,date,symbol,reportedCurrency,fillingDate,acceptedDate,period,revenue,costOfRevenue,grossProfit,grossProfitRatio,researchAndDevelopmentExpenses,generalAndAdministrativeExpenses,sellingAndMarketingExpenses,otherExpenses,operatingExpenses,costAndExpenses,interestExpense,depreciationAndAmortization,ebitda,ebitdaratio,operatingIncome,operatingIncomeRatio,totalOtherIncomeExpensesNet,incomeBeforeTax,incomeBeforeTaxRatio,incomeTaxExpense,netIncome,netIncomeRatio,eps,epsdiluted,weightedAverageShsOut,weightedAverageShsOutDil,link,finalLink,timestamp,est_time,est_date
0,2020-12-31,TOY.TO,USD,2020-12-31,2020-12-31,Q4,490600000,249600000,241000000,0.4912352221769262,10400000.0,70200000,124700000,-8800000.0,218500000,468100000,800000.0,27600000.0,50100000.0,0.10211985324092947,22500000.0,0.04586220953933958,-23500000.0,-4400000.0,-0.008968609865470852,-4700000.0,300000.0,0.0006114961271911944,0.0029411764705882353,0.0029411764705882353,102000000,102000000,https://www.sedar.com/ModifyCompanyDocumentSearchForm.do?lang=EN&company_search=Spin Master Corp&document_selection=0&industry_group=A&FromDate=13&FromMonth=05&FromYear=2000&ToDate=13&ToMonth=11&ToYear=2020&Variable=Issuer,https://www.sedar.com/ModifyCompanyDocumentSearchForm.do?lang=EN&company_search=Spin Master Corp&document_selection=0&industry_group=A&FromDate=13&FromMonth=05&FromYear=2000&ToDate=13&ToMonth=11&ToYear=2020&Variable=Issuer,1620598963,18:22:43,20210509
1,2020-09-30,TOY.TO,USD,2020-09-30,2020-09-30,Q3,571600000,293700000,277900000,0.4861791462561232,6700000.0,67000000,85500000,0.0,168700000,462400000,1800000.0,26400000.0,135600000.0,0.23722883135059483,109200000.0,0.19104268719384185,-5100000.0,101500000.0,0.17757172848145555,14700000.0,86800000.0,0.15185444366689993,0.85,0.83,102000000,104000000,https://www.sedar.com/ModifyCompanyDocumentSearchForm.do?lang=EN&company_search=Spin Master Corp&document_selection=0&industry_group=A&FromDate=13&FromMonth=05&FromYear=2000&ToDate=13&ToMonth=11&ToYear=2020&Variable=Issuer,https://www.sedar.com/ModifyCompanyDocumentSearchForm.do?lang=EN&company_search=Spin Master Corp&document_selection=0&industry_group=A&FromDate=13&FromMonth=05&FromYear=2000&ToDate=13&ToMonth=11&ToYear=2020&Variable=Issuer,1620598963,18:22:43,20210509
2,2020-06-30,TOY.TO,USD,2020-06-30,2020-06-30,Q2,281100000,162900000,118200000,0.4204909284951974,9000000.0,55200000,50600000,-400000.0,123800000,286700000,2500000.0,25700000.0,20100000.0,0.07150480256136606,-5600000.0,-0.019921736036997508,-3900000.0,-12800000.0,-0.045535396655994306,2100000.0,-14900000.0,-0.05300604766986838,-0.14607843137254903,-0.14326923076923076,102000000,104000000,https://www.sedar.com/ModifyCompanyDocumentSearchForm.do?lang=EN&company_search=Spin Master Corp&document_selection=0&industry_group=A&FromDate=13&FromMonth=05&FromYear=2000&ToDate=13&ToMonth=11&ToYear=2020&Variable=Issuer,https://www.sedar.com/ModifyCompanyDocumentSearchForm.do?lang=EN&company_search=Spin Master Corp&document_selection=0&industry_group=A&FromDate=13&FromMonth=05&FromYear=2000&ToDate=13&ToMonth=11&ToYear=2020&Variable=Issuer,1620598963,18:22:43,20210509
3,2020-03-31,TOY.TO,USD,2020-03-31,2020-03-31,Q1,227300000,136500000,90800000,0.3994720633523977,8400000.0,65700000,72500000,1400000.0,155800000,292300000,1200000.0,23300000.0,-41700000.0,-0.18345798504179497,-65000000.0,-0.28596568411790585,-7100000.0,-74900000.0,-0.32952045754509457,-48200000.0,-26700000.0,-0.11746590409150902,-0.26125244618395305,-0.25922330097087376,102200000,103000000,https://www.sedar.com/ModifyCompanyDocumentSearchForm.do?lang=EN&company_search=Spin Master Corp&document_selection=0&industry_group=A&FromDate=13&FromMonth=05&FromYear=2000&ToDate=13&ToMonth=11&ToYear=2020&Variable=Issuer,https://www.sedar.com/ModifyCompanyDocumentSearchForm.do?lang=EN&company_search=Spin Master Corp&document_selection=0&industry_group=A&FromDate=13&FromMonth=05&FromYear=2000&ToDate=13&ToMonth=11&ToYear=2020&Variable=Issuer,1620598963,18:22:43,20210509
4,2019-12-31,TOY.TO,USD,2019-12-31,2019-12-31,Q4,473522000,247394000,226128000,0.47754486591964046,8211000.0,66615000,156641000,-1859000.0,240258000,487652000,2286000.0,16171000.0,2041000.0,0.0043102538002458175,-14130000.0,-0.02984021861708643,-7318000.0,-24686000.0,-0.05213274145657435,-7504000.0,-17182000.0,-0.03628553689163334,-0.16845098039215686,-0.16845098039215686,102000000,102000000,https://www.sedar.com/ModifyCompanyDocumentSearchForm.do?lang=EN&company_search=Spin Master Corp&document_selection=0&industry_group=A&FromDate=13&FromMonth=05&FromYear=2000&ToDate=13&ToMonth=11&ToYear=2020&Variable=Issuer,https://www.sedar.com/ModifyCompanyDocumentSearchForm.do?lang=EN&company_search=Spin Master Corp&document_selection=0&industry_group=A&FromDate=13&FromMonth=05&FromYear=2000&ToDate=13&ToMonth=11&ToYear=2020&Variable=Issuer,1620598963,18:22:43,20210509
5,2019-09-30,TOY.TO,USD,2019-09-30,2019-09-30,Q3,548110000,261223000,286887000,0.5234113590337706,8366000.0,55541000,89999000,282000.0,162880000,424103000,868000.0,22238000.0,146245000.0,0.26681687982339314,124007000.0,0.22624473189688202,4302000.0,125127000.0,0.22828811734870738,32990000.0,92137000.0,0.1680994690846728,0.9,0.89,102167343,103024083,https://www.sedar.com/ModifyCompanyDocumentSearchForm.do?lang=EN&company_search=Spin Master Corp&document_selection=0&industry_group=A&FromDate=13&FromMonth=05&FromYear=2000&ToDate=13&ToMonth=11&ToYear=2020&Variable=Issuer,https://www.sedar.com/ModifyCompanyDocumentSearchForm.do?lang=EN&company_search=Spin Master Corp&document_selection=0&industry_group=A&FromDate=13&FromMonth=05&FromYear=2000&ToDate=13&ToMonth=11&ToYear=2020&Variable=Issuer,1620598963,18:22:43,20210509
6,2019-06-30,TOY.TO,USD,2019-06-30,2019-06-30,Q2,320973000,156682000,164291000,0.5118530219052693,7447000.0,63711000,63766000,524000.0,142893000,299575000,1010000.0,24769000.0,46167000.0,0.14383452813788075,21398000.0,0.06666604356129643,-5758000.0,13027000.0,0.04058596829016771,2780000.0,10247000.0,0.031924803643920203,0.10066854840649164,0.09979569978605816,101789488,102679775,https://www.sedar.com/ModifyCompanyDocumentSearchForm.do?lang=EN&company_search=Spin Master Corp&document_selection=0&industry_group=A&FromDate=13&FromMonth=05&FromYear=2000&ToDate=13&ToMonth=11&ToYear=2020&Variable=Issuer,https://www.sedar.com/ModifyCompanyDocumentSearchForm.do?lang=EN&company_search=Spin Master Corp&document_selection=0&industry_group=A&FromDate=13&FromMonth=05&FromYear=2000&ToDate=13&ToMonth=11&ToYear=2020&Variable=Issuer,1620598963,18:22:43,20210509
7,2019-03-31,TOY.TO,USD,2019-03-31,2019-03-31,Q1,238995000,131301000,107694000,0.450611937488232,6276000.0,59333000,54694000,53000.0,127169000,258470000,450000.0,21422000.0,1947000.0,0.00814661394589845,-19475000.0,-0.08148706039875311,-6326000.0,-28468000.0,-0.11911546266658299,-7566000.0,-20902000.0,-0.08745789660871567,-0.20534536925856234,-0.20358864780271385,101789488,102667807,https://www.sedar.com/ModifyCompanyDocumentSearchForm.do?lang=EN&company_search=Spin Master Corp&document_selection=0&industry_group=A&FromDate=13&FromMonth=05&FromYear=2000&ToDate=13&ToMonth=11&ToYear=2020&Variable=Issuer,https://www.sedar.com/ModifyCompanyDocumentSearchForm.do?lang=EN&company_search=Spin Master Corp&document_selection=0&industry_group=A&FromDate=13&FromMonth=05&FromYear=2000&ToDate=13&ToMonth=11&ToYear=2020&Variable=Issuer,1620598963,18:22:43,20210509
8,2018-12-31,TOY.TO,USD,2018-12-31,2018-12-31,Q4,414340000,215367000,198973000,0.4802167302215572,7737000.0,68136000,114882000,638000.0,196078000,411445000,-976000.0,5323000.0,8218000.0,0.01983395279239272,2895000.0,0.006987015494521407,14068000.0,14111000.0,0.034056571897475504,2708000.0,11403000.0,0.027520876574793646,0.11179411764705882,0.11179411764705882,102000000,102000000,https://www.sedar.com/ModifyCompanyDocumentSearchForm.do?lang=EN&company_search=Spin Master Corp&document_selection=0&industry_group=A&FromDate=13&FromMonth=05&FromYear=2000&ToDate=13&ToMonth=11&ToYear=2020&Variable=Issuer,https://www.sedar.com/ModifyCompanyDocumentSearchForm.do?lang=EN&company_search=Spin Master Corp&document_selection=0&industry_group=A&FromDate=13&FromMonth=05&FromYear=2000&ToDate=13&ToMonth=11&ToYear=2020&Variable=Issuer,1620598963,18:22:43,20210509
9,2018-09-30,TOY.TO,USD,2018-09-30,2018-09-30,Q3,619982000,302232000,317750000,0.5125148794642425,7199000.0,71586000,79982000,-119000.0,162732000,464964000,715000.0,3965000.0,158983000.0,0.25643163833788724,155018000.0,0.25003629137620126,-6184000.0,146102000.0,0.23565522870018807,38211000.0,107891000.0,0.17402279421015449,1.0602722585681026,1.0529822290376059,101757826,102462318,https://www.sedar.com/ModifyCompanyDocumentSearchForm.do?lang=EN&company_search=Spin Master Corp&document_selection=0&industry_group=A&FromDate=13&FromMonth=05&FromYear=2000&ToDate=13&ToMonth=11&ToYear=2020&Variable=Issuer,https://www.sedar.com/ModifyCompanyDocumentSearchForm.do?lang=EN&company_search=Spin Master Corp&document_selection=0&industry_group=A&FromDate=13&FromMonth=05&FromYear=2000&ToDate=13&ToMonth=11&ToYear=2020&Variable=Issuer,1620598963,18:22:43,20210509
10,2018-06-30,TOY.TO,USD,2018-06-30,2018-06-30,Q2,311544000,158330000,153214000,0.49178928177079323,6952000.0,64040000,56723000,14870000.0,130815000,289145000,487000.0,3100000.0,25499000.0,0.08184718691420795,22399000.0,0.07189674652697532,16201000.0,36386000.0,0.11679249159027297,9475000.0,26911000.0,0.08637945201961841,0.26465887702222207,0.2640453798941497,101681834,101918087,https://www.sedar.com/ModifyCompanyDocumentSearchForm.do?lang=EN&company_search=Spin Master Corp&document_selection=0&industry_group=A&FromDate=13&FromMonth=05&FromYear=2000&ToDate=13&ToMonth=11&ToYear=2020&Variable=Issuer,https://www.sedar.com/ModifyCompanyDocumentSearchForm.do?lang=EN&company_search=Spin Master Corp&document_selection=0&industry_group=A&FromDate=13&FromMonth=05&FromYear=2000&ToDate=13&ToMonth=11&ToYear=2020&Variable=Issuer,1620598963,18:22:43,20210509
11,2018-03-31,TOY.TO,USD,2018-03-31,2018-03-31,Q1,285671000,136839000,148832000,0.5209909301259141,5679000.0,76951000,52745000,-27000.0,135375000,272214000,66000.0,11438000.0,24895000.0,0.08714570257393996,13457000.0,0.0471066366554533,-30000.0,11827000.0,0.04140077221699087,3128000.0,8699000.0,0.030451113343671565,0.08555597912272812,0.0853388418988423,101676120,101934826,https://www.sedar.com/ModifyCompanyDocumentSearchForm.do?lang=EN&company_search=Spin Master Corp&document_selection=0&industry_group=A&FromDate=13&FromMonth=05&FromYear=2000&ToDate=13&ToMonth=11&ToYear=2020&Variable=Issuer,https://www.sedar.com/ModifyCompanyDocumentSearchForm.do?lang=EN&company_search=Spin Master Corp&document_selection=0&industry_group=A&FromDate=13&FromMonth=05&FromYear=2000&ToDate=13&ToMonth=11&ToYear=2020&Variable=Issuer,1620598963,18:22:43,20210509
12,2017-12-31,TOY.TO,USD,2017-12-31,2017-12-31,Q4,440863000,212000000,228863000,0.519124988942143,7539000.0,64799000,124956000,11022000.0,199859000,411859000,606000.0,2565000.0,31569000.0,0.0716072793588938,29004000.0,0.06578914538076455,-1537000.0,24883000.0,0.05644157028373894,4843000.0,20040000.0,0.04545629821509176,0.19647058823529412,0.19647058823529412,102000000,102000000,https://www.sedar.com/ModifyCompanyDocumentSearchForm.do?lang=EN&company_search=Spin Master Corp&document_selection=0&industry_group=A&FromDate=13&FromMonth=05&FromYear=2000&ToDate=13&ToMonth=11&ToYear=2020&Variable=Issuer,https://www.sedar.com/ModifyCompanyDocumentSearchForm.do?lang=EN&company_search=Spin Master Corp&document_selection=0&industry_group=A&FromDate=13&FromMonth=05&FromYear=2000&ToDate=13&ToMonth=11&ToYear=2020&Variable=Issuer,1620598963,18:22:43,20210509
13,2017-09-30,TOY.TO,USD,2017-09-30,2017-09-30,Q3,606098000,289235000,316863000,0.5227916937524955,4941000.0,80202000,77198000,-4012000.0,165066000,454301000,757000.0,2725000.0,154522000.0,0.2549455698583397,151797000.0,0.25044959725984905,1819000.0,151058000.0,0.24923032248910243,42233000.0,108825000.0,0.17955017175440274,1.070310304225709,1.0683756278529164,101676121,101860242,https://www.sedar.com/ModifyCompanyDocumentSearchForm.do?lang=EN&company_search=Spin Master Corp&document_selection=0&industry_group=A&FromDate=13&FromMonth=05&FromYear=2000&ToDate=13&ToMonth=11&ToYear=2020&Variable=Issuer,https://www.sedar.com/ModifyCompanyDocumentSearchForm.do?lang=EN&company_search=Spin Master Corp&document_selection=0&industry_group=A&FromDate=13&FromMonth=05&FromYear=2000&ToDate=13&ToMonth=11&ToYear=2020&Variable=Issuer,1620598963,18:22:43,20210509
14,2017-06-30,TOY.TO,USD,2017-06-30,2017-06-30,Q2,276652000,135249000,141403000,0.5111222763616384,4497000.0,55556000,49533000,-3247000.0,111878000,247127000,861000.0,2292000.0,31817000.0,0.11500730159189163,29525000.0,0.10672252504952069,3459000.0,30545000.0,0.11040946748984283,8431000.0,22114000.0,0.07993435796596446,0.21749452853340068,0.21717617004078993,101676121,101825168,https://www.sedar.com/ModifyCompanyDocumentSearchForm.do?lang=EN&company_search=Spin Master Corp&document_selection=0&industry_group=A&FromDate=13&FromMonth=05&FromYear=2000&ToDate=13&ToMonth=11&ToYear=2020&Variable=Issuer,https://www.sedar.com/ModifyCompanyDocumentSearchForm.do?lang=EN&company_search=Spin Master Corp&document_selection=0&industry_group=A&FromDate=13&FromMonth=05&FromYear=2000&ToDate=13&ToMonth=11&ToYear=2020&Variable=Issuer,1620598963,18:22:43,20210509
15,2017-03-31,TOY.TO,USD,2017-03-31,2017-03-31,Q1,227711000,114384000,113327000,0.49767907567047703,6388000.0,51280000,37134000,-770000.0,97449000,211833000,1133000.0,2647000.0,18525000.0,0.08135311864600304,15878000.0,0.06972873510721923,929000.0,13943000.0,0.06123112190451933,3856000.0,10087000.0,0.04429737693831216,0.0992071678265539,0.09909702344254198,101676121,101789132,https://www.sedar.com/ModifyCompanyDocumentSearchForm.do?lang=EN&company_search=Spin Master Corp&document_selection=0&industry_group=A&FromDate=13&FromMonth=05&FromYear=2000&ToDate=13&ToMonth=11&ToYear=2020&Variable=Issuer,https://www.sedar.com/ModifyCompanyDocumentSearchForm.do?lang=EN&company_search=Spin Master Corp&document_selection=0&industry_group=A&FromDate=13&FromMonth=05&FromYear=2000&ToDate=13&ToMonth=11&ToYear=2020&Variable=Issuer,1620598963,18:22:43,20210509
16,2016-12-31,TOY.TO,USD,2016-12-31,2016-12-31,Q4,338377000,166373000,172004000,0.5083206009864737,0.0,48521000,82534000,266000.0,159746000,326119000,763000.0,8173000.0,20431000.0,0.06037939930905469,12258000.0,0.03622586641527054,-6633000.0,3211000.0,0.009489415651773022,484000.0,2727000.0,0.00805905838753816,0.02673529411764706,0.02673529411764706,102000000,102000000,https://www.sedar.com/ModifyCompanyDocumentSearchForm.do?lang=EN&company_search=Spin Master Corp&document_selection=0&industry_group=A&FromDate=13&FromMonth=05&FromYear=2000&ToDate=13&ToMonth=11&ToYear=2020&Variable=Issuer,https://www.sedar.com/ModifyCompanyDocumentSearchForm.do?lang=EN&company_search=Spin Master Corp&document_selection=0&industry_group=A&FromDate=13&FromMonth=05&FromYear=2000&ToDate=13&ToMonth=11&ToYear=2020&Variable=Issuer,1620598963,18:22:43,20210509
17,2016-09-30,TOY.TO,USD,2016-09-30,2016-09-30,Q3,475015000,227283000,247732000,0.5215245834342074,0.0,60982000,68471000,-261000.0,129453000,356736000,1016000.0,9419000.0,127698000.0,0.2688294053871983,118279000.0,0.24900055787711967,-132000.0,115572000.0,0.24330179046977463,32319000.0,83253000.0,0.1752639390335042,0.8187638773017623,0.8182283663940392,101681330,101747878,https://www.sedar.com/ModifyCompanyDocumentSearchForm.do?lang=EN&company_search=Spin Master Corp&document_selection=0&industry_group=A&FromDate=13&FromMonth=05&FromYear=2000&ToDate=13&ToMonth=11&ToYear=2020&Variable=Issuer,https://www.sedar.com/ModifyCompanyDocumentSearchForm.do?lang=EN&company_search=Spin Master Corp&document_selection=0&industry_group=A&FromDate=13&FromMonth=05&FromYear=2000&ToDate=13&ToMonth=11&ToYear=2020&Variable=Issuer,1620598963,18:22:43,20210509
18,2016-06-30,TOY.TO,USD,2016-06-30,2016-06-30,Q2,179360000,87730000,91630000,0.5108719892952721,0.0,43808000,37251000,0.0,81059000,168789000,648000.0,7527000.0,18098000.0,0.10090321141837645,10571000.0,0.058937332738626225,-4065000.0,4654000.0,0.025947814451382695,1056000.0,3598000.0,0.02006021409455843,0.03601054702683192,0.03599996377991415,99915172,99944545,https://www.sedar.com/ModifyCompanyDocumentSearchForm.do?lang=EN&company_search=Spin Master Corp&document_selection=0&industry_group=A&FromDate=13&FromMonth=05&FromYear=2000&ToDate=13&ToMonth=11&ToYear=2020&Variable=Issuer,https://www.sedar.com/ModifyCompanyDocumentSearchForm.do?lang=EN&company_search=Spin Master Corp&document_selection=0&industry_group=A&FromDate=13&FromMonth=05&FromYear=2000&ToDate=13&ToMonth=11&ToYear=2020&Variable=Issuer,1620598963,18:22:43,20210509
19,2016-03-31,TOY.TO,USD,2016-03-31,2016-03-31,Q1,161702000,76326000,85376000,0.5279835747238748,0.0,40801000,33416000,3000.0,74217000,150543000,496000.0,5371000.0,16530000.0,0.10222508070401108,11159000.0,0.06900965974446822,5043000.0,14442000.0,0.08931243893087285,4505000.0,9937000.0,0.06145254851516988,0.1,0.1,99293235,99293235,https://www.sedar.com/ModifyCompanyDocumentSearchForm.do?lang=EN&company_search=Spin Master Corp&document_selection=0&industry_group=A&FromDate=13&FromMonth=05&FromYear=2000&ToDate=13&ToMonth=11&ToYear=2020&Variable=Issuer,https://www.sedar.com/ModifyCompanyDocumentSearchForm.do?lang=EN&company_search=Spin Master Corp&document_selection=0&industry_group=A&FromDate=13&FromMonth=05&FromYear=2000&ToDate=13&ToMonth=11&ToYear=2020&Variable=Issuer,1620598963,18:22:43,20210509
20,2015-12-31,TOY.TO,USD,2015-12-31,2015-12-31,Q4,258408000,126781000,131627000,0.509376644685923,0.0,48476000,88232000,0.0,136251000,263032000,3477000.0,5887000.0,1263000.0,0.0048876195783412275,-4624000.0,-0.01789418284263645,-868000.0,-10417000.0,-0.040312219435930774,2843000.0,-13260000.0,-0.05131420079873688,-0.13,-0.13,102000000,102000000,https://www.sedar.com/ModifyCompanyDocumentSearchForm.do?lang=EN&company_search=Spin Master Corp&document_selection=0&industry_group=A&FromDate=13&FromMonth=05&FromYear=2000&ToDate=13&ToMonth=11&ToYear=2020&Variable=Issuer,https://www.sedar.com/ModifyCompanyDocumentSearchForm.do?lang=EN&company_search=Spin Master Corp&document_selection=0&industry_group=A&FromDate=13&FromMonth=05&FromYear=2000&ToDate=13&ToMonth=11&ToYear=2020&Variable=Issuer,1620598963,18:22:43,20210509
21,2015-09-30,TOY.TO,USD,2015-09-30,2015-09-30,Q3,386829000,181597000,205232000,0.5305496744039356,0.0,86089000,49440000,0.0,135529000,317126000,324000.0,5173000.0,74876000.0,0.19356356426224508,69703000.0,0.1801907302709983,8915000.0,77498000.0,0.20034175307435587,26407000.0,48781000.0,0.12610481634003656,0.52,0.52,93995735,93995735,https://www.sedar.com/ModifyCompanyDocumentSearchForm.do?lang=EN&company_search=Spin Master Corp&document_selection=0&industry_group=A&FromDate=13&FromMonth=05&FromYear=2000&ToDate=13&ToMonth=11&ToYear=2020&Variable=Issuer,https://www.sedar.com/ModifyCompanyDocumentSearchForm.do?lang=EN&company_search=Spin Master Corp&document_selection=0&industry_group=A&FromDate=13&FromMonth=05&FromYear=2000&ToDate=13&ToMonth=11&ToYear=2020&Variable=Issuer,1620598963,18:22:43,20210509
22,2015-06-30,TOY.TO,USD,2015-06-30,2015-06-30,Q2,127702000,62337000,65365000,0.5118557266135221,0.0,31506000,23535000,0.0,55041000,117378000,116000.0,6700000.0,17024000.0,0.1333103631893001,10324000.0,0.08084446602245854,75000.0,10174000.0,0.07966985638439492,2600000.0,6310000.0,0.04941191210787615,0.063549,0.063549,99293235,99293235,https://www.sedar.com/ModifyCompanyDocumentSearchForm.do?lang=EN&company_search=Spin Master Corp&document_selection=0&industry_group=A&FromDate=13&FromMonth=05&FromYear=2000&ToDate=13&ToMonth=11&ToYear=2020&Variable=Issuer,https://www.sedar.com/ModifyCompanyDocumentSearchForm.do?lang=EN&company_search=Spin Master Corp&document_selection=0&industry_group=A&FromDate=13&FromMonth=05&FromYear=2000&ToDate=13&ToMonth=11&ToYear=2020&Variable=Issuer,1620598963,18:22:43,20210509
23,2015-03-31,TOY.TO,USD,2015-03-31,2015-03-31,Q1,106467000,49772000,56695000,0.5325124216893498,0.0,29838000,22583000,0.0,52421000,102193000,9000.0,5116000.0,9390000.0,0.08819634252867085,4274000.0,0.0401438943522406,-1627000.0,2378000.0,0.022335559375205462,709000.0,1382000.0,0.01298054796321865,0.013918,0.013918,99293235,99293235,https://www.sedar.com/ModifyCompanyDocumentSearchForm.do?lang=EN&company_search=Spin Master Corp&document_selection=0&industry_group=A&FromDate=13&FromMonth=05&FromYear=2000&ToDate=13&ToMonth=11&ToYear=2020&Variable=Issuer,https://www.sedar.com/ModifyCompanyDocumentSearchForm.do?lang=EN&company_search=Spin Master Corp&document_selection=0&industry_group=A&FromDate=13&FromMonth=05&FromYear=2000&ToDate=13&ToMonth=11&ToYear=2020&Variable=Issuer,1620598963,18:22:43,20210509
24,2014-12-31,TOY.TO,USD,2014-12-31,2014-12-31,Q4,237601000,119577000,118024000,0.49673191611146417,0.0,37067000,64943000,0.0,101323000,220900000,191000.0,6423000.0,23124000.0,0.09732282271539261,16701000.0,0.0702901082066153,-6892000.0,9287000.0,0.03908653583107815,3632000.0,4686000.0,0.019722139216585787,0.045941176470588235,0.045941176470588235,102000000,102000000,https://www.sedar.com/ModifyCompanyDocumentSearchForm.do?lang=EN&company_search=Spin Master Corp&document_selection=0&industry_group=A&FromDate=13&FromMonth=05&FromYear=2000&ToDate=13&ToMonth=11&ToYear=2020&Variable=Issuer,https://www.sedar.com/ModifyCompanyDocumentSearchForm.do?lang=EN&company_search=Spin Master Corp&document_selection=0&industry_group=A&FromDate=13&FromMonth=05&FromYear=2000&ToDate=13&ToMonth=11&ToYear=2020&Variable=Issuer,1620598963,18:22:43,20210509
25,2014-09-30,TOY.TO,USD,2014-09-30,2014-09-30,Q3,293808000,144053000,149755000,0.50970361596689,0.0,38069000,35479000,0.0,73548000,217601000,561000.0,4017000.0,80224000.0,0.27304906605674456,76207000.0,0.2593768719708109,-932000.0,74299000.0,0.2528828350487393,19105000.0,46068000.0,0.1567962751184447,0.463959,0.463959,99293235,99293235,https://www.sedar.com/ModifyCompanyDocumentSearchForm.do?lang=EN&company_search=Spin Master Corp&document_selection=0&industry_group=A&FromDate=13&FromMonth=05&FromYear=2000&ToDate=13&ToMonth=11&ToYear=2020&Variable=Issuer,https://www.sedar.com/ModifyCompanyDocumentSearchForm.do?lang=EN&company_search=Spin Master Corp&document_selection=0&industry_group=A&FromDate=13&FromMonth=05&FromYear=2000&ToDate=13&ToMonth=11&ToYear=2020&Variable=Issuer,1620598963,18:22:43,20210509
26,2014-06-30,TOY.TO,USD,2014-06-30,2014-06-30,Q2,106545000,54193000,52352000,0.49136045802243183,0.0,25125000,22880000,0.0,48005000,102198000,492000.0,0.0,4168000.0,0.039119620817494954,4347000.0,0.04079966211459946,-628000.0,3048000.0,0.028607630578628748,978000.0,1983000.0,0.018611854146135434,0.019971,0.019971,99293235,99293235,https://www.sedar.com/ModifyCompanyDocumentSearchForm.do?lang=EN&company_search=Spin Master Corp&document_selection=0&industry_group=A&FromDate=13&FromMonth=05&FromYear=2000&ToDate=13&ToMonth=11&ToYear=2020&Variable=Issuer,https://www.sedar.com/ModifyCompanyDocumentSearchForm.do?lang=EN&company_search=Spin Master Corp&document_selection=0&industry_group=A&FromDate=13&FromMonth=05&FromYear=2000&ToDate=13&ToMonth=11&ToYear=2020&Variable=Issuer,1620598963,18:22:43,20210509
