,date,symbol,reportedCurrency,fillingDate,acceptedDate,period,revenue,costOfRevenue,grossProfit,grossProfitRatio,researchAndDevelopmentExpenses,generalAndAdministrativeExpenses,sellingAndMarketingExpenses,otherExpenses,operatingExpenses,costAndExpenses,interestExpense,depreciationAndAmortization,ebitda,ebitdaratio,operatingIncome,operatingIncomeRatio,totalOtherIncomeExpensesNet,incomeBeforeTax,incomeBeforeTaxRatio,incomeTaxExpense,netIncome,netIncomeRatio,eps,epsdiluted,weightedAverageShsOut,weightedAverageShsOutDil,link,finalLink,timestamp,est_time,est_date
0,2020-09-30,FCCN.L,GBP,2020-09-30,2020-09-30,Q3,29975000,18500000.0,11475000.0,0.38281901584653877,0.0,2125000.0,11175000.0,0.0,250000.0,30675000,375000.0,1950000.0,1250000.0,0.041701417848206836,-700000.0,-0.02335279399499583,0.0,-1825000.0,-0.060884070058381985,0.0,-1975000.0,-0.0658882402001668,-0.0205,-0.0205,96612634,96612634,https://find-and-update.company-information.service.gov.uk/search/companies?q=French+Connection+Group+PLC,https://find-and-update.company-information.service.gov.uk/search/companies?q=French+Connection+Group+PLC,1620591972,16:26:12,20210509
1,2020-06-30,FCCN.L,GBP,2020-06-30,2020-06-30,Q2,29975000,18500000.0,11475000.0,0.38281901584653877,0.0,2125000.0,11175000.0,0.0,250000.0,30675000,375000.0,1950000.0,1250000.0,0.041701417848206836,-700000.0,-0.02335279399499583,0.0,-1825000.0,-0.060884070058381985,0.0,-1975000.0,-0.0658882402001668,-0.0205,-0.0205,96612634,96612634,https://find-and-update.company-information.service.gov.uk/search/companies?q=French+Connection+Group+PLC,https://find-and-update.company-information.service.gov.uk/search/companies?q=French+Connection+Group+PLC,1620591972,16:26:12,20210509
2,2020-03-31,FCCN.L,GBP,2020-03-31,2020-03-31,Q1,29975000,18500000.0,11475000.0,0.38281901584653877,0.0,2125000.0,11175000.0,0.0,250000.0,30675000,375000.0,1950000.0,1250000.0,0.041701417848206836,-700000.0,-0.02335279399499583,0.0,-1825000.0,-0.060884070058381985,0.0,-1975000.0,-0.0658882402001668,-0.0205,-0.0205,96612634,96612634,https://find-and-update.company-information.service.gov.uk/search/companies?q=French+Connection+Group+PLC,https://find-and-update.company-information.service.gov.uk/search/companies?q=French+Connection+Group+PLC,1620591972,16:26:12,20210509
3,2020-01-31,FCCN.L,GBP,2020-01-31,2020-01-31,Q1,29975000,18500000.0,11475000.0,0.38281901584653877,0.0,2125000.0,11175000.0,0.0,250000.0,30675000,375000.0,1950000.0,1250000.0,0.041701417848206836,-700000.0,-0.02335279399499583,0.0,-1825000.0,-0.060884070058381985,0.0,-1975000.0,-0.0658882402001668,-0.0205,-0.0205,96612634,96612634,https://find-and-update.company-information.service.gov.uk/search/companies?q=French+Connection+Group+PLC,https://find-and-update.company-information.service.gov.uk/search/companies?q=French+Connection+Group+PLC,1620591972,16:26:12,20210509
4,2019-06-30,FCCN.L,GBP,2019-06-30,2019-06-30,Q2,33825000,19525000.0,14300000.0,0.42276422764227645,0.0,2125000.0,13425000.0,0.0,500000.0,35425000,0.0,300000.0,-1300000.0,-0.038433111603843315,-1600000.0,-0.04730229120473023,0.0,-2325000.0,-0.06873614190687362,0.0,25000.0,0.0007390983000739098,0.00025,0.00025,96404508,96404508,https://find-and-update.company-information.service.gov.uk/search/companies?q=French+Connection+Group+PLC,https://find-and-update.company-information.service.gov.uk/search/companies?q=French+Connection+Group+PLC,1620591972,16:26:12,20210509
5,2019-03-31,FCCN.L,GBP,2019-03-31,2019-03-31,Q1,33825000,19525000.0,14300000.0,0.42276422764227645,0.0,2125000.0,13425000.0,0.0,500000.0,35425000,0.0,300000.0,-1300000.0,-0.038433111603843315,-1600000.0,-0.04730229120473023,0.0,-2325000.0,-0.06873614190687362,0.0,25000.0,0.0007390983000739098,0.00025,0.00025,96404508,96404508,https://find-and-update.company-information.service.gov.uk/search/companies?q=French+Connection+Group+PLC,https://find-and-update.company-information.service.gov.uk/search/companies?q=French+Connection+Group+PLC,1620591972,16:26:12,20210509
6,2019-01-31,FCCN.L,GBP,2019-01-31,2019-01-31,Q1,33825000,19525000.0,14300000.0,0.42276422764227645,0.0,2125000.0,13425000.0,0.0,500000.0,35425000,0.0,300000.0,-1300000.0,-0.038433111603843315,-1600000.0,-0.04730229120473023,0.0,-2325000.0,-0.06873614190687362,0.0,25000.0,0.0007390983000739098,0.00025,0.00025,96404508,96404508,https://find-and-update.company-information.service.gov.uk/search/companies?q=French+Connection+Group+PLC,https://find-and-update.company-information.service.gov.uk/search/companies?q=French+Connection+Group+PLC,1620591972,16:26:12,20210509
7,2018-06-30,FCCN.L,GBP,2018-06-30,2018-06-30,Q2,38500000,21100000.0,17400000.0,0.45194805194805193,0.0,2450000.0,16700000.0,0.0,18950000.0,38675000,25000.0,325000.0,150000.0,0.003896103896103896,-175000.0,-0.004545454545454545,0.0,-575000.0,-0.014935064935064935,0.0,-650000.0,-0.016883116883116882,-0.00675,-0.00675,96253134,96253134,https://find-and-update.company-information.service.gov.uk/search/companies?q=French+Connection+Group+PLC,https://find-and-update.company-information.service.gov.uk/search/companies?q=French+Connection+Group+PLC,1620591972,16:26:12,20210509
8,2018-03-31,FCCN.L,GBP,2018-03-31,2018-03-31,Q1,38500000,21100000.0,17400000.0,0.45194805194805193,0.0,2450000.0,16700000.0,0.0,18950000.0,38675000,25000.0,325000.0,150000.0,0.003896103896103896,-175000.0,-0.004545454545454545,0.0,-575000.0,-0.014935064935064935,0.0,-650000.0,-0.016883116883116882,-0.00675,-0.00675,96253134,96253134,https://find-and-update.company-information.service.gov.uk/search/companies?q=French+Connection+Group+PLC,https://find-and-update.company-information.service.gov.uk/search/companies?q=French+Connection+Group+PLC,1620591972,16:26:12,20210509
9,2018-01-31,FCCN.L,GBP,2018-01-31,2018-01-31,Q1,38500000,21100000.0,17400000.0,0.45194805194805193,0.0,2450000.0,16700000.0,0.0,18950000.0,38675000,25000.0,325000.0,150000.0,0.003896103896103896,-175000.0,-0.004545454545454545,0.0,-575000.0,-0.014935064935064935,0.0,-650000.0,-0.016883116883116882,-0.00675,-0.00675,96253134,96253134,https://find-and-update.company-information.service.gov.uk/search/companies?q=French+Connection+Group+PLC,https://find-and-update.company-information.service.gov.uk/search/companies?q=French+Connection+Group+PLC,1620591972,16:26:12,20210509
10,2017-06-30,FCCN.L,GBP,2017-06-30,2017-06-30,Q2,38300000,20775000.0,17525000.0,0.4575718015665796,0.0,1975000.0,17850000.0,0.0,19825000.0,39025000,0.0,275000.0,-450000.0,-0.01174934725848564,-725000.0,-0.018929503916449087,0.0,-1325000.0,-0.034595300261096605,0.0,-1400000.0,-0.03655352480417755,-0.0145,-0.0145,96253134,96253134,https://find-and-update.company-information.service.gov.uk/search/companies?q=French+Connection+Group+PLC,https://find-and-update.company-information.service.gov.uk/search/companies?q=French+Connection+Group+PLC,1620591972,16:26:12,20210509
11,2017-03-31,FCCN.L,GBP,2017-03-31,2017-03-31,Q1,38300000,20775000.0,17525000.0,0.4575718015665796,0.0,1975000.0,17850000.0,0.0,19825000.0,39025000,0.0,275000.0,-450000.0,-0.01174934725848564,-725000.0,-0.018929503916449087,0.0,-1325000.0,-0.034595300261096605,0.0,-1400000.0,-0.03655352480417755,-0.0145,-0.0145,96253134,96253134,https://find-and-update.company-information.service.gov.uk/search/companies?q=French+Connection+Group+PLC,https://find-and-update.company-information.service.gov.uk/search/companies?q=French+Connection+Group+PLC,1620591972,16:26:12,20210509
12,2017-01-31,FCCN.L,GBP,2017-01-31,2017-01-31,Q1,38300000,20775000.0,17525000.0,0.4575718015665796,0.0,1975000.0,17850000.0,0.0,19825000.0,39025000,0.0,275000.0,-450000.0,-0.01174934725848564,-725000.0,-0.018929503916449087,0.0,-1325000.0,-0.034595300261096605,0.0,-1400000.0,-0.03655352480417755,-0.0145,-0.0145,96253134,96253134,https://find-and-update.company-information.service.gov.uk/search/companies?q=French+Connection+Group+PLC,https://find-and-update.company-information.service.gov.uk/search/companies?q=French+Connection+Group+PLC,1620591972,16:26:12,20210509
13,2016-06-30,FCCN.L,GBP,2016-06-30,2016-06-30,Q2,41050000,22050000.0,19000000.0,0.4628501827040195,0.0,2000000.0,19900000.0,0.0,21900000.0,42125000,0.0,400000.0,-675000.0,-0.016443361753958587,-1075000.0,-0.026187576126674786,0.0,-875000.0,-0.021315468940316686,0.0,-825000.0,-0.020097442143727162,-0.0085,-0.0085745,96216764,96216764,https://find-and-update.company-information.service.gov.uk/search/companies?q=French+Connection+Group+PLC,https://find-and-update.company-information.service.gov.uk/search/companies?q=French+Connection+Group+PLC,1620591972,16:26:12,20210509
14,2016-03-31,FCCN.L,GBP,2016-03-31,2016-03-31,Q1,41050000,22050000.0,19000000.0,0.4628501827040195,0.0,2000000.0,19900000.0,0.0,21900000.0,42125000,0.0,400000.0,-675000.0,-0.016443361753958587,-1075000.0,-0.026187576126674786,0.0,-875000.0,-0.021315468940316686,0.0,-825000.0,-0.020097442143727162,-0.0085,-0.0085745,96216764,96216764,https://find-and-update.company-information.service.gov.uk/search/companies?q=French+Connection+Group+PLC,https://find-and-update.company-information.service.gov.uk/search/companies?q=French+Connection+Group+PLC,1620591972,16:26:12,20210509
15,2016-01-31,FCCN.L,GBP,2016-01-31,2016-01-31,Q1,41050000,22050000.0,19000000.0,0.4628501827040195,0.0,2000000.0,19900000.0,0.0,21900000.0,42125000,0.0,400000.0,-675000.0,-0.016443361753958587,-1075000.0,-0.026187576126674786,0.0,-875000.0,-0.021315468940316686,0.0,-825000.0,-0.020097442143727162,-0.0085,-0.0085745,96216764,96216764,https://find-and-update.company-information.service.gov.uk/search/companies?q=French+Connection+Group+PLC,https://find-and-update.company-information.service.gov.uk/search/companies?q=French+Connection+Group+PLC,1620591972,16:26:12,20210509
16,2015-09-30,FCCN.L,GBP,2015-09-30,2015-09-30,Q3,44625000,23775000.0,20850000.0,0.4672268907563025,0.0,2025000.0,20675000.0,0.0,22700000.0,44850000,0.0,400000.0,175000.0,0.00392156862745098,-225000.0,-0.005042016806722689,0.0,-400000.0,-0.008963585434173669,0.0,-375000.0,-0.008403361344537815,-0.004,-0.004,96119892,96119892,https://find-and-update.company-information.service.gov.uk/search/companies?q=French+Connection+Group+PLC,https://find-and-update.company-information.service.gov.uk/search/companies?q=French+Connection+Group+PLC,1620591972,16:26:12,20210509
17,2015-06-30,FCCN.L,GBP,2015-06-30,2015-06-30,Q2,44625000,23775000.0,20850000.0,0.4672268907563025,0.0,2025000.0,20675000.0,0.0,22700000.0,44850000,0.0,400000.0,175000.0,0.00392156862745098,-225000.0,-0.005042016806722689,0.0,-400000.0,-0.008963585434173669,0.0,-375000.0,-0.008403361344537815,-0.004,-0.004,96119892,96119892,https://find-and-update.company-information.service.gov.uk/search/companies?q=French+Connection+Group+PLC,https://find-and-update.company-information.service.gov.uk/search/companies?q=French+Connection+Group+PLC,1620591972,16:26:12,20210509
18,2015-03-31,FCCN.L,GBP,2015-03-31,2015-03-31,Q1,44625000,23775000.0,20850000.0,0.4672268907563025,0.0,2025000.0,20675000.0,0.0,22700000.0,44850000,0.0,400000.0,175000.0,0.00392156862745098,-225000.0,-0.005042016806722689,0.0,-400000.0,-0.008963585434173669,0.0,-375000.0,-0.008403361344537815,-0.004,-0.004,96119892,96119892,https://find-and-update.company-information.service.gov.uk/search/companies?q=French+Connection+Group+PLC,https://find-and-update.company-information.service.gov.uk/search/companies?q=French+Connection+Group+PLC,1620591972,16:26:12,20210509
19,2015-01-31,FCCN.L,GBP,2015-01-31,2015-01-31,Q1,44625000,23775000.0,20850000.0,0.4672268907563025,0.0,2025000.0,20675000.0,0.0,22700000.0,44850000,0.0,400000.0,175000.0,0.00392156862745098,-225000.0,-0.005042016806722689,0.0,-400000.0,-0.008963585434173669,0.0,-375000.0,-0.008403361344537815,-0.004,-0.004,96119892,96119892,https://find-and-update.company-information.service.gov.uk/search/companies?q=French+Connection+Group+PLC,https://find-and-update.company-information.service.gov.uk/search/companies?q=French+Connection+Group+PLC,1620591972,16:26:12,20210509
20,2014-09-30,FCCN.L,GBP,2014-09-30,2014-09-30,Q3,47350000,24800000.0,22550000.0,0.47624076029567053,0.0,2150000.0,23200000.0,0.0,25350000.0,48625000,0.0,475000.0,-800000.0,-0.01689545934530095,-1275000.0,-0.02692713833157339,0.0,-1525000.0,-0.032206969376979935,50000.0,-1525000.0,-0.032206969376979935,-0.01590202202187088,-0.015887133304518415,95899754,95989627,https://find-and-update.company-information.service.gov.uk/search/companies?q=French+Connection+Group+PLC,https://find-and-update.company-information.service.gov.uk/search/companies?q=French+Connection+Group+PLC,1620591972,16:26:12,20210509
21,2014-06-30,FCCN.L,GBP,2014-06-30,2014-06-30,Q2,47350000,24800000.0,22550000.0,0.47624076029567053,0.0,2150000.0,23200000.0,0.0,25350000.0,48625000,0.0,475000.0,-800000.0,-0.01689545934530095,-1275000.0,-0.02692713833157339,0.0,-1525000.0,-0.032206969376979935,50000.0,-1525000.0,-0.032206969376979935,-0.01590202202187088,-0.015887133304518415,95899754,95989627,https://find-and-update.company-information.service.gov.uk/search/companies?q=French+Connection+Group+PLC,https://find-and-update.company-information.service.gov.uk/search/companies?q=French+Connection+Group+PLC,1620591972,16:26:12,20210509
22,2014-03-31,FCCN.L,GBP,2014-03-31,2014-03-31,Q1,47350000,24800000.0,22550000.0,0.47624076029567053,0.0,2150000.0,23200000.0,0.0,25350000.0,48625000,0.0,475000.0,-800000.0,-0.01689545934530095,-1275000.0,-0.02692713833157339,0.0,-1525000.0,-0.032206969376979935,50000.0,-1525000.0,-0.032206969376979935,-0.01590202202187088,-0.015887133304518415,95899754,95989627,https://find-and-update.company-information.service.gov.uk/search/companies?q=French+Connection+Group+PLC,https://find-and-update.company-information.service.gov.uk/search/companies?q=French+Connection+Group+PLC,1620591972,16:26:12,20210509
23,2014-01-31,FCCN.L,GBP,2014-01-31,2014-01-31,Q1,47350000,24800000.0,22550000.0,0.47624076029567053,0.0,2150000.0,23200000.0,0.0,25350000.0,48625000,0.0,475000.0,-800000.0,-0.01689545934530095,-1275000.0,-0.02692713833157339,0.0,-1525000.0,-0.032206969376979935,50000.0,-1525000.0,-0.032206969376979935,-0.01590202202187088,-0.015887133304518415,95899754,95989627,https://find-and-update.company-information.service.gov.uk/search/companies?q=French+Connection+Group+PLC,https://find-and-update.company-information.service.gov.uk/search/companies?q=French+Connection+Group+PLC,1620591972,16:26:12,20210509
24,2013-09-30,FCCN.L,GBP,2013-09-30,2013-09-30,Q3,49325000,25675000.0,23650000.0,0.4794728839330968,0.0,2675000.0,24550000.0,0.0,27225000.0,51275000,0.0,775000.0,-1175000.0,-0.02382159148504815,-1950000.0,-0.039533705017739486,0.0,-2625000.0,-0.05321844906234161,0.0,-2575000.0,-0.05220476431829701,-0.02675,-0.0268275,95899754,95983319,https://find-and-update.company-information.service.gov.uk/search/companies?q=French+Connection+Group+PLC,https://find-and-update.company-information.service.gov.uk/search/companies?q=French+Connection+Group+PLC,1620591972,16:26:12,20210509
25,2013-06-30,FCCN.L,GBP,2013-06-30,2013-06-30,Q2,49325000,25675000.0,23650000.0,0.4794728839330968,0.0,2675000.0,24550000.0,0.0,27225000.0,51275000,0.0,775000.0,-1175000.0,-0.02382159148504815,-1950000.0,-0.039533705017739486,0.0,-2625000.0,-0.05321844906234161,0.0,-2575000.0,-0.05220476431829701,-0.02675,-0.0268275,95899754,95983319,https://find-and-update.company-information.service.gov.uk/search/companies?q=French+Connection+Group+PLC,https://find-and-update.company-information.service.gov.uk/search/companies?q=French+Connection+Group+PLC,1620591972,16:26:12,20210509
26,2013-03-31,FCCN.L,GBP,2013-03-31,2013-03-31,Q1,49325000,25675000.0,23650000.0,0.4794728839330968,0.0,2675000.0,24550000.0,0.0,27225000.0,51275000,0.0,775000.0,-1175000.0,-0.02382159148504815,-1950000.0,-0.039533705017739486,0.0,-2625000.0,-0.05321844906234161,0.0,-2575000.0,-0.05220476431829701,-0.02675,-0.0268275,95899754,95983319,https://find-and-update.company-information.service.gov.uk/search/companies?q=French+Connection+Group+PLC,https://find-and-update.company-information.service.gov.uk/search/companies?q=French+Connection+Group+PLC,1620591972,16:26:12,20210509
27,2013-01-31,FCCN.L,GBP,2013-01-31,2013-01-31,Q1,49325000,25675000.0,23650000.0,0.4794728839330968,0.0,2675000.0,24550000.0,0.0,27225000.0,51275000,0.0,775000.0,-1175000.0,-0.02382159148504815,-1950000.0,-0.039533705017739486,0.0,-2625000.0,-0.05321844906234161,0.0,-2575000.0,-0.05220476431829701,-0.02675,-0.0268275,95899754,95983319,https://find-and-update.company-information.service.gov.uk/search/companies?q=French+Connection+Group+PLC,https://find-and-update.company-information.service.gov.uk/search/companies?q=French+Connection+Group+PLC,1620591972,16:26:12,20210509
28,2012-09-30,FCCN.L,GBP,2012-09-30,2012-09-30,Q3,53850000,27950000.0,25900000.0,0.4809656453110492,0.0,0.0,24750000.0,375000.0,-6600000.0,53875000,0.0,700000.0,675000.0,0.012534818941504178,-25000.0,-0.00046425255338904364,0.0,1250000.0,0.02321262766945218,125000.0,1325000.0,0.02460538532961931,0.013818674379259932,0.01371169328028719,95884740,96632850,https://find-and-update.company-information.service.gov.uk/search/companies?q=French+Connection+Group+PLC,https://find-and-update.company-information.service.gov.uk/search/companies?q=French+Connection+Group+PLC,1620591972,16:26:12,20210509
29,2012-06-30,FCCN.L,GBP,2012-06-30,2012-06-30,Q2,53850000,27950000.0,25900000.0,0.4809656453110492,0.0,0.0,24750000.0,375000.0,-6600000.0,53875000,0.0,700000.0,675000.0,0.012534818941504178,-25000.0,-0.00046425255338904364,0.0,1250000.0,0.02321262766945218,125000.0,1325000.0,0.02460538532961931,0.013818674379259932,0.01371169328028719,95884740,96632850,https://find-and-update.company-information.service.gov.uk/search/companies?q=French+Connection+Group+PLC,https://find-and-update.company-information.service.gov.uk/search/companies?q=French+Connection+Group+PLC,1620591972,16:26:12,20210509
30,2012-03-31,FCCN.L,GBP,2012-03-31,2012-03-31,Q1,53850000,27950000.0,25900000.0,0.4809656453110492,0.0,0.0,24750000.0,375000.0,-6600000.0,53875000,0.0,700000.0,675000.0,0.012534818941504178,-25000.0,-0.00046425255338904364,0.0,1250000.0,0.02321262766945218,125000.0,1325000.0,0.02460538532961931,0.013818674379259932,0.01371169328028719,95884740,96632850,https://find-and-update.company-information.service.gov.uk/search/companies?q=French+Connection+Group+PLC,https://find-and-update.company-information.service.gov.uk/search/companies?q=French+Connection+Group+PLC,1620591972,16:26:12,20210509
31,2012-01-31,FCCN.L,GBP,2012-01-31,2012-01-31,Q1,53850000,27950000.0,25900000.0,0.4809656453110492,0.0,0.0,24750000.0,375000.0,-6600000.0,53875000,0.0,700000.0,675000.0,0.012534818941504178,-25000.0,-0.00046425255338904364,0.0,1250000.0,0.02321262766945218,125000.0,1325000.0,0.02460538532961931,0.013818674379259932,0.01371169328028719,95884740,96632850,https://find-and-update.company-information.service.gov.uk/search/companies?q=French+Connection+Group+PLC,https://find-and-update.company-information.service.gov.uk/search/companies?q=French+Connection+Group+PLC,1620591972,16:26:12,20210509
32,2011-09-30,FCCN.L,GBP,2011-09-30,2011-09-30,Q3,53450000,25800000.0,27650000.0,0.5173058933582788,0.0,0.0,25650000.0,300000.0,-6500000.0,54025000,0.0,900000.0,325000.0,0.00608044901777362,-575000.0,-0.010757717492984098,0.0,2225000.0,0.04162768942937325,75000.0,-600000.0,-0.011225444340505144,-0.006,-0.006,95879754,95879754,https://find-and-update.company-information.service.gov.uk/search/companies?q=French+Connection+Group+PLC,https://find-and-update.company-information.service.gov.uk/search/companies?q=French+Connection+Group+PLC,1620591972,16:26:12,20210509
33,2011-06-30,FCCN.L,GBP,2011-06-30,2011-06-30,Q2,53450000,25800000.0,27650000.0,0.5173058933582788,0.0,0.0,25650000.0,300000.0,-6500000.0,54025000,0.0,900000.0,325000.0,0.00608044901777362,-575000.0,-0.010757717492984098,0.0,2225000.0,0.04162768942937325,75000.0,-600000.0,-0.011225444340505144,-0.006,-0.006,95879754,95879754,https://find-and-update.company-information.service.gov.uk/search/companies?q=French+Connection+Group+PLC,https://find-and-update.company-information.service.gov.uk/search/companies?q=French+Connection+Group+PLC,1620591972,16:26:12,20210509
34,2011-03-31,FCCN.L,GBP,2011-03-31,2011-03-31,Q1,53450000,25800000.0,27650000.0,0.5173058933582788,0.0,0.0,25650000.0,300000.0,-6500000.0,54025000,0.0,900000.0,325000.0,0.00608044901777362,-575000.0,-0.010757717492984098,0.0,2225000.0,0.04162768942937325,75000.0,-600000.0,-0.011225444340505144,-0.006,-0.006,95879754,95879754,https://find-and-update.company-information.service.gov.uk/search/companies?q=French+Connection+Group+PLC,https://find-and-update.company-information.service.gov.uk/search/companies?q=French+Connection+Group+PLC,1620591972,16:26:12,20210509
35,2011-01-31,FCCN.L,GBP,2011-01-31,2011-01-31,Q1,53450000,25800000.0,27650000.0,0.5173058933582788,0.0,0.0,25650000.0,300000.0,-6500000.0,54025000,0.0,900000.0,325000.0,0.00608044901777362,-575000.0,-0.010757717492984098,0.0,2225000.0,0.04162768942937325,75000.0,-600000.0,-0.011225444340505144,-0.006,-0.006,95879754,95879754,https://find-and-update.company-information.service.gov.uk/search/companies?q=French+Connection+Group+PLC,https://find-and-update.company-information.service.gov.uk/search/companies?q=French+Connection+Group+PLC,1620591972,16:26:12,20210509
36,2010-09-30,FCCN.L,GBP,2010-09-30,2010-09-30,Q3,53125000,25850000.0,27275000.0,0.5134117647058823,0.0,0.0,26400000.0,350000.0,-11100000.0,52575000,0.0,1375000.0,1925000.0,0.03623529411764706,550000.0,0.010352941176470589,0.0,-2250000.0,-0.042352941176470586,50000.0,-6225000.0,-0.1171764705882353,-0.065,-0.065,95879754,95879754,https://find-and-update.company-information.service.gov.uk/search/companies?q=French+Connection+Group+PLC,https://find-and-update.company-information.service.gov.uk/search/companies?q=French+Connection+Group+PLC,1620591972,16:26:12,20210509
37,2010-06-30,FCCN.L,GBP,2010-06-30,2010-06-30,Q2,53125000,25850000.0,27275000.0,0.5134117647058823,0.0,0.0,26400000.0,350000.0,-11100000.0,52575000,0.0,1375000.0,1925000.0,0.03623529411764706,550000.0,0.010352941176470589,0.0,-2250000.0,-0.042352941176470586,50000.0,-6225000.0,-0.1171764705882353,-0.065,-0.065,95879754,95879754,https://find-and-update.company-information.service.gov.uk/search/companies?q=French+Connection+Group+PLC,https://find-and-update.company-information.service.gov.uk/search/companies?q=French+Connection+Group+PLC,1620591972,16:26:12,20210509
38,2010-03-31,FCCN.L,GBP,2010-03-31,2010-03-31,Q1,53125000,25850000.0,27275000.0,0.5134117647058823,0.0,0.0,26400000.0,350000.0,-11100000.0,52575000,0.0,1375000.0,1925000.0,0.03623529411764706,550000.0,0.010352941176470589,0.0,-2250000.0,-0.042352941176470586,50000.0,-6225000.0,-0.1171764705882353,-0.065,-0.065,95879754,95879754,https://find-and-update.company-information.service.gov.uk/search/companies?q=French+Connection+Group+PLC,https://find-and-update.company-information.service.gov.uk/search/companies?q=French+Connection+Group+PLC,1620591972,16:26:12,20210509
39,2010-01-31,FCCN.L,GBP,2010-01-31,2010-01-31,Q1,53125000,25850000.0,27275000.0,0.5134117647058823,0.0,0.0,26400000.0,350000.0,-11100000.0,52575000,0.0,1375000.0,1925000.0,0.03623529411764706,550000.0,0.010352941176470589,0.0,-2250000.0,-0.042352941176470586,50000.0,-6225000.0,-0.1171764705882353,-0.065,-0.065,95879754,95879754,https://find-and-update.company-information.service.gov.uk/search/companies?q=French+Connection+Group+PLC,https://find-and-update.company-information.service.gov.uk/search/companies?q=French+Connection+Group+PLC,1620591972,16:26:12,20210509
40,2009-09-30,FCCN.L,GBP,2009-09-30,2009-09-30,Q3,53400000,26100000.0,27300000.0,0.5112359550561798,0.0,0.0,26400000.0,325000.0,-11450000.0,51875000,25000.0,2000000.0,3525000.0,0.06601123595505617,1525000.0,0.02855805243445693,0.0,-2950000.0,-0.0552434456928839,-250000.0,-4150000.0,-0.07771535580524344,-0.04325,-0.04325,95879754,95879754,https://find-and-update.company-information.service.gov.uk/search/companies?q=French+Connection+Group+PLC,https://find-and-update.company-information.service.gov.uk/search/companies?q=French+Connection+Group+PLC,1620591972,16:26:12,20210509
41,2009-06-30,FCCN.L,GBP,2009-06-30,2009-06-30,Q2,53400000,26100000.0,27300000.0,0.5112359550561798,0.0,0.0,26400000.0,325000.0,-11450000.0,51875000,25000.0,2000000.0,3525000.0,0.06601123595505617,1525000.0,0.02855805243445693,0.0,-2950000.0,-0.0552434456928839,-250000.0,-4150000.0,-0.07771535580524344,-0.04325,-0.04325,95879754,95879754,https://find-and-update.company-information.service.gov.uk/search/companies?q=French+Connection+Group+PLC,https://find-and-update.company-information.service.gov.uk/search/companies?q=French+Connection+Group+PLC,1620591972,16:26:12,20210509
42,2009-03-31,FCCN.L,GBP,2009-03-31,2009-03-31,Q1,53400000,26100000.0,27300000.0,0.5112359550561798,0.0,0.0,26400000.0,325000.0,-11450000.0,51875000,25000.0,2000000.0,3525000.0,0.06601123595505617,1525000.0,0.02855805243445693,0.0,-2950000.0,-0.0552434456928839,-250000.0,-4150000.0,-0.07771535580524344,-0.04325,-0.04325,95879754,95879754,https://find-and-update.company-information.service.gov.uk/search/companies?q=French+Connection+Group+PLC,https://find-and-update.company-information.service.gov.uk/search/companies?q=French+Connection+Group+PLC,1620591972,16:26:12,20210509
43,2009-01-31,FCCN.L,GBP,2009-01-31,2009-01-31,Q1,53400000,26100000.0,27300000.0,0.5112359550561798,0.0,0.0,26400000.0,325000.0,-11450000.0,51875000,25000.0,2000000.0,3525000.0,0.06601123595505617,1525000.0,0.02855805243445693,0.0,-2950000.0,-0.0552434456928839,-250000.0,-4150000.0,-0.07771535580524344,-0.04325,-0.04325,95879754,95879754,https://find-and-update.company-information.service.gov.uk/search/companies?q=French+Connection+Group+PLC,https://find-and-update.company-information.service.gov.uk/search/companies?q=French+Connection+Group+PLC,1620591972,16:26:12,20210509
44,2008-09-30,FCCN.L,GBP,2008-09-30,2008-09-30,Q3,59025000,27975000.0,31050000.0,0.5260482846251588,0.0,0.0,28900000.0,475000.0,-7325000.0,59525000,50000.0,2000000.0,1500000.0,0.025412960609911054,-500000.0,-0.00847098686997035,0.0,775000.0,0.013130029648454045,375000.0,350000.0,0.005929690808979246,0.00365042431228483,0.0036490514546177323,95879265,95915337,https://find-and-update.company-information.service.gov.uk/search/companies?q=French+Connection+Group+PLC,https://find-and-update.company-information.service.gov.uk/search/companies?q=French+Connection+Group+PLC,1620591972,16:26:12,20210509
45,2008-06-30,FCCN.L,GBP,2008-06-30,2008-06-30,Q2,59025000,27975000.0,31050000.0,0.5260482846251588,0.0,0.0,28900000.0,475000.0,-7325000.0,59525000,50000.0,2000000.0,1500000.0,0.025412960609911054,-500000.0,-0.00847098686997035,0.0,775000.0,0.013130029648454045,375000.0,350000.0,0.005929690808979246,0.00365042431228483,0.0036490514546177323,95879265,95915337,https://find-and-update.company-information.service.gov.uk/search/companies?q=French+Connection+Group+PLC,https://find-and-update.company-information.service.gov.uk/search/companies?q=French+Connection+Group+PLC,1620591972,16:26:12,20210509
46,2008-03-31,FCCN.L,GBP,2008-03-31,2008-03-31,Q1,59025000,27975000.0,31050000.0,0.5260482846251588,0.0,0.0,28900000.0,475000.0,-7325000.0,59525000,50000.0,2000000.0,1500000.0,0.025412960609911054,-500000.0,-0.00847098686997035,0.0,775000.0,0.013130029648454045,375000.0,350000.0,0.005929690808979246,0.00365042431228483,0.0036490514546177323,95879265,95915337,https://find-and-update.company-information.service.gov.uk/search/companies?q=French+Connection+Group+PLC,https://find-and-update.company-information.service.gov.uk/search/companies?q=French+Connection+Group+PLC,1620591972,16:26:12,20210509
47,2008-01-31,FCCN.L,GBP,2008-01-31,2008-01-31,Q1,59025000,27975000.0,31050000.0,0.5260482846251588,0.0,0.0,28900000.0,475000.0,-7325000.0,59525000,50000.0,2000000.0,1500000.0,0.025412960609911054,-500000.0,-0.00847098686997035,0.0,775000.0,0.013130029648454045,375000.0,350000.0,0.005929690808979246,0.00365042431228483,0.0036490514546177323,95879265,95915337,https://find-and-update.company-information.service.gov.uk/search/companies?q=French+Connection+Group+PLC,https://find-and-update.company-information.service.gov.uk/search/companies?q=French+Connection+Group+PLC,1620591972,16:26:12,20210509
48,2007-09-30,FCCN.L,GBP,2007-09-30,2007-09-30,Q3,60325000,28400000.0,31925000.0,0.5292167426440116,0.0,0.0,28950000.0,350000.0,-7575000.0,59975000,100000.0,2450000.0,2800000.0,0.04641525072523829,350000.0,0.005801906340654786,0.0,1000000.0,0.016576875259013676,900000.0,25000.0,0.0004144218814753419,0.00026085498183609374,0.00026040070898571913,95838691,96005883,https://find-and-update.company-information.service.gov.uk/search/companies?q=French+Connection+Group+PLC,https://find-and-update.company-information.service.gov.uk/search/companies?q=French+Connection+Group+PLC,1620591972,16:26:12,20210509
49,2007-06-30,FCCN.L,GBP,2007-06-30,2007-06-30,Q2,60325000,28400000.0,31925000.0,0.5292167426440116,0.0,0.0,28950000.0,350000.0,-7575000.0,59975000,100000.0,2450000.0,2800000.0,0.04641525072523829,350000.0,0.005801906340654786,0.0,1000000.0,0.016576875259013676,900000.0,25000.0,0.0004144218814753419,0.00026085498183609374,0.00026040070898571913,95838691,96005883,https://find-and-update.company-information.service.gov.uk/search/companies?q=French+Connection+Group+PLC,https://find-and-update.company-information.service.gov.uk/search/companies?q=French+Connection+Group+PLC,1620591972,16:26:12,20210509
50,2007-03-31,FCCN.L,GBP,2007-03-31,2007-03-31,Q1,60325000,28400000.0,31925000.0,0.5292167426440116,0.0,0.0,28950000.0,350000.0,-7575000.0,59975000,100000.0,2450000.0,2800000.0,0.04641525072523829,350000.0,0.005801906340654786,0.0,1000000.0,0.016576875259013676,900000.0,25000.0,0.0004144218814753419,0.00026085498183609374,0.00026040070898571913,95838691,96005883,https://find-and-update.company-information.service.gov.uk/search/companies?q=French+Connection+Group+PLC,https://find-and-update.company-information.service.gov.uk/search/companies?q=French+Connection+Group+PLC,1620591972,16:26:12,20210509
51,2007-01-31,FCCN.L,GBP,2007-01-31,2007-01-31,Q1,60325000,28400000.0,31925000.0,0.5292167426440116,0.0,0.0,28950000.0,350000.0,-7575000.0,59975000,100000.0,2450000.0,2800000.0,0.04641525072523829,350000.0,0.005801906340654786,0.0,1000000.0,0.016576875259013676,900000.0,25000.0,0.0004144218814753419,0.00026085498183609374,0.00026040070898571913,95838691,96005883,https://find-and-update.company-information.service.gov.uk/search/companies?q=French+Connection+Group+PLC,https://find-and-update.company-information.service.gov.uk/search/companies?q=French+Connection+Group+PLC,1620591972,16:26:12,20210509
52,2006-09-30,FCCN.L,GBP,2006-09-30,2006-09-30,Q3,61575000,28700000.0,32875000.0,0.5339017458384084,0.0,0.0,28200000.0,300000.0,-6450000.0,60250000,50000.0,2675000.0,4000000.0,0.06496142915144133,1325000.0,0.02151847340641494,0.0,3925000.0,0.0637434023548518,1425000.0,2425000.0,0.03938286642306131,0.0255,0.02525,95501265,95936595,https://find-and-update.company-information.service.gov.uk/search/companies?q=French+Connection+Group+PLC,https://find-and-update.company-information.service.gov.uk/search/companies?q=French+Connection+Group+PLC,1620591972,16:26:12,20210509
53,2006-06-30,FCCN.L,GBP,2006-06-30,2006-06-30,Q2,61575000,28700000.0,32875000.0,0.5339017458384084,0.0,0.0,28200000.0,300000.0,-6450000.0,60250000,50000.0,2675000.0,4000000.0,0.06496142915144133,1325000.0,0.02151847340641494,0.0,3925000.0,0.0637434023548518,1425000.0,2425000.0,0.03938286642306131,0.0255,0.02525,95501265,95936595,https://find-and-update.company-information.service.gov.uk/search/companies?q=French+Connection+Group+PLC,https://find-and-update.company-information.service.gov.uk/search/companies?q=French+Connection+Group+PLC,1620591972,16:26:12,20210509
54,2006-03-31,FCCN.L,GBP,2006-03-31,2006-03-31,Q1,61575000,28700000.0,32875000.0,0.5339017458384084,0.0,0.0,28200000.0,300000.0,-6450000.0,60250000,50000.0,2675000.0,4000000.0,0.06496142915144133,1325000.0,0.02151847340641494,0.0,3925000.0,0.0637434023548518,1425000.0,2425000.0,0.03938286642306131,0.0255,0.02525,95501265,95936595,https://find-and-update.company-information.service.gov.uk/search/companies?q=French+Connection+Group+PLC,https://find-and-update.company-information.service.gov.uk/search/companies?q=French+Connection+Group+PLC,1620591972,16:26:12,20210509
55,2006-01-31,FCCN.L,GBP,2006-01-31,2006-01-31,Q1,61575000,28700000.0,32875000.0,0.5339017458384084,0.0,0.0,28200000.0,300000.0,-6450000.0,60250000,50000.0,2675000.0,4000000.0,0.06496142915144133,1325000.0,0.02151847340641494,0.0,3925000.0,0.0637434023548518,1425000.0,2425000.0,0.03938286642306131,0.0255,0.02525,95501265,95936595,https://find-and-update.company-information.service.gov.uk/search/companies?q=French+Connection+Group+PLC,https://find-and-update.company-information.service.gov.uk/search/companies?q=French+Connection+Group+PLC,1620591972,16:26:12,20210509
56,2005-09-30,FCCN.L,GBP,2005-09-30,2005-09-30,Q3,66425000,30800000.0,35625000.0,0.5363191569439217,0.0,0.0,25200000.0,350000.0,-6425000.0,58700000,25000.0,2250000.0,9975000.0,0.15016936394429808,7725000.0,0.11629657508468197,0.0,8425000.0,0.1268347760632292,2600000.0,5750000.0,0.08656379375235228,0.06025,0.05975,95417431,96210974,https://find-and-update.company-information.service.gov.uk/search/companies?q=French+Connection+Group+PLC,https://find-and-update.company-information.service.gov.uk/search/companies?q=French+Connection+Group+PLC,1620591972,16:26:12,20210509
57,2005-06-30,FCCN.L,GBP,2005-06-30,2005-06-30,Q2,66425000,30800000.0,35625000.0,0.5363191569439217,0.0,0.0,25200000.0,350000.0,-6425000.0,58700000,25000.0,2250000.0,9975000.0,0.15016936394429808,7725000.0,0.11629657508468197,0.0,8425000.0,0.1268347760632292,2600000.0,5750000.0,0.08656379375235228,0.06025,0.05975,95417431,96210974,https://find-and-update.company-information.service.gov.uk/search/companies?q=French+Connection+Group+PLC,https://find-and-update.company-information.service.gov.uk/search/companies?q=French+Connection+Group+PLC,1620591972,16:26:12,20210509
58,2005-03-31,FCCN.L,GBP,2005-03-31,2005-03-31,Q1,66425000,30800000.0,35625000.0,0.5363191569439217,0.0,0.0,25200000.0,350000.0,-6425000.0,58700000,25000.0,2250000.0,9975000.0,0.15016936394429808,7725000.0,0.11629657508468197,0.0,8425000.0,0.1268347760632292,2600000.0,5750000.0,0.08656379375235228,0.06025,0.05975,95417431,96210974,https://find-and-update.company-information.service.gov.uk/search/companies?q=French+Connection+Group+PLC,https://find-and-update.company-information.service.gov.uk/search/companies?q=French+Connection+Group+PLC,1620591972,16:26:12,20210509
59,2005-01-31,FCCN.L,GBP,2005-01-31,2005-01-31,Q1,66425000,30800000.0,35625000.0,0.5363191569439217,0.0,0.0,25200000.0,350000.0,-6425000.0,58700000,25000.0,2250000.0,9975000.0,0.15016936394429808,7725000.0,0.11629657508468197,0.0,8425000.0,0.1268347760632292,2600000.0,5750000.0,0.08656379375235228,0.06025,0.05975,95417431,96210974,https://find-and-update.company-information.service.gov.uk/search/companies?q=French+Connection+Group+PLC,https://find-and-update.company-information.service.gov.uk/search/companies?q=French+Connection+Group+PLC,1620591972,16:26:12,20210509
60,2004-09-30,FCCN.L,GBP,2004-09-30,2004-09-30,Q3,66975000,30950000.0,36025000.0,0.5378872713699141,0.0,-21275000.0,24275000.0,350000.0,17600000.0,57950000,75000.0,2625000.0,11650000.0,0.17394550205300485,9025000.0,0.1347517730496454,0.0,9525000.0,0.1422172452407615,2925000.0,6550000.0,0.09779768570362075,0.06875,0.068,95293211,96187150,https://find-and-update.company-information.service.gov.uk/search/companies?q=French+Connection+Group+PLC,https://find-and-update.company-information.service.gov.uk/search/companies?q=French+Connection+Group+PLC,1620591972,16:26:12,20210509
61,2004-06-30,FCCN.L,GBP,2004-06-30,2004-06-30,Q2,66975000,30950000.0,36025000.0,0.5378872713699141,0.0,-21275000.0,24275000.0,350000.0,17600000.0,57950000,75000.0,2625000.0,11650000.0,0.17394550205300485,9025000.0,0.1347517730496454,0.0,9525000.0,0.1422172452407615,2925000.0,6550000.0,0.09779768570362075,0.06875,0.068,95293211,96187150,https://find-and-update.company-information.service.gov.uk/search/companies?q=French+Connection+Group+PLC,https://find-and-update.company-information.service.gov.uk/search/companies?q=French+Connection+Group+PLC,1620591972,16:26:12,20210509
62,2004-03-31,FCCN.L,GBP,2004-03-31,2004-03-31,Q1,66975000,30950000.0,36025000.0,0.5378872713699141,0.0,-21275000.0,24275000.0,350000.0,17600000.0,57950000,75000.0,2625000.0,11650000.0,0.17394550205300485,9025000.0,0.1347517730496454,0.0,9525000.0,0.1422172452407615,2925000.0,6550000.0,0.09779768570362075,0.06875,0.068,95293211,96187150,https://find-and-update.company-information.service.gov.uk/search/companies?q=French+Connection+Group+PLC,https://find-and-update.company-information.service.gov.uk/search/companies?q=French+Connection+Group+PLC,1620591972,16:26:12,20210509
63,2004-01-31,FCCN.L,GBP,2004-01-31,2004-01-31,Q1,66975000,30950000.0,36025000.0,0.5378872713699141,0.0,-21275000.0,24275000.0,350000.0,17600000.0,57950000,75000.0,2625000.0,11650000.0,0.17394550205300485,9025000.0,0.1347517730496454,0.0,9525000.0,0.1422172452407615,2925000.0,6550000.0,0.09779768570362075,0.06875,0.068,95293211,96187150,https://find-and-update.company-information.service.gov.uk/search/companies?q=French+Connection+Group+PLC,https://find-and-update.company-information.service.gov.uk/search/companies?q=French+Connection+Group+PLC,1620591972,16:26:12,20210509
64,2003-09-30,FCCN.L,GBP,2003-09-30,2003-09-30,Q3,60250000,28050000.0,32200000.0,0.5344398340248963,0.0,-18325000.0,21750000.0,375000.0,17725000.0,53275000,175000.0,2275000.0,9250000.0,0.15352697095435686,6975000.0,0.11576763485477179,0.0,7375000.0,0.12240663900414937,2275000.0,5100000.0,0.08464730290456432,0.05365,0.05355,95065060,95238095,https://find-and-update.company-information.service.gov.uk/search/companies?q=French+Connection+Group+PLC,https://find-and-update.company-information.service.gov.uk/search/companies?q=French+Connection+Group+PLC,1620591972,16:26:12,20210509
65,2003-06-30,FCCN.L,GBP,2003-06-30,2003-06-30,Q2,60250000,28050000.0,32200000.0,0.5344398340248963,0.0,-18325000.0,21750000.0,375000.0,17725000.0,53275000,175000.0,2275000.0,9250000.0,0.15352697095435686,6975000.0,0.11576763485477179,0.0,7375000.0,0.12240663900414937,2275000.0,5100000.0,0.08464730290456432,0.05365,0.05355,95065060,95238095,https://find-and-update.company-information.service.gov.uk/search/companies?q=French+Connection+Group+PLC,https://find-and-update.company-information.service.gov.uk/search/companies?q=French+Connection+Group+PLC,1620591972,16:26:12,20210509
66,2003-03-31,FCCN.L,GBP,2003-03-31,2003-03-31,Q1,60250000,28050000.0,32200000.0,0.5344398340248963,0.0,-18325000.0,21750000.0,375000.0,17725000.0,53275000,175000.0,2275000.0,9250000.0,0.15352697095435686,6975000.0,0.11576763485477179,0.0,7375000.0,0.12240663900414937,2275000.0,5100000.0,0.08464730290456432,0.05365,0.05355,95065060,95238095,https://find-and-update.company-information.service.gov.uk/search/companies?q=French+Connection+Group+PLC,https://find-and-update.company-information.service.gov.uk/search/companies?q=French+Connection+Group+PLC,1620591972,16:26:12,20210509
67,2003-01-31,FCCN.L,GBP,2003-01-31,2003-01-31,Q1,60250000,28050000.0,32200000.0,0.5344398340248963,0.0,-18325000.0,21750000.0,375000.0,17725000.0,53275000,175000.0,2275000.0,9250000.0,0.15352697095435686,6975000.0,0.11576763485477179,0.0,7375000.0,0.12240663900414937,2275000.0,5100000.0,0.08464730290456432,0.05365,0.05355,95065060,95238095,https://find-and-update.company-information.service.gov.uk/search/companies?q=French+Connection+Group+PLC,https://find-and-update.company-information.service.gov.uk/search/companies?q=French+Connection+Group+PLC,1620591972,16:26:12,20210509
68,2002-09-30,FCCN.L,GBP,2002-09-30,2002-09-30,Q3,56425000,27050000.0,29375000.0,0.5206025697828977,0.0,0.0,0.0,0.0,16500000.0,50125000,450000.0,2050000.0,8350000.0,0.1479840496233939,6300000.0,0.11165263624280018,0.0,5650000.0,0.10013291980505096,1950000.0,3750000.0,0.0664599025254763,0.03955,0.03945,94760000,95000000,https://find-and-update.company-information.service.gov.uk/search/companies?q=French+Connection+Group+PLC,https://find-and-update.company-information.service.gov.uk/search/companies?q=French+Connection+Group+PLC,1620591972,16:26:12,20210509
69,2002-06-30,FCCN.L,GBP,2002-06-30,2002-06-30,Q2,56425000,27050000.0,29375000.0,0.5206025697828977,0.0,0.0,0.0,0.0,16500000.0,50125000,450000.0,2050000.0,8350000.0,0.1479840496233939,6300000.0,0.11165263624280018,0.0,5650000.0,0.10013291980505096,1950000.0,3750000.0,0.0664599025254763,0.03955,0.03945,94760000,95000000,https://find-and-update.company-information.service.gov.uk/search/companies?q=French+Connection+Group+PLC,https://find-and-update.company-information.service.gov.uk/search/companies?q=French+Connection+Group+PLC,1620591972,16:26:12,20210509
70,2002-03-31,FCCN.L,GBP,2002-03-31,2002-03-31,Q1,56425000,27050000.0,29375000.0,0.5206025697828977,0.0,0.0,0.0,0.0,16500000.0,50125000,450000.0,2050000.0,8350000.0,0.1479840496233939,6300000.0,0.11165263624280018,0.0,5650000.0,0.10013291980505096,1950000.0,3750000.0,0.0664599025254763,0.03955,0.03945,94760000,95000000,https://find-and-update.company-information.service.gov.uk/search/companies?q=French+Connection+Group+PLC,https://find-and-update.company-information.service.gov.uk/search/companies?q=French+Connection+Group+PLC,1620591972,16:26:12,20210509
71,2002-01-31,FCCN.L,GBP,2002-01-31,2002-01-31,Q1,56425000,27050000.0,29375000.0,0.5206025697828977,0.0,0.0,0.0,0.0,16500000.0,50125000,450000.0,2050000.0,8350000.0,0.1479840496233939,6300000.0,0.11165263624280018,0.0,5650000.0,0.10013291980505096,1950000.0,3750000.0,0.0664599025254763,0.03955,0.03945,94760000,95000000,https://find-and-update.company-information.service.gov.uk/search/companies?q=French+Connection+Group+PLC,https://find-and-update.company-information.service.gov.uk/search/companies?q=French+Connection+Group+PLC,1620591972,16:26:12,20210509
72,2001-09-30,FCCN.L,GBP,2001-09-30,2001-09-30,Q3,48400000,23200000.0,25200000.0,0.5206611570247934,0.0,0.0,0.0,0.0,15125000.0,43524500,200000.0,1574500.0,6450000.0,0.13326446280991736,4875500.0,0.10073347107438016,0.0,4775000.0,0.09865702479338843,1675000.0,2550000.0,0.05268595041322314,0.02705,0.027,94535000,94685000,https://find-and-update.company-information.service.gov.uk/search/companies?q=French+Connection+Group+PLC,https://find-and-update.company-information.service.gov.uk/search/companies?q=French+Connection+Group+PLC,1620591972,16:26:12,20210509
73,2001-06-30,FCCN.L,GBP,2001-06-30,2001-06-30,Q2,48400000,23200000.0,25200000.0,0.5206611570247934,0.0,0.0,0.0,0.0,15125000.0,43524500,200000.0,1574500.0,6450000.0,0.13326446280991736,4875500.0,0.10073347107438016,0.0,4775000.0,0.09865702479338843,1675000.0,2550000.0,0.05268595041322314,0.02705,0.027,94535000,94685000,https://find-and-update.company-information.service.gov.uk/search/companies?q=French+Connection+Group+PLC,https://find-and-update.company-information.service.gov.uk/search/companies?q=French+Connection+Group+PLC,1620591972,16:26:12,20210509
74,2001-03-31,FCCN.L,GBP,2001-03-31,2001-03-31,Q1,48400000,23200000.0,25200000.0,0.5206611570247934,0.0,0.0,0.0,0.0,15125000.0,43524500,200000.0,1574500.0,6450000.0,0.13326446280991736,4875500.0,0.10073347107438016,0.0,4775000.0,0.09865702479338843,1675000.0,2550000.0,0.05268595041322314,0.02705,0.027,94535000,94685000,https://find-and-update.company-information.service.gov.uk/search/companies?q=French+Connection+Group+PLC,https://find-and-update.company-information.service.gov.uk/search/companies?q=French+Connection+Group+PLC,1620591972,16:26:12,20210509
75,2001-01-31,FCCN.L,GBP,2001-01-31,2001-01-31,Q1,48400000,23200000.0,25200000.0,0.5206611570247934,0.0,0.0,0.0,0.0,15125000.0,43524500,200000.0,1574500.0,6450000.0,0.13326446280991736,4875500.0,0.10073347107438016,0.0,4775000.0,0.09865702479338843,1675000.0,2550000.0,0.05268595041322314,0.02705,0.027,94535000,94685000,https://find-and-update.company-information.service.gov.uk/search/companies?q=French+Connection+Group+PLC,https://find-and-update.company-information.service.gov.uk/search/companies?q=French+Connection+Group+PLC,1620591972,16:26:12,20210509
76,2000-09-30,FCCN.L,GBP,2000-09-30,2000-09-30,Q3,38995750,18718250.0,20277500.0,0.5199925632921536,0.0,0.0,0.0,0.0,12139750.0,34994000,181500.0,1173500.0,5175250.0,0.13271318028246668,4001750.0,0.10262015732483667,0.0,3956000.0,0.10144695255252174,1407250.0,2202750.0,0.056486924857195975,0.0237,0.0236,92845000,93270000,https://find-and-update.company-information.service.gov.uk/search/companies?q=French+Connection+Group+PLC,https://find-and-update.company-information.service.gov.uk/search/companies?q=French+Connection+Group+PLC,1620591972,16:26:12,20210509
77,2000-06-30,FCCN.L,GBP,2000-06-30,2000-06-30,Q2,38995750,18718250.0,20277500.0,0.5199925632921536,0.0,0.0,0.0,0.0,12139750.0,34994000,181500.0,1173500.0,5175250.0,0.13271318028246668,4001750.0,0.10262015732483667,0.0,3956000.0,0.10144695255252174,1407250.0,2202750.0,0.056486924857195975,0.0237,0.0236,92845000,93270000,https://find-and-update.company-information.service.gov.uk/search/companies?q=French+Connection+Group+PLC,https://find-and-update.company-information.service.gov.uk/search/companies?q=French+Connection+Group+PLC,1620591972,16:26:12,20210509
78,2000-03-31,FCCN.L,GBP,2000-03-31,2000-03-31,Q1,38995750,18718250.0,20277500.0,0.5199925632921536,0.0,0.0,0.0,0.0,12139750.0,34994000,181500.0,1173500.0,5175250.0,0.13271318028246668,4001750.0,0.10262015732483667,0.0,3956000.0,0.10144695255252174,1407250.0,2202750.0,0.056486924857195975,0.0237,0.0236,92845000,93270000,https://find-and-update.company-information.service.gov.uk/search/companies?q=French+Connection+Group+PLC,https://find-and-update.company-information.service.gov.uk/search/companies?q=French+Connection+Group+PLC,1620591972,16:26:12,20210509
79,2000-01-31,FCCN.L,GBP,2000-01-31,2000-01-31,Q1,38995750,18718250.0,20277500.0,0.5199925632921536,0.0,0.0,0.0,0.0,12139750.0,34994000,181500.0,1173500.0,5175250.0,0.13271318028246668,4001750.0,0.10262015732483667,0.0,3956000.0,0.10144695255252174,1407250.0,2202750.0,0.056486924857195975,0.0237,0.0236,92845000,93270000,https://find-and-update.company-information.service.gov.uk/search/companies?q=French+Connection+Group+PLC,https://find-and-update.company-information.service.gov.uk/search/companies?q=French+Connection+Group+PLC,1620591972,16:26:12,20210509
80,1999-09-30,FCCN.L,GBP,1999-09-30,1999-09-30,Q3,29320750,14074250.0,15246500.0,0.5199901093935182,0.0,0.0,0.0,0.0,9582500.0,26655500,114000.0,869750.0,3535000.0,0.12056308245866836,2665250.0,0.09089978939829302,0.0,2600250.0,0.08868292932479557,877000.0,1560750.0,0.053230220918632706,0.017,0.0169,91760000,92470000,https://find-and-update.company-information.service.gov.uk/search/companies?q=French+Connection+Group+PLC,https://find-and-update.company-information.service.gov.uk/search/companies?q=French+Connection+Group+PLC,1620591972,16:26:12,20210509
81,1999-06-30,FCCN.L,GBP,1999-06-30,1999-06-30,Q2,29320750,14074250.0,15246500.0,0.5199901093935182,0.0,0.0,0.0,0.0,9582500.0,26655500,114000.0,869750.0,3535000.0,0.12056308245866836,2665250.0,0.09089978939829302,0.0,2600250.0,0.08868292932479557,877000.0,1560750.0,0.053230220918632706,0.017,0.0169,91760000,92470000,https://find-and-update.company-information.service.gov.uk/search/companies?q=French+Connection+Group+PLC,https://find-and-update.company-information.service.gov.uk/search/companies?q=French+Connection+Group+PLC,1620591972,16:26:12,20210509
82,1999-03-31,FCCN.L,GBP,1999-03-31,1999-03-31,Q1,29320750,14074250.0,15246500.0,0.5199901093935182,0.0,0.0,0.0,0.0,9582500.0,26655500,114000.0,869750.0,3535000.0,0.12056308245866836,2665250.0,0.09089978939829302,0.0,2600250.0,0.08868292932479557,877000.0,1560750.0,0.053230220918632706,0.017,0.0169,91760000,92470000,https://find-and-update.company-information.service.gov.uk/search/companies?q=French+Connection+Group+PLC,https://find-and-update.company-information.service.gov.uk/search/companies?q=French+Connection+Group+PLC,1620591972,16:26:12,20210509
83,1999-01-31,FCCN.L,GBP,1999-01-31,1999-01-31,Q1,29320750,14074250.0,15246500.0,0.5199901093935182,0.0,0.0,0.0,0.0,9582500.0,26655500,114000.0,869750.0,3535000.0,0.12056308245866836,2665250.0,0.09089978939829302,0.0,2600250.0,0.08868292932479557,877000.0,1560750.0,0.053230220918632706,0.017,0.0169,91760000,92470000,https://find-and-update.company-information.service.gov.uk/search/companies?q=French+Connection+Group+PLC,https://find-and-update.company-information.service.gov.uk/search/companies?q=French+Connection+Group+PLC,1620591972,16:26:12,20210509
84,1998-09-30,FCCN.L,GBP,1998-09-30,1998-09-30,Q3,23416500,0.0,0.0,0.0,0.0,0.0,0.0,0.0,18968500.0,21340250,79750.0,626750.0,2703000.0,0.11543142655819615,2076250.0,0.08866611150257298,0.0,2052250.0,0.08764119317575214,710750.0,1260500.0,0.05382956462323575,0.01375,0.0137,91760000,91760000,https://find-and-update.company-information.service.gov.uk/search/companies?q=French+Connection+Group+PLC,https://find-and-update.company-information.service.gov.uk/search/companies?q=French+Connection+Group+PLC,1620591972,16:26:12,20210509
85,1998-06-30,FCCN.L,GBP,1998-06-30,1998-06-30,Q2,23416500,0.0,0.0,0.0,0.0,0.0,0.0,0.0,18968500.0,21340250,79750.0,626750.0,2703000.0,0.11543142655819615,2076250.0,0.08866611150257298,0.0,2052250.0,0.08764119317575214,710750.0,1260500.0,0.05382956462323575,0.01375,0.0137,91760000,91760000,https://find-and-update.company-information.service.gov.uk/search/companies?q=French+Connection+Group+PLC,https://find-and-update.company-information.service.gov.uk/search/companies?q=French+Connection+Group+PLC,1620591972,16:26:12,20210509
86,1998-03-31,FCCN.L,GBP,1998-03-31,1998-03-31,Q1,23416500,0.0,0.0,0.0,0.0,0.0,0.0,0.0,18968500.0,21340250,79750.0,626750.0,2703000.0,0.11543142655819615,2076250.0,0.08866611150257298,0.0,2052250.0,0.08764119317575214,710750.0,1260500.0,0.05382956462323575,0.01375,0.0137,91760000,91760000,https://find-and-update.company-information.service.gov.uk/search/companies?q=French+Connection+Group+PLC,https://find-and-update.company-information.service.gov.uk/search/companies?q=French+Connection+Group+PLC,1620591972,16:26:12,20210509
87,1998-01-31,FCCN.L,GBP,1998-01-31,1998-01-31,Q1,23416500,0.0,0.0,0.0,0.0,0.0,0.0,0.0,18968500.0,21340250,79750.0,626750.0,2703000.0,0.11543142655819615,2076250.0,0.08866611150257298,0.0,2052250.0,0.08764119317575214,710750.0,1260500.0,0.05382956462323575,0.01375,0.0137,91760000,91760000,https://find-and-update.company-information.service.gov.uk/search/companies?q=French+Connection+Group+PLC,https://find-and-update.company-information.service.gov.uk/search/companies?q=French+Connection+Group+PLC,1620591972,16:26:12,20210509
88,1997-09-30,FCCN.L,GBP,1997-09-30,1997-09-30,Q3,20743750,0.0,0.0,0.0,0.0,0.0,0.0,0.0,17109000.0,19163500,68750.0,497000.0,2077250.0,0.10013859596263935,1580250.0,0.07617957216028924,0.0,1557000.0,0.07505875263633624,602250.0,808500.0,0.038975595058752636,0.0088,0.0088,91700000,91700000,https://find-and-update.company-information.service.gov.uk/search/companies?q=French+Connection+Group+PLC,https://find-and-update.company-information.service.gov.uk/search/companies?q=French+Connection+Group+PLC,1620591972,16:26:12,20210509
89,1997-06-30,FCCN.L,GBP,1997-06-30,1997-06-30,Q2,20743750,0.0,0.0,0.0,0.0,0.0,0.0,0.0,17109000.0,19163500,68750.0,497000.0,2077250.0,0.10013859596263935,1580250.0,0.07617957216028924,0.0,1557000.0,0.07505875263633624,602250.0,808500.0,0.038975595058752636,0.0088,0.0088,91700000,91700000,https://find-and-update.company-information.service.gov.uk/search/companies?q=French+Connection+Group+PLC,https://find-and-update.company-information.service.gov.uk/search/companies?q=French+Connection+Group+PLC,1620591972,16:26:12,20210509
90,1997-03-31,FCCN.L,GBP,1997-03-31,1997-03-31,Q1,20743750,0.0,0.0,0.0,0.0,0.0,0.0,0.0,17109000.0,19163500,68750.0,497000.0,2077250.0,0.10013859596263935,1580250.0,0.07617957216028924,0.0,1557000.0,0.07505875263633624,602250.0,808500.0,0.038975595058752636,0.0088,0.0088,91700000,91700000,https://find-and-update.company-information.service.gov.uk/search/companies?q=French+Connection+Group+PLC,https://find-and-update.company-information.service.gov.uk/search/companies?q=French+Connection+Group+PLC,1620591972,16:26:12,20210509
91,1997-01-31,FCCN.L,GBP,1997-01-31,1997-01-31,Q1,20743750,0.0,0.0,0.0,0.0,0.0,0.0,0.0,17109000.0,19163500,68750.0,497000.0,2077250.0,0.10013859596263935,1580250.0,0.07617957216028924,0.0,1557000.0,0.07505875263633624,602250.0,808500.0,0.038975595058752636,0.0088,0.0088,91700000,91700000,https://find-and-update.company-information.service.gov.uk/search/companies?q=French+Connection+Group+PLC,https://find-and-update.company-information.service.gov.uk/search/companies?q=French+Connection+Group+PLC,1620591972,16:26:12,20210509
92,1996-09-30,FCCN.L,GBP,1996-09-30,1996-09-30,Q3,17684500,0.0,0.0,0.0,0.0,0.0,0.0,0.0,15175000.0,16833750,47500.0,371500.0,1222250.0,0.06911419604738613,850750.0,0.0481070994373604,0.0,857750.0,0.04850292629138511,312750.0,450750.0,0.02548842206451978,0.005,0.005,90215000,90215000,https://find-and-update.company-information.service.gov.uk/search/companies?q=French+Connection+Group+PLC,https://find-and-update.company-information.service.gov.uk/search/companies?q=French+Connection+Group+PLC,1620591972,16:26:12,20210509
93,1996-06-30,FCCN.L,GBP,1996-06-30,1996-06-30,Q2,17684500,0.0,0.0,0.0,0.0,0.0,0.0,0.0,15175000.0,16833750,47500.0,371500.0,1222250.0,0.06911419604738613,850750.0,0.0481070994373604,0.0,857750.0,0.04850292629138511,312750.0,450750.0,0.02548842206451978,0.005,0.005,90215000,90215000,https://find-and-update.company-information.service.gov.uk/search/companies?q=French+Connection+Group+PLC,https://find-and-update.company-information.service.gov.uk/search/companies?q=French+Connection+Group+PLC,1620591972,16:26:12,20210509
94,1996-03-31,FCCN.L,GBP,1996-03-31,1996-03-31,Q1,17684500,0.0,0.0,0.0,0.0,0.0,0.0,0.0,15175000.0,16833750,47500.0,371500.0,1222250.0,0.06911419604738613,850750.0,0.0481070994373604,0.0,857750.0,0.04850292629138511,312750.0,450750.0,0.02548842206451978,0.005,0.005,90215000,90215000,https://find-and-update.company-information.service.gov.uk/search/companies?q=French+Connection+Group+PLC,https://find-and-update.company-information.service.gov.uk/search/companies?q=French+Connection+Group+PLC,1620591972,16:26:12,20210509
95,1996-01-31,FCCN.L,GBP,1996-01-31,1996-01-31,Q1,17684500,0.0,0.0,0.0,0.0,0.0,0.0,0.0,15175000.0,16833750,47500.0,371500.0,1222250.0,0.06911419604738613,850750.0,0.0481070994373604,0.0,857750.0,0.04850292629138511,312750.0,450750.0,0.02548842206451978,0.005,0.005,90215000,90215000,https://find-and-update.company-information.service.gov.uk/search/companies?q=French+Connection+Group+PLC,https://find-and-update.company-information.service.gov.uk/search/companies?q=French+Connection+Group+PLC,1620591972,16:26:12,20210509
96,1995-09-30,FCCN.L,GBP,1995-09-30,1995-09-30,Q3,17632250,0.0,0.0,0.0,0.0,0.0,0.0,0.0,14617000.0,15906750,75000.0,277250.0,2002750.0,0.1135844829786329,1725500.0,0.09786045456478895,0.0,1713750.0,0.09719406201704263,498500.0,949250.0,0.05383601071899502,0.0116,0.0116,81720000,81720000,https://find-and-update.company-information.service.gov.uk/search/companies?q=French+Connection+Group+PLC,https://find-and-update.company-information.service.gov.uk/search/companies?q=French+Connection+Group+PLC,1620591972,16:26:12,20210509
97,1995-06-30,FCCN.L,GBP,1995-06-30,1995-06-30,Q2,17632250,0.0,0.0,0.0,0.0,0.0,0.0,0.0,14617000.0,15906750,75000.0,277250.0,2002750.0,0.1135844829786329,1725500.0,0.09786045456478895,0.0,1713750.0,0.09719406201704263,498500.0,949250.0,0.05383601071899502,0.0116,0.0116,81720000,81720000,https://find-and-update.company-information.service.gov.uk/search/companies?q=French+Connection+Group+PLC,https://find-and-update.company-information.service.gov.uk/search/companies?q=French+Connection+Group+PLC,1620591972,16:26:12,20210509
98,1995-03-31,FCCN.L,GBP,1995-03-31,1995-03-31,Q1,17632250,0.0,0.0,0.0,0.0,0.0,0.0,0.0,14617000.0,15906750,75000.0,277250.0,2002750.0,0.1135844829786329,1725500.0,0.09786045456478895,0.0,1713750.0,0.09719406201704263,498500.0,949250.0,0.05383601071899502,0.0116,0.0116,81720000,81720000,https://find-and-update.company-information.service.gov.uk/search/companies?q=French+Connection+Group+PLC,https://find-and-update.company-information.service.gov.uk/search/companies?q=French+Connection+Group+PLC,1620591972,16:26:12,20210509
99,1995-01-31,FCCN.L,GBP,1995-01-31,1995-01-31,Q1,17632250,0.0,0.0,0.0,0.0,0.0,0.0,0.0,14617000.0,15906750,75000.0,277250.0,2002750.0,0.1135844829786329,1725500.0,0.09786045456478895,0.0,1713750.0,0.09719406201704263,498500.0,949250.0,0.05383601071899502,0.0116,0.0116,81720000,81720000,https://find-and-update.company-information.service.gov.uk/search/companies?q=French+Connection+Group+PLC,https://find-and-update.company-information.service.gov.uk/search/companies?q=French+Connection+Group+PLC,1620591972,16:26:12,20210509
100,1994-09-30,FCCN.L,GBP,1994-09-30,1994-09-30,Q3,15978000,0.0,0.0,0.0,0.0,0.0,0.0,0.0,13447750.0,14574250,113500.0,227000.0,1630750.0,0.1020622105394918,1403750.0,0.08785517586681688,0.0,1285000.0,0.08042308173738891,405250.0,689500.0,0.04315308549255226,0.00822225,0.00822225,83642042,83642042,https://find-and-update.company-information.service.gov.uk/search/companies?q=French+Connection+Group+PLC,https://find-and-update.company-information.service.gov.uk/search/companies?q=French+Connection+Group+PLC,1620591972,16:26:12,20210509
101,1994-06-30,FCCN.L,GBP,1994-06-30,1994-06-30,Q2,15978000,0.0,0.0,0.0,0.0,0.0,0.0,0.0,13447750.0,14574250,113500.0,227000.0,1630750.0,0.1020622105394918,1403750.0,0.08785517586681688,0.0,1285000.0,0.08042308173738891,405250.0,689500.0,0.04315308549255226,0.00822225,0.00822225,83642042,83642042,https://find-and-update.company-information.service.gov.uk/search/companies?q=French+Connection+Group+PLC,https://find-and-update.company-information.service.gov.uk/search/companies?q=French+Connection+Group+PLC,1620591972,16:26:12,20210509
102,1994-03-31,FCCN.L,GBP,1994-03-31,1994-03-31,Q1,15978000,0.0,0.0,0.0,0.0,0.0,0.0,0.0,13447750.0,14574250,113500.0,227000.0,1630750.0,0.1020622105394918,1403750.0,0.08785517586681688,0.0,1285000.0,0.08042308173738891,405250.0,689500.0,0.04315308549255226,0.00822225,0.00822225,83642042,83642042,https://find-and-update.company-information.service.gov.uk/search/companies?q=French+Connection+Group+PLC,https://find-and-update.company-information.service.gov.uk/search/companies?q=French+Connection+Group+PLC,1620591972,16:26:12,20210509
103,1994-01-31,FCCN.L,GBP,1994-01-31,1994-01-31,Q1,15978000,0.0,0.0,0.0,0.0,0.0,0.0,0.0,13447750.0,14574250,113500.0,227000.0,1630750.0,0.1020622105394918,1403750.0,0.08785517586681688,0.0,1285000.0,0.08042308173738891,405250.0,689500.0,0.04315308549255226,0.00822225,0.00822225,83642042,83642042,https://find-and-update.company-information.service.gov.uk/search/companies?q=French+Connection+Group+PLC,https://find-and-update.company-information.service.gov.uk/search/companies?q=French+Connection+Group+PLC,1620591972,16:26:12,20210509
104,1993-09-30,FCCN.L,GBP,1993-09-30,1993-09-30,Q3,11850000,0.0,0.0,0.0,0.0,0.0,0.0,0.0,10058250.0,11198750,258250.0,242500.0,893750.0,0.07542194092827004,651250.0,0.054957805907172995,0.0,-33250.0,-0.0028059071729957807,82500.0,-179250.0,-0.015126582278481012,-0.00213875,-0.00213875,83468456,83468456,https://find-and-update.company-information.service.gov.uk/search/companies?q=French+Connection+Group+PLC,https://find-and-update.company-information.service.gov.uk/search/companies?q=French+Connection+Group+PLC,1620591972,16:26:12,20210509
105,1993-06-30,FCCN.L,GBP,1993-06-30,1993-06-30,Q2,11850000,0.0,0.0,0.0,0.0,0.0,0.0,0.0,10058250.0,11198750,258250.0,242500.0,893750.0,0.07542194092827004,651250.0,0.054957805907172995,0.0,-33250.0,-0.0028059071729957807,82500.0,-179250.0,-0.015126582278481012,-0.00213875,-0.00213875,83468456,83468456,https://find-and-update.company-information.service.gov.uk/search/companies?q=French+Connection+Group+PLC,https://find-and-update.company-information.service.gov.uk/search/companies?q=French+Connection+Group+PLC,1620591972,16:26:12,20210509
106,1993-03-31,FCCN.L,GBP,1993-03-31,1993-03-31,Q1,11850000,0.0,0.0,0.0,0.0,0.0,0.0,0.0,10058250.0,11198750,258250.0,242500.0,893750.0,0.07542194092827004,651250.0,0.054957805907172995,0.0,-33250.0,-0.0028059071729957807,82500.0,-179250.0,-0.015126582278481012,-0.00213875,-0.00213875,83468456,83468456,https://find-and-update.company-information.service.gov.uk/search/companies?q=French+Connection+Group+PLC,https://find-and-update.company-information.service.gov.uk/search/companies?q=French+Connection+Group+PLC,1620591972,16:26:12,20210509
107,1993-01-31,FCCN.L,GBP,1993-01-31,1993-01-31,Q1,11850000,0.0,0.0,0.0,0.0,0.0,0.0,0.0,10058250.0,11198750,258250.0,242500.0,893750.0,0.07542194092827004,651250.0,0.054957805907172995,0.0,-33250.0,-0.0028059071729957807,82500.0,-179250.0,-0.015126582278481012,-0.00213875,-0.00213875,83468456,83468456,https://find-and-update.company-information.service.gov.uk/search/companies?q=French+Connection+Group+PLC,https://find-and-update.company-information.service.gov.uk/search/companies?q=French+Connection+Group+PLC,1620591972,16:26:12,20210509
108,1992-09-30,FCCN.L,GBP,1992-09-30,1992-09-30,Q3,12486750,0.0,0.0,0.0,0.0,0.0,0.0,0.0,10707500.0,11754250,288750.0,249750.0,982250.0,0.07866338318617735,732500.0,0.0586621819128276,0.0,-1987750.0,-0.15918874006446834,-353750.0,-2158000.0,-0.1728231925841392,-0.02585475,-0.02585475,83468456,83468456,https://find-and-update.company-information.service.gov.uk/search/companies?q=French+Connection+Group+PLC,https://find-and-update.company-information.service.gov.uk/search/companies?q=French+Connection+Group+PLC,1620591972,16:26:12,20210509
109,1992-06-30,FCCN.L,GBP,1992-06-30,1992-06-30,Q2,12486750,0.0,0.0,0.0,0.0,0.0,0.0,0.0,10707500.0,11754250,288750.0,249750.0,982250.0,0.07866338318617735,732500.0,0.0586621819128276,0.0,-1987750.0,-0.15918874006446834,-353750.0,-2158000.0,-0.1728231925841392,-0.02585475,-0.02585475,83468456,83468456,https://find-and-update.company-information.service.gov.uk/search/companies?q=French+Connection+Group+PLC,https://find-and-update.company-information.service.gov.uk/search/companies?q=French+Connection+Group+PLC,1620591972,16:26:12,20210509
110,1992-03-31,FCCN.L,GBP,1992-03-31,1992-03-31,Q1,12486750,0.0,0.0,0.0,0.0,0.0,0.0,0.0,10707500.0,11754250,288750.0,249750.0,982250.0,0.07866338318617735,732500.0,0.0586621819128276,0.0,-1987750.0,-0.15918874006446834,-353750.0,-2158000.0,-0.1728231925841392,-0.02585475,-0.02585475,83468456,83468456,https://find-and-update.company-information.service.gov.uk/search/companies?q=French+Connection+Group+PLC,https://find-and-update.company-information.service.gov.uk/search/companies?q=French+Connection+Group+PLC,1620591972,16:26:12,20210509
111,1992-01-31,FCCN.L,GBP,1992-01-31,1992-01-31,Q1,12486750,0.0,0.0,0.0,0.0,0.0,0.0,0.0,10707500.0,11754250,288750.0,249750.0,982250.0,0.07866338318617735,732500.0,0.0586621819128276,0.0,-1987750.0,-0.15918874006446834,-353750.0,-2158000.0,-0.1728231925841392,-0.02585475,-0.02585475,83468456,83468456,https://find-and-update.company-information.service.gov.uk/search/companies?q=French+Connection+Group+PLC,https://find-and-update.company-information.service.gov.uk/search/companies?q=French+Connection+Group+PLC,1620591972,16:26:12,20210509
112,1991-09-30,FCCN.L,GBP,1991-09-30,1991-09-30,Q3,14171000,0.0,0.0,0.0,0.0,0.0,0.0,0.0,13854750.0,14171000,389500.0,296000.0,699750.0,20.251518399428367,0.0,0.0,0.0,14250.0,0.001005574765365888,16250.0,57500.0,0.004057582386564109,0.0006655,0.0006655,83468456,83468456,https://find-and-update.company-information.service.gov.uk/search/companies?q=French+Connection+Group+PLC,https://find-and-update.company-information.service.gov.uk/search/companies?q=French+Connection+Group+PLC,1620591972,16:26:12,20210509
113,1991-06-30,FCCN.L,GBP,1991-06-30,1991-06-30,Q2,14171000,0.0,0.0,0.0,0.0,0.0,0.0,0.0,13854750.0,14171000,389500.0,296000.0,699750.0,20.251518399428367,0.0,0.0,0.0,14250.0,0.001005574765365888,16250.0,57500.0,0.004057582386564109,0.0006655,0.0006655,83468456,83468456,https://find-and-update.company-information.service.gov.uk/search/companies?q=French+Connection+Group+PLC,https://find-and-update.company-information.service.gov.uk/search/companies?q=French+Connection+Group+PLC,1620591972,16:26:12,20210509
114,1991-03-31,FCCN.L,GBP,1991-03-31,1991-03-31,Q1,14171000,0.0,0.0,0.0,0.0,0.0,0.0,0.0,13854750.0,14171000,389500.0,296000.0,699750.0,20.251518399428367,0.0,0.0,0.0,14250.0,0.001005574765365888,16250.0,57500.0,0.004057582386564109,0.0006655,0.0006655,83468456,83468456,https://find-and-update.company-information.service.gov.uk/search/companies?q=French+Connection+Group+PLC,https://find-and-update.company-information.service.gov.uk/search/companies?q=French+Connection+Group+PLC,1620591972,16:26:12,20210509
115,1991-01-31,FCCN.L,GBP,1991-01-31,1991-01-31,Q1,14171000,0.0,0.0,0.0,0.0,0.0,0.0,0.0,13854750.0,14171000,389500.0,296000.0,699750.0,20.251518399428367,0.0,0.0,0.0,14250.0,0.001005574765365888,16250.0,57500.0,0.004057582386564109,0.0006655,0.0006655,83468456,83468456,https://find-and-update.company-information.service.gov.uk/search/companies?q=French+Connection+Group+PLC,https://find-and-update.company-information.service.gov.uk/search/companies?q=French+Connection+Group+PLC,1620591972,16:26:12,20210509
116,1990-09-30,FCCN.L,GBP,1990-09-30,1990-09-30,Q3,13328000,0.0,0.0,0.0,0.0,0.0,0.0,0.0,12927250.0,13328000,766750.0,379250.0,-20500.0,-650.1463414634146,0.0,0.0,0.0,-1166500.0,-0.08752250900360144,89000.0,556250.0,0.04173544417767107,0.00665375,0.00665375,83447416,83447416,https://find-and-update.company-information.service.gov.uk/search/companies?q=French+Connection+Group+PLC,https://find-and-update.company-information.service.gov.uk/search/companies?q=French+Connection+Group+PLC,1620591972,16:26:12,20210509
117,1990-06-30,FCCN.L,GBP,1990-06-30,1990-06-30,Q2,13328000,0.0,0.0,0.0,0.0,0.0,0.0,0.0,12927250.0,13328000,766750.0,379250.0,-20500.0,-650.1463414634146,0.0,0.0,0.0,-1166500.0,-0.08752250900360144,89000.0,556250.0,0.04173544417767107,0.00665375,0.00665375,83447416,83447416,https://find-and-update.company-information.service.gov.uk/search/companies?q=French+Connection+Group+PLC,https://find-and-update.company-information.service.gov.uk/search/companies?q=French+Connection+Group+PLC,1620591972,16:26:12,20210509
118,1990-03-31,FCCN.L,GBP,1990-03-31,1990-03-31,Q1,13328000,0.0,0.0,0.0,0.0,0.0,0.0,0.0,12927250.0,13328000,766750.0,379250.0,-20500.0,-650.1463414634146,0.0,0.0,0.0,-1166500.0,-0.08752250900360144,89000.0,556250.0,0.04173544417767107,0.00665375,0.00665375,83447416,83447416,https://find-and-update.company-information.service.gov.uk/search/companies?q=French+Connection+Group+PLC,https://find-and-update.company-information.service.gov.uk/search/companies?q=French+Connection+Group+PLC,1620591972,16:26:12,20210509
119,1990-01-31,FCCN.L,GBP,1990-01-31,1990-01-31,Q1,13328000,0.0,0.0,0.0,0.0,0.0,0.0,0.0,12927250.0,13328000,766750.0,379250.0,-20500.0,-650.1463414634146,0.0,0.0,0.0,-1166500.0,-0.08752250900360144,89000.0,556250.0,0.04173544417767107,0.00665375,0.00665375,83447416,83447416,https://find-and-update.company-information.service.gov.uk/search/companies?q=French+Connection+Group+PLC,https://find-and-update.company-information.service.gov.uk/search/companies?q=French+Connection+Group+PLC,1620591972,16:26:12,20210509
120,1989-09-30,FCCN.L,GBP,1989-09-30,1989-09-30,Q3,13764250,0.0,0.0,0.0,0.0,0.0,0.0,5500.0,13389250.0,13775250,467000.0,366000.0,355000.0,0.025791452494687325,-11000.0,-0.0007991717674410157,0.0,-247500.0,-0.017981364767422854,45250.0,-319750.0,-0.02323047023993316,-0.00383275,-0.00383275,83426375,83426375,https://find-and-update.company-information.service.gov.uk/search/companies?q=French+Connection+Group+PLC,https://find-and-update.company-information.service.gov.uk/search/companies?q=French+Connection+Group+PLC,1620591972,16:26:12,20210509
121,1989-06-30,FCCN.L,GBP,1989-06-30,1989-06-30,Q2,13764250,0.0,0.0,0.0,0.0,0.0,0.0,5500.0,13389250.0,13775250,467000.0,366000.0,355000.0,0.025791452494687325,-11000.0,-0.0007991717674410157,0.0,-247500.0,-0.017981364767422854,45250.0,-319750.0,-0.02323047023993316,-0.00383275,-0.00383275,83426375,83426375,https://find-and-update.company-information.service.gov.uk/search/companies?q=French+Connection+Group+PLC,https://find-and-update.company-information.service.gov.uk/search/companies?q=French+Connection+Group+PLC,1620591972,16:26:12,20210509
122,1989-03-31,FCCN.L,GBP,1989-03-31,1989-03-31,Q1,13764250,0.0,0.0,0.0,0.0,0.0,0.0,5500.0,13389250.0,13775250,467000.0,366000.0,355000.0,0.025791452494687325,-11000.0,-0.0007991717674410157,0.0,-247500.0,-0.017981364767422854,45250.0,-319750.0,-0.02323047023993316,-0.00383275,-0.00383275,83426375,83426375,https://find-and-update.company-information.service.gov.uk/search/companies?q=French+Connection+Group+PLC,https://find-and-update.company-information.service.gov.uk/search/companies?q=French+Connection+Group+PLC,1620591972,16:26:12,20210509
123,1989-01-31,FCCN.L,GBP,1989-01-31,1989-01-31,Q1,13764250,0.0,0.0,0.0,0.0,0.0,0.0,5500.0,13389250.0,13775250,467000.0,366000.0,355000.0,0.025791452494687325,-11000.0,-0.0007991717674410157,0.0,-247500.0,-0.017981364767422854,45250.0,-319750.0,-0.02323047023993316,-0.00383275,-0.00383275,83426375,83426375,https://find-and-update.company-information.service.gov.uk/search/companies?q=French+Connection+Group+PLC,https://find-and-update.company-information.service.gov.uk/search/companies?q=French+Connection+Group+PLC,1620591972,16:26:12,20210509
124,1988-09-30,FCCN.L,GBP,1988-09-30,1988-09-30,Q3,14731500,0.0,0.0,0.0,0.0,0.0,0.0,6750.0,14439500.0,14745000,341000.0,281250.0,267750.0,0.018175338560228082,-13500.0,-0.0009164036248854496,0.0,1254250.0,0.08514068492685742,500000.0,662500.0,0.044971659369378546,0.00795125,0.00795125,83321172,83321172,https://find-and-update.company-information.service.gov.uk/search/companies?q=French+Connection+Group+PLC,https://find-and-update.company-information.service.gov.uk/search/companies?q=French+Connection+Group+PLC,1620591972,16:26:12,20210509
125,1988-06-30,FCCN.L,GBP,1988-06-30,1988-06-30,Q2,14731500,0.0,0.0,0.0,0.0,0.0,0.0,6750.0,14439500.0,14745000,341000.0,281250.0,267750.0,0.018175338560228082,-13500.0,-0.0009164036248854496,0.0,1254250.0,0.08514068492685742,500000.0,662500.0,0.044971659369378546,0.00795125,0.00795125,83321172,83321172,https://find-and-update.company-information.service.gov.uk/search/companies?q=French+Connection+Group+PLC,https://find-and-update.company-information.service.gov.uk/search/companies?q=French+Connection+Group+PLC,1620591972,16:26:12,20210509
126,1988-03-31,FCCN.L,GBP,1988-03-31,1988-03-31,Q1,14731500,0.0,0.0,0.0,0.0,0.0,0.0,6750.0,14439500.0,14745000,341000.0,281250.0,267750.0,0.018175338560228082,-13500.0,-0.0009164036248854496,0.0,1254250.0,0.08514068492685742,500000.0,662500.0,0.044971659369378546,0.00795125,0.00795125,83321172,83321172,https://find-and-update.company-information.service.gov.uk/search/companies?q=French+Connection+Group+PLC,https://find-and-update.company-information.service.gov.uk/search/companies?q=French+Connection+Group+PLC,1620591972,16:26:12,20210509
127,1988-01-31,FCCN.L,GBP,1988-01-31,1988-01-31,Q1,14731500,0.0,0.0,0.0,0.0,0.0,0.0,6750.0,14439500.0,14745000,341000.0,281250.0,267750.0,0.018175338560228082,-13500.0,-0.0009164036248854496,0.0,1254250.0,0.08514068492685742,500000.0,662500.0,0.044971659369378546,0.00795125,0.00795125,83321172,83321172,https://find-and-update.company-information.service.gov.uk/search/companies?q=French+Connection+Group+PLC,https://find-and-update.company-information.service.gov.uk/search/companies?q=French+Connection+Group+PLC,1620591972,16:26:12,20210509
128,1987-09-30,FCCN.L,GBP,1987-09-30,1987-09-30,Q3,12186750,0.0,0.0,0.0,0.0,0.0,0.0,18000.0,11993750.0,12222750,261500.0,213000.0,177000.0,0.014523970705889594,-36000.0,-0.002954027940180934,0.0,881000.0,0.0722916282027612,340250.0,484750.0,0.039776806777852995,0.00582525,0.00582525,83215968,83215968,https://find-and-update.company-information.service.gov.uk/search/companies?q=French+Connection+Group+PLC,https://find-and-update.company-information.service.gov.uk/search/companies?q=French+Connection+Group+PLC,1620591972,16:26:12,20210509
129,1987-06-30,FCCN.L,GBP,1987-06-30,1987-06-30,Q2,12186750,0.0,0.0,0.0,0.0,0.0,0.0,18000.0,11993750.0,12222750,261500.0,213000.0,177000.0,0.014523970705889594,-36000.0,-0.002954027940180934,0.0,881000.0,0.0722916282027612,340250.0,484750.0,0.039776806777852995,0.00582525,0.00582525,83215968,83215968,https://find-and-update.company-information.service.gov.uk/search/companies?q=French+Connection+Group+PLC,https://find-and-update.company-information.service.gov.uk/search/companies?q=French+Connection+Group+PLC,1620591972,16:26:12,20210509
130,1987-03-31,FCCN.L,GBP,1987-03-31,1987-03-31,Q1,12186750,0.0,0.0,0.0,0.0,0.0,0.0,18000.0,11993750.0,12222750,261500.0,213000.0,177000.0,0.014523970705889594,-36000.0,-0.002954027940180934,0.0,881000.0,0.0722916282027612,340250.0,484750.0,0.039776806777852995,0.00582525,0.00582525,83215968,83215968,https://find-and-update.company-information.service.gov.uk/search/companies?q=French+Connection+Group+PLC,https://find-and-update.company-information.service.gov.uk/search/companies?q=French+Connection+Group+PLC,1620591972,16:26:12,20210509
131,1987-01-31,FCCN.L,GBP,1987-01-31,1987-01-31,Q1,12186750,0.0,0.0,0.0,0.0,0.0,0.0,18000.0,11993750.0,12222750,261500.0,213000.0,177000.0,0.014523970705889594,-36000.0,-0.002954027940180934,0.0,881000.0,0.0722916282027612,340250.0,484750.0,0.039776806777852995,0.00582525,0.00582525,83215968,83215968,https://find-and-update.company-information.service.gov.uk/search/companies?q=French+Connection+Group+PLC,https://find-and-update.company-information.service.gov.uk/search/companies?q=French+Connection+Group+PLC,1620591972,16:26:12,20210509
132,1986-09-30,FCCN.L,GBP,1986-09-30,1986-09-30,Q3,10353500,0.0,0.0,0.0,0.0,0.0,0.0,29750.0,10214000.0,10413000,156000.0,174750.0,115250.0,0.011131501424639012,-59500.0,-0.0057468488916791426,0.0,1220250.0,0.11785869512725165,550000.0,616250.0,0.05952093494953398,0.0074055,0.0074055,83215968,83215968,https://find-and-update.company-information.service.gov.uk/search/companies?q=French+Connection+Group+PLC,https://find-and-update.company-information.service.gov.uk/search/companies?q=French+Connection+Group+PLC,1620591972,16:26:12,20210509
133,1986-06-30,FCCN.L,GBP,1986-06-30,1986-06-30,Q2,10353500,0.0,0.0,0.0,0.0,0.0,0.0,29750.0,10214000.0,10413000,156000.0,174750.0,115250.0,0.011131501424639012,-59500.0,-0.0057468488916791426,0.0,1220250.0,0.11785869512725165,550000.0,616250.0,0.05952093494953398,0.0074055,0.0074055,83215968,83215968,https://find-and-update.company-information.service.gov.uk/search/companies?q=French+Connection+Group+PLC,https://find-and-update.company-information.service.gov.uk/search/companies?q=French+Connection+Group+PLC,1620591972,16:26:12,20210509
134,1986-03-31,FCCN.L,GBP,1986-03-31,1986-03-31,Q1,10353500,0.0,0.0,0.0,0.0,0.0,0.0,29750.0,10214000.0,10413000,156000.0,174750.0,115250.0,0.011131501424639012,-59500.0,-0.0057468488916791426,0.0,1220250.0,0.11785869512725165,550000.0,616250.0,0.05952093494953398,0.0074055,0.0074055,83215968,83215968,https://find-and-update.company-information.service.gov.uk/search/companies?q=French+Connection+Group+PLC,https://find-and-update.company-information.service.gov.uk/search/companies?q=French+Connection+Group+PLC,1620591972,16:26:12,20210509
135,1986-01-31,FCCN.L,GBP,1986-01-31,1986-01-31,Q1,10353500,0.0,0.0,0.0,0.0,0.0,0.0,29750.0,10214000.0,10413000,156000.0,174750.0,115250.0,0.011131501424639012,-59500.0,-0.0057468488916791426,0.0,1220250.0,0.11785869512725165,550000.0,616250.0,0.05952093494953398,0.0074055,0.0074055,83215968,83215968,https://find-and-update.company-information.service.gov.uk/search/companies?q=French+Connection+Group+PLC,https://find-and-update.company-information.service.gov.uk/search/companies?q=French+Connection+Group+PLC,1620591972,16:26:12,20210509
