,date,symbol,reportedCurrency,fillingDate,acceptedDate,period,revenue,costOfRevenue,grossProfit,grossProfitRatio,researchAndDevelopmentExpenses,generalAndAdministrativeExpenses,sellingAndMarketingExpenses,otherExpenses,operatingExpenses,costAndExpenses,interestExpense,depreciationAndAmortization,ebitda,ebitdaratio,operatingIncome,operatingIncomeRatio,totalOtherIncomeExpensesNet,incomeBeforeTax,incomeBeforeTaxRatio,incomeTaxExpense,netIncome,netIncomeRatio,eps,epsdiluted,weightedAverageShsOut,weightedAverageShsOutDil,link,finalLink,timestamp,est_time,est_date
0,2021-03-31,MAXR,USD,2021-05-03,2021-05-03 16:17:07,Q1,392000000.0,241000000.0,151000000.0,0.3852040816326531,0.0,0.0,0.0,1000000.0,158000000.0,399000000.0,37000000.0,23000000.0,16000000.0,0.04081632653061224,-7000000.0,-0.21428571428571427,-40000000.0,-84000000.0,-0.21428571428571427,0.0,-84000000.0,-0.21428571428571427,-1.3,-1.3,64800000.0,64800000.0,https://www.sec.gov/Archives/edgar/data/1121142/000155837021005529/0001558370-21-005529-index.htm,https://www.sec.gov/Archives/edgar/data/1121142/000155837021005529/maxr-20210331x10q.htm,1620594785,17:13:05,20210509
1,2020-12-31,MAXR,USD,2021-02-24,2021-02-24 17:12:32,Q4,467000000.0,284000000.0,183000000.0,0.39186295503211993,0.0,95000000.0,0.0,6000000.0,169000000.0,453000000.0,35000000.0,22000000.0,36000000.0,0.07708779443254818,14000000.0,0.029978586723768737,-31000000.0,-52000000.0,-0.11134903640256959,2000.0,-40000000.0,-0.08565310492505353,-0.6557377049180327,-0.6557377049180327,61000000.0,61000000.0,https://www.sec.gov/Archives/edgar/data/1121142/000155837021001635/0001558370-21-001635-index.htm,https://www.sec.gov/Archives/edgar/data/1121142/000155837021001635/maxr-20201231x10k.htm,1620594785,17:13:05,20210509
2,2020-09-30,MAXR,USD,2020-11-05,2020-11-05 16:34:41,Q3,436000000.0,240000000.0,196000000.0,0.44954128440366975,0.0,90000000.0,0.0,91000000.0,185000000.0,425000000.0,36000000.0,24000000.0,35000000.0,0.08027522935779817,11000000.0,0.02522935779816514,87000000.0,62000000.0,0.14220183486238533,-22000000.0,85000000.0,0.19495412844036697,1.4,1.34,61000000.0,63400000.0,https://www.sec.gov/Archives/edgar/data/1121142/000155837020012893/0001558370-20-012893-index.htm,https://www.sec.gov/Archives/edgar/data/1121142/000155837020012893/maxr-20200930x10q.htm,1620594785,17:13:05,20210509
3,2020-06-30,MAXR,USD,2020-08-05,2020-08-05 16:42:41,Q2,439000000.0,231000000.0,208000000.0,0.47380410022779046,0.0,79000000.0,0.0,4000000.0,168000000.0,399000000.0,48000000.0,89000000.0,129000000.0,0.2938496583143508,40000000.0,0.09111617312072894,4000000.0,-4000000.0,-0.009111617312072893,-2000000.0,306000000.0,0.6970387243735763,5.05,4.94,60600000.0,62000000.0,https://www.sec.gov/Archives/edgar/data/1121142/000155837020009420/0001558370-20-009420-index.htm,https://www.sec.gov/Archives/edgar/data/1121142/000155837020009420/maxr-20200630x10q.htm,1620594785,17:13:05,20210509
4,2020-03-31,MAXR,USD,2020-05-11,2020-05-11 16:38:33,Q1,381000000.0,238000000.0,143000000.0,0.3753280839895013,0.0,68000000.0,0.0,3000000.0,158000000.0,396000000.0,49000000.0,90000000.0,75000000.0,0.1968503937007874,-15000000.0,-0.03937007874015748,-11000000.0,-75000000.0,-0.1968503937007874,2000000.0,-48000000.0,-0.12598425196850394,-0.8,-0.8,60100000.0,60100000.0,https://www.sec.gov/Archives/edgar/data/1121142/000155837020006280/0001558370-20-006280-index.htm,https://www.sec.gov/Archives/edgar/data/1121142/000155837020001895/maxr-20191231x10k1d54eb.htm,1620594785,17:13:05,20210509
5,2019-12-31,MAXR,USD,2020-03-02,2020-03-02 16:31:22,Q4,193000000.0,118000000.0,75000000.0,0.38860103626943004,0.0,50000000.0,0.0,3000000.0,133000000.0,251000000.0,49000000.0,83000000.0,25000000.0,0.12953367875647667,-58000000.0,-0.3005181347150259,115000000.0,8000000.0,0.04145077720207254,1000000.0,48000000.0,0.24870466321243523,0.7986688851913477,0.7986688851913477,60100000.0,60100000.0,https://www.sec.gov/Archives/edgar/data/1121142/000155837020001895/0001558370-20-001895-index.htm,https://www.sec.gov/Archives/edgar/data/1121142/000155837020001895/maxr-20191231x10k1d54eb.htm,1620594785,17:13:05,20210509
6,2019-09-30,MAXR,USD,2019-11-04,2019-11-04 17:02:28,Q3,479000000.0,264000000.0,215000000.0,0.4488517745302714,0.0,92000000.0,0.0,1000000.0,188000000.0,452000000.0,50000000.0,96000000.0,123000000.0,0.2567849686847599,27000000.0,0.05636743215031315,1000000.0,-22000000.0,-0.04592901878914405,3000000.0,-26000000.0,-0.054279749478079335,-0.44,-0.44,59600000.0,59600000.0,https://www.sec.gov/Archives/edgar/data/1121142/000155837019009829/0001558370-19-009829-index.htm,https://www.sec.gov/Archives/edgar/data/1121142/000155837019009829/maxr-20190930x10qc611e5.htm,1620594785,17:13:05,20210509
7,2019-06-30,MAXR,USD,2019-08-06,2019-08-06 17:08:44,Q2,490000000.0,286000000.0,204000000.0,0.4163265306122449,0.0,80000000.0,0.0,3000000.0,179000000.0,465000000.0,49000000.0,99000000.0,124000000.0,0.2530612244897959,25000000.0,0.05102040816326531,174000000.0,150000000.0,0.30612244897959184,2000000.0,146000000.0,0.2979591836734694,2.45,2.45,59600000.0,59600000.0,https://www.sec.gov/Archives/edgar/data/1121142/000155837019007283/0001558370-19-007283-index.htm,https://www.sec.gov/Archives/edgar/data/1121142/000155837019007283/maxr-20190630x10q.htm,1620594785,17:13:05,20210509
8,2019-03-31,MAXR,USD,2019-05-09,2019-05-09 16:31:35,Q1,504000000.0,307000000.0,197000000.0,0.39087301587301587,0.0,103000000.0,0.0,-6000000.0,201000000.0,508000000.0,49000000.0,98000000.0,94000000.0,0.1865079365079365,-4000000.0,-0.007936507936507936,-6000000.0,-59000000.0,-0.11706349206349206,-1000000.0,-59000000.0,-0.11706349206349206,-0.99,-0.99,59500000.0,59500000.0,https://www.sec.gov/Archives/edgar/data/1121142/000155837019004698/0001558370-19-004698-index.htm,https://www.sec.gov/Archives/edgar/data/1121142/000155837019004698/maxr-20190331x10q.htm,1620594785,17:13:05,20210509
9,2018-12-31,MAXR,USD,2019-03-01,2019-03-01,Q4,496200000.0,650200000.0,-154000000.0,-0.31035872632003225,0.0,0.0,0.0,0.0,48100000.0,698300000.0,59100000.0,102000000.0,-100100000.0,-0.20173317210802097,-202100000.0,-0.40729544538492546,-627200000.0,-888400000.0,-1.7904070939137444,-44400000.0,-843900000.0,-1.7007255139056832,-14.255067567567568,-14.255067567567568,59200000.0,59200000.0,https://www.sec.gov/Archives/edgar/data/1121142/000155837019001372/0001558370-19-001372-index.htm,https://www.sec.gov/Archives/edgar/data/1121142/000155837019001372/maxr-20181231x10k.htm,1620594785,17:13:05,20210509
10,2018-09-30,MAXR,USD,2018-09-30,2018-09-30,Q3,508200000.0,216200000.0,292000000.0,0.5745769382133018,0.0,187700000.0,0.0,0.0,307200000.0,523400000.0,48700000.0,119500000.0,104300000.0,0.20523415977961432,-15200000.0,-0.029909484454939,-372500000.0,-436400000.0,-0.8587170405352224,-4600000.0,-432500000.0,-0.8510428964974419,-7.31,-7.31,59200000.0,59200000.0,,,1620594785,17:13:05,20210509
11,2018-06-30,MAXR,USD,2018-06-30,2018-06-30,Q2,578900000.0,225300000.0,353600000.0,0.6108136120228018,0.0,192500000.0,0.0,0.0,310800000.0,536100000.0,48700000.0,115100000.0,157900000.0,0.2727586802556573,42800000.0,0.07393332181723959,-21900000.0,-27800000.0,-0.04802211089998273,-6400000.0,-18600000.0,-0.03212990153739852,-0.33,-0.33,57200000.0,57200000.0,,,1620594785,17:13:05,20210509
12,2018-03-31,MAXR,USD,2018-03-31,2018-03-31,Q1,557700000.0,188300000.0,369400000.0,0.6623632777478932,0.0,180700000.0,0.0,0.0,293100000.0,481400000.0,45500000.0,112400000.0,188700000.0,0.33835395373856914,76300000.0,0.13681190604267526,-6200000.0,24600000.0,0.04410973641742873,-6600000.0,31000000.0,0.055585440200824815,0.55,0.55,56400000.0,56700000.0,,,1620594785,17:13:05,20210509
13,2017-12-31,MAXR,USD,2017-12-31,2017-12-31,Q4,487055158.682176,170156869.241373,316898289.440804,0.6506414803165929,0.0,189750244.653495,0.0,0.0,296222126.026779,466378995.268152,48100993.123907,106471881.373284,127148044.78730899,0.2610547132512325,20676163.414025,0.04245137957263084,-71547747.333801,-97860399.990327,-0.2009226229224379,-161197422.875706,62837022.88538,0.1290141819981909,1.720705783635696,1.720705783635696,36518168.0,36518168.0,,,1620594785,17:13:05,20210509
14,2017-09-30,MAXR,USD,2017-09-30,2017-09-30,Q3,339572602.033002,144949336.17083,194623265.862172,0.5731418397626119,0.0,134727092.45242,0.0,0.0,154113161.310085,299062497.480915,11253254.657284,19386068.857666,59896173.409753,0.17638694362018015,40510104.552087,0.11929732937685576,-6728575.689423,22580671.164744,0.0664973293768543,10594665.18343,11986005.981314,0.03529732937685331,0.330504,0.330504,36518168.0,36546241.0,,,1620594785,17:13:05,20210509
15,2017-06-30,MAXR,USD,2017-06-30,2017-06-30,Q2,387332379.89789,173136956.388017,214195423.509873,0.5530015940478304,0.0,147971642.98456,0.0,0.0,167973795.903303,341110752.291321,11249769.330135,20002152.918743,66223780.525312,0.17097403667302527,46221627.606569,0.1193332393711936,-7325306.022021,27696530.725226,0.07150584914312473,7825090.730147,19871439.995079,0.051303327649285566,0.545919,0.53823,36496019.0,36542441.0,,,1620594785,17:13:05,20210509
16,2017-03-31,MAXR,USD,2017-03-31,2017-03-31,Q1,370691672.040672,153560341.336853,217131330.70382,0.585746449356425,0.0,159152806.730755,0.0,0.0,178010318.091153,331570659.428006,10559546.4839,18857511.360398,57978523.973065004,0.15640632996660267,39121012.612667,0.10553518075360127,-18552317.821203,10086384.018956,0.027209632100527282,5673450.411674,4412933.607283,0.011904593332214964,0.119978,0.112479,36460000.0,36480425.0,,,1620594785,17:13:05,20210509
17,2016-12-31,MAXR,USD,2016-12-31,2016-12-31,Q4,348253947.576401,160188367.89106,188065579.685341,0.5400242581430684,0.0,121973365.925825,0.0,0.0,139977829.483283,300166197.374343,9412349.216189,18004463.557458,66092213.759516,0.18978166426962467,48087750.202058,0.13808242673690976,-5512633.969006,33205267.069102,0.09534785549506895,11250444.842721,21954822.226381,0.06304256528654133,0.6031079975702146,0.6031079975702146,36402804.0,36402804.0,,,1620594785,17:13:05,20210509
18,2016-09-30,MAXR,USD,2016-09-30,2016-09-30,Q3,377193382.77239,180225898.459783,196967484.312607,0.5221923111823602,0.0,133814793.687013,0.0,0.0,153575965.01236,333801863.472143,8698231.602966,19761171.325347,63152690.625594,0.16742788582720777,43391519.300247,0.11503785931056687,1743297.204792,36476896.748431,0.09670608874504638,4716486.023959,31760410.724472,0.08420192976618893,0.874691,0.851873,36402804.0,36557897.0,,,1620594785,17:13:05,20210509
19,2016-06-30,MAXR,USD,2016-06-30,2016-06-30,Q2,388428480.885467,169361096.940747,219067383.94472,0.5639838341548254,0.0,168504691.678647,0.0,0.0,187564346.333998,356925443.274745,9238819.582928,19059654.655351,50562692.266073,0.13017246354028825,31503037.610722,0.08110383033424129,-1556678.878944,20871400.083476,0.053732929253532756,1324800.19787,19546599.885607,0.050322262263179825,0.54105,0.533321,36351002.0,36468361.0,,,1620594785,17:13:05,20210509
20,2016-03-31,MAXR,USD,2016-03-31,2016-03-31,Q1,433264768.42008,210398755.046069,222866013.37401,0.5143875745694745,0.0,153308064.466426,0.0,-3675541.585775,173383716.988691,383782472.03476,9964253.798034,20075652.522264,69557948.907583,0.16054374594368537,49482296.385319,0.11420798549062386,-1748790.484115,37802378.971372,0.0872500644564757,6473606.360359,31328772.611014,0.07230860871807282,0.862839,0.847432,36325544.0,36537849.0,,,1620594785,17:13:05,20210509
21,2015-12-31,MAXR,USD,2015-12-31,2015-12-31,Q4,354091072.181328,167206441.260655,186884630.920673,0.5277869045649659,0.0,137148217.17369,0.0,0.0,154303788.546251,321510229.806906,7706767.538723,17155571.372561,49736413.746984005,0.1404622077608166,32580842.374423,0.09201260617420633,-13890668.957735,11036041.545028,0.031167240328997918,10199271.994603,836769.550426,0.0023631478344573885,0.02306650489090825,0.02306650489090825,36276391.0,36276391.0,,,1620594785,17:13:05,20210509
22,2015-09-30,MAXR,USD,2015-09-30,2015-09-30,Q3,383942644.320298,180878957.16946,203063687.150838,0.528890682383891,0.0,129197765.363128,0.0,0.0,148645065.176909,329524022.346369,8699441.340782,19447299.81378,73865921.787709,0.19238790710126882,54418621.973929,0.14173633166033814,-629422.718808,45141899.441341,0.1175745911769105,3929981.378026,41211918.063315,0.10733873580589973,1.139665,1.050279,36276391.0,36465736.0,,,1620594785,17:13:05,20210509
23,2015-06-30,MAXR,USD,2015-06-30,2015-06-30,Q2,421897028.139627,211338021.928447,210559006.21118,0.4990767703191676,0.0,135812166.179278,0.0,0.0,154626966.672306,365964988.600752,9223320.524285,18814800.493028,74746840.031902,0.17716844406679372,55932039.538874,0.13257272701234404,1911690.069362,48660689.110698,0.11533783332219569,13564701.806962,35095987.303736,0.08318614487163671,0.966721,0.966721,36157128.0,36157128.0,,,1620594785,17:13:05,20210509
24,2015-03-31,MAXR,USD,2015-03-31,2015-03-31,Q1,421120050.481148,205993058.842089,215126991.63906,0.5108448087267943,0.0,152958668.55971,0.0,0.0,171667455.434611,377660514.2767,9182836.409528,18708786.874901,62168323.079349995,0.14762612943344772,43459536.204449,0.10319987413279084,902350.528475,35224010.09623,0.08364363096932818,5112793.816059,30111216.28017,0.07150268966240535,0.836094,0.836094,36123772.0,36123772.0,,,1620594785,17:13:05,20210509
25,2014-12-31,MAXR,USD,2014-12-31,2014-12-31,Q4,417680372.703275,213525703.93773,204154668.765546,0.4887820498823866,0.0,145749090.826585,0.0,0.0,148299991.198127,361825695.135857,6900269.614987,16519077.547266,72373755.114685,0.17327545138468872,55854677.567419,0.13372588519283574,-77369090.377436,-28250363.723436,-0.06763632090394008,5455231.144654,-33705594.86809,-0.08069710015326682,-0.9338223220042916,-0.9338223220042916,36094227.0,36094227.0,,,1620594785,17:13:05,20210509
26,2014-09-30,MAXR,USD,2014-09-30,2014-09-30,Q3,453875718.970059,222373631.493128,231502087.47693,0.5100561184507902,0.0,157838341.48614,0.0,0.0,190373416.474045,412747047.967174,7714705.513448,18566897.812181,59695568.815065995,0.13152404131802423,41128671.002885,0.09061659234870449,-7808776.362235,25715386.40721,0.056657330040839615,6465803.006684,19249583.400527,0.04241157346819173,0.537548,0.537548,36094227.0,36094227.0,,,1620594785,17:13:05,20210509
27,2014-06-30,MAXR,USD,2014-06-30,2014-06-30,Q2,518026225.758982,283685290.892219,234340934.866762,0.4523727240323002,0.0,162338197.939806,0.0,0.0,181005539.465174,464690830.357394,7831172.848185,18667341.525368,72002736.926956,0.1389943855090768,53335395.401588,0.10295887109469037,541761.568672,46076915.145891,0.08894707035031243,11881262.360693,34195652.785198,0.06601143163185709,0.946677,0.946677,36081666.0,36081666.0,,,1620594785,17:13:05,20210509
28,2014-03-31,MAXR,USD,2014-03-31,2014-03-31,Q1,445606940.599613,223960990.790497,221645949.809115,0.49740237329083353,0.0,162664423.094321,0.0,0.0,180809314.443902,404770305.234399,7833505.219924,18144891.349581,58981526.71479499,0.13236222630515782,40836635.365214,0.09164272735578091,-1454703.359931,31684126.725651,0.0711033061626386,9106370.659864,22577756.065787,0.05066742460385862,0.62422,0.62422,36067901.0,36067901.0,,,1620594785,17:13:05,20210509
29,2013-12-31,MAXR,USD,2013-12-31,2013-12-31,Q4,407165083.582613,194887725.209983,212277358.37263,0.5213545240785838,0.0,112210261.025405,0.0,0.0,129602674.252407,324490399.46239,17602467.99627,17392413.227002,100067097.347226,0.24576541894688908,82674684.120224,0.20304954293422234,-40303553.533536,24814478.54005,0.06094451499060133,3590107.240619,21224371.299432,0.052127189081834946,0.5890101710550635,0.5890101710550635,36033964.0,36033964.0,,,1620594785,17:13:05,20210509
30,2013-09-30,MAXR,CAD,2013-09-30,2013-09-30,Q3,449082960.119428,226913084.782567,222169875.336862,0.4947190053209294,0.0,178741348.223114,0.0,35916749.064542,197826634.870781,424739719.653347,7253921.169468,19085286.647667,43428527.113748,0.09670490971690114,24343240.466081,0.054206555643098155,29607010.605091,46732197.212044,0.10406139034893722,1669284.010935,45062913.201109,0.10034429538169314,1.250509,1.250509,36033964.0,36033964.0,,,1620594785,17:13:05,20210509
31,2013-06-30,MAXR,USD,2013-06-30,2013-06-30,Q2,428043263.381995,202681151.155718,225362112.226277,0.5264937717876406,0.0,158803794.099757,0.0,0.0,176554896.593674,379236047.749392,8455938.260341,17751102.493917,66558318.12651999,0.15549437129471166,48807215.632603,0.11402402469080886,-399178.832117,40054744.525547,0.093576392743743,10453733.272506,29601011.253041,0.0691542509492187,0.817366,0.817366,36021040.0,36021040.0,,,1620594785,17:13:05,20210509
32,2013-03-31,MAXR,USD,2013-03-31,2013-03-31,Q1,421274755.516242,177604796.304487,243669959.211755,0.5784110156640051,0.0,197572362.278245,0.0,0.0,215465133.42179,393069929.726276,13667502.088555,17892771.143545,46097596.933510005,0.10942406666884348,28204825.789965,0.06695114155464171,-6785591.429554,8471177.944862,0.020108439525366714,6264681.311121,2206496.633741,0.005237666403810731,0.068799,0.068799,32093039.0,32093039.0,,,1620594785,17:13:05,20210509
33,2012-12-31,MAXR,USD,2012-12-31,2012-12-31,Q4,369007843.704096,7554768.797303,361453074.906793,0.9795268070145383,0.0,0.0,0.0,0.0,337208650.286625,344763419.083928,5730201.744492,13660908.461389,37905333.081557,0.10272229636384893,24244424.620168,0.06570165115408598,7883670.223519,25714660.149845,0.06968594459055821,13818888.060723,11895772.089123,0.03223717948570792,0.3735872077823136,0.3735872077823136,31842022.0,31842022.0,,,1620594785,17:13:05,20210509
34,2012-09-30,MAXR,USD,2012-09-30,2012-09-30,Q3,174120396.240792,129167386.334773,44953009.90602,0.25817199407158625,0.0,0.0,0.0,0.0,3664719.329439,132832105.664211,1705867.411735,3664719.329439,44953009.90602,0.25817199407158625,41288290.576581,0.2371249518607987,13016002.032004,54195580.391161,0.3112534864451701,12290576.581153,41905003.810008,0.2406668300482004,1.320803,1.320803,31842022.0,31842022.0,,,1620594785,17:13:05,20210509
35,2012-06-30,MAXR,USD,2012-06-30,2012-06-30,Q2,161269295.054567,119211483.629928,42057811.424639,0.2607924305144903,0.0,31394159.866287,0.0,0.0,34795988.595025,154007472.224953,449316.684692,3401828.728739,10663651.558353,0.06612326019497296,7261822.829614,0.04502917202655901,1420705.928621,8713007.570544,0.05402769056314081,9722741.126733,-1009733.556189,-0.00626116432050718,-0.029496,-0.029496,31829791.0,31829791.0,,,1620594785,17:13:05,20210509
36,2012-03-31,MAXR,USD,2012-03-31,2012-03-31,Q1,172364715.197803,126842469.254593,45522245.94321,0.2641042042216668,0.0,3289533.03064,0.0,0.0,235539.385192,127078008.639785,3026931.673532,3053993.645448,48340700.203466,0.28045589346979155,45286706.558018,0.262737686805839,1007306.732417,44349560.49353,0.2573006919811584,10836816.309348,33512744.184182,0.19442926091760318,1.05241,1.05241,31815799.0,31815799.0,,,1620594785,17:13:05,20210509
37,2011-12-31,MAXR,USD,2011-12-31,2011-12-31,Q4,183711304.10932,134251894.658542,49459409.450777,0.269223549909294,0.0,0.0,0.0,0.0,10916822.755667,145168717.414209,298534.098946,3050387.369717,41592974.064827,0.22640399983267503,38542586.69511,0.20979975555654806,5928051.725181,44721939.77546,0.2434359714133191,14506725.81956,8638510.14595,0.04702220251405723,0.20969367805677727,0.20969367805677727,41195854.0,41195854.0,,,1620594785,17:13:05,20210509
38,2011-09-30,MAXR,USD,2011-09-30,2011-09-30,Q3,174913751.565963,134394333.622434,40519417.943529,0.23165370121427203,0.0,13209983.617616,0.0,0.0,10739134.624651,145133468.247085,1364556.230124,2076570.437368,31856853.756246,0.18212892623386578,29780283.318878,0.17025695837097943,-2001541.871446,49230991.616074,0.28145866848844153,10166714.850149,37905945.841765,0.21671221103201835,0.915486,0.915486,41195854.0,41208540.0,,,1620594785,17:13:05,20210509
39,2011-06-30,MAXR,USD,2011-06-30,2011-06-30,Q2,201271011.440135,154026762.482964,47244248.957172,0.2347295252263592,0.0,1549787.304341,0.0,0.0,4554371.618552,158581134.101516,2026803.783092,3014732.912052,45704610.250672,0.22707994521240898,42689877.33862,0.21210146972067784,4188865.485483,46026927.683476,0.2286813553235708,13374013.959443,30567257.258498,0.1518711365326932,0.743402,0.743402,41161681.0,41187571.0,,,1620594785,17:13:05,20210509
40,2011-03-31,MAXR,USD,2011-03-31,2011-03-31,Q1,212453828.029344,166101799.549341,46352028.480003,0.21817459779355391,0.0,0.0,0.0,0.0,2899445.421901,169001244.971242,2648393.369756,2899445.421901,46352028.480003,0.21817459779355391,43452583.058102,0.20452718344100795,-144046.259427,41655091.52082,0.19606656141336565,12603018.798037,86914426.232882,0.40909795337214366,2.109249,2.109249,41107423.0,41161376.0,,,1620594785,17:13:05,20210509
41,2010-12-31,MAXR,USD,2010-12-31,2010-12-31,Q4,-54750512.102595,-29320306.03733,-25430206.065266,0.46447430514646615,0.0,0.0,0.0,-6625828.334224,-11666160.0087,-40986466.04603,-5269837.1517,-14365326.513836,-28129372.570402,0.5137736888687249,-13764046.056566,0.251395750066667,-6625828.334224,-15120037.239089,0.2761624806496076,13885441.558659,-51274915.687845,0.936519380709404,0.0,0.0,0.0,0.0,,,1620594785,17:13:05,20210509
42,2010-09-30,MAXR,USD,2010-09-30,2010-09-30,Q3,254977708.858306,189064741.22892,65912967.629386,0.25850482351778675,0.0,0.0,0.0,-4647218.453189,7202946.307424,196267687.536344,3284551.269626,7590400.521917,66300421.843879,0.2600243846442392,58710021.321962,0.23025550580418708,-4647218.453189,50778251.599147,0.19914780718092126,13641209.536732,37137042.062415,0.1456481910858038,0.911029,0.901337,40978818.0,41063712.0,,,1620594785,17:13:05,20210509
43,2010-06-30,MAXR,USD,2010-06-30,2010-06-30,Q2,245090598.614932,195638933.687506,49451664.927426,0.20176891813431308,0.0,0.0,0.0,-3306137.937577,7301015.083958,202939948.771464,3109761.882174,9671304.87069,51821954.714158,0.21143999405532798,42150649.843468,0.17197987226630407,-3306137.937577,35734750.023717,0.14580220630927082,9651835.689214,26082914.334503,0.10642152119217972,0.635613,0.635613,40889175.0,41024524.0,,,1620594785,17:13:05,20210509
44,2010-03-31,MAXR,USD,2010-03-31,2010-03-31,Q1,241203649.205415,186859917.598587,54343731.606828,0.2253022779126676,0.0,0.0,0.0,5056896.213459,8255836.766726,195115754.365313,3035118.697273,8255836.766726,54343731.606828004,0.22530227791266763,46087894.840102,0.19107461678928583,-4638022.366098,38414753.776731,0.15926273878226463,9887188.54228,28527565.234452,0.11827169832806808,0.696488,0.696488,40687418.0,40916513.0,,,1620594785,17:13:05,20210509
45,2009-12-31,MAXR,USD,2009-12-31,2009-12-31,Q4,241710108.75642,204448065.307299,37262043.449121,0.15416005412777878,0.0,0.0,0.0,45557224.86509,8864453.998681,213312519.30598,3303831.665339,8891858.717749,37289448.168189004,0.15427343258434809,28397589.45044,0.11748614733799685,45557224.86509,43400538.268116,0.17955615713140194,13065116.679215,30335421.588901,0.12550332191307356,0.0,0.0,0.0,0.0,,,1620594785,17:13:05,20210509
46,2009-09-30,MAXR,USD,2009-09-30,2009-09-30,Q3,229768921.320984,186245673.121901,43523248.199083,0.18942182410423394,0.0,0.0,0.0,-5328842.735522,10659556.553466,196905229.675367,2802881.466929,12351845.964959,45215537.610576004,0.19678700387599646,32863691.645617,0.14302931596091223,-5328842.735522,35389652.914211,0.15402280130293228,8718308.541491,26671344.37272,0.11607899022801478,0.654879,0.654879,40492492.0,40696507.0,,,1620594785,17:13:05,20210509
47,2009-06-30,MAXR,USD,2009-06-30,2009-06-30,Q2,211717989.577501,175169473.276196,36548516.301305,0.17262829849386105,0.0,0.0,0.0,-3519531.418235,8259614.970498,183429088.246695,2966536.02653,10291838.350585,38580739.681392,0.18222702642502292,28288901.330807,0.13361595482395996,-3519531.418235,28841896.722512,0.136227898158622,7061458.288471,21780438.434041,0.102874765047153,0.542659,0.534045,40454769.0,40625306.0,,,1620594785,17:13:05,20210509
48,2009-03-31,MAXR,USD,2009-03-31,2009-03-31,Q1,215387661.360577,182074126.870991,33313534.489586,0.15466779424201255,0.0,0.0,0.0,4684406.430664,9359309.41633,191433436.287321,3770491.803279,9359309.41633,33313534.489586003,0.15466779424201257,23954225.073256,0.11121447218443317,3787122.832027,23970856.102004,0.11129168658308045,4629761.621921,19341094.480082,0.08979666875022795,0.475172,0.475172,40415785.0,40494165.0,,,1620594785,17:13:05,20210509
49,2008-12-31,MAXR,USD,2008-12-31,2008-12-31,Q4,119252544.21236,98328471.690413,20924072.521948,0.17546017705657732,0.0,0.0,0.0,36545617.139643,4753594.342755,103082066.033168,0.0,13194021.622953,29364499.802144997,0.24623793140927805,16170478.179192,0.1355986011535006,-5417928.766245,1710666.993088,0.01434490982466349,-593064.031951,2303731.025039,0.019318087008161528,0.0,0.0,0.0,0.0,,,1620594785,17:13:05,20210509
50,2008-09-30,MAXR,USD,2008-09-30,2008-09-30,Q3,262877385.22577,221156244.095976,41721141.129794,0.15870951049654636,0.0,0.0,0.0,-27508974.116758,8535802.002645,229692046.098621,0.0,7873311.321467,41058650.448616,0.15618935958813318,33185339.127149,0.12623885123723388,-27533534.857359,-587568.486681,-0.0022351427688478104,-816172.303042,228603.816361,0.0008696214631192621,0.009446,0.009446,40317706.0,40559968.0,,,1620594785,17:13:05,20210509
51,2008-06-30,MAXR,USD,2008-06-30,2008-06-30,Q2,315823344.468461,276266457.064256,39556887.404205,0.12525004277559118,0.0,0.0,0.0,-4847710.748674,9088229.514639,285354686.578896,0.0,9178736.91295,39647394.802516,0.1255366187994862,30468657.889566,0.09647373578683854,-4916486.539595,19060719.198271,0.06035247087371167,5883277.657693,13177441.540578,0.04172408965764067,0.324229,0.324229,40167468.0,40666283.0,,,1620594785,17:13:05,20210509
52,2008-03-31,MAXR,USD,2008-03-31,2008-03-31,Q1,282169435.538716,233634508.889537,48534926.649179,0.17200632150862277,0.0,0.0,0.0,0.0,8010298.260954,241644807.150491,0.0,8010298.260954,48534926.649179,0.17200632150862277,40524628.388225,0.1436180651914182,0.0,33790925.871952,0.11975402583004281,8447488.584475,25343437.287477,0.08981638014440324,0.602351,0.602351,40300194.0,40973612.0,,,1620594785,17:13:05,20210509
53,2007-12-31,MAXR,USD,2007-12-31,2007-12-31,Q4,299338322.257729,242570587.804036,56767734.453693,0.18964405902167192,0.0,0.0,0.0,0.0,7235407.363594,249805995.16763,0.0,7235407.363594,56767734.453693,0.18964405902167192,49532327.090099,0.1654727223581212,0.0,42673320.511947,0.1425588283855131,11942314.259762,30731006.252185,0.10266312051326905,0.0,0.0,0.0,0.0,,,1620594785,17:13:05,20210509
54,2007-09-30,MAXR,USD,2007-09-30,2007-09-30,Q3,294114625.302176,249159951.651894,44954673.650282,0.1528474607615829,0.0,0.0,0.0,0.0,7596696.212732,256756647.864625,0.0,8680640.489401,46038617.926951,0.15653290916645343,37357977.43755,0.12701842827152196,0.0,31564262.691378,0.10731959574927155,7891821.112006,23672441.579371,0.08048712829241227,0.574134,0.543916,41352398.0,43716312.0,,,1620594785,17:13:05,20210509
55,2007-06-30,MAXR,USD,2007-06-30,2007-06-30,Q2,292964772.193518,255689055.894786,37275716.298732,0.12723617252558103,0.0,0.0,0.0,0.0,7315171.441992,263004227.336778,0.0,7909409.814535,37869954.671275005,0.129264533710763,29960544.85674,0.1022667149787878,0.0,25193987.787694,0.0859966459416223,6549553.781118,18644434.006576,0.0636405321601616,0.450916,0.422734,41449211.0,43840255.0,,,1620594785,17:13:05,20210509
56,2007-03-31,MAXR,USD,2007-03-31,2007-03-31,Q1,265462898.751734,228704056.865465,36758841.886269,0.13847073191439296,0.0,0.0,0.0,0.0,7099514.563107,235803571.428571,0.0,7099514.563107,36758841.886269,0.13847073191439296,29659327.323162,0.11172682684709163,0.0,25455097.087379,0.09588947158745938,6949549.237171,18505547.850208,0.06971048661498548,0.450763,0.424757,41416889.0,43874284.0,,,1620594785,17:13:05,20210509
57,2006-12-31,MAXR,USD,2006-12-31,2006-12-31,Q4,218826164.05499,183029886.786181,35796277.26881,0.16358316850911192,0.0,0.0,0.0,0.0,6969666.19423,189999552.980411,0.0,6969666.19423,35796277.268809,0.16358316850910734,28826611.074579,0.13173292690601207,0.0,23075552.242068,0.10545152286391686,6390297.920039,16685254.322029,0.07624890009878377,0.0,0.0,0.0,0.0,,,1620594785,17:13:05,20210509
58,2006-09-30,MAXR,USD,2006-09-30,2006-09-30,Q3,259559376.679205,221883396.023643,37675980.655562,0.14515361046704373,0.0,0.0,0.0,0.0,6986387.247,228869783.270643,0.0,6956986.123445,37646579.532007,0.1450403372579185,30689593.408562,0.11823727503588487,309869.245925,25846319.183235,0.09957767472673129,7237148.486477,18609170.696758,0.07169523572927004,0.447788,0.438832,41211385.0,42783557.0,,,1620594785,17:13:05,20210509
59,2006-06-30,MAXR,USD,2006-06-30,2006-06-30,Q2,216007898.043439,177387363.130497,38620534.912942,0.178792235204175,0.0,0.0,0.0,0.0,7396338.17986,184783701.310357,0.0,7674412.277461,38898609.010543,0.18007956821430912,31224196.733082,0.14455118084063223,339256.865913,26490755.699156,0.1226379032392081,7814575.480165,18676180.218991,0.08646063587561616,0.457728,0.430802,41108387.0,43270305.0,,,1620594785,17:13:05,20210509
60,2006-03-31,MAXR,USD,2006-03-31,2006-03-31,Q1,200222165.036885,167238805.970149,32983359.066735,0.16473380487449427,0.0,0.0,0.0,0.0,6004460.456339,173243266.426488,0.0,6004460.456339,32983359.066735,0.16473380487449427,26978898.610396,0.1347448151178764,161262.652256,24167953.336764,0.12070568377038463,7129867.90187,17038085.434894,0.08509590050509762,0.420312,0.403157,40374803.0,42193561.0,,,1620594785,17:13:05,20210509
61,2005-12-31,MAXR,USD,2005-12-31,2005-12-31,Q4,176954780.16539,148924020.284326,28030759.881064,0.15840634457495398,0.0,0.0,0.0,0.0,5852896.79445,154776917.078776,0.0,5852896.79445,28030759.881063,0.15840634457494832,22177863.086613,0.1253306808998579,165575.069886,19305534.16836,0.109098686965767,1961237.240824,17344296.927536,0.09801541903149058,0.0,0.0,0.0,0.0,,,1620594785,17:13:05,20210509
62,2005-09-30,MAXR,USD,2005-09-30,2005-09-30,Q3,180174601.126736,150061497.44119,30113103.685546,0.16713290051556293,0.0,0.0,0.0,0.0,5472842.213908,155534339.655098,0.0,6031564.742438,30671826.214076,0.1702339065676701,24640261.471638,0.13675768569791855,85150.303187,21275534.339655,0.11808287187320954,6741495.720982,14534038.618673,0.0806664120679788,0.361244,0.352643,39789954.0,40972296.0,,,1620594785,17:13:05,20210509
63,2005-06-30,MAXR,USD,2005-06-30,2005-06-30,Q2,177337066.544766,148618004.310063,28719062.234703,0.16194618978572828,0.0,0.0,0.0,0.0,5299418.794488,153917423.104552,0.0,5234588.227302,28654231.667516,0.16158061157667047,23419643.440214,0.13206287831710622,80813.687716,20004244.759355,0.11280351676678511,6601417.096585,13402827.66277,0.07557826417178645,0.342846,0.334683,39481657.0,40338386.0,,,1620594785,17:13:05,20210509
64,2005-03-31,MAXR,USD,2005-03-31,2005-03-31,Q1,166461106.059354,139966933.950566,26494172.108787,0.15916133645862077,0.0,0.0,0.0,0.0,5177316.690088,145144250.640655,0.0,5177316.690088,26494172.108787,0.15916133645862077,21316855.418699,0.12805907592070295,66132.098867,16535504.670579,0.09933554487306505,4351492.105481,12184012.565099,0.07319435064161248,0.305861,0.305861,39336067.0,39982046.0,,,1620594785,17:13:05,20210509
65,2004-12-31,MAXR,USD,2004-12-31,2004-12-31,Q4,187906368.077476,205485807.694832,-17579439.617355,-0.09355425149884644,0.0,0.0,0.0,0.0,-41509867.159299,163975940.535532,0.0,7651639.037229,31582066.579173,0.16807342349436152,23930427.541944,0.12735293533041522,173675.357852,19624052.429595,0.10443527077008787,6475682.265273,13148370.164322,0.06997298866902038,0.0,0.0,0.0,0.0,,,1620594785,17:13:05,20210509
66,2004-09-30,MAXR,USD,2004-09-30,2004-09-30,Q3,157514728.153569,113439687.913796,44075040.239774,0.27981535921392087,0.0,0.0,0.0,0.0,24001934.680738,137441622.594534,0.0,6012138.738733,26085244.297769003,0.16560511263643352,20073105.559036,0.12743637242268369,80083.096124,16061021.733442,0.10196520618556573,5005589.95869,11055431.774752,0.07018665431700777,0.285445,0.277516,39147042.0,39772092.0,,,1620594785,17:13:05,20210509
67,2004-06-30,MAXR,USD,2004-06-30,2004-06-30,Q2,143990968.825947,107081670.61718,36909298.208767,0.2563306470517753,0.0,0.0,0.0,0.0,20257883.524858,127339554.142038,0.0,4244047.207444,20895461.891353,0.14511647544097686,16651414.683909,0.11564207685856225,68258.873654,14881184.553992,0.10334804102874005,4799123.886105,10082060.667887,0.07001870152060694,0.262534,0.255033,38730803.0,39475799.0,,,1620594785,17:13:05,20210509
68,2004-03-31,MAXR,USD,2004-03-31,2004-03-31,Q1,122549991.610866,90957276.429585,31592715.181282,0.257794511170581,0.0,0.0,0.0,0.0,17062735.467732,108020011.897317,0.0,3737740.424948,18267720.138497,0.149063414027009,14529979.713549,0.1185636940693245,61774.53059,13235765.165266,0.10800298711805412,4765027.989201,8470737.176065,0.06912066712303173,0.221168,0.213542,38435711.0,39108557.0,,,1620594785,17:13:05,20210509
69,2003-12-31,MAXR,USD,2003-12-31,2003-12-31,Q4,137567771.784006,99204009.825614,38363761.958393,0.27887172599282645,0.0,0.0,0.0,0.0,21434704.983654,120638714.809268,0.0,5659868.728486,22588925.703224003,0.1642021631250282,16929056.974738,0.12305975996556935,458216.818507,15734437.07129,0.11437589536591831,5754208.459114,9980228.612176,0.07254772308041649,0.0,0.0,0.0,0.0,,,1620594785,17:13:05,20210509
70,2003-09-30,MAXR,USD,2003-09-30,2003-09-30,Q3,123400164.180539,92171842.297936,31228321.882604,0.2530654808280142,0.0,0.0,0.0,0.0,16628826.257053,108800668.554989,0.0,3802133.083463,18401628.709013,0.1491215901632897,14599495.62555,0.11831017991345942,55466.398456,13252771.471043,0.10739670857855348,5168728.784103,8084042.68694,0.06551079360893514,0.21447,0.207075,38068603.0,38838894.0,,,1620594785,17:13:05,20210509
71,2003-06-30,MAXR,USD,2003-06-30,2003-06-30,Q2,109424787.301964,77647775.022643,31777012.279321,0.2904004939176213,452122.525947,0.0,0.0,0.0,17470934.980475,95118710.003118,0.0,4144839.868245,18450917.167091,0.16861734550303153,14306077.298846,0.13073890890340556,14105.628888,13081114.790123,0.11954434742491124,5101783.248452,7979331.541671,0.07292069501265354,0.215296,0.207872,37424969.0,38534385.0,,,1620594785,17:13:05,20210509
72,2003-03-31,MAXR,USD,2003-03-31,2003-03-31,Q1,104221341.072913,76525773.6173,27695567.455613,0.2657379685436713,737167.695431,0.0,0.0,0.0,14895284.034392,91421057.651692,0.0,3344506.669937,16144790.091157999,0.1549086772915649,12800283.421221,0.12281825669721473,105601.656924,11554183.869517,0.11086197654503141,4506124.896102,7048058.973416,0.06762587106305985,0.190764,0.183951,37062369.0,38284825.0,,,1620594785,17:13:05,20210509
73,2002-12-31,MAXR,USD,2002-12-31,2002-12-31,Q4,100244864.556025,73549345.230003,26695519.326022,0.26630311132898354,1197834.955455,0.0,0.0,0.0,14750657.099527,88300002.32953,0.0,2753619.585126,14698481.811622,0.14662578354233088,11944862.226496,0.1191568493747651,50168.334706,11081809.901517,0.11054740759636203,4390499.394164,6691310.507353,0.06674965881781755,0.0,0.0,0.0,0.0,,,1620594785,17:13:05,20210509
74,2002-09-30,MAXR,USD,2002-09-30,2002-09-30,Q3,93186099.99685,68852273.085284,24333826.911565,0.2611315090167693,1290444.535459,0.0,0.0,0.0,13168457.200466,82020730.28575,0.0,2827693.5188,13993063.229899,0.15016255890494412,11165369.711099,0.11981797404845172,20793.295737,10006616.048644,0.10738314028575353,4016886.676538,5989729.372105,0.06427706892237654,0.163826,0.157525,35677099.0,35677099.0,,,1620594785,17:13:05,20210509
75,2002-06-30,MAXR,USD,2002-06-30,2002-06-30,Q2,91798219.58457,66562479.39334,25235740.19123,0.27490446225900195,638311.902407,0.0,0.0,0.0,13886580.942961,80449060.336301,0.0,3207149.842546,14556309.090815,0.15856853386361006,11349159.248269,0.12363158348418159,12528.849324,10259149.357072,0.11175760710283339,4206396.307287,6052753.049786,0.06593540786714105,0.164853,0.158259,36340240.0,38214518.0,,,1620594785,17:13:05,20210509
76,2002-03-31,MAXR,USD,2002-03-31,2002-03-31,Q1,80823249.106527,58837544.673647,21985704.43288,0.27202203172879513,746128.283905,0.0,0.0,0.0,12573202.081635,71410746.755282,0.0,3388300.20691,12800802.558155,0.15838020247470172,9412502.351245,0.11645785656103844,-112232.741865,8500219.449495,0.10517047438035441,3485484.983385,5014734.466111,0.06204569256429494,0.13794,0.13167,35677099.0,35677099.0,,,1620594785,17:13:05,20210509
77,2001-12-31,MAXR,USD,2001-12-31,2001-12-31,Q4,76260851.629446,53706581.020816,22554270.608629,0.29575162257852755,850686.489937,0.0,0.0,0.0,8338237.441173,62044818.461989,0.0,5757204.922139,19973238.089596,0.2619068324419799,14216033.167457,0.18641324957309913,-1136196.891102,6666847.312165,0.08742162157537174,3211247.121281,3455600.190884,0.04531289799483063,0.0,0.0,0.0,0.0,,,1620594785,17:13:05,20210509
78,2001-09-30,MAXR,USD,2001-09-30,2001-09-30,Q3,78745719.720989,57980342.422321,20765377.298668,0.263701663687165,954977.805961,0.0,0.0,0.0,12110970.196576,70091312.618897,0.0,5766286.260267,14420693.36236,0.1831298693243931,8654407.102093,0.10990320658389056,-1764743.183259,6030437.539632,0.07658114702613655,2951173.113507,3079264.426126,0.039103895894740906,0.126823,0.120482,34429751.0,34429751.0,,,1620594785,17:13:05,20210509
79,2001-06-30,MAXR,USD,2001-06-30,2001-06-30,Q2,80158572.8444,58811364.387182,21347208.457218,0.26631223211341576,1386851.668318,0.0,0.0,0.0,12913776.015857,71725140.403039,0.0,3460409.193737,11893841.635098001,0.1483789096168885,8433432.441361,0.10520936366633644,-1065080.938223,6245787.908821,0.0779179030662762,3104724.149323,3141063.759498,0.039185624793935434,0.092501,0.085894,34454883.0,34454883.0,,,1620594785,17:13:05,20210509
80,2001-03-31,MAXR,USD,2001-03-31,2001-03-31,Q1,70419416.243655,51917512.690355,18501903.553299,0.26273866697902476,633248.730964,0.0,0.0,0.0,12448604.060914,64366116.751269,0.0,4501269.035533,10554568.527919,0.1498815112496761,6053299.492386,0.08596065993278411,-507614.213198,4367385.786802,0.062019624980852,2198604.060914,2168781.725888,0.030798064533564116,0.063452,0.057107,34454883.0,36946183.0,,,1620594785,17:13:05,20210509
81,2000-12-31,MAXR,USD,2000-12-31,2000-12-31,Q4,67874578.622409,50383028.901007,17491549.721402,0.2577039898650231,1141823.809925,0.0,0.0,0.0,10967736.09485,61350764.995858,0.0,2911825.995602,9435639.622153,0.1390158114224785,6523813.626551,0.09611571458650858,-1556890.591148,3495368.930218,0.051497467846732134,1504866.771352,1990502.158867,0.029326180718414502,0.0,0.0,0.0,0.0,,,1620594785,17:13:05,20210509
82,2000-09-30,MAXR,USD,2000-09-30,2000-09-30,Q3,73604233.226837,56094249.201278,17509984.025559,0.2378937087979153,981096.911608,0.0,0.0,0.0,11005724.174654,67099973.375932,0.0,4395090.148126,10899349.999031,0.14808047745624725,6504259.850905,0.08836801316657787,-620340.788072,4963391.906283,0.06743351148006099,2223109.691161,2740282.215122,0.03722995397121887,0.086528,0.079872,34429751.0,34429751.0,,,1620594785,17:13:05,20210509
83,2000-06-30,MAXR,USD,2000-06-30,2000-06-30,Q2,67650136.718091,49218512.642204,18431624.075887,0.27245508982035826,1485332.343112,0.0,0.0,0.0,12962900.448975,62181413.091179,0.0,3984415.718891,9453139.345803,0.13973570201632782,5468723.626912,0.0808383233533001,0.0,4455997.029335,0.06586826347304893,2160483.408163,2295513.621173,0.033932135728546635,0.074267,0.074267,30909091.0,30909091.0,,,1620594785,17:13:05,20210509
84,2000-03-31,MAXR,USD,2000-03-31,2000-03-31,Q1,61340823.660622,46676855.714817,14663967.945805,0.23905723905723483,688449.199334,0.0,0.0,0.0,9913668.470404,56590524.18522,0.0,3442245.996668,8192545.47207,0.13355780022447333,4750299.475402,0.07744107744108228,275379.679733,3993005.356135,0.06509539842873559,2134192.517934,1858812.838201,0.030303030303035734,0.06196,0.06196,30000000.0,30000000.0,,,1620594785,17:13:05,20210509
