,date,symbol,reportedCurrency,fillingDate,acceptedDate,period,revenue,costOfRevenue,grossProfit,grossProfitRatio,researchAndDevelopmentExpenses,generalAndAdministrativeExpenses,sellingAndMarketingExpenses,otherExpenses,operatingExpenses,costAndExpenses,interestExpense,depreciationAndAmortization,ebitda,ebitdaratio,operatingIncome,operatingIncomeRatio,totalOtherIncomeExpensesNet,incomeBeforeTax,incomeBeforeTaxRatio,incomeTaxExpense,netIncome,netIncomeRatio,eps,epsdiluted,weightedAverageShsOut,weightedAverageShsOutDil,link,finalLink,timestamp,est_time,est_date
0,2020-09-30,WBE.AX,AUD,2020-09-30,2020-09-30,Q3,844592.25,604557.75,240034.5,0.2842016369437442,0.0,829182.0,0.0,149991.25,167905.75,0.0,14582.25,417599.0,-757053.25,-0.8963535362774167,-1174652.25,-1.3907921248389385,149991.25,-1036852.75,-1.2276370639204894,0.0,-1036852.75,-1.2276370639204894,-0.00038575,-0.00038575,2732188070.0,2732188070.0,,,1620599732,18:35:32,20210509
1,2020-06-30,WBE.AX,AUD,2020-06-30,2020-06-30,Q2,844592.25,604557.75,240034.5,0.2842016369437442,0.0,829182.0,0.0,149991.25,167905.75,0.0,14582.25,417599.0,-757053.25,-0.8963535362774167,-1174652.25,-1.3907921248389385,149991.25,-1036852.75,-1.2276370639204894,0.0,-1036852.75,-1.2276370639204894,-0.00038575,-0.00038575,2732188070.0,2732188070.0,,,1620599732,18:35:32,20210509
2,2020-03-31,WBE.AX,AUD,2020-03-31,2020-03-31,Q1,844592.25,604557.75,240034.5,0.2842016369437442,0.0,829182.0,0.0,149991.25,167905.75,0.0,14582.25,417599.0,-757053.25,-0.8963535362774167,-1174652.25,-1.3907921248389385,149991.25,-1036852.75,-1.2276370639204894,0.0,-1036852.75,-1.2276370639204894,-0.00038575,-0.00038575,2732188070.0,2732188070.0,,,1620599732,18:35:32,20210509
3,2020-01-31,WBE.AX,AUD,2020-01-31,2020-01-31,Q1,844592.25,604557.75,240034.5,0.2842016369437442,0.0,829182.0,0.0,149991.25,167905.75,0.0,14582.25,417599.0,-757053.25,-0.8963535362774167,-1174652.25,-1.3907921248389385,149991.25,-1036852.75,-1.2276370639204894,0.0,-1036852.75,-1.2276370639204894,-0.00038575,-0.00038575,2732188070.0,2732188070.0,,,1620599732,18:35:32,20210509
4,2019-06-30,WBE.AX,AUD,2019-06-30,2019-06-30,Q2,526893.25,464035.25,62858.0,0.1192993077819843,0.0,588376.5,0.0,310531.75,120040.75,0.0,42746.5,260353.0,-645559.25,-1.225218296115959,-905912.25,-1.7193468506191718,-77576.0,-1018862.0,-1.933716174955743,0.0,-1018862.0,-1.933716174955743,-0.000651,-0.000651,1581503552.0,1581503552.0,,,1620599732,18:35:32,20210509
5,2019-03-31,WBE.AX,AUD,2019-03-31,2019-03-31,Q1,526893.25,464035.25,62858.0,0.1192993077819843,0.0,588376.5,0.0,310531.75,120040.75,0.0,42746.5,260353.0,-645559.25,-1.225218296115959,-905912.25,-1.7193468506191718,-77576.0,-1018862.0,-1.933716174955743,0.0,-1018862.0,-1.933716174955743,-0.000651,-0.000651,1581503552.0,1581503552.0,,,1620599732,18:35:32,20210509
6,2019-01-31,WBE.AX,AUD,2019-01-31,2019-01-31,Q1,526893.25,464035.25,62858.0,0.1192993077819843,0.0,588376.5,0.0,310531.75,120040.75,0.0,42746.5,260353.0,-645559.25,-1.225218296115959,-905912.25,-1.7193468506191718,-77576.0,-1018862.0,-1.933716174955743,0.0,-1018862.0,-1.933716174955743,-0.000651,-0.000651,1581503552.0,1581503552.0,,,1620599732,18:35:32,20210509
7,2018-06-30,WBE.AX,AUD,2018-06-30,2018-06-30,Q2,487578.0,403323.25,84254.75,0.17280260799297753,0.0,766968.0,0.0,-95274.0,92371.0,0.0,27263.75,195404.5,-775084.25,-1.5896620643261181,-970488.75,-1.9904276854164873,-427934.5,-1416112.25,-2.904380940075229,0.0,-1416112.25,-2.904380940075229,-0.0013725,-0.0013725,1031537614.0,1031537614.0,,,1620599732,18:35:32,20210509
8,2018-03-31,WBE.AX,AUD,2018-03-31,2018-03-31,Q1,487578.0,403323.25,84254.75,0.17280260799297753,0.0,766968.0,0.0,-95274.0,92371.0,0.0,27263.75,195404.5,-775084.25,-1.5896620643261181,-970488.75,-1.9904276854164873,-427934.5,-1416112.25,-2.904380940075229,0.0,-1416112.25,-2.904380940075229,-0.0013725,-0.0013725,1031537614.0,1031537614.0,,,1620599732,18:35:32,20210509
9,2018-01-31,WBE.AX,AUD,2018-01-31,2018-01-31,Q1,487578.0,403323.25,84254.75,0.17280260799297753,0.0,766968.0,0.0,-95274.0,92371.0,0.0,27263.75,195404.5,-775084.25,-1.5896620643261181,-970488.75,-1.9904276854164873,-427934.5,-1416112.25,-2.904380940075229,0.0,-1416112.25,-2.904380940075229,-0.0013725,-0.0013725,1031537614.0,1031537614.0,,,1620599732,18:35:32,20210509
10,2017-06-30,WBE.AX,AUD,2017-06-30,2017-06-30,Q2,25359.0,26471.5,-1112.5,-0.04387002642060018,0.0,245195.5,0.0,315444.25,358632.75,0.0,18526.25,6229.25,-610926.5,-24.091111636894198,-617155.75,-24.33675420955085,-12715526.25,-13324778.75,-525.445749043732,-2337191.5,-10016090.5,-394.97182459876177,-0.0108,-0.0108,928071823.0,928071823.0,,,1620599732,18:35:32,20210509
11,2017-03-31,WBE.AX,AUD,2017-03-31,2017-03-31,Q1,25359.0,26471.5,-1112.5,-0.04387002642060018,0.0,245195.5,0.0,315444.25,358632.75,0.0,18526.25,6229.25,-610926.5,-24.091111636894198,-617155.75,-24.33675420955085,-12715526.25,-13324778.75,-525.445749043732,-2337191.5,-10016090.5,-394.97182459876177,-0.0108,-0.0108,928071823.0,928071823.0,,,1620599732,18:35:32,20210509
12,2017-01-31,WBE.AX,AUD,2017-01-31,2017-01-31,Q1,25359.0,26471.5,-1112.5,-0.04387002642060018,0.0,245195.5,0.0,315444.25,358632.75,0.0,18526.25,6229.25,-610926.5,-24.091111636894198,-617155.75,-24.33675420955085,-12715526.25,-13324778.75,-525.445749043732,-2337191.5,-10016090.5,-394.97182459876177,-0.0108,-0.0108,928071823.0,928071823.0,,,1620599732,18:35:32,20210509
13,2016-06-30,WBE.AX,AUD,2016-06-30,2016-06-30,Q2,8697.5,8383.25,314.25,0.03613107214716873,0.0,250600.75,0.0,-21131.75,1320165.25,0.0,19891.25,5918.75,-1587213.75,-182.49080195458464,-1593132.5,-183.17131359586088,-21131.75,-1633244.75,-187.7832423110089,-283914.75,637769.75,73.32793906294913,0.0006975,0.0006975,915975082.0,915975082.0,,,1620599732,18:35:32,20210509
14,2016-03-31,WBE.AX,AUD,2016-03-31,2016-03-31,Q1,8697.5,8383.25,314.25,0.03613107214716873,0.0,250600.75,0.0,-21131.75,1320165.25,0.0,19891.25,5918.75,-1587213.75,-182.49080195458464,-1593132.5,-183.17131359586088,-21131.75,-1633244.75,-187.7832423110089,-283914.75,637769.75,73.32793906294913,0.0006975,0.0006975,915975082.0,915975082.0,,,1620599732,18:35:32,20210509
15,2016-01-31,WBE.AX,AUD,2016-01-31,2016-01-31,Q1,8697.5,8383.25,314.25,0.03613107214716873,0.0,250600.75,0.0,-21131.75,1320165.25,0.0,19891.25,5918.75,-1587213.75,-182.49080195458464,-1593132.5,-183.17131359586088,-21131.75,-1633244.75,-187.7832423110089,-283914.75,637769.75,73.32793906294913,0.0006975,0.0006975,915975082.0,915975082.0,,,1620599732,18:35:32,20210509
16,2015-09-30,WBE.AX,AUD,2015-09-30,2015-09-30,Q3,147410.25,96077.25,51333.0,0.3482322294413041,0.0,561201.75,0.0,-1210158.0,133841.5,0.0,1795.5,15434.25,-643710.25,-4.36679437149045,-659144.5,-4.471497063467432,-1210158.0,-1868735.75,-12.677108613546208,2489.75,-2166681.25,-14.69830795348356,-0.0009225,-0.0009225,2360285759.0,2360285759.0,,,1620599732,18:35:32,20210509
17,2015-06-30,WBE.AX,AUD,2015-06-30,2015-06-30,Q2,147410.25,96077.25,51333.0,0.3482322294413041,0.0,561201.75,0.0,-1210158.0,133841.5,0.0,1795.5,15434.25,-643710.25,-4.36679437149045,-659144.5,-4.471497063467432,-1210158.0,-1868735.75,-12.677108613546208,2489.75,-2166681.25,-14.69830795348356,-0.0009225,-0.0009225,2360285759.0,2360285759.0,,,1620599732,18:35:32,20210509
18,2015-03-31,WBE.AX,AUD,2015-03-31,2015-03-31,Q1,147410.25,96077.25,51333.0,0.3482322294413041,0.0,561201.75,0.0,-1210158.0,133841.5,0.0,1795.5,15434.25,-643710.25,-4.36679437149045,-659144.5,-4.471497063467432,-1210158.0,-1868735.75,-12.677108613546208,2489.75,-2166681.25,-14.69830795348356,-0.0009225,-0.0009225,2360285759.0,2360285759.0,,,1620599732,18:35:32,20210509
19,2015-01-31,WBE.AX,AUD,2015-01-31,2015-01-31,Q1,147410.25,96077.25,51333.0,0.3482322294413041,0.0,561201.75,0.0,-1210158.0,133841.5,0.0,1795.5,15434.25,-643710.25,-4.36679437149045,-659144.5,-4.471497063467432,-1210158.0,-1868735.75,-12.677108613546208,2489.75,-2166681.25,-14.69830795348356,-0.0009225,-0.0009225,2360285759.0,2360285759.0,,,1620599732,18:35:32,20210509
20,2014-09-30,WBE.AX,AUD,2014-09-30,2014-09-30,Q3,753100.0,482344.25,270755.75,0.35952164387199576,0.0,583755.25,0.0,787420.5,231473.5,0.0,11692.75,289705.75,-544473.0,-0.7229757004381888,-834178.75,-1.1076600053113796,139062.0,-699300.0,-0.9285619439649448,-91014.25,-439597.75,-0.5837176337803744,-0.00045,-0.00045,896466495.0,896466495.0,,,1620599732,18:35:32,20210509
21,2014-06-30,WBE.AX,AUD,2014-06-30,2014-06-30,Q2,753100.0,482344.25,270755.75,0.35952164387199576,0.0,583755.25,0.0,787420.5,231473.5,0.0,11692.75,289705.75,-544473.0,-0.7229757004381888,-834178.75,-1.1076600053113796,139062.0,-699300.0,-0.9285619439649448,-91014.25,-439597.75,-0.5837176337803744,-0.00045,-0.00045,896466495.0,896466495.0,,,1620599732,18:35:32,20210509
22,2014-03-31,WBE.AX,AUD,2014-03-31,2014-03-31,Q1,753100.0,482344.25,270755.75,0.35952164387199576,0.0,583755.25,0.0,787420.5,231473.5,0.0,11692.75,289705.75,-544473.0,-0.7229757004381888,-834178.75,-1.1076600053113796,139062.0,-699300.0,-0.9285619439649448,-91014.25,-439597.75,-0.5837176337803744,-0.00045,-0.00045,896466495.0,896466495.0,,,1620599732,18:35:32,20210509
23,2014-01-31,WBE.AX,AUD,2014-01-31,2014-01-31,Q1,753100.0,482344.25,270755.75,0.35952164387199576,0.0,583755.25,0.0,787420.5,231473.5,0.0,11692.75,289705.75,-544473.0,-0.7229757004381888,-834178.75,-1.1076600053113796,139062.0,-699300.0,-0.9285619439649448,-91014.25,-439597.75,-0.5837176337803744,-0.00045,-0.00045,896466495.0,896466495.0,,,1620599732,18:35:32,20210509
24,2013-09-30,WBE.AX,AUD,2013-09-30,2013-09-30,Q3,795080.5,508467.5,286613.0,0.3604829951181044,0.0,577336.5,0.0,988066.75,166096.75,0.0,102039.0,310162.25,-456820.25,-0.574558488102777,-766982.5,-0.9646601822079651,779147.25,-78924.5,-0.09926604916105979,82012.5,57953.5,0.0728901035807066,0.0001125,0.0001125,816690525.0,816690525.0,,,1620599732,18:35:32,20210509
25,2013-06-30,WBE.AX,AUD,2013-06-30,2013-06-30,Q2,795080.5,508467.5,286613.0,0.3604829951181044,0.0,577336.5,0.0,988066.75,166096.75,0.0,102039.0,310162.25,-456820.25,-0.574558488102777,-766982.5,-0.9646601822079651,779147.25,-78924.5,-0.09926604916105979,82012.5,57953.5,0.0728901035807066,0.0001125,0.0001125,816690525.0,816690525.0,,,1620599732,18:35:32,20210509
26,2013-03-31,WBE.AX,AUD,2013-03-31,2013-03-31,Q1,795080.5,508467.5,286613.0,0.3604829951181044,0.0,577336.5,0.0,988066.75,166096.75,0.0,102039.0,310162.25,-456820.25,-0.574558488102777,-766982.5,-0.9646601822079651,779147.25,-78924.5,-0.09926604916105979,82012.5,57953.5,0.0728901035807066,0.0001125,0.0001125,816690525.0,816690525.0,,,1620599732,18:35:32,20210509
27,2013-01-31,WBE.AX,AUD,2013-01-31,2013-01-31,Q1,795080.5,508467.5,286613.0,0.3604829951181044,0.0,577336.5,0.0,988066.75,166096.75,0.0,102039.0,310162.25,-456820.25,-0.574558488102777,-766982.5,-0.9646601822079651,779147.25,-78924.5,-0.09926604916105979,82012.5,57953.5,0.0728901035807066,0.0001125,0.0001125,816690525.0,816690525.0,,,1620599732,18:35:32,20210509
28,2012-09-30,WBE.AX,AUD,2012-09-30,2012-09-30,Q3,645566.5,567440.5,78126.0,0.12101929080892518,0.0,1008003.0,0.0,1705368.0,198821.75,0.0,368588.25,264253.25,-1128698.75,-1.7483849456252765,-1392952.0,-2.1577203897661974,1442997.0,-312832.25,-0.4845856313795713,408549.0,-286828.5,-0.4443051180629726,-0.00043825,-0.00043825,705310587.0,705310587.0,,,1620599732,18:35:32,20210509
29,2012-06-30,WBE.AX,AUD,2012-06-30,2012-06-30,Q2,645566.5,567440.5,78126.0,0.12101929080892518,0.0,1008003.0,0.0,1705368.0,198821.75,0.0,368588.25,264253.25,-1128698.75,-1.7483849456252765,-1392952.0,-2.1577203897661974,1442997.0,-312832.25,-0.4845856313795713,408549.0,-286828.5,-0.4443051180629726,-0.00043825,-0.00043825,705310587.0,705310587.0,,,1620599732,18:35:32,20210509
30,2012-03-31,WBE.AX,AUD,2012-03-31,2012-03-31,Q1,645566.5,567440.5,78126.0,0.12101929080892518,0.0,1008003.0,0.0,1705368.0,198821.75,0.0,368588.25,264253.25,-1128698.75,-1.7483849456252765,-1392952.0,-2.1577203897661974,1442997.0,-312832.25,-0.4845856313795713,408549.0,-286828.5,-0.4443051180629726,-0.00043825,-0.00043825,705310587.0,705310587.0,,,1620599732,18:35:32,20210509
31,2012-01-31,WBE.AX,AUD,2012-01-31,2012-01-31,Q1,645566.5,567440.5,78126.0,0.12101929080892518,0.0,1008003.0,0.0,1705368.0,198821.75,0.0,368588.25,264253.25,-1128698.75,-1.7483849456252765,-1392952.0,-2.1577203897661974,1442997.0,-312832.25,-0.4845856313795713,408549.0,-286828.5,-0.4443051180629726,-0.00043825,-0.00043825,705310587.0,705310587.0,,,1620599732,18:35:32,20210509
32,2011-09-30,WBE.AX,AUD,2011-09-30,2011-09-30,Q3,0.0,0.0,0.0,0.0,0.0,386989.5,0.0,890742.5,1222906.0,0.0,0.0,2212.75,-1609895.5,0.0,-1612108.25,0.0,890742.5,-666494.0,0.0,0.0,-666494.0,0.0,-0.0027395,-0.0027395,240887192.0,240887192.0,,,1620599732,18:35:32,20210509
33,2011-06-30,WBE.AX,AUD,2011-06-30,2011-06-30,Q2,0.0,0.0,0.0,0.0,0.0,386989.5,0.0,890742.5,1222906.0,0.0,0.0,2212.75,-1609895.5,0.0,-1612108.25,0.0,890742.5,-666494.0,0.0,0.0,-666494.0,0.0,-0.0027395,-0.0027395,240887192.0,240887192.0,,,1620599732,18:35:32,20210509
34,2011-03-31,WBE.AX,AUD,2011-03-31,2011-03-31,Q1,0.0,0.0,0.0,0.0,0.0,386989.5,0.0,890742.5,1222906.0,0.0,0.0,2212.75,-1609895.5,0.0,-1612108.25,0.0,890742.5,-666494.0,0.0,0.0,-666494.0,0.0,-0.0027395,-0.0027395,240887192.0,240887192.0,,,1620599732,18:35:32,20210509
35,2011-01-31,WBE.AX,AUD,2011-01-31,2011-01-31,Q1,0.0,0.0,0.0,0.0,0.0,386989.5,0.0,890742.5,1222906.0,0.0,0.0,2212.75,-1609895.5,0.0,-1612108.25,0.0,890742.5,-666494.0,0.0,0.0,-666494.0,0.0,-0.0027395,-0.0027395,240887192.0,240887192.0,,,1620599732,18:35:32,20210509
36,2010-09-30,WBE.AX,AUD,2010-09-30,2010-09-30,Q3,0.0,0.0,0.0,0.0,0.0,61022.0,0.0,0.0,50049.5,0.0,-17.5,1052.0,-111071.5,0.0,-112123.5,0.0,0.0,-83032.5,0.0,0.0,-83032.5,0.0,-0.00043825,-0.00043825,189148193.0,189148193.0,,,1620599732,18:35:32,20210509
37,2010-06-30,WBE.AX,AUD,2010-06-30,2010-06-30,Q2,0.0,0.0,0.0,0.0,0.0,61022.0,0.0,0.0,50049.5,0.0,-17.5,1052.0,-111071.5,0.0,-112123.5,0.0,0.0,-83032.5,0.0,0.0,-83032.5,0.0,-0.00043825,-0.00043825,189148193.0,189148193.0,,,1620599732,18:35:32,20210509
38,2010-03-31,WBE.AX,AUD,2010-03-31,2010-03-31,Q1,0.0,0.0,0.0,0.0,0.0,61022.0,0.0,0.0,50049.5,0.0,-17.5,1052.0,-111071.5,0.0,-112123.5,0.0,0.0,-83032.5,0.0,0.0,-83032.5,0.0,-0.00043825,-0.00043825,189148193.0,189148193.0,,,1620599732,18:35:32,20210509
39,2010-01-31,WBE.AX,AUD,2010-01-31,2010-01-31,Q1,0.0,0.0,0.0,0.0,0.0,61022.0,0.0,0.0,50049.5,0.0,-17.5,1052.0,-111071.5,0.0,-112123.5,0.0,0.0,-83032.5,0.0,0.0,-83032.5,0.0,-0.00043825,-0.00043825,189148193.0,189148193.0,,,1620599732,18:35:32,20210509
40,2009-09-30,WBE.AX,AUD,2009-09-30,2009-09-30,Q3,0.0,0.0,0.0,0.0,0.0,75649.0,0.0,335.25,52078.25,0.0,6180.75,909.25,-127727.25,0.0,-128636.5,0.0,25335.25,-92417.5,0.0,0.0,-92417.5,0.0,-0.000548,-0.000548,170254395.0,170254395.0,,,1620599732,18:35:32,20210509
41,2009-06-30,WBE.AX,AUD,2009-06-30,2009-06-30,Q2,0.0,0.0,0.0,0.0,0.0,75649.0,0.0,335.25,52078.25,0.0,6180.75,909.25,-127727.25,0.0,-128636.5,0.0,25335.25,-92417.5,0.0,0.0,-92417.5,0.0,-0.000548,-0.000548,170254395.0,170254395.0,,,1620599732,18:35:32,20210509
42,2009-03-31,WBE.AX,AUD,2009-03-31,2009-03-31,Q1,0.0,0.0,0.0,0.0,0.0,75649.0,0.0,335.25,52078.25,0.0,6180.75,909.25,-127727.25,0.0,-128636.5,0.0,25335.25,-92417.5,0.0,0.0,-92417.5,0.0,-0.000548,-0.000548,170254395.0,170254395.0,,,1620599732,18:35:32,20210509
43,2009-01-31,WBE.AX,AUD,2009-01-31,2009-01-31,Q1,0.0,0.0,0.0,0.0,0.0,75649.0,0.0,335.25,52078.25,0.0,6180.75,909.25,-127727.25,0.0,-128636.5,0.0,25335.25,-92417.5,0.0,0.0,-92417.5,0.0,-0.000548,-0.000548,170254395.0,170254395.0,,,1620599732,18:35:32,20210509
44,2008-09-30,WBE.AX,AUD,2008-09-30,2008-09-30,Q3,0.0,0.0,0.0,0.0,0.0,72999.75,0.0,0.0,250580.25,0.0,0.0,186.5,-323580.0,0.0,-323766.5,0.0,0.0,-292359.5,0.0,0.0,-292359.5,0.0,-0.0021915,-0.0021915,139579216.0,139579216.0,,,1620599732,18:35:32,20210509
45,2008-06-30,WBE.AX,AUD,2008-06-30,2008-06-30,Q2,0.0,0.0,0.0,0.0,0.0,72999.75,0.0,0.0,250580.25,0.0,0.0,186.5,-323580.0,0.0,-323766.5,0.0,0.0,-292359.5,0.0,0.0,-292359.5,0.0,-0.0021915,-0.0021915,139579216.0,139579216.0,,,1620599732,18:35:32,20210509
46,2008-03-31,WBE.AX,AUD,2008-03-31,2008-03-31,Q1,0.0,0.0,0.0,0.0,0.0,72999.75,0.0,0.0,250580.25,0.0,0.0,186.5,-323580.0,0.0,-323766.5,0.0,0.0,-292359.5,0.0,0.0,-292359.5,0.0,-0.0021915,-0.0021915,139579216.0,139579216.0,,,1620599732,18:35:32,20210509
47,2008-01-31,WBE.AX,AUD,2008-01-31,2008-01-31,Q1,0.0,0.0,0.0,0.0,0.0,72999.75,0.0,0.0,250580.25,0.0,0.0,186.5,-323580.0,0.0,-323766.5,0.0,0.0,-292359.5,0.0,0.0,-292359.5,0.0,-0.0021915,-0.0021915,139579216.0,139579216.0,,,1620599732,18:35:32,20210509
48,2007-09-30,WBE.AX,AUD,2007-09-30,2007-09-30,Q3,0.0,0.0,0.0,0.0,0.0,65549.25,0.0,0.0,353888.0,0.0,0.0,0.0,-371864.25,0.0,-419437.25,0.0,-47573.0,-449969.75,0.0,0.0,-449969.75,0.0,-0.00495725,-0.00495725,91786219.0,91786219.0,,,1620599732,18:35:32,20210509
49,2007-06-30,WBE.AX,AUD,2007-06-30,2007-06-30,Q2,0.0,0.0,0.0,0.0,0.0,65549.25,0.0,0.0,353888.0,0.0,0.0,0.0,-371864.25,0.0,-419437.25,0.0,-47573.0,-449969.75,0.0,0.0,-449969.75,0.0,-0.00495725,-0.00495725,91786219.0,91786219.0,,,1620599732,18:35:32,20210509
50,2007-03-31,WBE.AX,AUD,2007-03-31,2007-03-31,Q1,0.0,0.0,0.0,0.0,0.0,65549.25,0.0,0.0,353888.0,0.0,0.0,0.0,-371864.25,0.0,-419437.25,0.0,-47573.0,-449969.75,0.0,0.0,-449969.75,0.0,-0.00495725,-0.00495725,91786219.0,91786219.0,,,1620599732,18:35:32,20210509
51,2007-01-31,WBE.AX,AUD,2007-01-31,2007-01-31,Q1,0.0,0.0,0.0,0.0,0.0,65549.25,0.0,0.0,353888.0,0.0,0.0,0.0,-371864.25,0.0,-419437.25,0.0,-47573.0,-449969.75,0.0,0.0,-449969.75,0.0,-0.00495725,-0.00495725,91786219.0,91786219.0,,,1620599732,18:35:32,20210509
52,2005-09-30,WBE.AX,AUD,2005-09-30,2005-09-30,Q3,1630769.25,949994.0,680775.25,0.41745651630357883,0.0,639686.0,0.0,0.0,367903.5,0.0,16539.5,49276.5,-337590.75,-0.20701319331352366,-386867.25,-0.2372299146553076,-20399.75,-424278.75,-0.26017092853572016,-424278.75,-424278.75,-0.26017092853572016,-0.08923125,-0.08923125,4572671.0,4572671.0,,,1620599732,18:35:32,20210509
53,2005-06-30,WBE.AX,AUD,2005-06-30,2005-06-30,Q2,1630769.25,949994.0,680775.25,0.41745651630357883,0.0,639686.0,0.0,0.0,367903.5,0.0,16539.5,49276.5,-337590.75,-0.20701319331352366,-386867.25,-0.2372299146553076,-20399.75,-424278.75,-0.26017092853572016,-424278.75,-424278.75,-0.26017092853572016,-0.08923125,-0.08923125,4572671.0,4572671.0,,,1620599732,18:35:32,20210509
54,2005-03-31,WBE.AX,AUD,2005-03-31,2005-03-31,Q1,1630769.25,949994.0,680775.25,0.41745651630357883,0.0,639686.0,0.0,0.0,367903.5,0.0,16539.5,49276.5,-337590.75,-0.20701319331352366,-386867.25,-0.2372299146553076,-20399.75,-424278.75,-0.26017092853572016,-424278.75,-424278.75,-0.26017092853572016,-0.08923125,-0.08923125,4572671.0,4572671.0,,,1620599732,18:35:32,20210509
55,2005-01-31,WBE.AX,AUD,2005-01-31,2005-01-31,Q1,1630769.25,949994.0,680775.25,0.41745651630357883,0.0,639686.0,0.0,0.0,367903.5,0.0,16539.5,49276.5,-337590.75,-0.20701319331352366,-386867.25,-0.2372299146553076,-20399.75,-424278.75,-0.26017092853572016,-424278.75,-424278.75,-0.26017092853572016,-0.08923125,-0.08923125,4572671.0,4572671.0,,,1620599732,18:35:32,20210509
56,2004-09-30,WBE.AX,AUD,2004-09-30,2004-09-30,Q3,1067048.5,700885.75,366162.75,0.34315473945186187,0.0,465820.5,0.0,-31037.25,554157.5,0.0,21253.0,38549.75,-99657.75,-0.09339570788019476,-138207.5,-0.12952316600416944,-49787.25,-209247.75,-0.19609956810772894,-209247.75,-209247.75,-0.19609956810772894,-0.1288895,-0.1288895,1623467.0,1623467.0,,,1620599732,18:35:32,20210509
57,2004-06-30,WBE.AX,AUD,2004-06-30,2004-06-30,Q2,1067048.5,700885.75,366162.75,0.34315473945186187,0.0,465820.5,0.0,-31037.25,554157.5,0.0,21253.0,38549.75,-99657.75,-0.09339570788019476,-138207.5,-0.12952316600416944,-49787.25,-209247.75,-0.19609956810772894,-209247.75,-209247.75,-0.19609956810772894,-0.1288895,-0.1288895,1623467.0,1623467.0,,,1620599732,18:35:32,20210509
58,2004-03-31,WBE.AX,AUD,2004-03-31,2004-03-31,Q1,1067048.5,700885.75,366162.75,0.34315473945186187,0.0,465820.5,0.0,-31037.25,554157.5,0.0,21253.0,38549.75,-99657.75,-0.09339570788019476,-138207.5,-0.12952316600416944,-49787.25,-209247.75,-0.19609956810772894,-209247.75,-209247.75,-0.19609956810772894,-0.1288895,-0.1288895,1623467.0,1623467.0,,,1620599732,18:35:32,20210509
59,2004-01-31,WBE.AX,AUD,2004-01-31,2004-01-31,Q1,1067048.5,700885.75,366162.75,0.34315473945186187,0.0,465820.5,0.0,-31037.25,554157.5,0.0,21253.0,38549.75,-99657.75,-0.09339570788019476,-138207.5,-0.12952316600416944,-49787.25,-209247.75,-0.19609956810772894,-209247.75,-209247.75,-0.19609956810772894,-0.1288895,-0.1288895,1623467.0,1623467.0,,,1620599732,18:35:32,20210509
60,2003-09-30,WBE.AX,AUD,2003-09-30,2003-09-30,Q3,0.0,0.0,0.0,0.0,0.0,0.0,0.0,0.0,0.0,0.0,0.0,0.0,0.0,0.0,0.0,0.0,0.0,0.0,0.0,0.0,0.0,0.0,0.0,0.0,4133526.0,4133526.0,,,1620599732,18:35:32,20210509
61,2003-06-30,WBE.AX,AUD,2003-06-30,2003-06-30,Q2,0.0,0.0,0.0,0.0,0.0,0.0,0.0,0.0,0.0,0.0,0.0,0.0,0.0,0.0,0.0,0.0,0.0,0.0,0.0,0.0,0.0,0.0,0.0,0.0,4133526.0,4133526.0,,,1620599732,18:35:32,20210509
62,2003-03-31,WBE.AX,AUD,2003-03-31,2003-03-31,Q1,0.0,0.0,0.0,0.0,0.0,0.0,0.0,0.0,0.0,0.0,0.0,0.0,0.0,0.0,0.0,0.0,0.0,0.0,0.0,0.0,0.0,0.0,0.0,0.0,4133526.0,4133526.0,,,1620599732,18:35:32,20210509
63,2003-01-31,WBE.AX,AUD,2003-01-31,2003-01-31,Q1,0.0,0.0,0.0,0.0,0.0,0.0,0.0,0.0,0.0,0.0,0.0,0.0,0.0,0.0,0.0,0.0,0.0,0.0,0.0,0.0,0.0,0.0,0.0,0.0,4133526.0,4133526.0,,,1620599732,18:35:32,20210509
