,date,symbol,reportedCurrency,fillingDate,acceptedDate,period,revenue,costOfRevenue,grossProfit,grossProfitRatio,researchAndDevelopmentExpenses,generalAndAdministrativeExpenses,sellingAndMarketingExpenses,otherExpenses,operatingExpenses,costAndExpenses,interestExpense,depreciationAndAmortization,ebitda,ebitdaratio,operatingIncome,operatingIncomeRatio,totalOtherIncomeExpensesNet,incomeBeforeTax,incomeBeforeTaxRatio,incomeTaxExpense,netIncome,netIncomeRatio,eps,epsdiluted,weightedAverageShsOut,weightedAverageShsOutDil,link,finalLink,timestamp,est_time,est_date
0,2021-03-31,IPGP,USD,2021-05-05,2021-05-05,Q1,345585000,181594000,163991000,0.4745315913595787,33339000.0,30092000.0,18883000.0,253000.0,82314000.0,263908000,0.0,23819000.0,105496000.0,0.3052678791035491,81677000.0,0.256376868208979,7418000.0,88600000.0,0.256376868208979,20378000.0,68127000.0,0.19713529233039628,1.27,1.26,53541000,54201000,https://www.sec.gov/Archives/edgar/data/1111928/000111192821000101/0001111928-21-000101-index.htm,https://www.sec.gov/Archives/edgar/data/1111928/000111192821000101/ipgp-20210331.htm,1620593711,16:55:11,20210509
1,2020-12-31,IPGP,USD,2021-02-22,2021-02-22 16:11:45,Q4,336630000,189751000,146879000,0.4363217776193447,31766000.0,27444000.0,17242000.0,182000.0,76452000.0,266203000,0.0,23366000.0,93793000.0,0.2786234144312747,70427000.0,0.20921189436473278,-5027000.0,65596000.0,0.19486082642664052,15920000.0,49339000.0,0.14656744793987464,0.9276514937860756,0.9159751229926668,53187000,53865000,https://www.sec.gov/Archives/edgar/data/1111928/000111192821000026/0001111928-21-000026-index.htm,https://www.sec.gov/Archives/edgar/data/1111928/000111192821000026/ipgp-20201231.htm,1620593711,16:55:11,20210509
2,2020-09-30,IPGP,USD,2020-11-03,2020-11-03 16:03:46,Q3,318441000,165649000,152792000,0.47981258694703255,31710000.0,29038000.0,17332000.0,-59000.0,78080000.0,243729000,0.0,23838000.0,98550000.0,0.3094764807295543,74712000.0,0.2346180297135105,-33358000.0,42522000.0,0.1335318002392908,6992000.0,35604000.0,0.11180721075489651,0.67,0.66,53098000,53664000,https://www.sec.gov/Archives/edgar/data/1111928/000111192820000180/0001111928-20-000180-index.htm,https://www.sec.gov/Archives/edgar/data/1111928/000111192820000180/ipgp-20200930.htm,1620593711,16:55:11,20210509
3,2020-06-30,IPGP,USD,2020-08-04,2020-08-04 16:05:09,Q2,296411000,159962000,136449000,0.4603371669742351,31584000.0,26399000.0,17326000.0,449000.0,75309000.0,235271000,0.0,23251000.0,84391000.0,0.2847094068708651,61140000.0,0.20626764863652158,-13482000.0,49514000.0,0.16704508267237045,11148000.0,38226000.0,0.1289628252662688,0.72,0.71,53040000,53530000,https://www.sec.gov/Archives/edgar/data/1111928/000111192820000143/0001111928-20-000143-index.htm,https://www.sec.gov/Archives/edgar/data/1111928/000111192820000143/ipgp-20200630.htm,1620593711,16:55:11,20210509
4,2020-03-31,IPGP,USD,2020-05-05 00:00:00,2020-05-05 16:07:33,Q1,249242000,146366000,102876000,0.4127554745989841,31838000.0,27124000.0,18683000.0,191000.0,77645000.0,224011000,0.0,24099000.0,49330000.0,0.1979200937241717,25231000.0,0.10123093218638914,19756000.0,48060000.0,0.19282464432158303,11294000.0,36403000.0,0.14605483826963353,0.69,0.68,53075000,53676000,https://www.sec.gov/Archives/edgar/data/1111928/000111192820000074/0001111928-20-000074-index.html,https://www.sec.gov/Archives/edgar/data/1111928/000111192820000074/ipgp-20200331.htm,1620593711,16:55:11,20210509
5,2019-12-31,IPGP,USD,2020-02-24 00:00:00,2020-02-24 16:11:54,Q4,306627000,182424000,124203000,0.4050621765206586,30469000.0,25071000.0,18838000.0,216000.0,74378000.0,256802000,0.0,23737000.0,73562000.0,0.23990711842075224,49825000.0,0.16249384431247085,-49366000.0,2960000.0,0.009653422562266206,7263000.0,-4450000.0,-0.01451274675746102,-0.08,-0.08,52916000,52916000,https://www.sec.gov/Archives/edgar/data/1111928/000111192820000030/0001111928-20-000030-index.html,https://www.sec.gov/Archives/edgar/data/1111928/000111192820000030/ipgp-20191231.htm,1620593711,16:55:11,20210509
6,2019-09-30,IPGP,USD,2019-11-05 00:00:00,2019-11-05 16:17:21,Q3,329138000,176280000,152858000,0.4644191797969241,32160000.0,26776000.0,18969000.0,-520000.0,77905000.0,254185000,0.0,25045000.0,99998000.0,0.30381785147871104,74953000.0,0.22772514872181274,-1328000.0,77359000.0,0.23503515242846465,20232000.0,57253000.0,0.17394831347337592,1.08,1.07,52928000,53622000,https://www.sec.gov/Archives/edgar/data/1111928/000111192819000139/0001111928-19-000139-index.html,https://www.sec.gov/Archives/edgar/data/1111928/000111192819000139/ipgp-20190930.htm,1620593711,16:55:11,20210509
7,2019-06-30,IPGP,USD,2019-08-06 00:00:00,2019-08-06 16:10:34,Q2,363769000,183532000,180237000,0.49547102694292255,34872000.0,28538000.0,20663000.0,658000.0,84073000.0,267605000,0.0,24684000.0,120848000.0,0.3322108261011796,96164000.0,0.2643545766681603,-4416000.0,95799000.0,0.26335119265248,23278000.0,72272000.0,0.19867553309930203,1.36,1.34,53042000,53848000,https://www.sec.gov/Archives/edgar/data/1111928/000111192819000123/0001111928-19-000123-index.html,https://www.sec.gov/Archives/edgar/data/1111928/000111192819000123/ipgp-20190630.htm,1620593711,16:55:11,20210509
8,2019-03-31,IPGP,USD,2019-05-08 00:00:00,2019-05-08 16:08:40,Q1,315047000,166136000,148911000,0.4726628090411907,32496000.0,27212000.0,19275000.0,-9000.0,78983000.0,245119000,0.0,22802000.0,92730000.0,0.29433703542646017,69928000.0,0.22196053287287293,-1622000.0,72258000.0,0.22935625478103266,17342000.0,55159000.0,0.17508181318977803,1.04,1.02,53001000,53874000,https://www.sec.gov/Archives/edgar/data/1111928/000111192819000079/0001111928-19-000079-index.html,https://www.sec.gov/Archives/edgar/data/1111928/000111192819000079/ipgp-20190331.htm,1620593711,16:55:11,20210509
9,2018-12-31,IPGP,USD,2019-02-27 00:00:00,2019-02-27 16:33:14,Q4,330051000,163303000,166748000,0.5052188904139058,31501000.0,27572000.0,16284000.0,681000.0,75357000.0,238660000,0.0,21377000.0,112768000.0,0.34166840882166694,91391000.0,0.27689963066313994,5342000.0,100865000.0,0.30560428539831724,25399000.0,75559000.0,0.22893128637695387,1.42,1.4,53243000,54107000,https://www.sec.gov/Archives/edgar/data/1111928/000111192819000035/0001111928-19-000035-index.html,https://www.sec.gov/Archives/edgar/data/1111928/000111192819000035/ipgp-20181231.htm,1620593711,16:55:11,20210509
10,2018-09-30,IPGP,USD,2018-11-05 00:00:00,2018-11-05 16:31:54,Q3,356346000,161162000,195184000,0.5477373114893951,30909000.0,25245000.0,13479000.0,423000.0,69633000.0,230795000,0.0,20167000.0,145718000.0,0.4089227885257587,125551000.0,0.35232891627799945,-1265000.0,128170000.0,0.3596785147020031,27418000.0,100517000.0,0.28207697013576694,1.88,1.84,53571000,54696000,https://www.sec.gov/Archives/edgar/data/1111928/000111192818000137/0001111928-18-000137-index.html,https://www.sec.gov/Archives/edgar/data/1111928/000111192818000137/ipgp-20180930.htm,1620593711,16:55:11,20210509
11,2018-06-30,IPGP,USD,2018-08-09 00:00:00,2018-08-09 16:14:58,Q2,413613000,178638000,234975000,0.5681035170557985,31813000.0,24117000.0,14536000.0,386000.0,70466000.0,249104000,0.0,19504000.0,184013000.0,0.4448917224555321,164509000.0,0.39773653149199856,-1732000.0,163506000.0,0.39531155935620976,41889000.0,121617000.0,0.2940357290510695,2.27,2.21,53662000,54992000,https://www.sec.gov/Archives/edgar/data/1111928/000111192818000111/0001111928-18-000111-index.html,https://www.sec.gov/Archives/edgar/data/1111928/000111192818000111/ipgp-20180630x10q.htm,1620593711,16:55:11,20210509
12,2018-03-31,IPGP,USD,2018-05-04 00:00:00,2018-05-04 16:05:38,Q1,359864000,156502000,203362000,0.5651079296623168,28546000.0,25495000.0,13516000.0,443000.0,67557000.0,224059000,0.0,19223000.0,155028000.0,0.43079607851855145,135805000.0,0.377378676388858,5738000.0,141854000.0,0.3941878042816175,35520000.0,106334000.0,0.2954838494542383,1.98,1.93,53694000,55182000,https://www.sec.gov/Archives/edgar/data/1111928/000111192818000062/0001111928-18-000062-index.html,https://www.sec.gov/Archives/edgar/data/1111928/000111192818000062/ipgp-20180331x10q.htm,1620593711,16:55:11,20210509
13,2017-12-31,IPGP,USD,2018-02-28 00:00:00,2018-02-27 17:43:31,Q4,361055000,152262000,208793000,0.5782858567254296,26589000.0,21576000.0,13454000.0,69000.0,61619000.0,213881000,0.0,18152000.0,165326000.0,0.4578969963025024,147174000.0,0.4076221074351553,1162000.0,148422000.0,0.41107864452784204,95466000.0,52956000.0,0.14667017490410048,0.99,0.96,53460000,54923000,https://www.sec.gov/Archives/edgar/data/1111928/000111192818000034/0001111928-18-000034-index.html,https://www.sec.gov/Archives/edgar/data/1111928/000111192818000034/ipgp-20171231x10k.htm,1620593711,16:55:11,20210509
14,2017-09-30,IPGP,USD,2017-11-07 00:00:00,2017-11-07 16:37:11,Q3,392615000,168060000,224555000,0.5719470728321638,25541000.0,21491000.0,13384000.0,459000.0,60416000.0,228476000,0.0,16702000.0,180841000.0,0.46060644651885435,164139000.0,0.4180660443436955,-3458000.0,160556000.0,0.4089400557798352,44959000.0,115597000.0,0.2944283840403449,2.16,2.11,53440000,54698000,https://www.sec.gov/Archives/edgar/data/1111928/000111192817000158/0001111928-17-000158-index.html,https://www.sec.gov/Archives/edgar/data/1111928/000111192817000158/ipgp-20170930x10q.htm,1620593711,16:55:11,20210509
15,2017-06-30,IPGP,USD,2017-08-08 00:00:00,2017-08-08 16:43:31,Q2,369373000,163077000,206296000,0.5585031932491005,25960000.0,19875000.0,12136000.0,23000.0,57971000.0,221048000,0.0,15210000.0,163535000.0,0.44273674578271827,148325000.0,0.4015588578482997,-7160000.0,141633000.0,0.3834416700733405,37530000.0,104116000.0,0.2818722537922371,1.95,1.91,53380000,54471000,https://www.sec.gov/Archives/edgar/data/1111928/000111192817000144/0001111928-17-000144-index.html,https://www.sec.gov/Archives/edgar/data/1111928/000111192817000144/ipgp-20170630x10q.htm,1620593711,16:55:11,20210509
16,2017-03-31,IPGP,USD,2017-05-08 00:00:00,2017-05-08 16:26:55,Q1,285846000,128579000,157267000,0.5501808666204879,22780000.0,17726000.0,10827000.0,-529000.0,51333000.0,179912000,0.0,14504000.0,120438000.0,0.4213387628303352,105934000.0,0.3705981542508903,-4982000.0,101260000.0,0.3542466922748613,26328000.0,74945000.0,0.26218663196266523,1.4,1.38,53368000,54370000,https://www.sec.gov/Archives/edgar/data/1111928/000111192817000098/0001111928-17-000098-index.html,https://www.sec.gov/Archives/edgar/data/1111928/000111192817000098/ipgp-20170331x10q.htm,1620593711,16:55:11,20210509
17,2016-12-31,IPGP,USD,2017-02-27 00:00:00,2017-02-27 16:51:36,Q4,280121000,124786000,155335000,0.5545282217327512,22108000.0,19637000.0,10210000.0,606000.0,51955000.0,176741000,0.0,13829000.0,117209000.0,0.4184227530245858,103380000.0,0.3690548013180019,2426000.0,106275000.0,0.3793896209138194,31146000.0,75132000.0,0.2682126652410922,1.42,1.39,53097000,53873000,https://www.sec.gov/Archives/edgar/data/1111928/000111192817000055/0001111928-17-000055-index.html,https://www.sec.gov/Archives/edgar/data/1111928/000111192817000055/ipgp-20161231x10k.htm,1620593711,16:55:11,20210509
18,2016-09-30,IPGP,USD,2016-11-02 00:00:00,2016-11-02 16:06:04,Q3,266017000,121226000,144791000,0.5442922820721984,20543000.0,16797000.0,10460000.0,194000.0,47800000.0,169026000,0.0,13993000.0,110984000.0,0.4172064191386265,96991000.0,0.364604517756384,-2711000.0,94653000.0,0.35581560576955606,25426000.0,69235000.0,0.2602653213892345,1.3,1.29,53071000,53761000,https://www.sec.gov/Archives/edgar/data/1111928/000111192816000274/0001111928-16-000274-index.html,https://www.sec.gov/Archives/edgar/data/1111928/000111192816000274/ipgp-20160930x10q.htm,1620593711,16:55:11,20210509
19,2016-06-30,IPGP,USD,2016-08-08,2016-08-08 17:15:16,Q2,252787000,115084000,137703000,0.5447392468758283,18412000.0,16151000.0,9689000.0,141000.0,44252000.0,159336000,0.0,12259000.0,105710000.0,0.4181781499839786,93451000.0,0.369682776408597,1697000.0,95418000.0,0.3774640309826059,28387000.0,67058000.0,0.26527471744986886,1.26,1.25,53065000,53788000,https://www.sec.gov/Archives/edgar/data/1111928/000111192816000255/ipgp-20160630x10q.htm,https://www.sec.gov/Archives/edgar/data/1111928/000111192816000255/ipgp-20160630x10q.htm,1620593711,16:55:11,20210509
20,2016-03-31,IPGP,USD,2016-05-09 00:00:00,2016-05-09 16:14:23,Q1,207248000,92838000,114410000,0.5520439280475565,17489000.0,13901000.0,8034000.0,7000.0,39424000.0,132262000,0.0,11394000.0,86380000.0,0.41679533698757043,74986000.0,0.3618177256234077,-4960000.0,70218000.0,0.33881147224581176,20890000.0,49326000.0,0.23800470933374507,0.93,0.92,52898000,53621000,https://www.sec.gov/Archives/edgar/data/1111928/000111192816000202/0001111928-16-000202-index.html,https://www.sec.gov/Archives/edgar/data/1111928/000111192816000202/ipgp-20160331x10q.htm,1620593711,16:55:11,20210509
21,2015-12-31,IPGP,USD,2016-02-26 00:00:00,2016-02-26 16:49:51,Q4,223626000,101583000,122043000,0.5457460223766467,17769000.0,14718000.0,8640000.0,-503000.0,41127000.0,142710000,0.0,11336000.0,92252000.0,0.4125280602434422,80916000.0,0.36183628021786374,1597000.0,82547000.0,0.369129707636858,21869000.0,60704000.0,0.2714532299464284,1.15,1.14,52714000,53434000,https://www.sec.gov/Archives/edgar/data/1111928/000111192816000159/0001111928-16-000159-index.html,https://www.sec.gov/Archives/edgar/data/1111928/000111192816000159/ipgp-20151231x10k.htm,1620593711,16:55:11,20210509
22,2015-09-30,IPGP,USD,2015-11-03 00:00:00,2015-11-03 16:10:27,Q3,243541000,110237000,133304000,0.5473575291224065,16221000.0,14679000.0,7717000.0,132000.0,38617000.0,148854000,0.0,10903000.0,105590000.0,0.43356149477911315,94687000.0,0.38879285212756787,-4993000.0,89654000.0,0.36812692729355634,26897000.0,62791000.0,0.25782517112108433,1.19,1.18,52675000,53392000,https://www.sec.gov/Archives/edgar/data/1111928/000111192815000133/0001111928-15-000133-index.html,https://www.sec.gov/Archives/edgar/data/1111928/000111192815000133/ipgp-20150930x10q.htm,1620593711,16:55:11,20210509
23,2015-06-30,IPGP,USD,2015-08-03 00:00:00,2015-08-03 16:52:09,Q2,235138000,106435000,128703000,0.5473509173336509,15114000.0,15017000.0,7962000.0,161000.0,38093000.0,144528000,0.0,10433000.0,101043000.0,0.4297178678052888,90610000.0,0.38534817851644565,-3006000.0,87492000.0,0.37208788030858475,26248000.0,61299000.0,0.26069372028340804,1.16,1.15,52657000,53442000,https://www.sec.gov/Archives/edgar/data/1111928/000111192815000112/0001111928-15-000112-index.html,https://www.sec.gov/Archives/edgar/data/1111928/000111192815000112/ipgp-20150630x10q.htm,1620593711,16:55:11,20210509
24,2015-03-31,IPGP,USD,2015-05-06 00:00:00,2015-05-06 16:40:50,Q1,198960000,91133000,107827000,0.5419531564133494,14230000.0,12778000.0,7549000.0,85000.0,34557000.0,125690000,0.0,9743000.0,83013000.0,0.4172346200241255,73270000.0,0.368264977885002,8837000.0,81923000.0,0.4117561318858062,24577000.0,57359000.0,0.28829412947326094,1.09,1.08,52486000,53267000,https://www.sec.gov/Archives/edgar/data/1111928/000111192815000070/0001111928-15-000070-index.html,https://www.sec.gov/Archives/edgar/data/1111928/000111192815000070/ipgp-20150331x10q.htm,1620593711,16:55:11,20210509
25,2014-12-31,IPGP,USD,2015-03-02,2015-03-02 08:00:33,Q4,207402000,93485000,113917000,0.5492569984860319,13810000.0,15126000.0,7929000.0,58000.0,36865000.0,130350000,0.0,9203000.0,86255000.0,0.4158831640967782,77052000.0,0.37151040009257386,2637000.0,79755000.0,0.38454306130124105,23324000.0,56431000.0,0.2720851293623012,1.08,1.07,52153000,52873000,https://www.sec.gov/Archives/edgar/data/1111928/000111192815000040/ipgp-20141231x10k.htm,https://www.sec.gov/Archives/edgar/data/1111928/000111192815000040/ipgp-20141231x10k.htm,1620593711,16:55:11,20210509
26,2014-09-30,IPGP,USD,2014-11-07 00:00:00,2014-11-07 16:35:16,Q3,199651000,90561000,109090000,0.5464034740622387,13447000.0,14172000.0,7496000.0,162000.0,35115000.0,125676000,0.0,9321000.0,83296000.0,0.41720802800887546,73975000.0,0.3705215601224136,3776000.0,77747000.0,0.3894145283519742,22547000.0,55200000.0,0.27648246189600856,1.06,1.05,52088000,52792000,https://www.sec.gov/Archives/edgar/data/1111928/000111192814000143/0001111928-14-000143-index.html,https://www.sec.gov/Archives/edgar/data/1111928/000111192814000143/ipgp-20140930x10q.htm,1620593711,16:55:11,20210509
27,2014-06-30,IPGP,USD,2014-08-05 00:00:00,2014-08-05 16:55:38,Q2,192204000,87977000,104227000,0.5422727934902499,13362000.0,13124000.0,8047000.0,239000.0,34533000.0,122510000,0.0,8986000.0,78680000.0,0.4093567251461988,69694000.0,0.36260431624732054,-706000.0,68988000.0,0.3589311356683524,20705000.0,48283000.0,0.2512070508418139,0.93,0.92,52068000,52769000,https://www.sec.gov/Archives/edgar/data/1111928/000111192814000096/0001111928-14-000096-index.html,https://www.sec.gov/Archives/edgar/data/1111928/000111192814000096/ipgp-20140630x10q.htm,1620593711,16:55:11,20210509
28,2014-03-31,IPGP,USD,2014-05-06 00:00:00,2014-05-06 17:09:52,Q1,170575000,81291000,89284000,0.5234295764326543,12784000.0,12916000.0,7165000.0,334000.0,32865000.0,114156000,0.0,8102000.0,64521000.0,0.37825589916459035,56419000.0,0.330757731203283,1704000.0,57984000.0,0.33993258097611023,17453000.0,40531000.0,0.23761395280668327,0.78,0.77,51970000,52724000,https://www.sec.gov/Archives/edgar/data/1111928/000111192814000024/0001111928-14-000024-index.html,https://www.sec.gov/Archives/edgar/data/1111928/000111192814000024/ipgp-20140331x10q.htm,1620593711,16:55:11,20210509
29,2013-12-31,IPGP,USD,2014-02-28,2014-02-28 16:03:09,Q4,165859000,84337000,81522000,0.4915138762442798,10878000.0,13049000.0,7178000.0,106000.0,31105000.0,115442000,0.0,8110000.0,58527000.0,0.35287201779825034,50417000.0,0.3039750631560542,-1458000.0,48983000.0,0.2953291651342405,12388000.0,36595000.0,0.22063921764872574,0.71,0.7,51660000,52487000,https://www.sec.gov/Archives/edgar/data/1111928/000111192814000013/ipgp-20131231x10k.htm,https://www.sec.gov/Archives/edgar/data/1111928/000111192814000013/ipgp-20131231x10k.htm,1620593711,16:55:11,20210509
30,2013-09-30,IPGP,USD,2013-11-08 00:00:00,2013-11-08 16:09:38,Q3,172152000,79339000,92813000,0.5391340210976346,11501000.0,13175000.0,6801000.0,218000.0,31477000.0,110816000,0.0,8529000.0,69865000.0,0.4058332171569311,61336000.0,0.35628979041777037,-1345000.0,60054000.0,0.34884288303359823,17716000.0,42338000.0,0.24593382592127888,0.82,0.81,51495000,52367000,https://www.sec.gov/Archives/edgar/data/1111928/000111192813000138/0001111928-13-000138-index.html,https://www.sec.gov/Archives/edgar/data/1111928/000111192813000138/ipgp-20130930x10q.htm,1620593711,16:55:11,20210509
31,2013-06-30,IPGP,USD,2013-08-08 00:00:00,2013-08-08 16:14:31,Q2,168171000,78249000,89922000,0.5347057459371711,10483000.0,12829000.0,6845000.0,-239000.0,30157000.0,108406000,0.0,7668000.0,67433000.0,0.40097876566114254,59765000.0,0.35538231918701796,-129000.0,59601000.0,0.35440712132293917,17881000.0,41720000.0,0.24808082249614974,0.81,0.8,51462000,52385000,https://www.sec.gov/Archives/edgar/data/1111928/000111192813000101/0001111928-13-000101-index.html,https://www.sec.gov/Archives/edgar/data/1111928/000111192813000101/ipgp-20130630x10q.htm,1620593711,16:55:11,20210509
32,2013-03-31,IPGP,USD,2013-05-10 00:00:00,2013-05-10 08:31:54,Q1,141852000,66211000,75641000,0.5332388686800327,8798000.0,11810000.0,5868000.0,70000.0,26476000.0,92687000,0.0,7217000.0,56382000.0,0.3974706031638609,49165000.0,0.3465936328003835,551000.0,49663000.0,0.3501043340946902,14536000.0,35127000.0,0.24763133406649185,0.68,0.67,51407000,52350000,https://www.sec.gov/Archives/edgar/data/1111928/000119312513212636/0001193125-13-212636-index.html,https://www.sec.gov/Archives/edgar/data/1111928/000119312513212636/d534329d10q.htm,1620593711,16:55:11,20210509
33,2012-12-31,IPGP,USD,2013-02-28 00:00:00,2013-02-28 17:15:28,Q4,145030000,69856000,75174000,0.5183341377646005,9270000.0,9937000.0,7074000.0,989000.0,26281000.0,96137000,0.0,6976000.0,55869000.0,0.38522374681100463,48893000.0,0.33712335378887126,-645000.0,48026000.0,0.3311452802868372,13114000.0,34912000.0,0.24072260911535545,0.68,0.67,51110000,52116000,https://www.sec.gov/Archives/edgar/data/1111928/000119312513084799/0001193125-13-084799-index.html,https://www.sec.gov/Archives/edgar/data/1111928/000119312513084799/d447999d10k.htm,1620593711,16:55:11,20210509
34,2012-09-30,IPGP,USD,2012-11-06 00:00:00,2012-11-06 16:19:08,Q3,156379000,70420000,85959000,0.5496837810703483,7762000.0,10609000.0,5785000.0,0.0,24156000.0,94576000,0.0,6810000.0,68613000.0,0.438760958952289,61803000.0,0.3952129122196714,-1591000.0,60267000.0,0.3853906215028872,17832000.0,42435000.0,0.2713599652127204,0.83,0.81,51090000,52102000,https://www.sec.gov/Archives/edgar/data/1111928/000119312512454543/0001193125-12-454543-index.html,https://www.sec.gov/Archives/edgar/data/1111928/000119312512454543/d432948d10q.htm,1620593711,16:55:11,20210509
35,2012-06-30,IPGP,USD,2012-08-03 00:00:00,2012-08-03 17:13:58,Q2,137927000,63017000,74910000,0.5431133860665425,7229000.0,8736000.0,5854000.0,0.0,21819000.0,84836000,0.0,6143000.0,59234000.0,0.42945906167755404,53091000.0,0.3849210089395115,3262000.0,56968000.0,0.41303008112987305,17119000.0,37742000.0,0.273637503896989,0.74,0.72,50989000,52071000,https://www.sec.gov/Archives/edgar/data/1111928/000119312512335119/0001193125-12-335119-index.html,https://www.sec.gov/Archives/edgar/data/1111928/000119312512335119/d390979d10q.htm,1620593711,16:55:11,20210509
36,2012-03-31,IPGP,USD,2012-05-08 00:00:00,2012-05-08 16:07:06,Q1,123192000,54508000,68684000,0.5575362036495877,7140000.0,9949000.0,5132000.0,0.0,22221000.0,76729000,129000.0,6215000.0,52678000.0,0.4276089356451718,46463000.0,0.3771592311189038,-2380000.0,43954000.0,0.3567926488733035,13406000.0,29915000.0,0.24283232677446587,0.63,0.61,48446000,49582000,https://www.sec.gov/Archives/edgar/data/1111928/000119312512218400/0001193125-12-218400-index.html,https://www.sec.gov/Archives/edgar/data/1111928/000119312512218400/d348310d10q.htm,1620593711,16:55:11,20210509
37,2011-12-31,IPGP,USD,2012-02-27 00:00:00,2012-02-27 16:04:07,Q4,123524000,57100000,66424000,0.5377416534438652,6580000.0,9943000.0,5280000.0,0.0,21803000.0,78903000,96000.0,5780000.0,50401000.0,0.4080259706615718,44621000.0,0.3612334445128072,1657000.0,46182000.0,0.3738706648100774,14327000.0,31086000.0,0.2516595965156569,0.6416628823845106,0.6416628823845106,48446000,48446000,https://www.sec.gov/Archives/edgar/data/1111928/000119312512081509/0001193125-12-081509-index.html,https://www.sec.gov/Archives/edgar/data/1111928/000119312512081509/d276094d10k.htm,1620593711,16:55:11,20210509
38,2011-09-30,IPGP,USD,2011-11-08 00:00:00,2011-11-08 08:00:19,Q3,129064000,58605000,70459000,0.5459229529535734,6501000.0,10997000.0,5656000.0,0.0,23154000.0,81759000,209000.0,6227000.0,53532000.0,0.4147709663422798,47305000.0,0.3665235851980413,2072000.0,49168000.0,0.3809582842620715,14899000.0,32869000.0,0.25467210066323687,0.68,0.66,47483000,48747000,https://www.sec.gov/Archives/edgar/data/1111928/000095012311096210/0000950123-11-096210-index.html,https://www.sec.gov/Archives/edgar/data/1111928/000095012311096210/b87820e10vq.htm,1620593711,16:55:11,20210509
39,2011-06-30,IPGP,USD,2011-08-08 00:00:00,2011-08-08 17:25:20,Q2,121936000,55230000,66706000,0.547057472772602,6610000.0,8333000.0,5847000.0,0.0,20790000.0,76020000,170000.0,6297000.0,52213000.0,0.42820003936491274,45916000.0,0.3765581944626689,-412000.0,45334000.0,0.37178519879280936,13827000.0,30736000.0,0.25206665791890825,0.65,0.63,47310000,48610000,https://www.sec.gov/Archives/edgar/data/1111928/000095012311074514/0000950123-11-074514-index.html,https://www.sec.gov/Archives/edgar/data/1111928/000095012311074514/b87596e10vq.htm,1620593711,16:55:11,20210509
40,2011-03-31,IPGP,USD,2011-05-09 00:00:00,2011-05-09 16:05:59,Q1,99958000,46292000,53666000,0.5368854919066007,5731000.0,8169000.0,4948000.0,8000.0,18848000.0,65140000,206000.0,5658000.0,40476000.0,0.40493007062966446,34818000.0,0.3483262970447588,-712000.0,33900000.0,0.33914243982472636,10522000.0,23068000.0,0.2307769263090498,0.49,0.47,47099000,48690000,https://www.sec.gov/Archives/edgar/data/1111928/000095012311047378/0000950123-11-047378-index.html,https://www.sec.gov/Archives/edgar/data/1111928/000095012311047378/b86110e10vq.htm,1620593711,16:55:11,20210509
41,2010-12-31,IPGP,USD,2011-03-15,2011-03-15 17:21:27,Q4,100985000,45466000,55519000,0.5497747190176759,5292000.0,6633000.0,5303000.0,0.0,16705000.0,62171000,0.0,5747000.0,44561000.0,0.4412635539931673,38814000.0,0.3843541119968312,453000.0,38828000.0,0.3844927464474922,11560000.0,27062000.0,0.26798039312769223,0.574576954924733,0.574576954924733,47099000,47099000,https://www.sec.gov/Archives/edgar/data/1111928/000095012311025637/b84118e10vk.htm,https://www.sec.gov/Archives/edgar/data/1111928/000095012311025637/b84118e10vk.htm,1620593711,16:55:11,20210509
42,2010-09-30,IPGP,USD,2010-11-09 00:00:00,2010-11-09 16:05:19,Q3,79809000,39878000,39931000,0.5003320427520705,4981000.0,7800000.0,4527000.0,0.0,19386000.0,59264000,0.0,5584000.0,26129000.0,0.3273941535415805,20545000.0,0.2574271072184841,-322000.0,19873000.0,0.2490070042225814,6558000.0,13226000.0,0.16572065807114486,0.28422839705155484,0.2772746331236897,46533000,47700000,https://www.sec.gov/Archives/edgar/data/1111928/000095012310103235/0000950123-10-103235-index.html,https://www.sec.gov/Archives/edgar/data/1111928/000095012310103235/b82921e10vq.htm,1620593711,16:55:11,20210509
43,2010-06-30,IPGP,USD,2010-08-09 00:00:00,2010-08-09 16:51:47,Q2,67258000,36797000,30461000,0.45289779654464896,4729000.0,7384000.0,4932000.0,0.0,14750000.0,51547000,191000.0,5288000.0,20999000.0,0.31221564720925393,15711000.0,0.23359302982544827,-26000.0,15494000.0,0.23036664783371494,5149000.0,10306000.0,0.1532308424276666,0.22297706620510602,0.21773392770371622,46220000,47333000,https://www.sec.gov/Archives/edgar/data/1111928/000095012310075116/0000950123-10-075116-index.html,https://www.sec.gov/Archives/edgar/data/1111928/000095012310075116/b81588e10vq.htm,1620593711,16:55:11,20210509
44,2010-03-31,IPGP,USD,2010-05-10 00:00:00,2010-05-10 16:05:24,Q1,51204000,30657000,20547000,0.4012772439653152,4158000.0,6828000.0,4338000.0,0.0,15216000.0,45873000,208000.0,5226000.0,10557000.0,0.2061752988047809,5331000.0,0.10411295992500585,-66000.0,5057000.0,0.09876181548316537,1633000.0,3397000.0,0.06634247324427779,0.07369083257408131,0.07198406475811066,46098000,47191000,https://www.sec.gov/Archives/edgar/data/1111928/000095012310047146/0000950123-10-047146-index.html,https://www.sec.gov/Archives/edgar/data/1111928/000095012310047146/b80519e10vq.htm,1620593711,16:55:11,20210509
45,2009-12-31,IPGP,USD,2010-03-15 00:00:00,2010-03-15 16:20:24,Q4,54293000,34381000,19912000,0.36675077818503304,5098000.0,5797000.0,4300000.0,0.0,15242000.0,49623000,229000.0,5148000.0,9818000.0,0.18083362496086053,4670000.0,0.08601477170169267,223000.0,4664000.0,0.08590426021770763,1507000.0,3122000.0,0.057502808833551286,0.06772528092325046,0.06772528092325046,46098000,46098000,https://www.sec.gov/Archives/edgar/data/1111928/000095012310024694/0000950123-10-024694-index.html,https://www.sec.gov/Archives/edgar/data/1111928/000095012310024694/b78702e10vk.htm,1620593711,16:55:11,20210509
46,2009-09-30,IPGP,USD,2009-11-06 00:00:00,2009-11-06 08:01:06,Q3,45808000,29085000,16723000,0.3650672371638142,4569000.0,4758000.0,3788000.0,0.0,13075000.0,42160000,266000.0,4981000.0,8629000.0,0.1883732099196647,3648000.0,0.0796367446734195,-75000.0,3307000.0,0.07219263010827803,1041000.0,2255000.0,0.04922720922109675,0.04948105237750423,0.048292108362779744,45573000,46695000,https://www.sec.gov/Archives/edgar/data/1111928/000095012309058842/0000950123-09-058842-index.html,https://www.sec.gov/Archives/edgar/data/1111928/000095012309058842/b77453e10vq.htm,1620593711,16:55:11,20210509
47,2009-06-30,IPGP,USD,2009-08-10 00:00:00,2009-08-10 16:02:46,Q2,40385000,28613000,11772000,0.2914943667203169,4734000.0,4944000.0,3880000.0,0.0,13558000.0,42171000,367000.0,4663000.0,2877000.0,0.07123932153027114,-1786000.0,-0.04422434072056457,464000.0,-1689000.0,-0.041822458833725394,-524000.0,-1229000.0,-0.030432091122941686,-0.03,-0.03,45431000,45431000,https://www.sec.gov/Archives/edgar/data/1111928/000095012309032860/0000950123-09-032860-index.html,https://www.sec.gov/Archives/edgar/data/1111928/000095012309032860/b76208e10vq.htm,1620593711,16:55:11,20210509
48,2009-03-31,IPGP,USD,2009-05-11 00:00:00,2009-05-11 16:41:45,Q1,45408000,29547000,15861000,0.34929968287526425,4142000.0,4990000.0,3189000.0,0.0,13836000.0,43383000,390000.0,4380000.0,6405000.0,0.14105443974630022,2025000.0,0.04459566596194503,-148000.0,1487000.0,0.03274753347427766,461000.0,1271000.0,0.027990662438336856,0.02818556792477935,0.027539434910729764,45094000,46152000,https://www.sec.gov/Archives/edgar/data/1111928/000095013509003863/0000950135-09-003863-index.html,https://www.sec.gov/Archives/edgar/data/1111928/000095013509003863/b75196ipe10vq.htm,1620593711,16:55:11,20210509
49,2008-12-31,IPGP,USD,2009-03-12 00:00:00,2009-03-11 18:45:51,Q4,58194000,31663000,26531000,0.45590610715881363,4353000.0,7384000.0,0.0,0.0,11737000.0,43400000,0.0,4733000.0,19527000.0,0.335550056706877,14794000.0,0.25421864797058114,-288000.0,14201000.0,0.2440285940131285,4746000.0,9060000.0,0.1556861532116713,0.20091364704838782,0.20091364704838782,45094000,45094000,https://www.sec.gov/Archives/edgar/data/1111928/000095013509001664/0000950135-09-001664-index.html,https://www.sec.gov/Archives/edgar/data/1111928/000095013509001664/b73458ipe10vk.htm,1620593711,16:55:11,20210509
50,2008-09-30,IPGP,USD,2008-11-10 00:00:00,2008-11-10 16:00:38,Q3,62012000,32590000,29422000,0.47445655679545895,4130000.0,8203000.0,0.0,0.0,12333000.0,44923000,0.0,3576000.0,20665000.0,0.3332419531703541,17089000.0,0.275575695026769,-103000.0,16792000.0,0.2707862994259176,5310000.0,10893000.0,0.1756595497645617,0.24,0.23,44685000,46375000,https://www.sec.gov/Archives/edgar/data/1111928/000095013508007095/0000950135-08-007095-index.html,https://www.sec.gov/Archives/edgar/data/1111928/000095013508007095/b72660ipe10vq.htm,1620593711,16:55:11,20210509
51,2008-06-30,IPGP,USD,2008-08-11 00:00:00,2008-08-11 08:01:23,Q2,55994000,29047000,26947000,0.48124799085616315,4447000.0,9727000.0,0.0,0.0,14174000.0,43221000,0.0,3916000.0,16689000.0,0.29804979104904095,12773000.0,0.22811372647069328,489000.0,13079000.0,0.23357859770689718,4058000.0,8552000.0,0.1527306497124692,0.19280802615263218,0.1853810803780456,44355000,46132000,https://www.sec.gov/Archives/edgar/data/1111928/000095013508005498/0000950135-08-005498-index.html,https://www.sec.gov/Archives/edgar/data/1111928/000095013508005498/b71180ipe10vq.htm,1620593711,16:55:11,20210509
52,2008-03-31,IPGP,USD,2008-05-12 00:00:00,2008-05-12 08:00:35,Q1,52876000,28476000,24400000,0.46145699372115895,2874000.0,8986000.0,0.0,0.0,11860000.0,40336000,0.0,3609000.0,16149000.0,0.3054126635902867,12540000.0,0.23715863529767758,47000.0,12492000.0,0.23625085104773433,3997000.0,8149000.0,0.1541152885997428,0.18480553350720036,0.17699441801872245,44095000,46041000,https://www.sec.gov/Archives/edgar/data/1111928/000095013508003610/0000950135-08-003610-index.html,https://www.sec.gov/Archives/edgar/data/1111928/000095013508003610/b69713ige10vq.htm,1620593711,16:55:11,20210509
53,2007-12-31,IPGP,USD,2008-03-13,2008-03-13 07:33:21,Q4,55067000,31440000,23627000,0.4290591461310767,2656000.0,8619000.0,0.0,0.0,11275000.0,42715000,0.0,3749000.0,16101000.0,0.2923892712513847,12352000.0,0.22430856956071696,267000.0,12582000.0,0.22848529972578857,3899000.0,8337000.0,0.15139738863566202,0.18906905544846356,0.18906905544846356,44095000,44095000,https://www.sec.gov/Archives/edgar/data/1111928/000095013508001746/b68195ipe10vk.htm,https://www.sec.gov/Archives/edgar/data/1111928/000095013508001746/b68195ipe10vk.htm,1620593711,16:55:11,20210509
54,2007-09-30,IPGP,USD,2007-11-09 00:00:00,2007-11-08 19:34:48,Q3,47905000,26200000,21705000,0.45308422920363217,2354000.0,6537000.0,0.0,0.0,8891000.0,35091000,0.0,3145000.0,15959000.0,0.333138503287757,12814000.0,0.26748773614445254,309000.0,13321000.0,0.2780711825487945,3505000.0,8557000.0,0.17862436071391297,0.2,0.19,43362000,45731000,https://www.sec.gov/Archives/edgar/data/1111928/000095013507006860/0000950135-07-006860-index.html,https://www.sec.gov/Archives/edgar/data/1111928/000095013507006860/b67200ipe10vq.htm,1620593711,16:55:11,20210509
55,2007-06-30,IPGP,USD,2007-08-13 00:00:00,2007-08-13 16:15:32,Q2,43952000,23633000,20319000,0.46229978157990537,2388000.0,7825000.0,0.0,0.0,10213000.0,33846000,0.0,2685000.0,12791000.0,0.2910220240262104,10106000.0,0.22993265380414998,-8000.0,10215000.0,0.23241263196214051,3611000.0,6388000.0,0.14534037131416092,0.15,0.14,42974000,45631000,https://www.sec.gov/Archives/edgar/data/1111928/000095013507005013/0000950135-07-005013-index.html,https://www.sec.gov/Archives/edgar/data/1111928/000095013507005013/b66175ipe10vq.htm,1620593711,16:55:11,20210509
56,2007-03-31,IPGP,USD,2007-05-15 00:00:00,2007-05-15 13:47:28,Q1,41753000,22422000,19331000,0.4629846957104879,2129000.0,6150000.0,0.0,0.0,8279000.0,30701000,0.0,2725000.0,13777000.0,0.3299643139415132,11052000.0,0.2646995425478409,44000.0,11492000.0,0.2752377074701219,4507000.0,6613000.0,0.15838382870691925,0.15411685194248292,0.1450155694925661,42909000,45602000,https://www.sec.gov/Archives/edgar/data/1111928/000095013507003173/0000950135-07-003173-index.html,https://www.sec.gov/Archives/edgar/data/1111928/000095013507003173/b65210ipe10vq.htm,1620593711,16:55:11,20210509
