,date,symbol,reportedCurrency,fillingDate,acceptedDate,period,revenue,costOfRevenue,grossProfit,grossProfitRatio,researchAndDevelopmentExpenses,generalAndAdministrativeExpenses,sellingAndMarketingExpenses,otherExpenses,operatingExpenses,costAndExpenses,interestExpense,depreciationAndAmortization,ebitda,ebitdaratio,operatingIncome,operatingIncomeRatio,totalOtherIncomeExpensesNet,incomeBeforeTax,incomeBeforeTaxRatio,incomeTaxExpense,netIncome,netIncomeRatio,eps,epsdiluted,weightedAverageShsOut,weightedAverageShsOutDil,link,finalLink,timestamp,est_time,est_date
0,2020-09-30,RASP,USD,2021-01-15,2021-01-15 14:14:29,Q4,0.0,0.0,0.0,0.0,0.0,133079.0,0.0,4965.279,133079.0,133079.0,11653.0,409.0,-132670.0,0.0,-133079.0,0.0,-2148779.0,-2293511.0,0.0,-3034.0,-2290477.0,0.0,-0.033239636911259786,-0.033239636911259786,68908003.0,68908003.0,https://www.sec.gov/Archives/edgar/data/1582249/000121390021002479/0001213900-21-002479-index.htm,https://www.sec.gov/Archives/edgar/data/1582249/000121390021002479/rasp-20200930.htm,1620597069,17:51:09,20210509
1,2020-06-30,RASP,USD,2020-08-19,2020-08-19 16:21:28,Q3,0.0,0.0,0.0,0.0,0.0,92564.0,0.0,38.484,92564.0,92564.0,11631.0,0.409,-92563.591,0.0,-92564.0,0.0,-2602985.0,-2707180.0,0.0,0.0,-2707180.0,0.0,-0.04,-0.04,68908003.0,68908003.0,https://www.sec.gov/Archives/edgar/data/1582249/000121390020022893/0001213900-20-022893-index.htm,https://www.sec.gov/Archives/edgar/data/1582249/000121390020022893/rasp-20200630.htm,1620597069,17:51:09,20210509
2,2020-03-31,RASP,USD,2020-06-30,2020-06-29 18:03:16,Q2,0.0,0.0,0.0,0.0,0.0,181580.0,0.0,0.0,181580.0,181580.0,9393.0,408.0,-181172.0,0.0,-181580.0,0.0,0.0,-190973.0,0.0,0.0,-190973.0,0.0,-0.002771,-0.002771,68908003.0,68908003.0,https://www.sec.gov/Archives/edgar/data/1582249/000121390020016154/rasp-20200331.htm,https://www.sec.gov/Archives/edgar/data/1582249/000121390020016154/rasp-20200331.htm,1620597069,17:51:09,20210509
3,2019-12-31,RASP,USD,2020-01-13 00:00:00,2020-01-13 16:58:44,Q1,0.0,0.0,0.0,0.0,0.0,149281.0,0.0,0.0,149281.0,149281.0,8761.0,409.0,-148872.0,0.0,-149281.0,0.0,0.0,-158042.0,0.0,0.0,-158042.0,0.0,-0.002294,-0.002294,68908003.0,68908003.0,https://www.sec.gov/Archives/edgar/data/1582249/000121390020000885/0001213900-20-000885-index.html,https://www.sec.gov/Archives/edgar/data/1582249/000121390020000885/rasp-20190930.htm,1620597069,17:51:09,20210509
4,2019-09-30,RASP,USD,2020-01-13,2020-01-13,Q4,0.0,0.0,0.0,0.0,-60627.0,121334.0,0.0,0.0,60707.0,60707.0,7050.0,1274.0,-59433.0,0.0,-60707.0,0.0,0.0,-67757.0,0.0,-7584.0,-60173.0,0.0,-0.0008732367414565766,-0.0008732367414565766,68908003.0,68908003.0,https://www.sec.gov/Archives/edgar/data/1582249/000121390020000885/0001213900-20-000885-index.htm,https://www.sec.gov/ix?doc=/Archives/edgar/data/1582249/000121390020000885/rasp-20190930.htm,1620597069,17:51:09,20210509
5,2019-06-30,RASP,USD,2019-08-02 00:00:00,2019-08-02 14:15:15,Q3,0.0,0.0,0.0,0.0,0.0,191845.0,0.0,0.0,191845.0,191845.0,20517.0,-457.0,-192302.0,0.0,-191845.0,0.0,2819.0,-209543.0,0.0,0.0,-209543.0,0.0,-0.003041,-0.003041,68908003.0,68908003.0,https://www.sec.gov/Archives/edgar/data/1582249/000121390019014457/0001213900-19-014457-index.html,https://www.sec.gov/Archives/edgar/data/1582249/000121390019014457/rasp-20190630.htm,1620597069,17:51:09,20210509
6,2019-03-31,RASP,USD,2019-05-15 00:00:00,2019-05-15 17:16:40,Q2,0.0,0.0,0.0,0.0,0.0,263290.0,0.0,0.0,263290.0,263290.0,0.0,1380.0,-261910.0,0.0,-263290.0,0.0,-2070.0,-265360.0,0.0,0.0,-265360.0,0.0,-0.003851,-0.003851,68908003.0,68908003.0,https://www.sec.gov/Archives/edgar/data/1582249/000121390019008887/0001213900-19-008887-index.html,https://www.sec.gov/Archives/edgar/data/1582249/000121390019008887/rasp-20190331.htm,1620597069,17:51:09,20210509
7,2018-12-31,RASP,USD,2019-02-14 00:00:00,2019-02-14 16:20:22,Q1,0.0,0.0,0.0,0.0,75000.0,324328.0,0.0,0.0,399328.0,399328.0,0.0,1274.0,-398054.0,0.0,-399328.0,0.0,-1975.0,-401303.0,0.0,0.0,-401303.0,0.0,-0.01,-0.01,68908003.0,68908003.0,https://www.sec.gov/Archives/edgar/data/1582249/000121390019002568/0001213900-19-002568-index.html,https://www.sec.gov/Archives/edgar/data/1582249/000121390019002568/rasp-20181231.htm,1620597069,17:51:09,20210509
8,2018-09-30,RASP,USD,2018-12-24 00:00:00,2018-12-21 21:54:32,Q4,0.0,0.0,0.0,0.0,-21037.0,426323.0,0.0,0.0,405286.0,405286.0,0.0,475.0,-404811.0,0.0,-405286.0,0.0,1996.0,-403290.0,0.0,2093.0,-405383.0,0.0,-0.005882959632424698,-0.005882959632424698,68908003.0,68908003.0,https://www.sec.gov/Archives/edgar/data/1582249/000121390018017775/0001213900-18-017775-index.html,https://www.sec.gov/Archives/edgar/data/1582249/000121390018017775/rasp-20180930.htm,1620597069,17:51:09,20210509
9,2018-06-30,RASP,USD,2018-08-09 00:00:00,2018-08-09 17:13:58,Q3,0.0,0.0,0.0,0.0,136131.0,673254.0,0.0,0.0,809385.0,809385.0,0.0,1241.0,-808144.0,0.0,-809385.0,0.0,5420.0,-803965.0,0.0,0.0,-803965.0,0.0,-0.01,-0.01,68908003.0,68908003.0,https://www.sec.gov/Archives/edgar/data/1582249/000121390018010607/0001213900-18-010607-index.html,https://www.sec.gov/Archives/edgar/data/1582249/000121390018010607/rasp-20180630.htm,1620597069,17:51:09,20210509
10,2018-03-31,RASP,USD,2018-05-10 00:00:00,2018-05-10 17:30:21,Q2,0.0,0.0,0.0,0.0,32582.0,1104135.0,0.0,0.0,1136717.0,1136717.0,0.0,2107.0,-1134610.0,0.0,-1136717.0,0.0,-7695.0,-1144412.0,0.0,0.0,-1144412.0,0.0,-0.02,-0.02,68908003.0,68908003.0,https://www.sec.gov/Archives/edgar/data/1582249/000121390018005870/0001213900-18-005870-index.html,https://www.sec.gov/Archives/edgar/data/1582249/000121390018005870/rasp-20180331.htm,1620597069,17:51:09,20210509
11,2017-12-31,RASP,USD,2018-02-08 00:00:00,2018-02-07 17:33:30,Q1,0.0,0.0,0.0,0.0,176932.0,1822843.0,0.0,0.0,1999775.0,1999775.0,0.0,1010.0,-1998765.0,0.0,-1999775.0,0.0,-3676.0,-2003451.0,0.0,0.0,-2003451.0,0.0,-0.03,-0.03,68908003.0,68908003.0,https://www.sec.gov/Archives/edgar/data/1582249/000162828018001223/0001628280-18-001223-index.html,https://www.sec.gov/Archives/edgar/data/1582249/000162828018001223/a12312017rasna10-qq1.htm,1620597069,17:51:09,20210509
12,2017-09-30,RASP,USD,2017-11-30,2017-11-30,Q4,0.0,0.0,0.0,0.0,260000.0,1540000.0,0.0,-356004.0,1790000.0,1790000.0,-30000.0,0.0,-1850000.0,0.0,-1790000.0,0.0,0.0,-1820000.0,0.0,10000.0,-1830000.0,0.0,-0.02686,-0.02686,68130000.0,68130000.0,https://www.sec.gov/Archives/edgar/data/1582249/000162828017011941/0001628280-17-011941-index.htm,https://www.sec.gov/Archives/edgar/data/1582249/000162828017011941/a093017rasna10-kproject.htm,1620597069,17:51:09,20210509
13,2017-06-30,RASP,USD,2017-08-09 00:00:00,2017-08-09 17:17:49,Q3,0.0,0.0,0.0,0.0,277326.0,953046.0,0.0,0.0,1230372.0,1230372.0,0.0,865.0,-1229507.0,0.0,-1230372.0,0.0,16816.0,-1213556.0,0.0,0.0,-1213556.0,0.0,-0.02,-0.02,68046465.0,68046465.0,https://www.sec.gov/Archives/edgar/data/1582249/000162828017008478/0001628280-17-008478-index.html,https://www.sec.gov/Archives/edgar/data/1582249/000162828017008478/a30062017rasna10-qq1.htm,1620597069,17:51:09,20210509
14,2017-03-31,RASP,USD,2017-06-29 00:00:00,2017-06-29 17:31:09,Q2,0.0,0.0,0.0,0.0,331213.0,658990.0,0.0,0.0,990203.0,990203.0,0.0,0.0,-1032477.0,0.0,-990203.0,0.0,143070.0,-947929.0,0.0,0.0,-947929.0,0.0,-0.013930613441859177,-0.013930613441859177,68046465.0,68046465.0,https://www.sec.gov/Archives/edgar/data/1582249/000162828017006845/0001628280-17-006845-index.html,https://www.sec.gov/Archives/edgar/data/1582249/000162828017006845/a033117rasna10-kproject.htm,1620597069,17:51:09,20210509
15,2016-12-31,RASP,USD,2017-03-14 00:00:00,2017-03-14 17:30:13,Q1,0.0,0.0,0.0,0.0,366046.0,1011499.0,0.0,0.0,1377545.0,1377545.0,0.0,0.0,-1399006.0,0.0,-1377545.0,0.0,21461.0,-1356084.0,0.0,0.0,-1356084.0,0.0,-0.02,-0.02,65082334.0,65082334.0,https://www.sec.gov/Archives/edgar/data/1582249/000114420417014561/0001144204-17-014561-index.html,https://www.sec.gov/Archives/edgar/data/1582249/000114420417014561/v459884_10q.htm,1620597069,17:51:09,20210509
16,2016-09-30,RASP,USD,2016-11-21 00:00:00,2016-11-21 06:27:32,Q4,0.0,0.0,0.0,0.0,642522.0,699204.0,0.0,0.0,1341726.0,1341726.0,0.0,0.0,-1392082.0,0.0,-1341726.0,0.0,50356.0,-1291370.0,0.0,0.0,-1291370.0,0.0,-0.02,-0.02,61746656.0,61746656.0,https://www.sec.gov/Archives/edgar/data/1582249/000114420416135471/0001144204-16-135471-index.html,https://www.sec.gov/Archives/edgar/data/1582249/000114420416135471/v452348_10q.htm,1620597069,17:51:09,20210509
17,2016-06-30,RASP,USD,2016-06-30,2016-06-30,Q3,0.0,0.0,0.0,0.0,0.0,55199.0,0.0,0.0,55199.0,55199.0,0.0,0.0,-55199.0,0.0,-55199.0,0.0,0.0,-55199.0,0.0,0.0,-55199.0,0.0,-0.0008939593425107912,-0.0008939593425107912,61746656.0,61746656.0,,,1620597069,17:51:09,20210509
18,2016-03-31,RASP,USD,2016-05-20 00:00:00,2016-05-20 12:56:03,Q2,0.0,0.0,0.0,0.0,0.0,1822.0,0.0,0.0,1822.0,1822.0,0.0,0.0,-1822.0,0.0,-1822.0,0.0,0.0,-1822.0,0.0,0.0,-1822.0,0.0,-0.000185,-0.000185,10741250.0,10741250.0,https://www.sec.gov/Archives/edgar/data/1582249/000112785516000670/0001127855-16-000670-index.html,https://www.sec.gov/Archives/edgar/data/1582249/000112785516000670/awmi10q033116.htm,1620597069,17:51:09,20210509
19,2015-12-31,RASP,USD,2016-02-17 00:00:00,2016-02-16 18:11:56,Q1,0.0,0.0,0.0,0.0,0.0,4231.0,0.0,0.0,4231.0,4231.0,0.0,0.0,-4231.0,0.0,-4231.0,0.0,0.0,-4231.0,0.0,0.0,-4231.0,0.0,-0.000394,-0.000394,10741250.0,10741250.0,https://www.sec.gov/Archives/edgar/data/1582249/000112785516000532/0001127855-16-000532-index.html,https://www.sec.gov/Archives/edgar/data/1582249/000112785516000532/awmi10q123115.htm,1620597069,17:51:09,20210509
20,2015-09-30,RASP,USD,2015-11-16 00:00:00,2015-11-16 14:54:53,Q4,0.0,0.0,0.0,0.0,0.0,975.0,0.0,0.0,975.0,975.0,0.0,0.0,-975.0,0.0,-975.0,0.0,0.0,-975.0,0.0,0.0,-975.0,0.0,-9.1e-05,-9.1e-05,10741250.0,10741250.0,https://www.sec.gov/Archives/edgar/data/1582249/000112785515000454/0001127855-15-000454-index.html,https://www.sec.gov/Archives/edgar/data/1582249/000112785515000454/awmi10q093015.htm,1620597069,17:51:09,20210509
21,2015-06-30,RASP,USD,2015-09-28 00:00:00,2015-09-29 23:13:10,Q3,0.0,0.0,0.0,0.0,0.0,3096.0,0.0,0.0,3096.0,3096.0,0.0,0.0,-3096.0,0.0,-3096.0,0.0,0.0,-3096.0,0.0,0.0,-3096.0,0.0,-0.00028823460956592574,-0.00028823460956592574,10741250.0,10741250.0,https://www.sec.gov/Archives/edgar/data/1582249/000112785515000394/0001127855-15-000394-index.html,https://www.sec.gov/Archives/edgar/data/1582249/000112785515000394/awmi10k063015.htm,1620597069,17:51:09,20210509
22,2015-03-31,RASP,USD,2015-05-14 00:00:00,2015-05-14 14:06:35,Q2,0.0,0.0,0.0,0.0,0.0,6559.0,0.0,0.0,6559.0,6559.0,0.0,0.0,-6559.0,0.0,-6559.0,0.0,0.0,-6559.0,0.0,0.0,-6559.0,0.0,-0.000611,-0.000611,10741250.0,10741250.0,https://www.sec.gov/Archives/edgar/data/1582249/000112785515000181/0001127855-15-000181-index.html,https://www.sec.gov/Archives/edgar/data/1582249/000112785515000181/awmi10q033115.htm,1620597069,17:51:09,20210509
23,2014-12-31,RASP,USD,2014-12-31,2014-12-31,Q1,0.0,0.0,0.0,0.0,0.0,3672.0,0.0,0.0,3672.0,3672.0,0.0,0.0,-3672.0,0.0,-3672.0,0.0,0.0,-3672.0,0.0,0.0,-3672.0,0.0,-0.000341859653206098,-0.000341859653206098,10741250.0,10741250.0,,,1620597069,17:51:09,20210509
24,2014-09-30,RASP,USD,2014-10-03 00:00:00,2014-10-03 16:08:38,Q4,0.0,0.0,0.0,0.0,0.0,3430.0,0.0,0.0,3430.0,3430.0,0.0,0.0,-3430.0,0.0,-3430.0,0.0,0.0,-3430.0,0.0,0.0,-3430.0,0.0,-0.0003193296869544978,-0.0003193296869544978,10741250.0,10741250.0,https://www.sec.gov/Archives/edgar/data/1582249/000112785514000452/0001127855-14-000452-index.html,https://www.sec.gov/Archives/edgar/data/1582249/000112785514000452/awmi10k063014.htm,1620597069,17:51:09,20210509
25,2014-06-30,RASP,USD,2014-06-30,2014-06-30,Q3,0.0,0.0,0.0,0.0,0.0,14864.0,0.0,0.0,14864.0,14864.0,0.0,0.0,-14864.0,0.0,-14864.0,0.0,0.0,-14864.0,0.0,0.0,-14864.0,0.0,-0.0013838240428255557,-0.0013838240428255557,10741250.0,10741250.0,,,1620597069,17:51:09,20210509
26,2014-03-31,RASP,USD,2014-05-20 00:00:00,2014-05-20 12:01:54,Q2,0.0,0.0,0.0,0.0,0.0,3491.0,0.0,0.0,3491.0,3491.0,0.0,0.0,-3491.0,0.0,-3491.0,0.0,0.0,-3491.0,0.0,0.0,-3491.0,0.0,-0.000325,-0.000325,10741250.0,10741250.0,https://www.sec.gov/Archives/edgar/data/1582249/000112785514000216/0001127855-14-000216-index.html,https://www.sec.gov/Archives/edgar/data/1582249/000112785514000216/activewithme10q033114.htm,1620597069,17:51:09,20210509
27,2013-12-31,RASP,USD,2013-12-31,2013-12-31,Q1,0.0,0.0,0.0,0.0,0.0,14217.0,0.0,0.0,14217.0,14217.0,0.0,0.0,-14217.0,0.0,-14217.0,0.0,0.0,-14217.0,0.0,0.0,-14217.0,0.0,-0.001323,-0.001323,10741250.0,10741250.0,,,1620597069,17:51:09,20210509
28,2013-09-30,RASP,USD,2013-09-30,2013-09-30,Q4,0.0,0.0,0.0,0.0,0.0,7463.0,0.0,0.0,7463.0,7463.0,0.0,0.0,-7463.0,0.0,-7463.0,0.0,0.0,-7463.0,0.0,0.0,-7463.0,0.0,-0.000694798091469801,-0.000694798091469801,10741250.0,10741250.0,,,1620597069,17:51:09,20210509
29,2013-03-31,RASP,USD,2013-03-31,2013-03-31,Q3,0.0,0.0,0.0,0.0,0.0,4305.0,0.0,0.0,4305.0,4305.0,0.0,0.0,-4305.0,0.0,-4305.0,0.0,0.0,-4305.0,0.0,0.0,-4305.0,0.0,-0.001721,-0.001721,2501086.0,2501086.0,,,1620597069,17:51:09,20210509
