,date,symbol,reportedCurrency,fillingDate,acceptedDate,period,revenue,costOfRevenue,grossProfit,grossProfitRatio,researchAndDevelopmentExpenses,generalAndAdministrativeExpenses,sellingAndMarketingExpenses,otherExpenses,operatingExpenses,costAndExpenses,interestExpense,depreciationAndAmortization,ebitda,ebitdaratio,operatingIncome,operatingIncomeRatio,totalOtherIncomeExpensesNet,incomeBeforeTax,incomeBeforeTaxRatio,incomeTaxExpense,netIncome,netIncomeRatio,eps,epsdiluted,weightedAverageShsOut,weightedAverageShsOutDil,link,finalLink,timestamp,est_time,est_date
0,2021-03-31,XYL,USD,2021-05-04,2021-05-04 16:45:56,Q1,1256000000,766000000,490000000,0.39012738853503187,50000000,0.0,0.0,2000000.0,351000000,1117000000,21000000.0,62000000,201000000,0.16003184713375795,139000000,0.09076433121019108,-4000000.0,114000000,0.09076433121019108,27000000.0,87000000,0.06926751592356688,0.49,0.48,180300000,181500000,https://www.sec.gov/Archives/edgar/data/1524472/000152447221000012/0001524472-21-000012-index.htm,https://www.sec.gov/Archives/edgar/data/1524472/000152447221000012/xyl-20210331.htm,1620600066,18:41:06,20210509
1,2020-12-31,XYL,USD,2021-02-26,2021-02-26 14:41:14,Q4,1373000000,847000000,526000000,0.38310269482884196,49000000,292000000.0,0.0,-3000000.0,-994000000,-147000000,-133000000.0,-72000000,-20000000,-0.014566642388929352,52000000,0.037873270211216316,127000.0,158000000,0.11507647487254188,10000000.0,148000000,0.10779315367807721,0.8222222222222222,0.8176795580110497,180000000,181000000,https://www.sec.gov/Archives/edgar/data/1524472/000152447221000008/0001524472-21-000008-index.htm,https://www.sec.gov/Archives/edgar/data/1524472/000152447221000008/xyl-20201231.htm,1620600066,18:41:06,20210509
2,2020-09-30,XYL,USD,2020-10-29,2020-10-29 15:07:52,Q3,1220000000,759000000,461000000,0.3778688524590164,45000000,266000000.0,0.0,-1000000.0,311000000,1070000000,22000000.0,63000000,213000000,0.17459016393442622,150000000,0.12295081967213115,-78000000.0,50000000,0.040983606557377046,13000000.0,37000000,0.030327868852459017,0.20555555555555555,0.20441988950276244,180000000,181000000,https://www.sec.gov/Archives/edgar/data/1524472/000152447220000055/0001524472-20-000055-index.htm,https://www.sec.gov/Archives/edgar/data/1524472/000152447220000055/xyl-20200930.htm,1620600066,18:41:06,20210509
3,2020-06-30,XYL,USD,2020-07-30,2020-07-30 12:52:49,Q2,1160000000,726000000,434000000,0.3741379310344828,44000000,288000000.0,0.0,-1000000.0,332000000,1058000000,18000000.0,62000000,164000000,0.1413793103448276,102000000,0.08793103448275862,-49000000.0,35000000,0.03017241379310345,4000000.0,31000000,0.026724137931034484,0.17222222222222222,0.1716500553709856,180000000,180600000,https://www.sec.gov/Archives/edgar/data/1524472/000152447220000045/0001524472-20-000045-index.htm,https://www.sec.gov/Archives/edgar/data/1524472/000152447220000045/xyl-20200630.htm,1620600066,18:41:06,20210509
4,2020-03-31,XYL,USD,2020-05-05 00:00:00,2020-05-05 13:28:31,Q1,1123000000,714000000,409000000,0.36420302760463047,49000000,297000000.0,0.0,-3000000.0,346000000,1060000000,16000000.0,64000000,127000000,0.11308993766696349,63000000,0.05609973285841496,-5000000.0,42000000,0.037399821905609976,4000000.0,38000000,0.03383793410507569,0.21087680355160932,0.20959735245449532,180200000,181300000,https://www.sec.gov/Archives/edgar/data/1524472/000152447220000020/0001524472-20-000020-index.html,https://www.sec.gov/Archives/edgar/data/1524472/000152447220000020/xyl-20200331.htm,1620600066,18:41:06,20210509
5,2019-12-31,XYL,USD,2020-02-28 00:00:00,2020-02-28 12:33:04,Q4,1371000000,834000000,537000000,0.3916849015317287,49000000,288000000.0,0.0,-10000000.0,337000000,1171000000,15000000.0,65000000,265000000,0.19328956965718452,200000000,0.14587892049598833,-12000000.0,178000000,0.12983223924142961,60000000.0,118000000,0.08606856309263311,0.6548279689234184,0.6548279689234184,180200000,180200000,https://www.sec.gov/Archives/edgar/data/1524472/000152447220000006/0001524472-20-000006-index.html,https://www.sec.gov/Archives/edgar/data/1524472/000152447220000006/xyl1231201910kv1.htm,1620600066,18:41:06,20210509
6,2019-09-30,XYL,USD,2019-10-31 00:00:00,2019-10-31 15:41:40,Q3,1296000000,787000000,509000000,0.39274691358024694,44000000,273000000.0,0.0,-7000000.0,317000000,1104000000,16000000.0,65000000,257000000,0.19830246913580246,192000000,0.14814814814814814,-188000000.0,-12000000,-0.009259259259259259,-77000000.0,65000000,0.05015432098765432,0.3609106052193226,0.358719646799117,180100000,181200000,https://www.sec.gov/Archives/edgar/data/1524472/000152447219000055/0001524472-19-000055-index.html,https://www.sec.gov/Archives/edgar/data/1524472/000152447219000055/xyl0930201910-q.htm,1620600066,18:41:06,20210509
7,2019-06-30,XYL,USD,2019-08-01,2019-08-01 13:05:06,Q2,1345000000,819000000,526000000,0.39107806691449815,47000000,294000000.0,0.0,3000000.0,341000000,1160000000,18000000.0,63000000,248000000,0.18438661710037174,185000000,0.137546468401487,-11000000.0,156000000,0.11598513011152416,17000000.0,139000000,0.1033457249070632,0.7722222222222223,0.7671081677704195,180000000,181200000,https://www.sec.gov/Archives/edgar/data/1524472/000152447219000050/xyl0630201910-qv2.htm,https://www.sec.gov/Archives/edgar/data/1524472/000152447219000050/xyl0630201910-qv2.htm,1620600066,18:41:06,20210509
8,2019-03-31,XYL,USD,2019-05-02 00:00:00,2019-05-02 13:05:46,Q1,1237000000,763000000,474000000,0.3831851253031528,51000000,303000000.0,0.0,2000000.0,354000000,1117000000,18000000.0,64000000,184000000,0.14874696847210994,120000000,0.09700889248181083,-8000000.0,94000000,0.07599029911075182,15000000.0,79000000,0.06386418755052546,0.44,0.43,179700000,181100000,https://www.sec.gov/Archives/edgar/data/1524472/000152447219000032/0001524472-19-000032-index.html,https://www.sec.gov/Archives/edgar/data/1524472/000152447219000032/xyl0331201910-q.htm,1620600066,18:41:06,20210509
9,2018-12-31,XYL,USD,2019-02-22 00:00:00,2019-02-22 10:34:01,Q4,1386000000,844000000,542000000,0.39105339105339104,52000000,293000000.0,0.0,-5000000.0,345000000,1189000000,19000000.0,66000000,263000000,0.18975468975468976,197000000,0.14213564213564214,-3000000.0,179000000,0.12914862914862915,-46000000.0,225000000,0.16233766233766234,1.2520868113522539,1.2520868113522539,179700000,179700000,https://www.sec.gov/Archives/edgar/data/1524472/000152447219000009/0001524472-19-000009-index.html,https://www.sec.gov/Archives/edgar/data/1524472/000152447219000009/xyl1231201810k.htm,1620600066,18:41:06,20210509
10,2018-09-30,XYL,USD,2018-10-30 00:00:00,2018-10-30 12:08:17,Q3,1287000000,782000000,505000000,0.3923853923853924,46000000,279000000.0,0.0,4000000.0,325000000,1107000000,21000000.0,63000000,243000000,0.1888111888111888,180000000,0.13986013986013987,2000000.0,161000000,0.1250971250971251,31000000.0,130000000,0.10101010101010101,0.73,0.72,179700000,181100000,https://www.sec.gov/Archives/edgar/data/1524472/000152447218000043/0001524472-18-000043-index.html,https://www.sec.gov/Archives/edgar/data/1524472/000152447218000043/xyl0930201810-q.htm,1620600066,18:41:06,20210509
11,2018-06-30,XYL,USD,2018-07-31 00:00:00,2018-07-31 12:04:55,Q2,1317000000,798000000,519000000,0.3940774487471526,50000000,293000000.0,0.0,2000000.0,343000000,1141000000,21000000.0,65000000,241000000,0.1829916476841306,176000000,0.13363705391040243,-5000000.0,150000000,0.11389521640091116,35000000.0,115000000,0.08731966590736523,0.639599555061179,0.6353591160220995,179800000,181000000,https://www.sec.gov/Archives/edgar/data/1524472/000152447218000035/0001524472-18-000035-index.html,https://www.sec.gov/Archives/edgar/data/1524472/000152447218000035/xyl0630201810-q.htm,1620600066,18:41:06,20210509
12,2018-03-31,XYL,USD,2018-05-01 00:00:00,2018-05-01 13:11:29,Q1,1217000000,757000000,460000000,0.3779786359901397,41000000,296000000.0,0.0,3000000.0,337000000,1094000000,21000000.0,67000000,190000000,0.1561216105176664,123000000,0.10106820049301561,-7000000.0,95000000,0.0780608052588332,16000000.0,79000000,0.06491372226787182,0.44,0.43,179900000,181400000,https://www.sec.gov/Archives/edgar/data/1524472/000152447218000019/0001524472-18-000019-index.html,https://www.sec.gov/Archives/edgar/data/1524472/000152447218000019/xyl0331201810-q.htm,1620600066,18:41:06,20210509
13,2017-12-31,XYL,USD,2018-02-23 00:00:00,2018-02-23 12:53:26,Q4,1277000000,768000000,509000000,0.3985904463586531,49000000,278000000.0,0.0,-7000000.0,327000000,1095000000,20000000.0,60000000,242000000,0.1895066562255286,182000000,0.14252153484729835,-21000000.0,144000000,0.11276429130775255,74000000.0,71000000,0.05559906029757244,0.39466370205669815,0.39466370205669815,179900000,179900000,https://www.sec.gov/Archives/edgar/data/1524472/000152447218000006/0001524472-18-000006-index.html,https://www.sec.gov/Archives/edgar/data/1524472/000152447218000006/xyl1231201710k.htm,1620600066,18:41:06,20210509
14,2017-09-30,XYL,USD,2017-10-31 00:00:00,2017-10-31 11:51:56,Q3,1195000000,724000000,471000000,0.3941422594142259,45000000,270000000.0,0.0,1000000.0,315000000,1039000000,21000000.0,58000000,214000000,0.1790794979079498,156000000,0.1305439330543933,-4000000.0,131000000,0.1096234309623431,27000000.0,105000000,0.08786610878661087,0.5846325167037862,0.5804311774461028,179600000,180900000,https://www.sec.gov/Archives/edgar/data/1524472/000152447217000049/0001524472-17-000049-index.html,https://www.sec.gov/Archives/edgar/data/1524472/000152447217000049/xyl0930201710-q.htm,1620600066,18:41:06,20210509
15,2017-06-30,XYL,USD,2017-08-01 00:00:00,2017-08-01 11:13:17,Q2,1164000000,705000000,459000000,0.3943298969072165,44000000,270000000.0,0.0,3000000.0,314000000,1019000000,21000000.0,57000000,202000000,0.17353951890034364,145000000,0.12457044673539519,-3000000.0,121000000,0.10395189003436427,21000000.0,99000000,0.08505154639175258,0.5512249443207127,0.5481727574750831,179600000,180600000,https://www.sec.gov/Archives/edgar/data/1524472/000152447217000039/0001524472-17-000039-index.html,https://www.sec.gov/Archives/edgar/data/1524472/000152447217000039/xyl0630201710-q.htm,1620600066,18:41:06,20210509
16,2017-03-31,XYL,USD,2017-05-02 00:00:00,2017-05-02 14:48:19,Q1,1071000000,659000000,412000000,0.38468720821662,42000000,272000000.0,0.0,-1000000.0,314000000,973000000,20000000.0,59000000,157000000,0.1465919701213819,98000000,0.0915032679738562,-8000000.0,70000000,0.06535947712418301,14000000.0,56000000,0.05228758169934641,0.311804008908686,0.3099059214167128,179600000,180700000,https://www.sec.gov/Archives/edgar/data/1524472/000152447217000024/0001524472-17-000024-index.html,https://www.sec.gov/Archives/edgar/data/1524472/000152447217000024/xyl0331201710-q.htm,1620600066,18:41:06,20210509
17,2016-12-31,XYL,USD,2017-02-23 00:00:00,2017-02-23 11:50:48,Q4,1095000000,689000000,406000000,0.37077625570776257,35000000,250000000.0,0.0,-4000000.0,285000000,974000000,20000000.0,54000000,175000000,0.1598173515981735,121000000,0.11050228310502283,-13000000.0,90000000,0.0821917808219178,40000000.0,50000000,0.045662100456621,0.27839643652561247,0.27839643652561247,179600000,179600000,https://www.sec.gov/Archives/edgar/data/1524472/000152447217000008/0001524472-17-000008-index.html,https://www.sec.gov/Archives/edgar/data/1524472/000152447217000008/xyl1231201610k.htm,1620600066,18:41:06,20210509
18,2016-09-30,XYL,USD,2016-11-01 00:00:00,2016-11-01 12:27:48,Q3,897000000,540000000,357000000,0.3979933110367893,23000000,219000000.0,0.0,2000000.0,242000000,782000000,16000000.0,32000000,147000000,0.16387959866220736,115000000,0.1282051282051282,-4000000.0,95000000,0.10590858416945373,22000000.0,73000000,0.08138238573021182,0.4071388733965421,0.40488075429839154,179300000,180300000,https://www.sec.gov/Archives/edgar/data/1524472/000152447216000044/0001524472-16-000044-index.html,https://www.sec.gov/Archives/edgar/data/1524472/000152447216000044/xyl0930201610-q.htm,1620600066,18:41:06,20210509
19,2016-06-30,XYL,USD,2016-08-02,2016-08-02 10:36:50,Q2,932000000,563000000,369000000,0.3959227467811159,27000000,227000000.0,0.0,1000000.0,254000000,817000000,20000000.0,33000000,148000000,0.15879828326180256,115000000,0.12339055793991416,-5000000.0,90000000,0.09656652360515021,19000000.0,71000000,0.07618025751072961,0.3964265773310999,0.39466370205669815,179100000,179900000,https://www.sec.gov/Archives/edgar/data/1524472/000152447216000038/xyl0630201610-q.htm,https://www.sec.gov/Archives/edgar/data/1524472/000152447216000038/xyl0630201610-q.htm,1620600066,18:41:06,20210509
20,2016-03-31,XYL,USD,2016-05-03 00:00:00,2016-05-03 10:21:51,Q1,847000000,518000000,329000000,0.3884297520661157,25000000,219000000.0,0.0,0.0,244000000,762000000,14000000.0,32000000,117000000,0.1381345926800472,85000000,0.10035419126328217,-6000000.0,65000000,0.07674144037780402,-1000000.0,66000000,0.07792207792207792,0.36954087346024633,0.36809815950920244,178600000,179300000,https://www.sec.gov/Archives/edgar/data/1524472/000152447216000032/0001524472-16-000032-index.html,https://www.sec.gov/Archives/edgar/data/1524472/000152447216000032/xyl0331201610-q.htm,1620600066,18:41:06,20210509
21,2015-12-31,XYL,USD,2016-02-26 00:00:00,2016-02-26 11:19:24,Q4,994000000,604000000,390000000,0.39235412474849096,24000000,223000000.0,0.0,0.0,247000000,851000000,14000000.0,31000000,174000000,0.1750503018108652,143000000,0.14386317907444668,-3000000.0,128000000,0.12877263581488935,14000000.0,114000000,0.11468812877263582,0.6382978723404256,0.6382978723404256,178600000,178600000,https://www.sec.gov/Archives/edgar/data/1524472/000152447216000027/0001524472-16-000027-index.html,https://www.sec.gov/Archives/edgar/data/1524472/000152447216000027/xyl1231201510k.htm,1620600066,18:41:06,20210509
22,2015-09-30,XYL,USD,2015-10-29 00:00:00,2015-10-29 10:13:58,Q3,902000000,551000000,351000000,0.38913525498891355,23000000,207000000.0,0.0,0.0,230000000,781000000,13000000.0,33000000,154000000,0.17073170731707318,121000000,0.13414634146341464,-1000000.0,107000000,0.11862527716186252,19000000.0,88000000,0.0975609756097561,0.48672566371681414,0.4845814977973568,180800000,181600000,https://www.sec.gov/Archives/edgar/data/1524472/000152447215000023/0001524472-15-000023-index.html,https://www.sec.gov/Archives/edgar/data/1524472/000152447215000023/xyl0930201510-q.htm,1620600066,18:41:06,20210509
23,2015-06-30,XYL,USD,2015-07-30 00:00:00,2015-07-30 10:37:02,Q2,920000000,572000000,348000000,0.3782608695652174,25000000,218000000.0,0.0,1000000.0,243000000,815000000,14000000.0,34000000,139000000,0.15108695652173912,105000000,0.11413043478260869,0.0,91000000,0.09891304347826087,17000000.0,74000000,0.08043478260869565,0.40771349862258954,0.405924300603401,181500000,182300000,https://www.sec.gov/Archives/edgar/data/1524472/000152447215000015/0001524472-15-000015-index.html,https://www.sec.gov/Archives/edgar/data/1524472/000152447215000015/xyl0630201510-q.htm,1620600066,18:41:06,20210509
24,2015-03-31,XYL,USD,2015-04-30 00:00:00,2015-04-30 10:49:07,Q1,837000000,522000000,315000000,0.3763440860215054,23000000,206000000.0,0.0,-1000000.0,229000000,751000000,14000000.0,35000000,121000000,0.14456391875746716,86000000,0.1027479091995221,5000000.0,77000000,0.09199522102747909,13000000.0,64000000,0.07646356033452807,0.3514552443712246,0.3495357728017477,182100000,183100000,https://www.sec.gov/Archives/edgar/data/1524472/000152447215000009/0001524472-15-000009-index.html,https://www.sec.gov/Archives/edgar/data/1524472/000152447215000009/xyl0331201510-q.htm,1620600066,18:41:06,20210509
25,2014-12-31,XYL,USD,2015-02-26,2015-02-26 11:33:26,Q4,1042000000,635000000,407000000,0.390595009596929,26000000,232000000.0,0.0,-4000000.0,258000000,893000000,13000000.0,35000000,184000000,0.1765834932821497,149000000,0.14299424184261036,-10000000.0,128000000,0.12284069097888675,32000000.0,96000000,0.09213051823416507,0.5271828665568369,0.5271828665568369,182100000,182100000,https://www.sec.gov/Archives/edgar/data/1524472/000152447215000006/xyl1231201410k.htm,https://www.sec.gov/Archives/edgar/data/1524472/000152447215000006/xyl1231201410k.htm,1620600066,18:41:06,20210509
26,2014-09-30,XYL,USD,2014-10-28 00:00:00,2014-10-28 11:46:47,Q3,963000000,587000000,376000000,0.3904465212876428,24000000,222000000.0,0.0,1000000.0,246000000,833000000,14000000.0,35000000,165000000,0.17133956386292834,130000000,0.13499480789200416,12000000.0,128000000,0.13291796469366562,22000000.0,106000000,0.11007268951194185,0.5817782656421515,0.5779716466739367,182200000,183400000,https://www.sec.gov/Archives/edgar/data/1524472/000152447214000016/0001524472-14-000016-index.html,https://www.sec.gov/Archives/edgar/data/1524472/000152447214000016/xyl0930201410-q.htm,1620600066,18:41:06,20210509
27,2014-06-30,XYL,USD,2014-07-29 00:00:00,2014-07-29 11:22:31,Q2,1005000000,617000000,388000000,0.38606965174129354,27000000,242000000.0,0.0,1000000.0,269000000,886000000,13000000.0,36000000,155000000,0.15422885572139303,119000000,0.11840796019900497,-2000000.0,104000000,0.10348258706467661,18000000.0,86000000,0.08557213930348259,0.46892039258451473,0.46612466124661245,183400000,184500000,https://www.sec.gov/Archives/edgar/data/1524472/000152447214000013/0001524472-14-000013-index.html,https://www.sec.gov/Archives/edgar/data/1524472/000152447214000013/xyl0630201410-q.htm,1620600066,18:41:06,20210509
28,2014-03-31,XYL,USD,2014-04-29 00:00:00,2014-04-29 10:45:43,Q1,906000000,564000000,342000000,0.37748344370860926,27000000,224000000.0,0.0,-1000000.0,251000000,815000000,14000000.0,36000000,127000000,0.1401766004415011,91000000,0.10044150110375276,-16000000.0,61000000,0.0673289183222958,12000000.0,49000000,0.05408388520971302,0.26558265582655827,0.263724434876211,184500000,185800000,https://www.sec.gov/Archives/edgar/data/1524472/000152447214000007/0001524472-14-000007-index.html,https://www.sec.gov/Archives/edgar/data/1524472/000152447214000007/xyl0331201410-q.htm,1620600066,18:41:06,20210509
29,2013-12-31,XYL,USD,2014-02-27,2014-02-27 11:58:31,Q4,1033000000,623000000,410000000,0.3969022265246854,26000000,242000000.0,0.0,-13000000.0,268000000,891000000,14000000.0,40000000,182000000,0.17618586640851888,142000000,0.13746369796708616,-24000000.0,107000000,0.10358180058083252,39000000.0,68000000,0.06582768635043562,0.3685636856368564,0.3685636856368564,184500000,184500000,https://www.sec.gov/Archives/edgar/data/1524472/000152447214000004/xyl1231201310k.htm,https://www.sec.gov/Archives/edgar/data/1524472/000152447214000004/xyl1231201310k.htm,1620600066,18:41:06,20210509
30,2013-09-30,XYL,USD,2013-10-29 00:00:00,2013-10-29 11:53:49,Q3,965000000,581000000,384000000,0.39792746113989635,24000000,256000000.0,0.0,-1000000.0,280000000,861000000,14000000.0,36000000,140000000,0.14507772020725387,104000000,0.1077720207253886,-7000000.0,83000000,0.08601036269430051,10000000.0,73000000,0.07564766839378238,0.3941684665226782,0.3924731182795699,185200000,186000000,https://www.sec.gov/Archives/edgar/data/1524472/000152447213000016/0001524472-13-000016-index.html,https://www.sec.gov/Archives/edgar/data/1524472/000152447213000016/xyl0930201310-q.htm,1620600066,18:41:06,20210509
31,2013-06-30,XYL,USD,2013-07-30 00:00:00,2013-07-30 14:21:12,Q2,960000000,589000000,371000000,0.38645833333333335,28000000,252000000.0,0.0,1000000.0,280000000,869000000,14000000.0,37000000,128000000,0.13333333333333333,91000000,0.09479166666666666,-20000000.0,57000000,0.059375,11000000.0,46000000,0.04791666666666667,0.2481121898597627,0.24717893605588392,185400000,186100000,https://www.sec.gov/Archives/edgar/data/1524472/000152447213000011/0001524472-13-000011-index.html,https://www.sec.gov/Archives/edgar/data/1524472/000152447213000011/xyl0630201310-q.htm,1620600066,18:41:06,20210509
32,2013-03-31,XYL,USD,2013-04-30 00:00:00,2013-04-30 10:47:41,Q1,879000000,545000000,334000000,0.3799772468714448,26000000,236000000.0,0.0,-2000000.0,262000000,807000000,13000000.0,37000000,109000000,0.12400455062571103,72000000,0.08191126279863481,-8000000.0,51000000,0.05802047781569966,10000000.0,41000000,0.04664391353811149,0.22066738428417654,0.21995708154506438,185800000,186400000,https://www.sec.gov/Archives/edgar/data/1524472/000152447213000006/0001524472-13-000006-index.html,https://www.sec.gov/Archives/edgar/data/1524472/000152447213000006/xyl0331201310-q.htm,1620600066,18:41:06,20210509
33,2012-12-31,XYL,USD,2013-02-25 00:00:00,2013-02-25 17:26:08,Q4,969000000,587000000,382000000,0.3942208462332301,26000000,217000000.0,0.0,0.0,243000000,830000000,14000000.0,39000000,178000000,0.18369453044375644,139000000,0.1434468524251806,-40000000.0,89000000,0.09184726522187822,16000000.0,73000000,0.07533539731682147,0.39289558665231433,0.39289558665231433,185800000,185800000,https://www.sec.gov/Archives/edgar/data/1524472/000152447213000003/0001524472-13-000003-index.html,https://www.sec.gov/Archives/edgar/data/1524472/000152447213000003/xyl1231201210k.htm,1620600066,18:41:06,20210509
34,2012-09-30,XYL,USD,2012-11-01 00:00:00,2012-11-01 11:36:46,Q3,931000000,557000000,374000000,0.40171858216971,24000000,235000000.0,0.0,0.0,259000000,816000000,14000000.0,36000000,151000000,0.16219119226638024,115000000,0.12352309344790548,-1000000.0,100000000,0.10741138560687433,28000000.0,72000000,0.07733619763694952,0.39,0.38,185900000,186300000,https://www.sec.gov/Archives/edgar/data/1524472/000152447212000004/0001524472-12-000004-index.html,https://www.sec.gov/Archives/edgar/data/1524472/000152447212000004/xyl0930201210-q.htm,1620600066,18:41:06,20210509
35,2012-06-30,XYL,USD,2012-08-02 00:00:00,2012-08-02 10:22:37,Q2,966000000,583000000,383000000,0.39648033126293997,28000000,226000000.0,0.0,0.0,254000000,837000000,13000000.0,33000000,162000000,0.16770186335403728,129000000,0.13354037267080746,-1000000.0,115000000,0.11904761904761904,26000000.0,89000000,0.09213250517598344,0.4790096878363832,0.47798066595059074,185800000,186200000,https://www.sec.gov/Archives/edgar/data/1524472/000119312512330734/0001193125-12-330734-index.html,https://www.sec.gov/Archives/edgar/data/1524472/000119312512330734/d354795d10q.htm,1620600066,18:41:06,20210509
36,2012-03-31,XYL,USD,2012-05-03 00:00:00,2012-05-03 08:45:55,Q1,925000000,562000000,363000000,0.3924324324324324,28000000,231000000.0,0.0,0.0,264000000,826000000,14000000.0,34000000,133000000,0.1437837837837838,99000000,0.10702702702702703,-1000000.0,84000000,0.09081081081081081,21000000.0,63000000,0.0681081081081081,0.33980582524271846,0.3388918773534158,185400000,185900000,https://www.sec.gov/Archives/edgar/data/1524472/000119312512206735/0001193125-12-206735-index.html,https://www.sec.gov/Archives/edgar/data/1524472/000119312512206735/d338967d10q.htm,1620600066,18:41:06,20210509
37,2011-12-31,XYL,USD,2012-02-28 00:00:00,2012-02-28 14:43:15,Q4,1003000000,623000000,380000000,0.37886340977068794,27000000,321000000.0,0.0,0.0,348000000,971000000,15000000.0,33000000,65000000,0.06480558325024925,32000000,0.031904287138584245,0.0,84000000,0.08374875373878365,32000000.0,52000000,0.0518444666001994,0.28047464940668826,0.28047464940668826,185400000,185400000,https://www.sec.gov/Archives/edgar/data/1524472/000119312512084766/0001193125-12-084766-index.html,https://www.sec.gov/Archives/edgar/data/1524472/000119312512084766/d267556d10k.htm,1620600066,18:41:06,20210509
38,2011-09-30,XYL,USD,2011-11-21 00:00:00,2011-11-21 16:13:42,Q3,939000000,574000000,365000000,0.3887113951011715,23000000,215000000.0,0.0,0.0,238000000,812000000,1000000.0,36000000,163000000,0.17358892438764642,127000000,0.13525026624068157,-44000000.0,82000000,0.08732694355697551,5000000.0,77000000,0.08200212992545261,0.418478,0.418478,184000000,184000000,https://www.sec.gov/Archives/edgar/data/1524472/000095012311099774/0000950123-11-099774-index.html,https://www.sec.gov/Archives/edgar/data/1524472/000095012311099774/y93003e10vq.htm,1620600066,18:41:06,20210509
