,date,symbol,reportedCurrency,fillingDate,acceptedDate,period,revenue,costOfRevenue,grossProfit,grossProfitRatio,researchAndDevelopmentExpenses,generalAndAdministrativeExpenses,sellingAndMarketingExpenses,otherExpenses,operatingExpenses,costAndExpenses,interestExpense,depreciationAndAmortization,ebitda,ebitdaratio,operatingIncome,operatingIncomeRatio,totalOtherIncomeExpensesNet,incomeBeforeTax,incomeBeforeTaxRatio,incomeTaxExpense,netIncome,netIncomeRatio,eps,epsdiluted,weightedAverageShsOut,weightedAverageShsOutDil,link,finalLink,timestamp,est_time,est_date
0,2020-12-31,VBIX,USD,2021-03-16,2021-03-16 16:45:03,Q4,10000.0,0.0,10000.0,1.0,49000.0,93000.0,0.0,0.0,147000.0,147000.0,0.0,0.0,-154000.0,-15.4,-137000.0,-13.7,-4000.0,-132000.0,-13.2,0.0,-132000.0,-13.2,-0.004230542788254603,-0.004230542788254603,31201670.0,31201670.0,https://www.sec.gov/Archives/edgar/data/797542/000149315221006123/0001493152-21-006123-index.htm,https://www.sec.gov/Archives/edgar/data/797542/000149315221006123/form10-k.htm,1620599435,18:30:35,20210509
1,2020-09-30,VBIX,USD,2020-11-09,2020-11-09,Q1,86000.0,5000.0,81000.0,0.9418604651162791,59000.0,70000.0,8000.0,0.0,406000.0,411000.0,0.0,5000.0,5311.0,0.06175581395348837,311.0,0.003616279069767442,0.0,311.0,0.003616279069767442,0.0,311.0,0.003616279069767442,0.009967415205660466,0.009967415205660466,31201670.0,31201670.0,https://www.sec.gov/Archives/edgar/data/797542/000149315220020804/0001493152-20-020804-index.htm,https://www.sec.gov/Archives/edgar/data/797542/000149315220020804/form10-q.htm,1620599435,18:30:35,20210509
2,2020-06-30,VBIX,USD,2020-08-12,2020-08-12 15:24:16,Q2,33000.0,4000.0,29000.0,0.8787878787878788,59000.0,94000.0,7000.0,0.0,94000.0,94000.0,-32000.0,5000.0,-56000.0,-1.696969696969697,-61000.0,-1.8484848484848484,0.0,-93000.0,-2.8181818181818183,0.0,-93000.0,-2.8181818181818183,-0.00298,-0.00298,31201670.0,31201670.0,https://www.sec.gov/Archives/edgar/data/797542/000149315220015328/0001493152-20-015328-index.htm,https://www.sec.gov/Archives/edgar/data/797542/000149315220004372/form10-k.htm,1620599435,18:30:35,20210509
3,2020-03-31,VBIX,USD,2020-05-15,2020-05-15,Q1,37000.0,4000.0,33000.0,0.8918918918918919,59000.0,175000.0,7000.0,0.0,241000.0,236999.99999999997,28000.0,5000.0,-195000.0,-5.27027027027027,-200000.0,-5.405405405405405,0.0,-172000.0,-4.648648648648648,2000.0,-174000.0,-4.702702702702703,-0.00558,-0.00558,31201670.0,31201670.0,https://www.sec.gov/Archives/edgar/data/797542/000149315220008935/0001493152-20-008935-index.htm,https://www.sec.gov/Archives/edgar/data/797542/000149315220008935/form10-q.htm,1620599435,18:30:35,20210509
4,2019-12-31,VBIX,USD,2020-03-20,2020-03-19 19:00:27,Q4,69000.0,2000.0,67000.0,0.9710144927536232,63000.0,295000.0,58000.0,0.0,419000.0,417000.0,-38000.0,1000.0,-347000.0,-5.028985507246377,-348000.0,-5.043478260869565,0.0,-386000.0,-5.594202898550725,-4000.0,-382000.0,-5.536231884057971,-0.0122,-0.0122,31309770.0,31309770.0,https://www.sec.gov/Archives/edgar/data/797542/000149315220004372/0001493152-20-004372-index.htm,https://www.sec.gov/Archives/edgar/data/797542/000149315220004372/form10-k.htm,1620599435,18:30:35,20210509
5,2019-09-30,VBIX,USD,2019-11-13 00:00:00,2019-11-13 16:50:00,Q3,63000.0,1000.0,62000.0,0.9841269841269841,82000.0,190000.0,199000.0,0.0,329000.0,330000.0,-21000.0,0.0,-309000.0,-4.904762,-267000.0,-4.238095238095238,0.0,-288000.0,-4.571428571428571,-4000.0,-284000.0,-4.507936507936508,-0.01232,-0.01232,23044670.0,23044670.0,https://www.sec.gov/Archives/edgar/data/797542/000149315219017051/0001493152-19-017051-index.html,https://www.sec.gov/Archives/edgar/data/797542/000149315219017051/form10-q.htm,1620599435,18:30:35,20210509
6,2019-06-30,VBIX,USD,2019-08-14 00:00:00,2019-08-14 07:45:26,Q2,42000.0,5000.0,37000.0,0.8809523809523809,53000.0,249303.0,0.0,0.0,265342.0,226000.0,-39000.0,0.0,-238000.0,-5.666667,-184000.0,-4.380952380952381,0.0,-199000.0,-4.738095238095238,4000.0,-203000.0,-4.833333333333333,-0.74345,-0.74345,273050.0,273050.0,https://www.sec.gov/Archives/edgar/data/797542/000149315219012305/0001493152-19-012305-index.html,https://www.sec.gov/Archives/edgar/data/797542/000149315219012305/form10-q.htm,1620599435,18:30:35,20210509
7,2019-03-31,VBIX,USD,2019-05-15 00:00:00,2019-05-15 11:35:53,Q1,34000.0,2000.0,32000.0,0.9411764705882353,36000.0,191210.0,0.0,0.0,200623.0,239000.0,-24000.0,1000.0,-204000.0,-6.0,-205000.0,-6.029411764705882,0.0,-229000.0,-6.735294117647059,20000.0,-249000.0,-7.323529411764706,-0.91192,-0.91192,273050.0,273050.0,https://www.sec.gov/Archives/edgar/data/797542/000149315219007246/0001493152-19-007246-index.html,https://www.sec.gov/Archives/edgar/data/797542/000149315219007246/form10-q.htm,1620599435,18:30:35,20210509
8,2018-12-31,VBIX,USD,2019-03-29 00:00:00,2019-03-29 06:16:47,Q4,59000.0,10000.0,49000.0,0.8305084745762712,9410.0,-973369.0,0.0,0.0,228783.0,200619.99999999997,115970.0,0.0,46310.0,0.784915,-200620.0,-3.4003389830508475,0.0,-84660.0,-1.434915254237288,15000.0,-84660.0,-1.434915254237288,-0.01147,-0.01147,7383230.0,7383230.0,https://www.sec.gov/Archives/edgar/data/797542/000149315219004164/0001493152-19-004164-index.html,https://www.sec.gov/Archives/edgar/data/797542/000149315219004164/form10-k.htm,1620599435,18:30:35,20210509
9,2018-09-30,VBIX,USD,2018-11-13 00:00:00,2018-11-13 07:16:34,Q3,44000.0,0.0,0.0,0.0,51480.0,175735.0,0.0,0.0,283706.0,228780.0,-292530.0,-10000.0,-138780.0,-3.1540909090909093,-128780.0,-2.9268181818181818,0.0,-421310.0,-9.575227272727274,0.0,-421310.0,-9.575227272727274,-0.0832,-0.0832,5064070.0,5064070.0,https://www.sec.gov/Archives/edgar/data/797542/000149315218015656/0001493152-18-015656-index.html,https://www.sec.gov/Archives/edgar/data/797542/000149315218015656/form10-q.htm,1620599435,18:30:35,20210509
10,2018-06-30,VBIX,USD,2018-08-14 00:00:00,2018-08-14 15:31:29,Q2,150000.0,0.0,0.0,0.0,50000.0,356515.0,-310000.0,0.0,623469.0,-1140000.0,19390000.0,10000.0,1300000.0,8.666666666666666,1290000.0,8.6,0.0,20680000.0,137.86666666666667,0.0,20680000.0,137.86666666666667,-9.44292,-9.44292,-2190000.0,-2190000.0,https://www.sec.gov/Archives/edgar/data/797542/000149315218011755/0001493152-18-011755-index.html,https://www.sec.gov/Archives/edgar/data/797542/000149315218011755/form10q.htm,1620599435,18:30:35,20210509
11,2018-03-31,VBIX,USD,2018-04-17 00:00:00,2018-04-17 17:03:13,Q1,0.0,0.0,0.0,0.0,50000.0,1064283.0,310000.0,0.0,1428294.0,1430000.0,-19370000.0,0.0,-40170000.0,0.0,-1430000.0,0.0,0.0,-20800000.0,0.0,0.0,-20800000.0,0.0,-7.59124,-7.59124,2740000.0,2740000.0,https://www.sec.gov/Archives/edgar/data/797542/000149315218005357/0001493152-18-005357-index.html,https://www.sec.gov/Archives/edgar/data/797542/000149315218005357/form10-k.htm,1620599435,18:30:35,20210509
12,2017-12-31,VBIX,USD,2018-04-17,2018-04-17,Q4,0.0,0.0,0.0,0.0,0.0,0.0,0.0,0.0,89355.0,90000.0,-70000.0,10000.0,-80000.0,0.0,-90000.0,0.0,0.0,-160000.0,0.0,0.0,-160000.0,0.0,-0.10667,-0.10667,1500000.0,1500000.0,https://www.sec.gov/Archives/edgar/data/797542/000149315218005357/0001493152-18-005357-index.htm,https://www.sec.gov/Archives/edgar/data/797542/000149315218005357/form10-k.htm,1620599435,18:30:35,20210509
13,2017-09-30,VBIX,USD,2017-12-29 00:00:00,2017-12-28 20:31:10,Q3,0.0,0.0,0.0,0.0,0.0,0.0,0.0,0.0,144608.0,30000.0,80000.0,0.0,20000.0,0.0,-30000.0,0.0,0.0,40000.0,0.0,0.0,-60000.0,0.0,-0.04,-0.04,1500000.0,1500000.0,https://www.sec.gov/Archives/edgar/data/797542/000149315217015215/0001493152-17-015215-index.html,https://www.sec.gov/Archives/edgar/data/797542/000149315217015215/form10-q.htm,1620599435,18:30:35,20210509
14,2017-06-30,VBIX,USD,2017-08-23 00:00:00,2017-08-23 17:24:34,Q2,0.0,0.0,0.0,0.0,0.0,0.0,0.0,0.0,689536.0,480000.0,-120000.0,10000.0,-470000.0,0.0,-480000.0,0.0,0.0,-600000.0,0.0,0.0,-800000.0,0.0,-0.51948,-0.51948,1540000.0,1540000.0,https://www.sec.gov/Archives/edgar/data/797542/000149315217009781/0001493152-17-009781-index.html,https://www.sec.gov/Archives/edgar/data/797542/000149315217009781/form10-q.htm,1620599435,18:30:35,20210509
15,2017-03-31,VBIX,USD,2017-04-18 00:00:00,2017-04-18 10:58:45,Q1,0.0,0.0,0.0,0.0,0.0,0.0,0.0,0.0,337052.0,70000.0,-200000.0,0.0,-760000.0,0.0,-70000.0,0.0,0.0,-270000.0,0.0,0.0,-560000.0,0.0,-0.39716,-0.39716,1410000.0,1410000.0,https://www.sec.gov/Archives/edgar/data/797542/000149315217004077/0001493152-17-004077-index.html,https://www.sec.gov/Archives/edgar/data/797542/000149315217004077/form10-k.htm,1620599435,18:30:35,20210509
16,2016-12-31,VBIX,USD,2016-12-31,2016-12-31,Q4,0.0,0.0,0.0,0.0,1190000.0,0.0,0.0,-2770000.0,1597374.0,1600000.0,-410000.0,10000.0,-1590000.0,0.0,-1600000.0,0.0,-30000.0,-2050000.0,0.0,0.0,-2050000.0,0.0,-1.54135,-1.54135,1330000.0,1330000.0,,,1620599435,18:30:35,20210509
17,2016-09-30,VBIX,USD,2016-11-15 00:00:00,2016-11-15 16:37:07,Q3,0.0,0.0,0.0,0.0,160000.0,577937.0,0.0,0.0,733275.0,730000.0,21887.0,-10000.0,-740000.0,0.0,-730000.0,0.0,0.0,-1100000.0,0.0,0.0,-1100000.0,0.0,-0.83333,-0.83333,1320000.0,1320000.0,https://www.sec.gov/Archives/edgar/data/797542/000129534516000760/0001295345-16-000760-index.html,https://www.sec.gov/Archives/edgar/data/797542/000129534516000760/mrla09302016.htm,1620599435,18:30:35,20210509
18,2016-06-30,VBIX,USD,2016-06-30,2016-06-30,Q2,0.0,0.0,0.0,0.0,190000.0,0.0,0.0,0.0,1161218.0,1210000.0,-14128.0,10000.0,-1200000.0,0.0,-1210000.0,0.0,0.0,-1190000.0,0.0,0.0,-1190000.0,0.0,-0.94444,-0.94444,1260000.0,1260000.0,,,1620599435,18:30:35,20210509
19,2016-03-31,VBIX,USD,2016-05-17 00:00:00,2016-05-17 16:06:19,Q1,0.0,0.0,0.0,0.0,100000.0,0.0,0.0,0.0,1902868.0,1910000.0,-7759.0,0.0,-1907759.0,0.0,-1910000.0,0.0,0.0,-1900000.0,0.0,0.0,-1900000.0,0.0,-1.63793,-1.63793,1160000.0,1160000.0,https://www.sec.gov/Archives/edgar/data/797542/000129534516000585/0001295345-16-000585-index.html,https://www.sec.gov/Archives/edgar/data/797542/000129534516000585/mrla03312016.htm,1620599435,18:30:35,20210509
20,2015-12-31,VBIX,USD,2016-03-31 00:00:00,2016-03-31 16:10:26,Q4,0.0,0.0,0.0,0.0,240000.0,0.0,0.0,-620000.0,6379377.0,6390000.0,-11841.0,10000.0,-6380000.0,0.0,-6390000.0,0.0,5340000.0,-1080000.0,0.0,0.0,-1080000.0,0.0,-1.06931,-1.06931,1010000.0,1010000.0,https://www.sec.gov/Archives/edgar/data/797542/000129534516000489/0001295345-16-000489-index.html,https://www.sec.gov/Archives/edgar/data/797542/000129534516000489/mrla12312015.htm,1620599435,18:30:35,20210509
21,2015-09-30,VBIX,USD,2015-11-20 00:00:00,2015-11-20 16:07:20,Q3,0.0,0.0,0.0,0.0,250000.0,0.0,0.0,620000.0,1235827.0,1910000.0,-14064.0,0.0,-7254064.0,0.0,-1910000.0,0.0,-5340000.0,-7240000.0,0.0,0.0,-7240000.0,0.0,-8.13483,-8.13483,890000.0,890000.0,https://www.sec.gov/Archives/edgar/data/797542/000129534515000364/0001295345-15-000364-index.html,https://www.sec.gov/Archives/edgar/data/797542/000129534515000364/mrla09302015.htm,1620599435,18:30:35,20210509
22,2015-06-30,VBIX,USD,2015-08-07 00:00:00,2015-08-07 11:53:39,Q2,0.0,0.0,0.0,0.0,240000.0,0.0,0.0,490000.0,88390.0,240000.0,-1688.0,0.0,-251688.0,0.0,-240000.0,0.0,0.0,-250000.0,0.0,0.0,-250000.0,0.0,-25.0,-25.0,10000.0,10000.0,https://www.sec.gov/Archives/edgar/data/797542/000129534515000202/0001295345-15-000202-index.html,https://www.sec.gov/Archives/edgar/data/797542/000129534515000202/zxsi06302015.htm,1620599435,18:30:35,20210509
23,2015-03-31,VBIX,USD,2015-05-14 00:00:00,2015-05-14 10:50:51,Q1,0.0,0.0,0.0,0.0,0.0,0.0,0.0,0.0,43936.0,180000.0,-3011.0,0.0,-183011.0,0.0,-180000.0,0.0,0.0,-180000.0,0.0,0.0,-180000.0,0.0,-18.0,-18.0,10000.0,10000.0,https://www.sec.gov/Archives/edgar/data/797542/000129534515000119/0001295345-15-000119-index.html,https://www.sec.gov/Archives/edgar/data/797542/000129534515000119/zxsi03312015.htm,1620599435,18:30:35,20210509
24,2014-12-31,VBIX,USD,2014-12-31,2014-12-31,Q4,0.0,0.0,0.0,0.0,0.0,0.0,0.0,28125.0,7375.0,100000.0,-32665.0,0.0,-102665.0,0.0,-100000.0,0.0,20000.0,-70000.0,0.0,0.0,-70000.0,0.0,-0.03743,-0.03743,1870000.0,1870000.0,,,1620599435,18:30:35,20210509
25,2014-09-30,VBIX,USD,2014-11-07 00:00:00,2014-11-06 19:24:42,Q3,0.0,0.0,0.0,0.0,0.0,0.0,0.0,0.0,6500.0,10000.0,9242.0,0.0,-10758.0,0.0,-10000.0,0.0,0.0,-20000.0,0.0,0.0,-20000.0,0.0,-0.66667,-0.66667,30000.0,30000.0,https://www.sec.gov/Archives/edgar/data/797542/000129534514000295/0001295345-14-000295-index.html,https://www.sec.gov/Archives/edgar/data/797542/000129534514000295/zxsi09302014.htm,1620599435,18:30:35,20210509
26,2014-06-30,VBIX,USD,2014-08-11 00:00:00,2014-08-08 17:40:12,Q2,0.0,0.0,0.0,0.0,0.0,0.0,0.0,0.0,6500.0,10000.0,307.0,0.0,-9693.0,0.0,-10000.0,0.0,0.0,-10000.0,0.0,0.0,-10000.0,0.0,-0.33333,-0.33333,30000.0,30000.0,https://www.sec.gov/Archives/edgar/data/797542/000129534514000210/0001295345-14-000210-index.html,https://www.sec.gov/Archives/edgar/data/797542/000129534514000210/zxsi06302014.htm,1620599435,18:30:35,20210509
27,2014-03-31,VBIX,USD,2014-05-15 00:00:00,2014-05-15 16:36:59,Q1,0.0,0.0,0.0,0.0,0.0,0.0,0.0,0.0,7750.0,10000.0,2371.0,0.0,-7629.0,0.0,-10000.0,0.0,0.0,-10000.0,0.0,0.0,-10000.0,0.0,-0.33333,-0.33333,30000.0,30000.0,https://www.sec.gov/Archives/edgar/data/797542/000129534514000130/0001295345-14-000130-index.html,https://www.sec.gov/Archives/edgar/data/797542/000129534514000130/zxsi03312014.htm,1620599435,18:30:35,20210509
28,2013-12-31,VBIX,USD,2013-12-31,2013-12-31,Q4,0.0,0.0,0.0,0.0,0.0,0.0,0.0,0.0,9750.0,10000.0,2550.0,0.0,-7450.0,0.0,-10000.0,0.0,0.0,-10000.0,0.0,0.0,-10000.0,0.0,-0.33333,-0.33333,30000.0,30000.0,,,1620599435,18:30:35,20210509
29,2013-09-30,VBIX,USD,2013-11-13 00:00:00,2013-11-13 13:32:17,Q3,0.0,0.0,0.0,0.0,0.0,0.0,0.0,0.0,9750.0,10000.0,2550.0,0.0,-7450.0,0.0,-10000.0,0.0,0.0,-10000.0,0.0,0.0,-10000.0,0.0,-0.33333,-0.33333,30000.0,30000.0,https://www.sec.gov/Archives/edgar/data/797542/000129534513000205/0001295345-13-000205-index.html,https://www.sec.gov/Archives/edgar/data/797542/000129534513000205/zxsi09302013.htm,1620599435,18:30:35,20210509
30,2013-06-30,VBIX,USD,2013-08-12 00:00:00,2013-08-12 16:13:13,Q2,0.0,0.0,0.0,0.0,0.0,0.0,0.0,0.0,9750.0,10000.0,5100.0,0.0,-4900.0,0.0,-10000.0,0.0,0.0,-10000.0,0.0,0.0,-10000.0,0.0,-0.33333,-0.33333,30000.0,30000.0,https://www.sec.gov/Archives/edgar/data/797542/000129534513000140/0001295345-13-000140-index.html,https://www.sec.gov/Archives/edgar/data/797542/000129534513000140/zxsi06302013.htm,1620599435,18:30:35,20210509
31,2013-03-31,VBIX,USD,2013-05-09 00:00:00,2013-05-09 14:20:10,Q1,0.0,0.0,0.0,0.0,0.0,0.0,0.0,0.0,11950.0,10000.0,0.0,0.0,-10000.0,0.0,-10000.0,0.0,0.0,-10000.0,0.0,0.0,-10000.0,0.0,-0.33333,-0.33333,30000.0,30000.0,https://www.sec.gov/Archives/edgar/data/797542/000129534513000075/0001295345-13-000075-index.html,https://www.sec.gov/Archives/edgar/data/797542/000129534513000075/zxsi03312013.htm,1620599435,18:30:35,20210509
32,2012-12-31,VBIX,USD,2013-03-29 00:00:00,2013-03-29 15:55:29,Q4,0.0,0.0,0.0,0.0,0.0,0.0,0.0,0.0,10000.0,10000.0,0.0,0.0,-10000.0,0.0,-10000.0,0.0,0.0,-10000.0,0.0,0.0,-10000.0,0.0,-0.33333,-0.33333,30000.0,30000.0,https://www.sec.gov/Archives/edgar/data/797542/000129534513000037/0001295345-13-000037-index.html,https://www.sec.gov/Archives/edgar/data/797542/000129534513000037/zxsi12312012.htm,1620599435,18:30:35,20210509
33,2012-09-30,VBIX,USD,2012-11-13 00:00:00,2012-11-13 11:38:45,Q3,0.0,0.0,0.0,0.0,0.0,0.0,0.0,0.0,9500.0,10000.0,2550.0,0.0,-7450.0,0.0,-10000.0,0.0,0.0,-10000.0,0.0,0.0,-10000.0,0.0,-0.33333,-0.33333,30000.0,30000.0,https://www.sec.gov/Archives/edgar/data/797542/000129534512000093/0001295345-12-000093-index.html,https://www.sec.gov/Archives/edgar/data/797542/000129534512000093/zxsi09302012.htm,1620599435,18:30:35,20210509
34,2012-06-30,VBIX,USD,2012-08-14 00:00:00,2012-08-14 10:24:46,Q2,0.0,0.0,0.0,0.0,0.0,0.0,0.0,0.0,9500.0,10000.0,5100.0,0.0,-4900.0,0.0,-10000.0,0.0,0.0,-10000.0,0.0,0.0,-10000.0,0.0,-0.33333,-0.33333,30000.0,30000.0,https://www.sec.gov/Archives/edgar/data/797542/000129534512000075/0001295345-12-000075-index.html,https://www.sec.gov/Archives/edgar/data/797542/000129534512000075/zxsi06302012.htm,1620599435,18:30:35,20210509
35,2012-03-31,VBIX,USD,2012-03-31,2012-03-31,Q1,0.0,0.0,0.0,0.0,0.0,0.0,0.0,0.0,11500.0,10000.0,0.0,0.0,-10000.0,0.0,-10000.0,0.0,0.0,-10000.0,0.0,0.0,-10000.0,0.0,-0.33333,-0.33333,30000.0,30000.0,,,1620599435,18:30:35,20210509
36,2011-12-31,VBIX,USD,2012-03-19 00:00:00,2012-03-19 16:29:16,Q4,0.0,0.0,0.0,0.0,0.0,0.0,0.0,0.0,9500.0,10000.0,0.0,0.0,-10000.0,0.0,-10000.0,0.0,0.0,-10000.0,0.0,0.0,-10000.0,0.0,-0.33333,-0.33333,30000.0,30000.0,https://www.sec.gov/Archives/edgar/data/797542/000129534512000028/0001295345-12-000028-index.html,https://www.sec.gov/Archives/edgar/data/797542/000129534512000028/zxsi12312011.htm,1620599435,18:30:35,20210509
37,2011-09-30,VBIX,USD,2011-11-14 00:00:00,2011-11-14 13:47:54,Q3,0.0,0.0,0.0,0.0,0.0,0.0,0.0,0.0,9500.0,10000.0,1750.0,0.0,-8250.0,0.0,-10000.0,0.0,0.0,-10000.0,0.0,0.0,-10000.0,0.0,-0.33333,-0.33333,30000.0,30000.0,https://www.sec.gov/Archives/edgar/data/797542/000129534511000188/0001295345-11-000188-index.html,https://www.sec.gov/Archives/edgar/data/797542/000129534511000188/zxsi09302011.htm,1620599435,18:30:35,20210509
38,2011-06-30,VBIX,USD,2011-07-28 00:00:00,2011-07-27 19:17:36,Q2,0.0,0.0,0.0,0.0,0.0,0.0,0.0,0.0,9530.0,10000.0,2100.0,0.0,-7900.0,0.0,-10000.0,0.0,0.0,-10000.0,0.0,0.0,-10000.0,0.0,-0.33333,-0.33333,30000.0,30000.0,https://www.sec.gov/Archives/edgar/data/797542/000129534511000122/0001295345-11-000122-index.html,https://www.sec.gov/Archives/edgar/data/797542/000129534511000122/zxsi06302011.htm,1620599435,18:30:35,20210509
39,2011-03-31,VBIX,USD,2011-05-13 00:00:00,2011-05-13 14:05:19,Q1,0.0,0.0,0.0,0.0,0.0,0.0,0.0,0.0,11900.0,10000.0,0.0,0.0,-10000.0,0.0,-10000.0,0.0,0.0,-10000.0,0.0,0.0,-10000.0,0.0,-0.33333,-0.33333,30000.0,30000.0,https://www.sec.gov/Archives/edgar/data/797542/000129534511000066/0001295345-11-000066-index.html,https://www.sec.gov/Archives/edgar/data/797542/000129534511000066/zxsi03312011.htm,1620599435,18:30:35,20210509
40,2010-12-31,VBIX,USD,2011-03-31,2011-03-31,Q4,0.0,0.0,0.0,0.0,0.0,0.0,0.0,-10000.0,19775.0,10000.0,0.0,0.0,-10000.0,0.0,-10000.0,0.0,-10000.0,-10000.0,0.0,0.0,-10000.0,0.0,-0.33333,-0.33333,30000.0,30000.0,https://www.sec.gov/Archives/edgar/data/797542/000129534511000034/0001295345-11-000034-index.htm,https://www.sec.gov/Archives/edgar/data/797542/000129534511000034/zxsi12312010.htm,1620599435,18:30:35,20210509
41,2010-09-30,VBIX,USD,2010-11-12 00:00:00,2010-11-12 11:04:53,Q3,0.0,0.0,0.0,0.0,0.0,0.0,0.0,0.0,9500.0,10000.0,0.0,0.0,-10000.0,0.0,-10000.0,0.0,0.0,-10000.0,0.0,0.0,-10000.0,0.0,-0.5,-0.5,20000.0,20000.0,https://www.sec.gov/Archives/edgar/data/797542/000129534510000083/0001295345-10-000083-index.html,https://www.sec.gov/Archives/edgar/data/797542/000129534510000083/zxsi09302010.htm,1620599435,18:30:35,20210509
42,2010-06-30,VBIX,USD,2010-08-09 00:00:00,2010-08-09 16:15:16,Q2,0.0,0.0,0.0,0.0,0.0,0.0,0.0,0.0,9729.0,10000.0,0.0,0.0,-10000.0,0.0,-10000.0,0.0,0.0,-10000.0,0.0,0.0,-10000.0,0.0,-0.5,-0.5,20000.0,20000.0,https://www.sec.gov/Archives/edgar/data/797542/000129534510000059/0001295345-10-000059-index.html,https://www.sec.gov/Archives/edgar/data/797542/000129534510000059/zxsi06302010.htm,1620599435,18:30:35,20210509
43,2010-03-31,VBIX,USD,2010-04-15 00:00:00,2010-04-15 10:56:39,Q1,0.0,0.0,0.0,0.0,0.0,0.0,0.0,0.0,11500.0,10000.0,0.0,0.0,-10000.0,0.0,-10000.0,0.0,0.0,-10000.0,0.0,0.0,-10000.0,0.0,-0.5,-0.5,20000.0,20000.0,https://www.sec.gov/Archives/edgar/data/797542/000129534510000036/0001295345-10-000036-index.html,https://www.sec.gov/Archives/edgar/data/797542/000129534510000036/zxsi12312009.htm,1620599435,18:30:35,20210509
44,2009-12-31,VBIX,USD,2009-12-31,2009-12-31,Q4,0.0,0.0,0.0,0.0,0.0,0.0,0.0,0.0,9500.0,0.0,0.0,0.0,0.0,0.0,0.0,0.0,0.0,0.0,0.0,0.0,0.0,0.0,0.13,0.13,20000.0,20000.0,,,1620599435,18:30:35,20210509
45,2009-09-30,VBIX,USD,2009-11-13 00:00:00,2009-11-13 13:38:50,Q3,0.0,0.0,0.0,0.0,0.0,0.0,0.0,0.0,9500.0,20000.0,0.0,0.0,-20000.0,0.0,-20000.0,0.0,0.0,-20000.0,0.0,0.0,-20000.0,0.0,-1.0,-1.0,20000.0,20000.0,https://www.sec.gov/Archives/edgar/data/797542/000129534509000081/0001295345-09-000081-index.html,https://www.sec.gov/Archives/edgar/data/797542/000129534509000081/zxsi09302009.htm,1620599435,18:30:35,20210509
46,2009-06-30,VBIX,USD,2009-08-14 00:00:00,2009-08-14 15:54:43,Q2,0.0,0.0,0.0,0.0,0.0,0.0,0.0,0.0,9729.0,10000.0,0.0,0.0,-10000.0,0.0,-10000.0,0.0,0.0,-10000.0,0.0,0.0,-10000.0,0.0,-0.5,-0.5,20000.0,20000.0,https://www.sec.gov/Archives/edgar/data/797542/000129534509000058/0001295345-09-000058-index.html,https://www.sec.gov/Archives/edgar/data/797542/000129534509000058/zxsi06302009.htm,1620599435,18:30:35,20210509
47,2009-03-31,VBIX,USD,2009-04-09 00:00:00,2009-04-09 13:13:52,Q1,0.0,0.0,0.0,0.0,0.0,0.0,0.0,0.0,13759.0,10000.0,0.0,0.0,-10000.0,0.0,-10000.0,0.0,0.0,-10000.0,0.0,0.0,-10000.0,0.0,-0.5,-0.5,20000.0,20000.0,https://www.sec.gov/Archives/edgar/data/797542/000129534509000024/0001295345-09-000024-index.html,https://www.sec.gov/Archives/edgar/data/797542/000129534509000024/zxsi12312008.htm,1620599435,18:30:35,20210509
48,2008-12-31,VBIX,USD,2008-12-31,2008-12-31,Q4,0.0,0.0,0.0,0.0,0.0,0.0,0.0,0.0,9593.0,10000.0,0.0,0.0,-10000.0,0.0,-10000.0,0.0,0.0,-10000.0,0.0,0.0,-10000.0,0.0,-0.5,-0.5,20000.0,20000.0,,,1620599435,18:30:35,20210509
49,2008-09-30,VBIX,USD,2008-11-13 00:00:00,2008-11-13 12:49:49,Q3,0.0,0.0,0.0,0.0,0.0,0.0,0.0,0.0,22151.0,20000.0,0.0,0.0,-20000.0,0.0,-20000.0,0.0,0.0,-20000.0,0.0,0.0,-20000.0,0.0,-1.0,-1.0,20000.0,20000.0,https://www.sec.gov/Archives/edgar/data/797542/000129534508000118/0001295345-08-000118-index.html,https://www.sec.gov/Archives/edgar/data/797542/000129534508000118/zxsi09302008.htm,1620599435,18:30:35,20210509
50,2008-06-30,VBIX,USD,2008-08-13 00:00:00,2008-08-13 13:57:42,Q2,0.0,0.0,0.0,0.0,0.0,0.0,0.0,0.0,9537.0,10000.0,0.0,0.0,-10000.0,0.0,-10000.0,0.0,0.0,-10000.0,0.0,0.0,-10000.0,0.0,-0.5,-0.5,20000.0,20000.0,https://www.sec.gov/Archives/edgar/data/797542/000129534508000071/0001295345-08-000071-index.html,https://www.sec.gov/Archives/edgar/data/797542/000129534508000071/zxsi06302008.htm,1620599435,18:30:35,20210509
51,2008-03-31,VBIX,USD,2008-05-14 00:00:00,2008-05-14 11:58:42,Q1,0.0,0.0,0.0,0.0,0.0,0.0,0.0,0.0,11527.0,10000.0,0.0,0.0,-10000.0,0.0,-10000.0,0.0,0.0,-10000.0,0.0,0.0,-10000.0,0.0,-0.5,-0.5,20000.0,20000.0,https://www.sec.gov/Archives/edgar/data/797542/000129534508000040/0001295345-08-000040-index.html,https://www.sec.gov/Archives/edgar/data/797542/000129534508000040/zaxs03312008.htm,1620599435,18:30:35,20210509
52,2007-12-31,VBIX,USD,2007-12-31,2007-12-31,Q4,0.0,0.0,0.0,0.0,0.0,0.0,0.0,0.0,10112.0,10000.0,0.0,0.0,-10000.0,0.0,-10000.0,0.0,0.0,-10000.0,0.0,0.0,-10000.0,0.0,-0.33333,-0.33333,30000.0,30000.0,,,1620599435,18:30:35,20210509
53,2007-09-30,VBIX,USD,2007-09-30,2007-09-30,Q3,0.0,0.0,0.0,0.0,0.0,0.0,0.0,0.0,9527.0,10000.0,0.0,0.0,-10000.0,0.0,-10000.0,0.0,0.0,-10000.0,0.0,0.0,-10000.0,0.0,-0.5,-0.5,20000.0,20000.0,,,1620599435,18:30:35,20210509
54,2007-06-30,VBIX,USD,2007-06-30,2007-06-30,Q2,0.0,0.0,0.0,0.0,0.0,0.0,0.0,0.0,13188.0,10000.0,0.0,0.0,-10000.0,0.0,-10000.0,0.0,0.0,-10000.0,0.0,0.0,-10000.0,0.0,-0.5,-0.5,20000.0,20000.0,,,1620599435,18:30:35,20210509
55,2007-03-31,VBIX,USD,2007-03-31,2007-03-31,Q1,0.0,0.0,0.0,0.0,0.0,0.0,0.0,0.0,7527.0,10000.0,0.0,0.0,-10000.0,0.0,-10000.0,0.0,0.0,-10000.0,0.0,0.0,-10000.0,0.0,-0.5,-0.5,20000.0,20000.0,,,1620599435,18:30:35,20210509
