,date,symbol,reportedCurrency,fillingDate,acceptedDate,period,revenue,costOfRevenue,grossProfit,grossProfitRatio,researchAndDevelopmentExpenses,generalAndAdministrativeExpenses,sellingAndMarketingExpenses,otherExpenses,operatingExpenses,costAndExpenses,interestExpense,depreciationAndAmortization,ebitda,ebitdaratio,operatingIncome,operatingIncomeRatio,totalOtherIncomeExpensesNet,incomeBeforeTax,incomeBeforeTaxRatio,incomeTaxExpense,netIncome,netIncomeRatio,eps,epsdiluted,weightedAverageShsOut,weightedAverageShsOutDil,link,finalLink,timestamp,est_time,est_date
0,2020-12-31,ETH,USD,2021-01-28,2021-01-28 16:15:48,Q2,178826000,77494000,101332000,0.56665138179012,0.0,78354000.0,0.0,-330000.0,78354000,155848000,0.0,8145000.0,30700000.0,0.17167525974970083,22555000.0,0.1261281916499838,-330.0,22178000.0,0.12401999709214544,5295000.0,16883000.0,0.0944102088063257,0.67051908336312,0.6698008410695866,25179000.0,25206000.0,https://www.sec.gov/Archives/edgar/data/896156/000143774921001497/0001437749-21-001497-index.htm,https://www.sec.gov/Archives/edgar/data/896156/000143774921001497/eth20201231_10q.htm,1620591810,16:23:30,20210509
1,2020-09-30,ETH,USD,2020-10-29,2020-10-29 16:20:46,Q1,151058000,65288000,85770000,0.5677951515312,0.0,73466000.0,0.0,0.0,73466000,138754000,440000.0,4140000.0,16444000.0,0.10885884891895828,12304000.0,0.0814521574494565,-623000.0,11241000.0,0.07441512531610375,1888000.0,9353000.0,0.06191661481020535,0.3714603439374082,0.3710624454494961,25179000.0,25206000.0,https://www.sec.gov/Archives/edgar/data/896156/000143774920021996/0001437749-20-021996-index.htm,https://www.sec.gov/Archives/edgar/data/896156/000143774920021996/eth20200930_10q.htm,1620591810,16:23:30,20210509
2,2020-06-30,ETH,USD,2020-08-27,2020-08-27 16:30:46,Q4,91568000,43700000,47868000,0.5227590424602481,0.0,53161000.0,0.0,0.0,53161000,96861000,750000.0,4014000.0,-1279000.0,-0.013967761663463219,-5293000.0,-0.057804036344574525,-7154000.0,-13197000.0,-0.14412240083872094,-1128000.0,-12069000.0,-0.1318036868775118,-0.4817387139264759,-0.47932801143810316,25053000.0,25179000.0,https://www.sec.gov/Archives/edgar/data/896156/000143774920018839/0001437749-20-018839-index.htm,https://www.sec.gov/Archives/edgar/data/896156/000143774920018839/eth20200630_10k.htm,1620591810,16:23:30,20210509
3,2020-03-31,ETH,USD,2020-05-11 00:00:00,2020-05-11 16:21:50,Q3,149774000,65825000,83949000,0.5605044934367781,0.0,83841000.0,0.0,0.0,83841000,149666000,-213000.0,4415000.0,4523000.0,0.030198832908248426,108000.0,0.0007210864368982601,-862000.0,-541000.0,-0.003612108910758877,-318000.0,-223000.0,-0.0014889099576695555,-0.01,-0.01,25703000.0,25703000.0,https://www.sec.gov/Archives/edgar/data/896156/000143774920010303/0001437749-20-010303-index.htm,https://www.sec.gov/Archives/edgar/data/896156/000143774920010303/eth20200331_10q.htm,1620591810,16:23:30,20210509
4,2019-12-31,ETH,USD,2020-02-04 00:00:00,2020-02-04 16:21:21,Q2,174574000,77053000,97521000,0.5586227044118827,0.0,88495000.0,0.0,0.0,88495000,165548000,-63000.0,4454000.0,13480000.0,0.07721653854525874,9026000.0,0.051703002738093876,178000.0,9267000.0,0.053083506134934184,2181000.0,7086000.0,0.04059023680502251,0.2665914221218962,0.2662708552532692,26580000.0,26612000.0,https://www.sec.gov/Archives/edgar/data/896156/000143774920001698/0001437749-20-001698-index.html,https://www.sec.gov/Archives/edgar/data/896156/000143774920001698/eth20191231_10q.htm,1620591810,16:23:30,20210509
5,2019-09-30,ETH,USD,2019-11-04 00:00:00,2019-11-04 16:36:14,Q1,173921000,80127000,93794000,0.5392908274446444,0.0,86010000.0,0.0,0.0,86010000,166137000,-19000.0,3976000.0,11760000.0,0.06761690652652641,7784000.0,0.044755952415177006,10857000.0,18660000.0,0.10729009147831486,4554000.0,14106000.0,0.08110578941013448,0.5280575000935874,0.5273271028037383,26713000.0,26750000.0,https://www.sec.gov/Archives/edgar/data/896156/000143774919021439/0001437749-19-021439-index.html,https://www.sec.gov/Archives/edgar/data/896156/000143774919021439/eth20190930_10q.htm,1620591810,16:23:30,20210509
6,2019-06-30,ETH,USD,2019-08-09,2019-08-09 17:20:20,Q4,183918000,83131000,100787000,0.5479996520188345,0.0,87056000.0,0.0,0.0,87056000,170187000,150000.0,4788000.0,18519000.0,0.10069161256646984,13731000.0,0.07465827162104852,-18380000.0,-4799000.0,-0.02609315020824498,-1489000.0,-3310000.0,-0.01799715090420731,-0.12391898468795627,-0.12370132296883175,26711000.0,26758000.0,https://www.sec.gov/Archives/edgar/data/896156/000143774919016263/eth20190630_10k.htm,https://www.sec.gov/Archives/edgar/data/896156/000143774919016263/eth20190630_10k.htm,1620591810,16:23:30,20210509
7,2019-03-31,ETH,USD,2019-04-29 00:00:00,2019-04-29 16:11:18,Q3,177829000,79435000,98394000,0.5533068284700471,0.0,87725000.0,0.0,0.0,87725000,167160000,62000.0,4924000.0,15593000.0,0.08768536065546115,10669000.0,0.05999583869897486,0.0,10607000.0,0.05964718915362511,2629000.0,7978000.0,0.044863323754843136,0.29874555326717844,0.29823184180030654,26705000.0,26751000.0,https://www.sec.gov/Archives/edgar/data/896156/000143774919008171/0001437749-19-008171-index.html,https://www.sec.gov/Archives/edgar/data/896156/000143774919008171/eth20190331_10q.htm,1620591810,16:23:30,20210509
8,2018-12-31,ETH,USD,2019-01-28 00:00:00,2019-01-28 16:18:19,Q2,197152000,88292000,108860000,0.5521627982470378,0.0,92732000.0,0.0,0.0,92732000,181024000,81000.0,4925000.0,21053000.0,0.10678562733322512,16128000.0,0.08180490180165557,0.0,16280000.0,0.08257588053887356,4090000.0,12190000.0,0.061830465833468594,0.46,0.45,26574000.0,26923000.0,https://www.sec.gov/Archives/edgar/data/896156/000143774919001423/0001437749-19-001423-index.html,https://www.sec.gov/Archives/edgar/data/896156/000143774919001423/eth20181231_10q.htm,1620591810,16:23:30,20210509
9,2018-09-30,ETH,USD,2018-10-24 00:00:00,2018-10-24 16:11:51,Q1,187785000,86335000,101450000,0.5402454935165215,0.0,89651000.0,0.0,0.0,89651000,175986000,53000.0,5000000.0,16799000.0,0.08945868945868946,11799000.0,0.06283249460819554,0.0,11772000.0,0.06268871315600287,2932000.0,8840000.0,0.04707511249567324,0.33309469083235993,0.3281365998515219,26539000.0,26940000.0,https://www.sec.gov/Archives/edgar/data/896156/000143774918018691/0001437749-18-018691-index.html,https://www.sec.gov/Archives/edgar/data/896156/000143774918018691/eth20180930_10q.htm,1620591810,16:23:30,20210509
10,2018-06-30,ETH,USD,2018-08-02 00:00:00,2018-08-02 16:38:04,Q4,205582000,94440000,111142000,0.5406212606162019,0.0,95235000.0,0.0,0.0,95235000,189675000,53000.0,4876000.0,20783000.0,0.10109348094677549,15907000.0,0.07737545115817533,0.0,16156000.0,0.07858664669085814,4678000.0,11478000.0,0.055831736241499744,0.43,0.42,26878000.0,27323000.0,https://www.sec.gov/Archives/edgar/data/896156/000143774918014320/0001437749-18-014320-index.html,https://www.sec.gov/Archives/edgar/data/896156/000143774918014320/eth20180630_10k.htm,1620591810,16:23:30,20210509
11,2018-03-31,ETH,USD,2018-04-27 00:00:00,2018-04-26 20:01:01,Q3,181419000,84711000,96708000,0.5330643427645395,0.0,92835000.0,0.0,0.0,92835000,177546000,70000.0,4915000.0,8788000.0,0.0484403507901598,3873000.0,0.02134837034709705,0.0,3803000.0,0.020962523219728916,1187000.0,2616000.0,0.014419658359929225,0.1,0.09,27476000.0,27692000.0,https://www.sec.gov/Archives/edgar/data/896156/000143774918007884/0001437749-18-007884-index.html,https://www.sec.gov/Archives/edgar/data/896156/000143774918007884/eth20180331_10q.htm,1620591810,16:23:30,20210509
12,2017-12-31,ETH,USD,2018-01-25 00:00:00,2018-01-25 16:46:02,Q2,198481000,90690000,107791000,0.5430796902474292,0.0,90253000.0,0.0,0.0,90253000,180943000,33000.0,4954000.0,22492000.0,0.1133206704923897,17538000.0,0.08836110257404992,0.0,17688000.0,0.08911684241816598,2826000.0,14862000.0,0.07487870375501937,0.5409871869539895,0.5359924985574149,27472000.0,27728000.0,https://www.sec.gov/Archives/edgar/data/896156/000143774918001135/0001437749-18-001135-index.html,https://www.sec.gov/Archives/edgar/data/896156/000143774918001135/eth20171231_10q.htm,1620591810,16:23:30,20210509
13,2017-09-30,ETH,USD,2017-10-26 00:00:00,2017-10-26 17:02:21,Q1,181302000,80979000,100323000,0.5533474534202601,0.0,88774000.0,0.0,0.0,88774000,169753000,185000.0,5086000.0,16635000.0,0.09175298672932455,11549000.0,0.06370034528025063,0.0,11420000.0,0.0629888252749556,4005000.0,7415000.0,0.04089861115707494,0.2700389671874431,0.2671494451650094,27459000.0,27756000.0,https://www.sec.gov/Archives/edgar/data/896156/000143774917017685/0001437749-17-017685-index.html,https://www.sec.gov/Archives/edgar/data/896156/000143774917017685/eth20170930_10q.htm,1620591810,16:23:30,20210509
14,2017-06-30,ETH,USD,2017-08-02 00:00:00,2017-08-02 16:39:38,Q4,194925000,86528000,108397000,0.5560959343337181,0.0,89798000.0,0.0,0.0,89798000,176326000,274000.0,5092000.0,23691000.0,0.1215390534821085,18599000.0,0.09541618571245351,0.0,18345000.0,0.09411312043093498,6662000.0,11683000.0,0.05993587277157881,0.4227915897658597,0.4181759610566254,27633000.0,27938000.0,https://www.sec.gov/Archives/edgar/data/896156/000143774917013590/0001437749-17-013590-index.html,https://www.sec.gov/Archives/edgar/data/896156/000143774917013590/eth20170630_10k.htm,1620591810,16:23:30,20210509
15,2017-03-31,ETH,USD,2017-04-27 00:00:00,2017-04-27 16:53:01,Q3,180501000,85766000,94735000,0.5248447377022842,0.0,90815000.0,0.0,0.0,90815000,176581000,379000.0,5024000.0,8944000.0,0.04955097201677553,3920000.0,0.021717331205921297,0.0,3541000.0,0.019617619846981457,1259000.0,2282000.0,0.012642589237732755,0.08240944711278032,0.08163703359210103,27691000.0,27953000.0,https://www.sec.gov/Archives/edgar/data/896156/000143774917007326/0001437749-17-007326-index.html,https://www.sec.gov/Archives/edgar/data/896156/000143774917007326/eth20170331_10q.htm,1620591810,16:23:30,20210509
16,2016-12-31,ETH,USD,2017-01-26 00:00:00,2017-01-26 16:31:50,Q2,194672000,86548000,108124000,0.5554162899646585,0.0,91030000.0,0.0,0.0,91030000,177578000,324000.0,5000000.0,22094000.0,0.11349346593244021,17094000.0,0.08780923810306566,0.0,16952000.0,0.08707980603271143,6252000.0,10700000.0,0.05496424755486151,0.39,0.38,27666000.0,27945000.0,https://www.sec.gov/Archives/edgar/data/896156/000143774917001153/0001437749-17-001153-index.html,https://www.sec.gov/Archives/edgar/data/896156/000143774917001153/eth20161231_10q.htm,1620591810,16:23:30,20210509
17,2016-09-30,ETH,USD,2016-10-26 00:00:00,2016-10-26 16:04:48,Q1,193287000,84820000,108467000,0.5611706943560612,0.0,90130000.0,0.0,0.0,90130000,174950000,323000.0,4999000.0,23336000.0,0.12073238241578585,18337000.0,0.09486928763962398,0.0,18157000.0,0.09393802997614946,6628000.0,11529000.0,0.059647053345543155,0.42,0.41,27725000.0,28012000.0,https://www.sec.gov/Archives/edgar/data/896156/000143774916040335/0001437749-16-040335-index.html,https://www.sec.gov/Archives/edgar/data/896156/000143774916040335/eth20160823_10q.htm,1620591810,16:23:30,20210509
18,2016-06-30,ETH,USD,2016-08-08 00:00:00,2016-08-08 17:28:11,Q4,205693000,89905000,115788000,0.5629165795627464,0.0,90025000.0,0.0,0.0,90025000,179930000,151000.0,4722000.0,30485000.0,0.14820630745820226,25763000.0,0.1252497654271171,0.0,25683000.0,0.12486083629486662,8905000.0,16778000.0,0.08156816226123398,0.604721571454316,0.5987224779645292,27745000.0,28023000.0,https://www.sec.gov/Archives/edgar/data/896156/000143774916036767/0001437749-16-036767-index.html,https://www.sec.gov/Archives/edgar/data/896156/000143774916036767/eth20160630_10k.htm,1620591810,16:23:30,20210509
19,2016-03-31,ETH,USD,2016-04-26 00:00:00,2016-04-26 16:37:25,Q3,190583000,84866000,105717000,0.5547032001804988,0.0,89708000.0,0.0,0.0,89708000,174574000,580000.0,5042000.0,21051000.0,0.11045581190347513,16009000.0,0.08400014691761595,0.0,15578000.0,0.08173866504357681,5400000.0,10178000.0,0.05340455339668281,0.37,0.36,27827000.0,28061000.0,https://www.sec.gov/Archives/edgar/data/896156/000143774916030013/0001437749-16-030013-index.html,https://www.sec.gov/Archives/edgar/data/896156/000143774916030013/eth20160331_10q.htm,1620591810,16:23:30,20210509
20,2015-12-31,ETH,USD,2016-01-27 00:00:00,2016-01-27 17:10:06,Q2,207535000,91477000,116058000,0.5592213361601658,0.0,89551000.0,0.0,0.0,89551000,181028000,431000.0,4806000.0,31313000.0,0.15088057436095118,26507000.0,0.12772303466885104,0.0,26125000.0,0.12588238128508444,9591000.0,16534000.0,0.0796684896523478,0.5841577162238553,0.579388162736097,28304000.0,28537000.0,https://www.sec.gov/Archives/edgar/data/896156/000143774916024187/0001437749-16-024187-index.html,https://www.sec.gov/Archives/edgar/data/896156/000143774916024187/eth20151231_10q.htm,1620591810,16:23:30,20210509
21,2015-09-30,ETH,USD,2015-10-28 00:00:00,2015-10-28 17:15:07,Q1,190391000,85718000,104673000,0.5497791387197924,0.0,83773000.0,0.0,0.0,83773000,169491000,456000.0,4783000.0,25683000.0,0.1348960822727965,20900000.0,0.10977409646464381,0.0,20570000.0,0.10804082125730734,7423000.0,13147000.0,0.06905263379046278,0.4627595916930658,0.4585149792487706,28410000.0,28673000.0,https://www.sec.gov/Archives/edgar/data/896156/000143774915019020/0001437749-15-019020-index.html,https://www.sec.gov/Archives/edgar/data/896156/000143774915019020/eth20150930_10q.htm,1620591810,16:23:30,20210509
22,2015-06-30,ETH,USD,2015-08-12 00:00:00,2015-08-11 17:43:49,Q4,193568000,87392000,106176000,0.5485204165977847,0.0,87598000.0,0.0,0.0,87598000,174990000,419000.0,4928000.0,23506000.0,0.12143536121673004,18578000.0,0.09597660770375269,0.0,18159000.0,0.09381199371796992,5470000.0,12689000.0,0.06555319061001819,0.4419406519921984,0.4384285813005321,28712000.0,28942000.0,https://www.sec.gov/Archives/edgar/data/896156/000143774915015540/0001437749-15-015540-index.html,https://www.sec.gov/Archives/edgar/data/896156/000143774915015540/eth20150630_10k.htm,1620591810,16:23:30,20210509
23,2015-03-31,ETH,USD,2015-04-27 00:00:00,2015-04-27 16:03:17,Q3,173259000,79149000,94110000,0.5431752463075511,0.0,84884000.0,0.0,0.0,84884000,164033000,5293000.0,4820000.0,14046000.0,0.08106938167714231,9226000.0,0.05324975903127688,0.0,3933000.0,0.022700119474313024,1397000.0,2536000.0,0.014637046271766546,0.08767502160760587,0.08672457424252787,28925000.0,29242000.0,https://www.sec.gov/Archives/edgar/data/896156/000143774915008097/0001437749-15-008097-index.html,https://www.sec.gov/Archives/edgar/data/896156/000143774915008097/eth20150331_10q.htm,1620591810,16:23:30,20210509
24,2014-12-31,ETH,USD,2015-01-28,2015-01-28 16:09:00,Q2,197067000,90993000,106074000,0.5382636362252432,0.0,88414000.0,0.0,0.0,88414000,179407000,1882000.0,4675000.0,22335000.0,0.11333708840140663,17660000.0,0.08961419212755053,0.0,15867000.0,0.08051576367428337,5829000.0,10038000.0,0.05093699097261337,0.35,0.34,28930000.0,29295000.0,https://www.sec.gov/Archives/edgar/data/896156/000143774915001378/eth20141231_10q.htm,https://www.sec.gov/Archives/edgar/data/896156/000143774915001378/eth20141231_10q.htm,1620591810,16:23:30,20210509
25,2014-09-30,ETH,USD,2014-10-30 00:00:00,2014-10-30 12:24:53,Q1,190706000,85903000,104803000,0.5495527146497751,0.0,84333000.0,0.0,0.0,84333000,170236000,1889000.0,4719000.0,25189000.0,0.13208289199081308,20470000.0,0.10733799670697304,0.0,18724000.0,0.09818254276215746,6845000.0,11879000.0,0.062289597600495,0.4106544059183462,0.4061474288840263,28927000.0,29248000.0,https://www.sec.gov/Archives/edgar/data/896156/000143774914019079/0001437749-14-019079-index.html,https://www.sec.gov/Archives/edgar/data/896156/000143774914019079/eth20140930_10q.htm,1620591810,16:23:30,20210509
26,2014-06-30,ETH,USD,2014-08-15 00:00:00,2014-08-15 11:42:30,Q4,198835000,90211000,108624000,0.5463022103754369,0.0,84334000.0,0.0,0.0,84334000,174545000,1896000.0,4654000.0,28944000.0,0.1455679332109538,24290000.0,0.12216159126914275,0.0,22442000.0,0.11286745291321951,5358000.0,17084000.0,0.08592048683581864,0.59,0.58,28923000.0,29254000.0,https://www.sec.gov/Archives/edgar/data/896156/000143774914015615/0001437749-14-015615-index.html,https://www.sec.gov/Archives/edgar/data/896156/000143774914015615/eth20140630_10k.htm,1620591810,16:23:30,20210509
27,2014-03-31,ETH,USD,2014-05-01 00:00:00,2014-05-01 17:15:07,Q3,173061000,79931000,93130000,0.538133952768099,0.0,83578000.0,0.0,0.0,83578000,163509000,1870000.0,4577000.0,14129000.0,0.0816417332616823,9552000.0,0.0551944112191655,0.0,7785000.0,0.04498413854074575,2527000.0,5258000.0,0.030382350731822882,0.1818118948824343,0.1796317173994739,28920000.0,29271000.0,https://www.sec.gov/Archives/edgar/data/896156/000143774914007744/0001437749-14-007744-index.html,https://www.sec.gov/Archives/edgar/data/896156/000143774914007744/eth20140331_10q.htm,1620591810,16:23:30,20210509
28,2013-12-31,ETH,USD,2014-01-31,2014-01-31 16:15:56,Q2,193104000,87105000,105999000,0.5489218245090728,0.0,86149000.0,0.0,0.0,86149000,173254000,1871000.0,4410000.0,24260000.0,0.12563178390918883,19850000.0,0.1027943491590024,0.0,18022000.0,0.09332794763443533,6467000.0,11555000.0,0.059838221890794595,0.4,0.39,28916000.0,29292000.0,https://www.sec.gov/Archives/edgar/data/896156/000143774914001339/eth20131231_10q.htm,https://www.sec.gov/Archives/edgar/data/896156/000143774914001339/eth20131231_10q.htm,1620591810,16:23:30,20210509
29,2013-09-30,ETH,USD,2013-10-31 00:00:00,2013-10-31 15:15:24,Q1,181659000,82916000,98743000,0.5435623888714569,0.0,82799000.0,0.0,0.0,82799000,165715000,1873000.0,4289000.0,20233000.0,0.1113790123252908,15944000.0,0.08776884162083905,0.0,14153000.0,0.07790970995106215,5119000.0,9034000.0,0.04973053908697064,0.3124762201238283,0.3084539743239552,28911000.0,29288000.0,https://www.sec.gov/Archives/edgar/data/896156/000143774913013683/0001437749-13-013683-index.html,https://www.sec.gov/Archives/edgar/data/896156/000143774913013683/eth20130930_10q.htm,1620591810,16:23:30,20210509
30,2013-06-30,ETH,USD,2013-08-16 00:00:00,2013-08-16 15:19:44,Q4,182251000,83907000,98344000,0.5396074644309222,0.0,81878000.0,0.0,0.0,81878000,165785000,3671000.0,4494000.0,20960000.0,0.11500622767501961,16466000.0,0.09034792676034699,0.0,12603000.0,0.06915188394028016,4409000.0,8194000.0,0.04495997278478582,0.2834803667185608,0.27947747194651934,28905000.0,29319000.0,https://www.sec.gov/Archives/edgar/data/896156/000143774913011027/0001437749-13-011027-index.html,https://www.sec.gov/Archives/edgar/data/896156/000143774913011027/eth20130630_10k.htm,1620591810,16:23:30,20210509
31,2013-03-31,ETH,USD,2013-05-01 00:00:00,2013-05-01 13:40:28,Q3,168144000,76359000,91785000,0.5458713959463317,0.0,83125000.0,0.0,0.0,83125000,159484000,2205000.0,4548000.0,13208000.0,0.07855171757541156,8660000.0,0.0515034732134361,0.0,6455000.0,0.038389713578837185,2081000.0,4374000.0,0.02601341707108193,0.15151200249402474,0.14942096812762615,28869000.0,29273000.0,https://www.sec.gov/Archives/edgar/data/896156/000143774913005021/0001437749-13-005021-index.html,https://www.sec.gov/Archives/edgar/data/896156/000143774913005021/eth_10q-033113.htm,1620591810,16:23:30,20210509
32,2012-12-31,ETH,USD,2013-02-01 00:00:00,2013-02-01 13:12:54,Q2,191251000,87284000,103967000,0.5436154582198263,0.0,86610000.0,0.0,0.0,86610000,173894000,2198000.0,4360000.0,21717000.0,0.11355234743870621,17357000.0,0.09075508101918421,0.0,15287000.0,0.07993160820074144,5441000.0,9846000.0,0.051482083753810436,0.3413298204257089,0.3369263935940868,28846000.0,29223000.0,https://www.sec.gov/Archives/edgar/data/896156/000143774913001005/0001437749-13-001005-index.html,https://www.sec.gov/Archives/edgar/data/896156/000143774913001005/eai_10q-123112.htm,1620591810,16:23:30,20210509
33,2012-09-30,ETH,USD,2012-11-02 00:00:00,2012-11-02 13:15:02,Q1,187437000,83184000,104253000,0.5562028841690808,0.0,41766000.0,44533000.0,0.0,86299000,169483000,2199000.0,4606000.0,22560000.0,0.12036044110821235,17954000.0,0.095786851048619,0.0,15829000.0,0.08444970843536762,5765000.0,10064000.0,0.053692707416358565,0.34900818421417673,0.3453553412717477,28836000.0,29141000.0,https://www.sec.gov/Archives/edgar/data/896156/000143774912010876/0001437749-12-010876-index.html,https://www.sec.gov/Archives/edgar/data/896156/000143774912010876/eai_10q-093012.htm,1620591810,16:23:30,20210509
34,2012-06-30,ETH,USD,2012-08-16 00:00:00,2012-08-16 17:08:00,Q4,185316000,85407000,99909000,0.5391277601502299,0.0,41949000.0,43716000.0,0.0,85665000,171072000,2206000.0,4489000.0,18733000.0,0.1010867922899264,14244000.0,0.07686330376222236,90000.0,12328000.0,0.0665242072999633,5029000.0,7299000.0,0.03938677718059962,0.2529456612143055,0.25014565269543165,28856000.0,29179000.0,https://www.sec.gov/Archives/edgar/data/896156/000143774912008602/0001437749-12-008602-index.html,https://www.sec.gov/Archives/edgar/data/896156/000143774912008602/eaii_10k-063012.htm,1620591810,16:23:30,20210509
35,2012-03-31,ETH,USD,2012-05-03 00:00:00,2012-05-03 11:35:22,Q3,175861000,81586000,94275000,0.5360767879177305,0.0,42191000.0,44281000.0,0.0,86472000,168058000,2189000.0,4510000.0,12313000.0,0.07001552362377104,7803000.0,0.04437026970163936,-16000.0,5755000.0,0.032724708718817705,-21793000.0,27548000.0,0.15664644236072808,0.95,0.94,28857000.0,29236000.0,https://www.sec.gov/Archives/edgar/data/896156/000143774912004417/0001437749-12-004417-index.html,https://www.sec.gov/Archives/edgar/data/896156/000143774912004417/ethanallen_10q-033112.htm,1620591810,16:23:30,20210509
36,2011-12-31,ETH,USD,2012-02-02 00:00:00,2012-02-02 12:25:24,Q2,183275000,85056000,98219000,0.5359105169826763,0.0,42006000.0,42246000.0,0.0,84252000,169308000,2274000.0,4593000.0,18560000.0,0.10126858545900969,13967000.0,0.07620788432683126,-29000.0,11809000.0,0.06443322875460374,3732000.0,8077000.0,0.04407038603191925,0.2802275960170697,0.2778561354019746,28823000.0,29069000.0,https://www.sec.gov/Archives/edgar/data/896156/000143774912001011/0001437749-12-001011-index.html,https://www.sec.gov/Archives/edgar/data/896156/000143774912001011/eth_10q-123111.htm,1620591810,16:23:30,20210509
37,2011-09-30,ETH,USD,2011-11-02 00:00:00,2011-11-02 14:11:46,Q1,184921000,87036000,97885000,0.5293341480956733,0.0,40667000.0,43620000.0,0.0,84287000,171323000,2351000.0,4989000.0,18587000.0,0.10051319211987822,13598000.0,0.07353410375241319,40000.0,11347000.0,0.06136133808491193,4577000.0,6770000.0,0.036610228151480906,0.24,0.23,28760000.0,28951000.0,https://www.sec.gov/Archives/edgar/data/896156/000143774911007962/0001437749-11-007962-index.html,https://www.sec.gov/Archives/edgar/data/896156/000143774911007962/eth_10q-093011.htm,1620591810,16:23:30,20210509
38,2011-06-30,ETH,USD,2011-08-18 00:00:00,2011-08-18 14:41:54,Q4,177952000,83803000,94149000,0.5290696367559792,0.0,39034000.0,43067000.0,0.0,82101000,165904000,2477000.0,4696000.0,16744000.0,0.09409278906671462,12048000.0,0.06770365042258586,-733000.0,8949000.0,0.050288841934903794,1774000.0,7175000.0,0.04031986153569502,0.24937439176977616,0.24735408694453062,28772000.0,29007000.0,https://www.sec.gov/Archives/edgar/data/896156/000143774911006186/0001437749-11-006186-index.html,https://www.sec.gov/Archives/edgar/data/896156/000143774911006186/ethanallen_10k-063011.htm,1620591810,16:23:30,20210509
39,2011-03-31,ETH,USD,2011-05-05 00:00:00,2011-05-05 15:41:11,Q3,162822000,79753000,83069000,0.510182899116827,0.0,39056000.0,39147000.0,0.0,78203000,157956000,2773000.0,5191000.0,10057000.0,0.061766837405264646,4866000.0,0.0298853963223643,-109000.0,3112000.0,0.01911289629165592,-406000.0,3518000.0,0.02160641682327941,0.12236096135786581,0.12136474971538966,28751000.0,28987000.0,https://www.sec.gov/Archives/edgar/data/896156/000110465911026298/0001104659-11-026298-index.html,https://www.sec.gov/Archives/edgar/data/896156/000110465911026298/a11-9581_110q.htm,1620591810,16:23:30,20210509
40,2010-12-31,ETH,USD,2011-02-02,2011-02-02 17:00:38,Q2,173345000,83484000,89861000,0.5183939542530791,0.0,39259000.0,40068000.0,0.0,79327000,162811000,2902000.0,5322000.0,15856000.0,0.0914707663907237,10534000.0,0.06076898670281808,-59000.0,8741000.0,0.05042545213302951,-6003000.0,14744000.0,0.085055813551011,0.5132275132275133,0.5098025656097646,28728000.0,28921000.0,https://www.sec.gov/Archives/edgar/data/896156/000110465911004518/a11-5081_110q.htm,https://www.sec.gov/Archives/edgar/data/896156/000110465911004518/a11-5081_110q.htm,1620591810,16:23:30,20210509
41,2010-09-30,ETH,USD,2010-11-03 00:00:00,2010-11-03 17:03:23,Q1,164841000,82460000,82381000,0.49976037514938637,0.0,37443000.0,39327000.0,0.0,76770000,159230000,2974000.0,5607000.0,11218000.0,0.06805345757426853,5611000.0,0.034038861690962804,-225000.0,5569000.0,0.03378407071056351,1756000.0,3813000.0,0.023131381149107323,0.13249244240592098,0.13170984455958548,28779000.0,28950000.0,https://www.sec.gov/Archives/edgar/data/896156/000110465910055633/0001104659-10-055633-index.html,https://www.sec.gov/Archives/edgar/data/896156/000110465910055633/a10-18239_110q.htm,1620591810,16:23:30,20210509
42,2010-06-30,ETH,USD,2010-08-19 00:00:00,2010-08-19 16:46:23,Q4,163304000,82387000,80917000,0.4954991916915691,0.0,34989000.0,33021000.0,0.0,68010000,150397000,2986000.0,5549000.0,18456000.0,0.11301621515700778,12907000.0,0.07903664331553421,-448000.0,11634000.0,0.07124136579630627,38178000.0,-26544000.0,-0.16254347719590456,-0.9148056244830438,-0.9148056244830438,29016000.0,29016000.0,https://www.sec.gov/Archives/edgar/data/896156/000110465910045200/0001104659-10-045200-index.html,https://www.sec.gov/Archives/edgar/data/896156/000110465910045200/a10-16138_110k.htm,1620591810,16:23:30,20210509
43,2010-03-31,ETH,USD,2010-05-10 00:00:00,2010-05-10 11:00:00,Q3,147258000,75231000,72027000,0.4891211343356558,0.0,37129000.0,37321000.0,0.0,74450000,149681000,2979000.0,5519000.0,3096000.0,0.02102432465468769,-2423000.0,-0.016454114547257193,-400000.0,-4908000.0,-0.03332925885181111,-4053000.0,-855000.0,-0.005806136169172473,-0.03,-0.03,29016000.0,29016000.0,https://www.sec.gov/Archives/edgar/data/896156/000110465910027115/0001104659-10-027115-index.html,https://www.sec.gov/Archives/edgar/data/896156/000110465910027115/a10-6185_110q.htm,1620591810,16:23:30,20210509
44,2009-12-31,ETH,USD,2010-02-05 00:00:00,2010-02-05 14:54:31,Q2,143302000,74278000,69024000,0.4816680855814992,0.0,39729000.0,33801000.0,0.0,73530000,147808000,2978000.0,5633000.0,1127000.0,0.007864509916121198,-4506000.0,-0.031444083125148285,-777000.0,-7241000.0,-0.050529650667820405,-3903000.0,-3338000.0,-0.023293464152628715,-0.12,-0.12,28917000.0,28917000.0,https://www.sec.gov/Archives/edgar/data/896156/000110465910005150/0001104659-10-005150-index.html,https://www.sec.gov/Archives/edgar/data/896156/000110465910005150/a10-3105_110q.htm,1620591810,16:23:30,20210509
45,2009-09-30,ETH,USD,2009-11-09 00:00:00,2009-11-09 15:23:07,Q1,136190000,77881000,58309000,0.42814450400176224,0.0,39980000.0,33605000.0,0.0,73585000,151466000,2981000.0,12697000.0,-2579000.0,-0.018936779499229017,-15276000.0,-0.11216682575813203,-812000.0,-18272000.0,-0.13416550407518907,-4693000.0,-13579000.0,-0.09970629267934503,-0.47,-0.47,28926000.0,28926000.0,https://www.sec.gov/Archives/edgar/data/896156/000110465909063649/0001104659-09-063649-index.html,https://www.sec.gov/Archives/edgar/data/896156/000110465909063649/a09-31685_110q.htm,1620591810,16:23:30,20210509
46,2009-06-30,ETH,USD,2009-08-24 00:00:00,2009-08-24 17:04:12,Q4,138657000,71107000,67550000,0.48717338468306687,0.0,38506000.0,36526000.0,0.0,75032000,146139000,2946000.0,6350000.0,-1132000.0,-0.008164030665599285,-7482000.0,-0.05396049243817478,-12880000.0,-22972000.0,-0.16567501099836288,-6049000.0,-16923000.0,-0.1220493736342197,-0.5863622189113337,-0.5863622189113337,28861000.0,28861000.0,https://www.sec.gov/Archives/edgar/data/896156/000110465909051308/0001104659-09-051308-index.html,https://www.sec.gov/Archives/edgar/data/896156/000110465909051308/a09-23728_110k.htm,1620591810,16:23:30,20210509
47,2009-03-31,ETH,USD,2009-05-11 00:00:00,2009-05-11 15:58:41,Q3,140221000,74171000,66050000,0.47104214062087707,0.0,42781000.0,42251000.0,0.0,85032000,159203000,2985000.0,6477000.0,-12505000.0,-0.08918065054449761,-18982000.0,-0.13537201988289913,-55725000.0,-76886000.0,-0.5483201517604354,-28212000.0,-48674000.0,-0.34712346938047794,-1.69,-1.69,28861000.0,28861000.0,https://www.sec.gov/Archives/edgar/data/896156/000110465909031485/0001104659-09-031485-index.html,https://www.sec.gov/Archives/edgar/data/896156/000110465909031485/a09-11559_110q.htm,1620591810,16:23:30,20210509
48,2008-12-31,ETH,USD,2009-02-09 00:00:00,2009-02-09 12:00:49,Q2,189558000,87757000,101801000,0.5370440709439854,0.0,91688000.0,0.0,0.0,91688000,179445000,0.0,6490000.0,16603000.0,0.087587967798774,10113000.0,0.05335042572721806,-26000.0,8268000.0,0.04361725698730731,2780000.0,5488000.0,0.028951560999799533,0.19,0.19,28739000.0,28739000.0,https://www.sec.gov/Archives/edgar/data/896156/000110465909007546/0001104659-09-007546-index.html,https://www.sec.gov/Archives/edgar/data/896156/000110465909007546/a09-4687_110q.htm,1620591810,16:23:30,20210509
49,2008-09-30,ETH,USD,2008-11-07 00:00:00,2008-11-07 15:12:09,Q1,205841000,93900000,111941000,0.5438226592369839,0.0,101360000.0,0.0,0.0,101360000,195260000,0.0,6318000.0,16899000.0,0.08209734698140798,10581000.0,0.051403753382465105,1630000.0,10410000.0,0.05057301509417463,2988000.0,7422000.0,0.03605695658299367,0.2585792425878828,0.2572884528720491,28703000.0,28847000.0,https://www.sec.gov/Archives/edgar/data/896156/000110465908069142/0001104659-08-069142-index.html,https://www.sec.gov/Archives/edgar/data/896156/000110465908069142/a08-27874_110q.htm,1620591810,16:23:30,20210509
50,2008-06-30,ETH,USD,2008-08-22 00:00:00,2008-08-22 11:00:11,Q4,235907000,107939000,127968000,0.5424510506258823,0.0,105999000.0,0.0,0.0,105999000,213938000,0.0,6593000.0,28562000.0,0.12107313475225406,21969000.0,0.09312568088272073,-2843000.0,17619000.0,0.074686211091659,6519000.0,11100000.0,0.047052440156502354,0.38396347158324395,0.38396347158324395,28909000.0,28909000.0,https://www.sec.gov/Archives/edgar/data/896156/000110465908054499/0001104659-08-054499-index.html,https://www.sec.gov/Archives/edgar/data/896156/000110465908054499/a08-21847_110k.htm,1620591810,16:23:30,20210509
51,2008-03-31,ETH,USD,2008-05-08 00:00:00,2008-05-07 19:13:19,Q3,235901000,110714000,125187000,0.5306760039168973,0.0,105614000.0,0.0,0.0,105614000,216328000,0.0,5991000.0,25564000.0,0.10836749314331012,19573000.0,0.08297124641269008,-3993000.0,14041000.0,0.05952073115417061,5195000.0,8846000.0,0.037498781268413446,0.31,0.3,28909000.0,29049000.0,https://www.sec.gov/Archives/edgar/data/896156/000142209708000007/0001422097-08-000007-index.html,https://www.sec.gov/Archives/edgar/data/896156/000142209708000007/ea10q_254365-mar3108.htm,1620591810,16:23:30,20210509
52,2007-12-31,ETH,USD,2008-02-06,2008-02-06 16:08:45,Q2,259510000,120057000,139453000,0.5373704288852067,0.0,105956000.0,0.0,0.0,105956000,226013000,0.0,6149000.0,39646000.0,0.15277253285037184,33497000.0,0.12907787753843783,0.0,32734000.0,0.12613772108974605,12112000.0,20622000.0,0.07946514585179762,0.7016433602123099,0.6980570035881118,29391000.0,29542000.0,https://www.sec.gov/Archives/edgar/data/896156/000093244008000073/ea10q_250954-dec3107.htm,https://www.sec.gov/Archives/edgar/data/896156/000093244008000073/ea10q_250954-dec3107.htm,1620591810,16:23:30,20210509
53,2007-09-30,ETH,USD,2007-11-05 00:00:00,2007-11-05 16:21:13,Q1,248727000,115270000,133457000,0.5365601643569053,0.0,105660000.0,0.0,0.0,105660000,220930000,0.0,5937000.0,33734000.0,0.13562661070169302,27797000.0,0.11175706698508807,0.0,27784000.0,0.11170480084590736,10280000.0,17504000.0,0.07037434617070121,0.58,0.57,30084000.0,30464000.0,https://www.sec.gov/Archives/edgar/data/896156/000093244007000647/0000932440-07-000647-index.html,https://www.sec.gov/Archives/edgar/data/896156/000093244007000647/ea10q_3qtr-nov07.htm,1620591810,16:23:30,20210509
54,2007-06-30,ETH,USD,2007-08-28 00:00:00,2007-08-28 15:05:26,Q4,258531000,120543000,137988000,0.5337387005813616,0.0,105715000.0,0.0,0.0,105715000,226258000,0.0,5772000.0,38045000.0,0.14715836785530556,32273000.0,0.12483222514901501,0.0,32514000.0,0.1257644150991564,12030000.0,20484000.0,0.07923227775392507,0.6470811220621683,0.6470811220621683,31656000.0,31656000.0,https://www.sec.gov/Archives/edgar/data/896156/000093244007000506/0000932440-07-000506-index.html,https://www.sec.gov/Archives/edgar/data/896156/000093244007000506/ea10k_jun3007-245293.htm,1620591810,16:23:30,20210509
55,2007-03-31,ETH,USD,2007-05-07 00:00:00,2007-05-07 11:44:22,Q3,246539000,118023000,128516000,0.5212806087475004,0.0,100609000.0,0.0,0.0,100609000,218632000,0.0,5818000.0,33725000.0,0.13679377299331952,27907000.0,0.11319507258486487,180000.0,27499000.0,0.1115401620027663,10000000.0,17499000.0,0.07097862812780129,0.55,0.54,31656000.0,32352000.0,https://www.sec.gov/Archives/edgar/data/896156/000093244007000334/0000932440-07-000334-index.html,https://www.sec.gov/Archives/edgar/data/896156/000093244007000334/ea10q_3rdq-mar07.htm,1620591810,16:23:30,20210509
56,2006-12-31,ETH,USD,2007-02-07,2007-02-07 13:27:33,Q2,257419000,123669000,133750000,0.5195809167155494,0.0,97535000.0,0.0,0.0,97535000,221204000,0.0,5819000.0,42034000.0,0.16329020002408526,36215000.0,0.1406850310194663,314000.0,36189000.0,0.14058402837397396,13397000.0,22792000.0,0.08854047292546394,0.72,0.7,31737000.0,32503000.0,https://www.sec.gov/Archives/edgar/data/896156/000093244007000077/ea10q_2qtr-feb07.htm,https://www.sec.gov/Archives/edgar/data/896156/000093244007000077/ea10q_2qtr-feb07.htm,1620591810,16:23:30,20210509
57,2006-09-30,ETH,USD,2006-11-06,2006-11-06 17:25:56,Q1,242823000,116494000,126329000,0.5202513765170516,0.0,98163000.0,0.0,0.0,98163000,214657000,0.0,5604000.0,33770000.0,0.13907249313285808,28166000.0,0.11599395444418362,-13936000.0,13524000.0,0.0556948888696705,5072000.0,8452000.0,0.034807246430527586,0.27,0.26,31815000.0,32631000.0,https://www.sec.gov/Archives/edgar/data/896156/000093244006000513/ea10q_1qtr930-06.htm,https://www.sec.gov/Archives/edgar/data/896156/000093244006000513/ea10q_1qtr930-06.htm,1620591810,16:23:30,20210509
58,2006-06-30,ETH,USD,2006-09-13,2006-09-13 16:47:11,Q4,272002000,132160000,139842000,0.514121219696914,0.0,102991000.0,0.0,0.0,102991000,235151000,0.0,5458000.0,42309000.0,0.15554665039227653,36851000.0,0.13548062146601864,0.0,35831000.0,0.1317306490393453,13437000.0,22394000.0,0.08233027698325747,0.6781744950183217,0.6781744950183217,33021000.0,33021000.0,https://www.sec.gov/Archives/edgar/data/896156/000093244006000435/ea10k_sept06.htm,https://www.sec.gov/Archives/edgar/data/896156/000093244006000435/ea10k_sept06.htm,1620591810,16:23:30,20210509
59,2006-03-31,ETH,USD,2006-05-09,2006-05-09 12:22:22,Q3,267071000,132325000,134746000,0.5045325025929435,0.0,101407000.0,0.0,0.0,101407000,233732000,0.0,5286000.0,38625000.0,0.14462446315773708,33339000.0,0.12483197352015007,0.0,31991000.0,0.11978462655997843,11997000.0,19994000.0,0.07486398747898498,0.61,0.59,33021000.0,34046000.0,https://www.sec.gov/Archives/edgar/data/896156/000093244006000231/ea_10q-mar06.htm,https://www.sec.gov/Archives/edgar/data/896156/000093244006000231/ea_10q-mar06.htm,1620591810,16:23:30,20210509
60,2005-12-31,ETH,USD,2006-02-01,2006-02-01 12:43:39,Q2,276003000,136149000,139854000,0.506711883566483,0.0,95566000.0,0.0,0.0,95566000,231715000,0.0,5535000.0,49823000.0,0.18051615380992236,44288000.0,0.16046202396350764,0.0,42475000.0,0.1538932547834625,16311000.0,26164000.0,0.09479607105719866,0.79,0.77,33078000.0,33845000.0,https://www.sec.gov/Archives/edgar/data/896156/000093244006000046/ea_10qdec05.htm,https://www.sec.gov/Archives/edgar/data/896156/000093244006000046/ea_10qdec05.htm,1620591810,16:23:30,20210509
61,2005-09-30,ETH,USD,2005-11-09,2005-11-09 14:40:29,Q1,251314000,124774000,126540000,0.5035135328712288,0.0,94105000.0,0.0,0.0,94105000,218879000,0.0,5320000.0,37755000.0,0.15023038907502168,32435000.0,0.12906165195731237,-4241000.0,27808000.0,0.11065042138519939,10678000.0,17130000.0,0.06816174188465425,0.5,0.49,33921000.0,34628000.0,https://www.sec.gov/Archives/edgar/data/896156/000093244005000564/ea10q_1qtr930-05.htm,https://www.sec.gov/Archives/edgar/data/896156/000093244005000564/ea10q_1qtr930-05.htm,1620591810,16:23:30,20210509
62,2005-06-30,ETH,USD,2005-09-13,2005-09-13 14:44:25,Q4,242260000,121482000,120778000,0.4985470156030711,0.0,88629000.0,0.0,0.0,88629000,210111000,0.0,5363000.0,37512000.0,0.15484190539090234,32149000.0,0.13270453232064724,0.0,31673000.0,0.13073970114752745,12162000.0,19511000.0,0.08053743911500041,0.5533936523243611,0.5533936523243611,35257000.0,35257000.0,https://www.sec.gov/Archives/edgar/data/896156/000093244005000457/ea_10k-63005.htm,https://www.sec.gov/Archives/edgar/data/896156/000093244005000457/ea_10k-63005.htm,1620591810,16:23:30,20210509
63,2005-03-31,ETH,USD,2005-05-10,2005-05-10 15:39:08,Q3,231154000,120704000,110450000,0.47781998148420535,0.0,81152000.0,0.0,0.0,81152000,201856000,0.0,5649000.0,34947000.0,0.15118492433615685,29298000.0,0.12674667105046852,0.0,29257000.0,0.12656930012026615,11322000.0,17935000.0,0.07758896666291737,0.51,0.5,35257000.0,36148000.0,https://www.sec.gov/Archives/edgar/data/896156/000093244005000248/ea_10qmay05.htm,https://www.sec.gov/Archives/edgar/data/896156/000093244005000248/ea_10qmay05.htm,1620591810,16:23:30,20210509
64,2004-12-31,ETH,USD,2005-02-04,2005-02-04 11:21:57,Q2,245252000,125796000,119456000,0.48707451926997536,0.0,82717000.0,0.0,0.0,82717000,208513000,0.0,5076000.0,41815000.0,0.1704980999135583,36739000.0,0.1498010209906545,52000.0,37954000.0,0.15475510903071127,14688000.0,23266000.0,0.0948656891686918,0.65,0.64,35601000.0,36564000.0,https://www.sec.gov/Archives/edgar/data/896156/000093244005000060/ea10q_4thqtr-04.htm,https://www.sec.gov/Archives/edgar/data/896156/000093244005000060/ea10q_4thqtr-04.htm,1620591810,16:23:30,20210509
65,2004-09-30,ETH,USD,2004-11-05,2004-11-05 12:23:18,Q1,230346000,119953000,110393000,0.47924860861486634,0.0,79325000.0,0.0,0.0,79325000,199278000,0.0,5250000.0,36318000.0,0.1576671615743273,31068000.0,0.13487536141283113,167000.0,31031000.0,0.13471473348788343,12102000.0,18929000.0,0.0821763781441831,0.52,0.51,36211000.0,37098000.0,https://www.sec.gov/Archives/edgar/data/896156/000093244004000401/ea_10qsept3004.htm,https://www.sec.gov/Archives/edgar/data/896156/000093244004000401/ea_10qsept3004.htm,1620591810,16:23:30,20210509
66,2004-06-30,ETH,USD,2004-09-10,2004-09-10 15:58:58,Q4,246600000,129515000,117085000,0.47479724249797245,0.0,82121000.0,0.0,0.0,82121000,211636000,0.0,5522000.0,40486000.0,0.16417680454176806,34964000.0,0.14178426601784266,-12784000.0,22187000.0,0.08997161394971614,8542000.0,13645000.0,0.05533252230332522,0.3658176943699732,0.3658176943699732,37300000.0,37300000.0,https://www.sec.gov/Archives/edgar/data/896156/000093244004000346/ea_10k-june3004.htm,https://www.sec.gov/Archives/edgar/data/896156/000093244004000346/ea_10k-june3004.htm,1620591810,16:23:30,20210509
67,2004-03-31,ETH,USD,2004-03-31,2004-03-31,Q3,244592000,125319000,119273000,0.4876406423758749,0.0,81336000.0,0.0,0.0,81336000,206655000,0.0,5250000.0,43187000.0,0.17656750834041995,37937000.0,0.15510319225485708,0.0,37981000.0,0.15528308366585988,14623000.0,23358000.0,0.09549780859553869,0.63,0.61,37300000.0,38551000.0,,,1620591810,16:23:30,20210509
68,2003-12-31,ETH,USD,2003-12-31,2003-12-31,Q2,241150000,124871000,116279000,0.4821853618080033,0.0,77167000.0,0.0,0.0,77167000,202038000,0.0,5240000.0,44352000.0,0.1839187227866473,39112000.0,0.16218950860460293,0.0,39682000.0,0.1645531826663902,15284000.0,24398000.0,0.10117354343769439,0.65,0.64,37269000.0,38420000.0,,,1620591810,16:23:30,20210509
69,2003-09-30,ETH,USD,2003-09-30,2003-09-30,Q1,222765000,114322000,108443000,0.48680448005745963,0.0,80131000.0,0.0,0.0,80131000,194453000,0.0,5265000.0,33577000.0,0.1507283460148587,28312000.0,0.12709357394563778,264000.0,30646000.0,0.13757098287432945,11707000.0,18939000.0,0.0850178439162346,0.51,0.5,37227000.0,38247000.0,,,1620591810,16:23:30,20210509
70,2003-06-30,ETH,USD,2003-06-30,2003-06-30,Q4,236448000,121533000,114915000,0.4860053796183516,0.0,82208000.0,0.0,0.0,82208000,203741000,0.0,5435000.0,38142000.0,0.1613124238733252,32707000.0,0.13832639734740831,0.0,33024000.0,0.13966707267559886,12483000.0,20541000.0,0.08687322371092164,0.5468849840255591,0.5468849840255591,37560000.0,37560000.0,,,1620591810,16:23:30,20210509
71,2003-03-31,ETH,USD,2003-03-31,2003-03-31,Q3,224574000,112624000,111950000,0.4984993810503442,0.0,79889000.0,0.0,0.0,79889000,192513000,0.0,5494000.0,37555000.0,0.16722772894457952,32061000.0,0.14276363247749072,-13223000.0,18766000.0,0.08356265640724216,7094000.0,11672000.0,0.05197395958570449,0.31,0.3,37560000.0,38546000.0,,,1620591810,16:23:30,20210509
72,2002-12-31,ETH,USD,2002-12-31,2002-12-31,Q2,229713000,113909000,115804000,0.5041247121408018,0.0,78609000.0,0.0,0.0,78609000,192518000,0.0,5334000.0,42529000.0,0.18513971782180372,37195000.0,0.16191943860382302,0.0,37116000.0,0.1615755312063314,14030000.0,23086000.0,0.10049931871509231,0.61,0.6,37767000.0,38793000.0,,,1620591810,16:23:30,20210509
73,2002-09-30,ETH,USD,2002-11-12,2002-11-12,Q1,216529000,109814000,106715000,0.4928439146719377,0.0,74872000.0,0.0,0.0,74872000,184686000,0.0,5033000.0,36876000.0,0.17030513233793165,31843000.0,0.14706113268892387,0.0,32286000.0,0.14910704801666289,12204000.0,20082000.0,0.09274508264481894,0.53,0.52,37986000.0,38915000.0,https://www.sec.gov/Archives/edgar/data/896156/000090256102000558/0000902561-02-000558-index.htm,https://www.sec.gov/Archives/edgar/data/896156/000090256102000558/form10-q_sision111202.txt,1620591810,16:23:30,20210509
74,2002-06-30,ETH,USD,2002-06-30,2002-06-30,Q4,234789000,119261000,115528000,0.49205030900084756,0.0,76248000.0,0.0,0.0,76248000,195509000,0.0,5043000.0,44323000.0,0.18877800919123128,39280000.0,0.1672991494490798,0.0,34342000.0,0.14626749975509926,12981000.0,21361000.0,0.09097956037122693,0.5514793204936231,0.5514793204936231,38734000.0,38734000.0,,,1620591810,16:23:30,20210509
75,2002-03-31,ETH,USD,2002-03-31,2002-03-31,Q3,227917000,119481000,108436000,0.4757696880882076,0.0,72434000.0,0.0,0.0,72434000,191915000,0.0,4816000.0,40818000.0,0.17909151138352997,36002000.0,0.1579610121228342,0.0,36928000.0,0.16202389466340816,13959000.0,22969000.0,0.1007779147672179,0.59,0.58,38734000.0,39898000.0,,,1620591810,16:23:30,20210509
76,2001-12-31,ETH,USD,2001-12-31,2001-12-31,Q2,222857000,119477000,103380000,0.46388491274673893,0.0,70174000.0,0.0,0.0,70174000,189651000,0.0,4776000.0,37982000.0,0.17043216053343624,33206000.0,0.14900137756498563,0.0,34076000.0,0.15290522622129887,12881000.0,21195000.0,0.095105830196045,0.55,0.53,38728000.0,39781000.0,,,1620591810,16:23:30,20210509
77,2001-09-30,ETH,USD,2001-11-15 00:00:00,2001-11-15 00:00:00,Q1,206725000,112756000,93969000,0.454560406336921,0.0,67434000.0,0.0,0.0,67434000,180190000,0.0,4679000.0,31214000.0,0.1509928649171605,26535000.0,0.12835893094691014,0.0,26898000.0,0.13011488692707704,10167000.0,16731000.0,0.08093360744951023,0.43,0.42,38670000.0,40271000.0,https://www.sec.gov/Archives/edgar/data/896156/000090256101500347/0000902561-01-500347-index.html,https://www.sec.gov/Archives/edgar/data/896156/000090256101500347/form10q_chalian111501.txt,1620591810,16:23:30,20210509
78,2001-06-30,ETH,USD,2001-09-17 00:00:00,2001-09-17 00:00:00,Q4,226444000,138455000,87989000,0.38856847609121903,0.0,71112000.0,0.0,0.0,71112000,209567000,0.0,5510000.0,22387000.0,0.0988632951193231,16877000.0,0.07453056826411827,0.0,25471000.0,0.11248255639363375,9628000.0,15843000.0,0.06996431788874953,0.4021372185699419,0.4021372185699419,39397000.0,39397000.0,https://www.sec.gov/Archives/edgar/data/896156/000090256101500236/0000902561-01-500236-index.html,https://www.sec.gov/Archives/edgar/data/896156/000090256101500236/form10k_chalian91701.txt,1620591810,16:23:30,20210509
79,2001-03-31,ETH,USD,2001-05-11,2001-05-11,Q3,233791000,125046000,108745000,0.4651376656928624,0.0,72318000.0,0.0,0.0,72318000,197364000,0.0,5234000.0,41661000.0,0.17819762095204691,36427000.0,0.155810103896215,0.0,32203000.0,0.13774268470557036,12173000.0,20030000.0,0.08567481211851612,0.51,0.5,39397000.0,40442000.0,https://www.sec.gov/Archives/edgar/data/896156/000090256101500036/0000902561-01-500036-index.htm,https://www.sec.gov/Archives/edgar/data/896156/000090256101500036/form10q_scn051101.txt,1620591810,16:23:30,20210509
80,2000-12-31,ETH,USD,2000-12-31,2000-12-31,Q2,232667000,120024000,112643000,0.4841382748735317,0.0,70866000.0,0.0,0.0,75772000,195796000,0.0,4906000.0,41777000.0,0.1795570493452015,36871000.0,0.158471119668883,0.0,37150000.0,0.1596702583520654,14043000.0,23107000.0,0.09931361129855115,0.59,0.58,39371000.0,40181000.0,,,1620591810,16:23:30,20210509
81,2000-09-30,ETH,USD,2000-11-13 00:00:00,2000-11-13 00:00:00,Q1,211231000,106952000,104279000,0.4936728037077891,0.0,67000000.0,0.0,0.0,71570000,178522000,0.0,4570000.0,37279000.0,0.17648451221648337,32709000.0,0.15484943024461373,0.0,33279000.0,0.15754789779909198,12579000.0,20700000.0,0.09799697961000042,0.53,0.52,39405000.0,40190000.0,https://www.sec.gov/Archives/edgar/data/896156/000090256100000449/0000902561-00-000449-index.html,https://www.sec.gov/Archives/edgar/data/896156/000090256100000449/0000902561-00-000449-0001.txt,1620591810,16:23:30,20210509
82,2000-06-30,ETH,USD,2000-09-13 00:00:00,2000-09-13 00:00:00,Q4,228793000,119392000,109401000,0.4781658529762711,0.0,67450000.0,0.0,0.0,71809000,191201000,0.0,4359000.0,41951000.0,0.1833578824526974,37592000.0,0.1643057261367262,0.0,37830000.0,0.1653459677525099,13997000.0,23833000.0,0.1041683967603904,0.5958547927396369,0.5958547927396369,39998000.0,39998000.0,https://www.sec.gov/Archives/edgar/data/896156/000090256100000410/0000902561-00-000410-index.html,https://www.sec.gov/Archives/edgar/data/896156/000090256100000410/0000902561-00-000410-0001.txt,1620591810,16:23:30,20210509
83,2000-03-31,ETH,USD,2000-05-11 00:00:00,2000-05-11 00:00:00,Q3,220300000,112936000,107364000,0.48735360871538813,0.0,65048000.0,0.0,0.0,69264000,182200000,0.0,4216000.0,42316000.0,0.19208352246935997,38100000.0,0.17294598275079437,0.0,37986000.0,0.17242850658193373,14815000.0,23171000.0,0.10517930095324557,0.58,0.57,39998000.0,40755000.0,https://www.sec.gov/Archives/edgar/data/896156/000090256100000252/0000902561-00-000252-index.html,https://www.sec.gov/Archives/edgar/data/896156/0000902561-00-000252.txt,1620591810,16:23:30,20210509
84,1999-12-31,ETH,USD,1999-12-31,1999-12-31,Q2,217500000,109300000,108200000,0.4974712643678161,0.0,63800000.0,0.0,0.0,68100000,177400000,0.0,4300000.0,44400000.0,0.20413793103448277,40100000.0,0.18436781609195402,0.0,40400000.0,0.1857471264367816,15600000.0,24800000.0,0.11402298850574713,0.61,0.59,40833000.0,41899000.0,,,1620591810,16:23:30,20210509
85,1999-09-30,ETH,USD,1999-11-12,1999-11-12,Q1,189600000,97000000,92600000,0.4883966244725738,0.0,58200000.0,0.0,0.0,62300000,159300000,0.0,4100000.0,34400000.0,0.18143459915611815,30300000.0,0.15981012658227847,0.0,30500000.0,0.1608649789029536,11800000.0,18700000.0,0.09862869198312237,0.46,0.45,40652174.0,41555556.0,https://www.sec.gov/Archives/edgar/data/896156/0000902561-99-000510-index.html,https://www.sec.gov/Archives/edgar/data/896156/000090256199000510/,1620591810,16:23:30,20210509
86,1999-06-30,ETH,USD,1999-06-30,1999-06-30,Q4,207700000,106400000,101300000,0.4877226769378912,0.0,60400000.0,0.0,0.0,64800000,171200000,0.0,4400000.0,40900000.0,0.19691863264323545,36500000.0,0.17573423206547906,600000.0,37000000.0,0.17814155031295137,14300000.0,22700000.0,0.10929224843524314,0.5552158493334964,0.5552158493334964,40885000.0,40885000.0,,,1620591810,16:23:30,20210509
87,1999-03-31,ETH,USD,1999-03-31,1999-03-31,Q3,194600000,99500000,95100000,0.4886947584789311,0.0,56400000.0,0.0,0.0,60400000,159900000,0.0,4000000.0,38700000.0,0.1988694758478931,34700000.0,0.17831449126413154,300000.0,34500000.0,0.17728674203494346,13300000.0,21200000.0,0.10894141829393628,0.346667,0.333333,40885000.0,40885000.0,,,1620591810,16:23:30,20210509
88,1998-12-31,ETH,USD,1999-02-12,1999-02-12,Q2,193700000,100000000,93700000,0.48373773877129583,0.0,54900000.0,0.0,0.0,58900000,158900000,0.0,4000000.0,38800000.0,0.20030975735673723,34800000.0,0.17965926690758904,300000.0,34500000.0,0.17811048012390293,13300000.0,21200000.0,0.10944759938048529,0.34,0.333333,40828999.0,40828999.0,https://www.sec.gov/Archives/edgar/data/896156/0000902561-99-000078-index.html,https://www.sec.gov/Archives/edgar/data/896156/,1620591810,16:23:30,20210509
89,1998-09-30,ETH,USD,1998-09-30,1998-09-30,Q1,166200000,85400000,80800000,0.4861612515042118,0.0,50400000.0,0.0,0.0,54300000,139700000,0.0,3900000.0,30400000.0,0.1829121540312876,26500000.0,0.15944645006016847,500000.0,26700000.0,0.16064981949458484,10500000.0,16200000.0,0.09747292418772563,0.26,0.253333,41319000.0,41319000.0,,,1620591810,16:23:30,20210509
90,1998-06-30,ETH,USD,1998-10-09,1998-10-09,Q4,182600000,95100000,87500000,0.4791894852135816,0.0,51300000.0,0.0,0.0,55300000,150400000,0.0,4000000.0,36200000.0,0.1982475355969332,32200000.0,0.17634173055859803,500000.0,32500000.0,0.17798466593647316,12500000.0,20000000.0,0.10952902519167579,0.46374661960596886,0.46374661960596886,43126999.0,43126999.0,https://www.sec.gov/Archives/edgar/data/896156/0000902561-98-000353-index.html,https://www.sec.gov/Archives/edgar/data/896156/,1620591810,16:23:30,20210509
91,1998-03-31,ETH,USD,1998-05-07 00:00:00,1998-05-07 00:00:00,Q3,171400000,87300000,84100000,0.49066511085180864,0.0,49100000.0,0.0,0.0,52900000,140200000,0.0,3800000.0,35000000.0,0.20420070011668612,31200000.0,0.18203033838973162,1100000.0,31200000.0,0.18203033838973162,12400000.0,18000000.0,0.10501750291715285,0.26,0.26,43126999.0,43126999.0,https://www.sec.gov/Archives/edgar/data/896156/000090256198000170/0000902561-98-000170-index.html,https://www.sec.gov/Archives/edgar/data/896156/0000902561-98-000170.txt,1620591810,16:23:30,20210509
92,1997-12-31,ETH,USD,1997-12-31,1997-12-31,Q2,172700000,87800000,84900000,0.4916039374638101,0.0,48600000.0,0.0,0.0,52900000,140700000,0.0,4300000.0,36300000.0,0.21019108280254778,32000000.0,0.18529241459177764,1000000.0,31600000.0,0.18297625940938042,12500000.0,19100000.0,0.11059640995946729,0.293333,0.286667,43033000.0,43033000.0,,,1620591810,16:23:30,20210509
93,1997-09-30,ETH,USD,1997-09-30,1997-09-30,Q1,152500000,78000000,74500000,0.4885245901639344,0.0,46800000.0,0.0,0.0,50600000,128600000,0.0,3800000.0,27700000.0,0.18163934426229508,23900000.0,0.15672131147540982,800000.0,23200000.0,0.1521311475409836,9200000.0,14000000.0,0.09180327868852459,0.22,0.213333,43051000.0,43051000.0,,,1620591810,16:23:30,20210509
94,1997-06-30,ETH,USD,1997-06-30,1997-06-30,Q4,156400000,82500000,73900000,0.4725063938618926,0.0,45200000.0,0.0,0.0,48900000,131400000,0.0,3700000.0,28700000.0,0.18350383631713554,25000000.0,0.159846547314578,400000.0,24200000.0,0.1547314578005115,9400000.0,14800000.0,0.09462915601023018,0.3426719068610348,0.3426719068610348,43190001.0,43190001.0,,,1620591810,16:23:30,20210509
95,1997-03-31,ETH,USD,1997-03-31,1997-03-31,Q3,144700000,77700000,67000000,0.46302695231513474,0.0,40800000.0,0.0,0.0,44600000,122300000,0.0,3800000.0,26200000.0,0.18106427090532135,22400000.0,0.15480304077401522,600000.0,21400000.0,0.14789219073946094,8600000.0,12800000.0,0.0884588804422944,0.1,0.096667,43190001.0,43190001.0,,,1620591810,16:23:30,20210509
96,1996-12-31,ETH,USD,1996-12-31,1996-12-31,Q2,138300000,74200000,64100000,0.46348517715112075,0.0,38300000.0,0.0,0.0,42600000,116800000,0.0,4300000.0,25800000.0,0.18655097613882862,21500000.0,0.1554591467823572,300000.0,20400000.0,0.1475054229934924,8200000.0,12200000.0,0.08821402747650037,0.093333,0.093333,43184001.0,43184001.0,,,1620591810,16:23:30,20210509
97,1996-09-30,ETH,USD,1996-09-30,1996-09-30,Q1,132400000,73400000,59000000,0.44561933534743203,0.0,38200000.0,0.0,0.0,42800000,116200000,0.0,4600000.0,20800000.0,0.15709969788519637,16200000.0,0.12235649546827794,0.0,14700000.0,0.11102719033232629,5900000.0,8800000.0,0.06646525679758308,0.07,0.066667,43094001.0,43094001.0,,,1620591810,16:23:30,20210509
98,1996-06-30,ETH,USD,1996-06-30,1996-06-30,Q4,131000000,72800000,58200000,0.4442748091603053,0.0,0.0,0.0,0.0,44200000,117000000,0.0,4500000.0,18500000.0,0.14122137404580154,14000000.0,0.10687022900763359,100000.0,12300000.0,0.09389312977099237,4900000.0,7400000.0,0.05648854961832061,0.0,0.0,0.0,0.0,,,1620591810,16:23:30,20210509
99,1996-03-31,ETH,USD,1996-03-31,1996-03-31,Q3,134600000,76200000,58400000,0.4338781575037147,0.0,0.0,0.0,0.0,42600000,118800000,0.0,4400000.0,20200000.0,0.150074294205052,15800000.0,0.11738484398216939,300000.0,13900000.0,0.10326894502228826,5600000.0,8300000.0,0.061664190193164936,0.063333,0.063333,42783000.0,42783000.0,,,1620591810,16:23:30,20210509
100,1995-12-31,ETH,USD,1995-12-31,1995-12-31,Q2,127200000,71900000,55300000,0.43474842767295596,0.0,0.0,0.0,0.0,40200000,112100000,0.0,4100000.0,19200000.0,0.1509433962264151,15100000.0,0.11871069182389937,300000.0,13000000.0,0.10220125786163523,5200000.0,7800000.0,0.06132075471698113,0.06,0.06,42762000.0,42762000.0,,,1620591810,16:23:30,20210509
101,1995-09-30,ETH,USD,1995-09-30,1995-09-30,Q1,116900000,67000000,49900000,0.4268605645851155,0.0,0.0,0.0,0.0,40100000,107100000,0.0,4500000.0,14300000.0,0.1223267750213858,9800000.0,0.08383233532934131,300000.0,7500000.0,0.0641573994867408,3000000.0,4500000.0,0.03849443969204448,0.036667,0.036667,43202000.0,43202000.0,,,1620591810,16:23:30,20210509
102,1995-06-30,ETH,USD,1995-06-30,1995-06-30,Q4,113200000,64900000,48300000,0.42667844522968196,0.0,0.0,0.0,0.0,42700000,107600000,0.0,4200000.0,9800000.0,0.08657243816254417,5600000.0,0.04946996466431095,2000000.0,4700000.0,0.04151943462897526,1900000.0,2800000.0,0.024734982332155476,0.0,0.0,0.0,0.0,,,1620591810,16:23:30,20210509
103,1995-03-31,ETH,USD,1995-03-31,1995-03-31,Q3,123600000,71600000,52000000,0.42071197411003236,0.0,0.0,0.0,0.0,39600000,111200000,0.0,4300000.0,16700000.0,0.13511326860841424,12400000.0,0.10032362459546926,-1200000.0,8700000.0,0.0703883495145631,1800000.0,4700000.0,0.03802588996763754,0.036667,0.036667,38213000.0,38213000.0,,,1620591810,16:23:30,20210509
104,1994-12-31,ETH,USD,1994-12-31,1994-12-31,Q2,125700000,73500000,52200000,0.4152744630071599,0.0,0.0,0.0,0.0,37500000,111000000,0.0,4400000.0,19100000.0,0.15194908512330946,14700000.0,0.11694510739856802,500000.0,12400000.0,0.09864757358790771,5300000.0,7100000.0,0.056483691328560064,0.056667,0.056667,43001000.0,43001000.0,,,1620591810,16:23:30,20210509
105,1994-09-30,ETH,USD,1994-09-30,1994-09-30,Q1,113500000,64200000,49300000,0.4343612334801762,0.0,0.0,0.0,0.0,36700000,100900000,0.0,4400000.0,17000000.0,0.14977973568281938,12600000.0,0.11101321585903083,500000.0,10000000.0,0.0881057268722467,4200000.0,7300000.0,0.06431718061674009,0.053333,0.053333,42996000.0,42996000.0,,,1620591810,16:23:30,20210509
106,1994-06-30,ETH,USD,1994-06-30,1994-06-30,Q4,116400000,63600000,52800000,0.4536082474226804,0.0,0.0,0.0,0.0,40000000,103600000,0.0,4300000.0,17100000.0,0.14690721649484537,12800000.0,0.10996563573883161,600000.0,10500000.0,0.09020618556701031,4200000.0,6300000.0,0.05412371134020619,0.1467607799287162,0.1467607799287162,42927000.0,42927000.0,,,1620591810,16:23:30,20210509
107,1994-03-31,ETH,USD,1994-03-31,1994-03-31,Q3,115900000,63900000,52000000,0.4486626402070751,0.0,0.0,0.0,0.0,38900000,102800000,0.0,4400000.0,17500000.0,0.15099223468507333,13100000.0,0.11302847282139776,300000.0,10500000.0,0.090595340811044,4300000.0,6200000.0,0.05349439171699741,0.046667,0.046667,42927000.0,42927000.0,,,1620591810,16:23:30,20210509
108,1993-12-31,ETH,USD,1993-12-31,1993-12-31,Q2,108300000,60000000,48300000,0.44598337950138506,0.0,0.0,0.0,0.0,35800000,95800000,0.0,4300000.0,16800000.0,0.15512465373961218,12500000.0,0.11542012927054478,400000.0,9700000.0,0.08956602031394276,3900000.0,5800000.0,0.05355493998153278,0.043333,0.043333,42840000.0,42840000.0,,,1620591810,16:23:30,20210509
109,1993-09-30,ETH,USD,1993-09-30,1993-09-30,Q1,96800000,53600000,43200000,0.4462809917355372,0.0,0.0,0.0,0.0,32700000,86300000,0.0,4200000.0,14700000.0,0.1518595041322314,10500000.0,0.10847107438016529,500000.0,7900000.0,0.08161157024793389,3600000.0,4300000.0,0.04442148760330578,0.033333,0.033333,38759000.0,38759000.0,,,1620591810,16:23:30,20210509
110,1993-06-30,ETH,USD,1993-06-30,1993-06-30,Q4,102600000,58000000,44600000,0.4346978557504873,0.0,0.0,0.0,0.0,34300000,92300000,0.0,4500000.0,14800000.0,0.1442495126705653,10300000.0,0.10038986354775828,1500000.0,7700000.0,0.07504873294346978,3000000.0,-25500000.0,-0.24853801169590642,-0.7193026995007193,-0.7193026995007193,35451000.0,35451000.0,,,1620591810,16:23:30,20210509
111,1993-03-31,ETH,USD,1993-03-31,1993-03-31,Q3,99200000,56400000,42800000,0.4314516129032258,0.0,0.0,0.0,0.0,35400000,91800000,0.0,0.0,12100000.0,0.1219758064516129,7400000.0,0.07459677419354839,300000.0,-2600000.0,-0.02620967741935484,-1000000.0,13500000.0,0.13608870967741934,0.036667,0.036667,35451000.0,35451000.0,,,1620591810,16:23:30,20210509
