,date,symbol,reportedCurrency,fillingDate,acceptedDate,period,revenue,costOfRevenue,grossProfit,grossProfitRatio,researchAndDevelopmentExpenses,generalAndAdministrativeExpenses,sellingAndMarketingExpenses,otherExpenses,operatingExpenses,costAndExpenses,interestExpense,depreciationAndAmortization,ebitda,ebitdaratio,operatingIncome,operatingIncomeRatio,totalOtherIncomeExpensesNet,incomeBeforeTax,incomeBeforeTaxRatio,incomeTaxExpense,netIncome,netIncomeRatio,eps,epsdiluted,weightedAverageShsOut,weightedAverageShsOutDil,link,finalLink,timestamp,est_time,est_date
0,2020-09-30,SFC.AX,AUD,2020-09-30,2020-09-30,Q3,37175750.0,27919750.0,9256000.0,0.2489795094920748,0.0,2901750.0,155750.0,3971750.0,0.0,0.0,455000.0,0.0,10096250.0,3.6821344558623252,6198500.0,0.16673503560788955,3965750.0,9632500.0,0.2591070792115828,2844250.0,5887500.0,0.15836936712776473,0.42975,0.4265,13698858,13804220,,,1620597779,18:02:59,20210509
1,2020-06-30,SFC.AX,AUD,2020-06-30,2020-06-30,Q2,37175750.0,27919750.0,9256000.0,0.2489795094920748,0.0,2901750.0,155750.0,3971750.0,0.0,0.0,455000.0,0.0,10096250.0,3.6821344558623252,6198500.0,0.16673503560788955,3965750.0,9632500.0,0.2591070792115828,2844250.0,5887500.0,0.15836936712776473,0.42975,0.4265,13698858,13804220,,,1620597779,18:02:59,20210509
2,2020-03-31,SFC.AX,AUD,2020-03-31,2020-03-31,Q1,37175750.0,27919750.0,9256000.0,0.2489795094920748,0.0,2901750.0,155750.0,3971750.0,0.0,0.0,455000.0,0.0,10096250.0,3.6821344558623252,6198500.0,0.16673503560788955,3965750.0,9632500.0,0.2591070792115828,2844250.0,5887500.0,0.15836936712776473,0.42975,0.4265,13698858,13804220,,,1620597779,18:02:59,20210509
3,2020-01-31,SFC.AX,AUD,2020-01-31,2020-01-31,Q1,37175750.0,27919750.0,9256000.0,0.2489795094920748,0.0,2901750.0,155750.0,3971750.0,0.0,0.0,455000.0,0.0,10096250.0,3.6821344558623252,6198500.0,0.16673503560788955,3965750.0,9632500.0,0.2591070792115828,2844250.0,5887500.0,0.15836936712776473,0.42975,0.4265,13698858,13804220,,,1620597779,18:02:59,20210509
4,2019-06-30,SFC.AX,AUD,2019-06-30,2019-06-30,Q2,49146500.0,34977000.0,14169500.0,0.2883114769108685,0.0,4799500.0,84500.0,2120500.0,0.0,0.0,569250.0,1020750.0,9285500.0,0.18893512254178832,8264750.0,0.16816558656262398,1815250.0,9642000.0,0.19618894529620623,2717000.0,5724750.0,0.11648337114545287,0.414,0.4105,13826955,13945798,,,1620597779,18:02:59,20210509
5,2019-03-31,SFC.AX,AUD,2019-03-31,2019-03-31,Q1,49146500.0,34977000.0,14169500.0,0.2883114769108685,0.0,4799500.0,84500.0,2120500.0,0.0,0.0,569250.0,1020750.0,9285500.0,0.18893512254178832,8264750.0,0.16816558656262398,1815250.0,9642000.0,0.19618894529620623,2717000.0,5724750.0,0.11648337114545287,0.414,0.4105,13826955,13945798,,,1620597779,18:02:59,20210509
6,2019-01-31,SFC.AX,AUD,2019-01-31,2019-01-31,Q1,49146500.0,34977000.0,14169500.0,0.2883114769108685,0.0,4799500.0,84500.0,2120500.0,0.0,0.0,569250.0,1020750.0,9285500.0,0.18893512254178832,8264750.0,0.16816558656262398,1815250.0,9642000.0,0.19618894529620623,2717000.0,5724750.0,0.11648337114545287,0.414,0.4105,13826955,13945798,,,1620597779,18:02:59,20210509
7,2018-06-30,SFC.AX,AUD,2018-06-30,2018-06-30,Q2,55292000.0,40110000.0,15182000.0,0.274578600882587,0.0,5343500.0,83750.0,1459000.0,0.0,0.0,488500.0,1062750.0,9754750.0,0.1764224480937568,8692000.0,0.15720176517398537,334000.0,8566000.0,0.15492295449612964,2587250.0,5823000.0,0.10531360775519062,0.4168,0.416275,13971077,13988349,,,1620597779,18:02:59,20210509
8,2018-03-31,SFC.AX,AUD,2018-03-31,2018-03-31,Q1,55292000.0,40110000.0,15182000.0,0.274578600882587,0.0,5343500.0,83750.0,1459000.0,0.0,0.0,488500.0,1062750.0,9754750.0,0.1764224480937568,8692000.0,0.15720176517398537,334000.0,8566000.0,0.15492295449612964,2587250.0,5823000.0,0.10531360775519062,0.4168,0.416275,13971077,13988349,,,1620597779,18:02:59,20210509
9,2018-01-31,SFC.AX,AUD,2018-01-31,2018-01-31,Q1,55292000.0,40110000.0,15182000.0,0.274578600882587,0.0,5343500.0,83750.0,1459000.0,0.0,0.0,488500.0,1062750.0,9754750.0,0.1764224480937568,8692000.0,0.15720176517398537,334000.0,8566000.0,0.15492295449612964,2587250.0,5823000.0,0.10531360775519062,0.4168,0.416275,13971077,13988349,,,1620597779,18:02:59,20210509
10,2017-06-30,SFC.AX,AUD,2017-06-30,2017-06-30,Q2,52410750.0,44633000.0,7777750.0,0.14839989887570776,0.0,3601000.0,1453500.0,1158500.0,0.0,0.0,667500.0,0.0,3846000.0,13.627340093603744,2723250.0,0.051959760163706875,494250.0,2514250.0,0.047972028639162764,627750.0,1464000.0,0.027933200726950103,0.1045,0.1015,14005373,14423645,,,1620597779,18:02:59,20210509
11,2017-03-31,SFC.AX,AUD,2017-03-31,2017-03-31,Q1,52410750.0,44633000.0,7777750.0,0.14839989887570776,0.0,3601000.0,1453500.0,1158500.0,0.0,0.0,667500.0,0.0,3846000.0,13.627340093603744,2723250.0,0.051959760163706875,494250.0,2514250.0,0.047972028639162764,627750.0,1464000.0,0.027933200726950103,0.1045,0.1015,14005373,14423645,,,1620597779,18:02:59,20210509
12,2017-01-31,SFC.AX,AUD,2017-01-31,2017-01-31,Q1,52410750.0,44633000.0,7777750.0,0.14839989887570776,0.0,3601000.0,1453500.0,1158500.0,0.0,0.0,667500.0,0.0,3846000.0,13.627340093603744,2723250.0,0.051959760163706875,494250.0,2514250.0,0.047972028639162764,627750.0,1464000.0,0.027933200726950103,0.1045,0.1015,14005373,14423645,,,1620597779,18:02:59,20210509
13,2016-06-30,SFC.AX,AUD,2016-06-30,2016-06-30,Q2,51959750.0,46731500.0,5228250.0,0.10062115387391202,0.0,3114250.0,1504000.0,827250.0,0.0,0.0,899000.0,0.0,1418250.0,36.63652388506963,610000.0,0.01173985633110244,2193500.0,1885500.0,0.036287703462776474,430000.0,1420750.0,0.027343280135104574,0.1015,0.1015,14005373,14005373,,,1620597779,18:02:59,20210509
14,2016-03-31,SFC.AX,AUD,2016-03-31,2016-03-31,Q1,51959750.0,46731500.0,5228250.0,0.10062115387391202,0.0,3114250.0,1504000.0,827250.0,0.0,0.0,899000.0,0.0,1418250.0,36.63652388506963,610000.0,0.01173985633110244,2193500.0,1885500.0,0.036287703462776474,430000.0,1420750.0,0.027343280135104574,0.1015,0.1015,14005373,14005373,,,1620597779,18:02:59,20210509
15,2016-01-31,SFC.AX,AUD,2016-01-31,2016-01-31,Q1,51959750.0,46731500.0,5228250.0,0.10062115387391202,0.0,3114250.0,1504000.0,827250.0,0.0,0.0,899000.0,0.0,1418250.0,36.63652388506963,610000.0,0.01173985633110244,2193500.0,1885500.0,0.036287703462776474,430000.0,1420750.0,0.027343280135104574,0.1015,0.1015,14005373,14005373,,,1620597779,18:02:59,20210509
16,2015-09-30,SFC.AX,AUD,2015-09-30,2015-09-30,Q3,37795000.0,32487750.0,5307250.0,0.1404220134938484,0.0,2917000.0,1657750.0,1439750.0,0.0,0.0,881750.0,0.0,2179000.0,17.345112436897658,732500.0,0.019380870485513957,1445750.0,1303250.0,0.03448207434845879,262250.0,882750.0,0.023356264056092077,0.063,0.063,14005373,14005373,,,1620597779,18:02:59,20210509
17,2015-06-30,SFC.AX,AUD,2015-06-30,2015-06-30,Q2,37795000.0,32487750.0,5307250.0,0.1404220134938484,0.0,2917000.0,1657750.0,1439750.0,0.0,0.0,881750.0,0.0,2179000.0,17.345112436897658,732500.0,0.019380870485513957,1445750.0,1303250.0,0.03448207434845879,262250.0,882750.0,0.023356264056092077,0.063,0.063,14005373,14005373,,,1620597779,18:02:59,20210509
18,2015-03-31,SFC.AX,AUD,2015-03-31,2015-03-31,Q1,37795000.0,32487750.0,5307250.0,0.1404220134938484,0.0,2917000.0,1657750.0,1439750.0,0.0,0.0,881750.0,0.0,2179000.0,17.345112436897658,732500.0,0.019380870485513957,1445750.0,1303250.0,0.03448207434845879,262250.0,882750.0,0.023356264056092077,0.063,0.063,14005373,14005373,,,1620597779,18:02:59,20210509
19,2015-01-31,SFC.AX,AUD,2015-01-31,2015-01-31,Q1,37795000.0,32487750.0,5307250.0,0.1404220134938484,0.0,2917000.0,1657750.0,1439750.0,0.0,0.0,881750.0,0.0,2179000.0,17.345112436897658,732500.0,0.019380870485513957,1445750.0,1303250.0,0.03448207434845879,262250.0,882750.0,0.023356264056092077,0.063,0.063,14005373,14005373,,,1620597779,18:02:59,20210509
20,2014-09-30,SFC.AX,AUD,2014-09-30,2014-09-30,Q3,39503750.0,30055000.0,9448750.0,0.23918615321330253,0.0,3352750.0,1922000.0,1803250.0,0.0,0.0,889250.0,1035250.0,4174000.0,0.10566085498212195,3138750.0,0.0794544821694143,755750.0,3037000.0,0.07687877733126602,1043000.0,1547000.0,0.039160839160839164,0.11025,0.11025,14018074,14018074,,,1620597779,18:02:59,20210509
21,2014-06-30,SFC.AX,AUD,2014-06-30,2014-06-30,Q2,39503750.0,30055000.0,9448750.0,0.23918615321330253,0.0,3352750.0,1922000.0,1803250.0,0.0,0.0,889250.0,1035250.0,4174000.0,0.10566085498212195,3138750.0,0.0794544821694143,755750.0,3037000.0,0.07687877733126602,1043000.0,1547000.0,0.039160839160839164,0.11025,0.11025,14018074,14018074,,,1620597779,18:02:59,20210509
22,2014-03-31,SFC.AX,AUD,2014-03-31,2014-03-31,Q1,39503750.0,30055000.0,9448750.0,0.23918615321330253,0.0,3352750.0,1922000.0,1803250.0,0.0,0.0,889250.0,1035250.0,4174000.0,0.10566085498212195,3138750.0,0.0794544821694143,755750.0,3037000.0,0.07687877733126602,1043000.0,1547000.0,0.039160839160839164,0.11025,0.11025,14018074,14018074,,,1620597779,18:02:59,20210509
23,2014-01-31,SFC.AX,AUD,2014-01-31,2014-01-31,Q1,39503750.0,30055000.0,9448750.0,0.23918615321330253,0.0,3352750.0,1922000.0,1803250.0,0.0,0.0,889250.0,1035250.0,4174000.0,0.10566085498212195,3138750.0,0.0794544821694143,755750.0,3037000.0,0.07687877733126602,1043000.0,1547000.0,0.039160839160839164,0.11025,0.11025,14018074,14018074,,,1620597779,18:02:59,20210509
24,2013-09-30,SFC.AX,AUD,2013-09-30,2013-09-30,Q3,33169500.0,26839000.0,6330500.0,0.19085304270489456,0.0,2902250.0,2250500.0,2527500.0,0.0,0.0,878500.0,0.0,3773500.0,8.790115277593745,1177750.0,0.03550701698849847,2513000.0,2880500.0,0.08684182758256832,738000.0,1897000.0,0.05719109422813126,0.135,0.135,14054875,14054875,,,1620597779,18:02:59,20210509
25,2013-06-30,SFC.AX,AUD,2013-06-30,2013-06-30,Q2,33169500.0,26839000.0,6330500.0,0.19085304270489456,0.0,2902250.0,2250500.0,2527500.0,0.0,0.0,878500.0,0.0,3773500.0,8.790115277593745,1177750.0,0.03550701698849847,2513000.0,2880500.0,0.08684182758256832,738000.0,1897000.0,0.05719109422813126,0.135,0.135,14054875,14054875,,,1620597779,18:02:59,20210509
26,2013-03-31,SFC.AX,AUD,2013-03-31,2013-03-31,Q1,33169500.0,26839000.0,6330500.0,0.19085304270489456,0.0,2902250.0,2250500.0,2527500.0,0.0,0.0,878500.0,0.0,3773500.0,8.790115277593745,1177750.0,0.03550701698849847,2513000.0,2880500.0,0.08684182758256832,738000.0,1897000.0,0.05719109422813126,0.135,0.135,14054875,14054875,,,1620597779,18:02:59,20210509
27,2013-01-31,SFC.AX,AUD,2013-01-31,2013-01-31,Q1,33169500.0,26839000.0,6330500.0,0.19085304270489456,0.0,2902250.0,2250500.0,2527500.0,0.0,0.0,878500.0,0.0,3773500.0,8.790115277593745,1177750.0,0.03550701698849847,2513000.0,2880500.0,0.08684182758256832,738000.0,1897000.0,0.05719109422813126,0.135,0.135,14054875,14054875,,,1620597779,18:02:59,20210509
28,2012-09-30,SFC.AX,AUD,2012-09-30,2012-09-30,Q3,36803000.0,29597250.0,7205750.0,0.19579246257098606,0.0,2863250.0,2393750.0,1776250.0,0.0,0.0,922750.0,0.0,3734250.0,9.855526544821585,1948750.0,0.052950846398391434,1773750.0,2809000.0,0.07632529956797,702250.0,1879250.0,0.05106241339021275,0.1335,0.1335,14085617,14085617,,,1620597779,18:02:59,20210509
29,2012-06-30,SFC.AX,AUD,2012-06-30,2012-06-30,Q2,36803000.0,29597250.0,7205750.0,0.19579246257098606,0.0,2863250.0,2393750.0,1776250.0,0.0,0.0,922750.0,0.0,3734250.0,9.855526544821585,1948750.0,0.052950846398391434,1773750.0,2809000.0,0.07632529956797,702250.0,1879250.0,0.05106241339021275,0.1335,0.1335,14085617,14085617,,,1620597779,18:02:59,20210509
30,2012-03-31,SFC.AX,AUD,2012-03-31,2012-03-31,Q1,36803000.0,29597250.0,7205750.0,0.19579246257098606,0.0,2863250.0,2393750.0,1776250.0,0.0,0.0,922750.0,0.0,3734250.0,9.855526544821585,1948750.0,0.052950846398391434,1773750.0,2809000.0,0.07632529956797,702250.0,1879250.0,0.05106241339021275,0.1335,0.1335,14085617,14085617,,,1620597779,18:02:59,20210509
31,2012-01-31,SFC.AX,AUD,2012-01-31,2012-01-31,Q1,36803000.0,29597250.0,7205750.0,0.19579246257098606,0.0,2863250.0,2393750.0,1776250.0,0.0,0.0,922750.0,0.0,3734250.0,9.855526544821585,1948750.0,0.052950846398391434,1773750.0,2809000.0,0.07632529956797,702250.0,1879250.0,0.05106241339021275,0.1335,0.1335,14085617,14085617,,,1620597779,18:02:59,20210509
32,2011-09-30,SFC.AX,AUD,2011-09-30,2011-09-30,Q3,31266000.0,24671250.0,6594750.0,0.21092400690846286,0.0,2452000.0,2356000.0,2775750.0,753000.0,0.0,1159500.0,0.0,3834750.0,8.153334637199295,1033750.0,0.03306307170728587,3012500.0,2912000.0,0.09313631420712595,911750.0,1204000.0,0.03850828375871554,0.08775,0.08775,14113251,14113251,,,1620597779,18:02:59,20210509
33,2011-06-30,SFC.AX,AUD,2011-06-30,2011-06-30,Q2,31266000.0,24671250.0,6594750.0,0.21092400690846286,0.0,2452000.0,2356000.0,2775750.0,753000.0,0.0,1159500.0,0.0,3834750.0,8.153334637199295,1033750.0,0.03306307170728587,3012500.0,2912000.0,0.09313631420712595,911750.0,1204000.0,0.03850828375871554,0.08775,0.08775,14113251,14113251,,,1620597779,18:02:59,20210509
34,2011-03-31,SFC.AX,AUD,2011-03-31,2011-03-31,Q1,31266000.0,24671250.0,6594750.0,0.21092400690846286,0.0,2452000.0,2356000.0,2775750.0,753000.0,0.0,1159500.0,0.0,3834750.0,8.153334637199295,1033750.0,0.03306307170728587,3012500.0,2912000.0,0.09313631420712595,911750.0,1204000.0,0.03850828375871554,0.08775,0.08775,14113251,14113251,,,1620597779,18:02:59,20210509
35,2011-01-31,SFC.AX,AUD,2011-01-31,2011-01-31,Q1,31266000.0,24671250.0,6594750.0,0.21092400690846286,0.0,2452000.0,2356000.0,2775750.0,753000.0,0.0,1159500.0,0.0,3834750.0,8.153334637199295,1033750.0,0.03306307170728587,3012500.0,2912000.0,0.09313631420712595,911750.0,1204000.0,0.03850828375871554,0.08775,0.08775,14113251,14113251,,,1620597779,18:02:59,20210509
36,2010-09-30,SFC.AX,AUD,2010-09-30,2010-09-30,Q3,32656250.0,26887750.0,5768500.0,0.17664306220095694,0.0,2672250.0,1693750.0,1759750.0,643250.0,0.0,1104000.0,0.0,2586250.0,12.62687288545191,759250.0,0.02324976076555024,1797750.0,1520250.0,0.04655311004784689,438500.0,1125250.0,0.03445741626794258,0.07975,0.07975,14113251,14113251,,,1620597779,18:02:59,20210509
37,2010-06-30,SFC.AX,AUD,2010-06-30,2010-06-30,Q2,32656250.0,26887750.0,5768500.0,0.17664306220095694,0.0,2672250.0,1693750.0,1759750.0,643250.0,0.0,1104000.0,0.0,2586250.0,12.62687288545191,759250.0,0.02324976076555024,1797750.0,1520250.0,0.04655311004784689,438500.0,1125250.0,0.03445741626794258,0.07975,0.07975,14113251,14113251,,,1620597779,18:02:59,20210509
38,2010-03-31,SFC.AX,AUD,2010-03-31,2010-03-31,Q1,32656250.0,26887750.0,5768500.0,0.17664306220095694,0.0,2672250.0,1693750.0,1759750.0,643250.0,0.0,1104000.0,0.0,2586250.0,12.62687288545191,759250.0,0.02324976076555024,1797750.0,1520250.0,0.04655311004784689,438500.0,1125250.0,0.03445741626794258,0.07975,0.07975,14113251,14113251,,,1620597779,18:02:59,20210509
39,2010-01-31,SFC.AX,AUD,2010-01-31,2010-01-31,Q1,32656250.0,26887750.0,5768500.0,0.17664306220095694,0.0,2672250.0,1693750.0,1759750.0,643250.0,0.0,1104000.0,0.0,2586250.0,12.62687288545191,759250.0,0.02324976076555024,1797750.0,1520250.0,0.04655311004784689,438500.0,1125250.0,0.03445741626794258,0.07975,0.07975,14113251,14113251,,,1620597779,18:02:59,20210509
40,2009-09-30,SFC.AX,AUD,2009-09-30,2009-09-30,Q3,40886250.0,29321750.0,11564500.0,0.2828456999602556,0.0,3198000.0,2056250.0,-368000.0,623000.0,0.0,1405250.0,0.0,5380750.0,7.598615434651303,5687250.0,0.13909933045950656,-360500.0,3983000.0,0.09741661316457244,1130000.0,2616000.0,0.06398239016784371,0.18525,0.18525,14113251,14113251,,,1620597779,18:02:59,20210509
41,2009-06-30,SFC.AX,AUD,2009-06-30,2009-06-30,Q2,40886250.0,29321750.0,11564500.0,0.2828456999602556,0.0,3198000.0,2056250.0,-368000.0,623000.0,0.0,1405250.0,0.0,5380750.0,7.598615434651303,5687250.0,0.13909933045950656,-360500.0,3983000.0,0.09741661316457244,1130000.0,2616000.0,0.06398239016784371,0.18525,0.18525,14113251,14113251,,,1620597779,18:02:59,20210509
42,2009-03-31,SFC.AX,AUD,2009-03-31,2009-03-31,Q1,40886250.0,29321750.0,11564500.0,0.2828456999602556,0.0,3198000.0,2056250.0,-368000.0,623000.0,0.0,1405250.0,0.0,5380750.0,7.598615434651303,5687250.0,0.13909933045950656,-360500.0,3983000.0,0.09741661316457244,1130000.0,2616000.0,0.06398239016784371,0.18525,0.18525,14113251,14113251,,,1620597779,18:02:59,20210509
43,2009-01-31,SFC.AX,AUD,2009-01-31,2009-01-31,Q1,40886250.0,29321750.0,11564500.0,0.2828456999602556,0.0,3198000.0,2056250.0,-368000.0,623000.0,0.0,1405250.0,0.0,5380750.0,7.598615434651303,5687250.0,0.13909933045950656,-360500.0,3983000.0,0.09741661316457244,1130000.0,2616000.0,0.06398239016784371,0.18525,0.18525,14113251,14113251,,,1620597779,18:02:59,20210509
44,2008-09-30,SFC.AX,AUD,2008-09-30,2008-09-30,Q3,47837500.0,37118500.0,10719000.0,0.22407107394826234,0.0,3772500.0,2031250.0,2056500.0,0.0,0.0,1460500.0,1454750.0,4915250.0,0.1027488894695584,3460500.0,0.07233864645936765,2056000.0,4176000.0,0.08729553174810556,1249500.0,2728000.0,0.057026391429318,0.19325,0.19325,14113251,14113251,,,1620597779,18:02:59,20210509
45,2008-06-30,SFC.AX,AUD,2008-06-30,2008-06-30,Q2,47837500.0,37118500.0,10719000.0,0.22407107394826234,0.0,3772500.0,2031250.0,2056500.0,0.0,0.0,1460500.0,1454750.0,4915250.0,0.1027488894695584,3460500.0,0.07233864645936765,2056000.0,4176000.0,0.08729553174810556,1249500.0,2728000.0,0.057026391429318,0.19325,0.19325,14113251,14113251,,,1620597779,18:02:59,20210509
46,2008-03-31,SFC.AX,AUD,2008-03-31,2008-03-31,Q1,47837500.0,37118500.0,10719000.0,0.22407107394826234,0.0,3772500.0,2031250.0,2056500.0,0.0,0.0,1460500.0,1454750.0,4915250.0,0.1027488894695584,3460500.0,0.07233864645936765,2056000.0,4176000.0,0.08729553174810556,1249500.0,2728000.0,0.057026391429318,0.19325,0.19325,14113251,14113251,,,1620597779,18:02:59,20210509
47,2008-01-31,SFC.AX,AUD,2008-01-31,2008-01-31,Q1,47837500.0,37118500.0,10719000.0,0.22407107394826234,0.0,3772500.0,2031250.0,2056500.0,0.0,0.0,1460500.0,1454750.0,4915250.0,0.1027488894695584,3460500.0,0.07233864645936765,2056000.0,4176000.0,0.08729553174810556,1249500.0,2728000.0,0.057026391429318,0.19325,0.19325,14113251,14113251,,,1620597779,18:02:59,20210509
48,2007-09-30,SFC.AX,AUD,2007-09-30,2007-09-30,Q3,35942750.0,28032500.0,7910250.0,0.22007915365407488,0.0,3311250.0,1256250.0,1445250.0,512500.0,0.0,1120750.0,0.0,4821250.0,7.45506870624838,3342750.0,0.09300206578517226,1439500.0,3694750.0,0.10279541771289064,1035000.0,2563000.0,0.0713078437236995,0.18175,0.18175,14109572,14109572,,,1620597779,18:02:59,20210509
49,2007-06-30,SFC.AX,AUD,2007-06-30,2007-06-30,Q2,35942750.0,28032500.0,7910250.0,0.22007915365407488,0.0,3311250.0,1256250.0,1445250.0,512500.0,0.0,1120750.0,0.0,4821250.0,7.45506870624838,3342750.0,0.09300206578517226,1439500.0,3694750.0,0.10279541771289064,1035000.0,2563000.0,0.0713078437236995,0.18175,0.18175,14109572,14109572,,,1620597779,18:02:59,20210509
50,2007-03-31,SFC.AX,AUD,2007-03-31,2007-03-31,Q1,35942750.0,28032500.0,7910250.0,0.22007915365407488,0.0,3311250.0,1256250.0,1445250.0,512500.0,0.0,1120750.0,0.0,4821250.0,7.45506870624838,3342750.0,0.09300206578517226,1439500.0,3694750.0,0.10279541771289064,1035000.0,2563000.0,0.0713078437236995,0.18175,0.18175,14109572,14109572,,,1620597779,18:02:59,20210509
51,2007-01-31,SFC.AX,AUD,2007-01-31,2007-01-31,Q1,35942750.0,28032500.0,7910250.0,0.22007915365407488,0.0,3311250.0,1256250.0,1445250.0,512500.0,0.0,1120750.0,0.0,4821250.0,7.45506870624838,3342750.0,0.09300206578517226,1439500.0,3694750.0,0.10279541771289064,1035000.0,2563000.0,0.0713078437236995,0.18175,0.18175,14109572,14109572,,,1620597779,18:02:59,20210509
52,2006-09-30,SFC.AX,AUD,2006-09-30,2006-09-30,Q3,35349250.0,27781000.0,7568250.0,0.21409930903767407,0.0,3086750.0,1184250.0,1107750.0,436000.0,0.0,979000.0,0.0,4092250.0,8.638096401734987,2861250.0,0.08094231136445611,1101250.0,3106750.0,0.08788729605295728,999250.0,2036000.0,0.05759669582805859,0.1445,0.1445,14091935,14091935,,,1620597779,18:02:59,20210509
53,2006-06-30,SFC.AX,AUD,2006-06-30,2006-06-30,Q2,35349250.0,27781000.0,7568250.0,0.21409930903767407,0.0,3086750.0,1184250.0,1107750.0,436000.0,0.0,979000.0,0.0,4092250.0,8.638096401734987,2861250.0,0.08094231136445611,1101250.0,3106750.0,0.08788729605295728,999250.0,2036000.0,0.05759669582805859,0.1445,0.1445,14091935,14091935,,,1620597779,18:02:59,20210509
54,2006-03-31,SFC.AX,AUD,2006-03-31,2006-03-31,Q1,35349250.0,27781000.0,7568250.0,0.21409930903767407,0.0,3086750.0,1184250.0,1107750.0,436000.0,0.0,979000.0,0.0,4092250.0,8.638096401734987,2861250.0,0.08094231136445611,1101250.0,3106750.0,0.08788729605295728,999250.0,2036000.0,0.05759669582805859,0.1445,0.1445,14091935,14091935,,,1620597779,18:02:59,20210509
55,2006-01-31,SFC.AX,AUD,2006-01-31,2006-01-31,Q1,35349250.0,27781000.0,7568250.0,0.21409930903767407,0.0,3086750.0,1184250.0,1107750.0,436000.0,0.0,979000.0,0.0,4092250.0,8.638096401734987,2861250.0,0.08094231136445611,1101250.0,3106750.0,0.08788729605295728,999250.0,2036000.0,0.05759669582805859,0.1445,0.1445,14091935,14091935,,,1620597779,18:02:59,20210509
56,2005-09-30,SFC.AX,AUD,2005-09-30,2005-09-30,Q3,33853250.0,18633000.0,15220250.0,0.4495949428784533,0.0,9195500.0,0.0,2113750.0,2534250.0,0.0,951500.0,1235500.0,3490500.0,0.10310679181467067,2255000.0,0.06661103439108505,2113750.0,3663000.0,0.1082023144011284,3663000.0,-193000.0,-0.005701077444558499,0.17575,0.175,14069712,14069712,,,1620597779,18:02:59,20210509
57,2005-06-30,SFC.AX,AUD,2005-06-30,2005-06-30,Q2,33853250.0,18633000.0,15220250.0,0.4495949428784533,0.0,9195500.0,0.0,2113750.0,2534250.0,0.0,951500.0,1235500.0,3490500.0,0.10310679181467067,2255000.0,0.06661103439108505,2113750.0,3663000.0,0.1082023144011284,3663000.0,-193000.0,-0.005701077444558499,0.17575,0.175,14069712,14069712,,,1620597779,18:02:59,20210509
58,2005-03-31,SFC.AX,AUD,2005-03-31,2005-03-31,Q1,33853250.0,18633000.0,15220250.0,0.4495949428784533,0.0,9195500.0,0.0,2113750.0,2534250.0,0.0,951500.0,1235500.0,3490500.0,0.10310679181467067,2255000.0,0.06661103439108505,2113750.0,3663000.0,0.1082023144011284,3663000.0,-193000.0,-0.005701077444558499,0.17575,0.175,14069712,14069712,,,1620597779,18:02:59,20210509
59,2005-01-31,SFC.AX,AUD,2005-01-31,2005-01-31,Q1,33853250.0,18633000.0,15220250.0,0.4495949428784533,0.0,9195500.0,0.0,2113750.0,2534250.0,0.0,951500.0,1235500.0,3490500.0,0.10310679181467067,2255000.0,0.06661103439108505,2113750.0,3663000.0,0.1082023144011284,3663000.0,-193000.0,-0.005701077444558499,0.17575,0.175,14069712,14069712,,,1620597779,18:02:59,20210509
60,2004-09-30,SFC.AX,AUD,2004-09-30,2004-09-30,Q3,44048750.0,24305750.0,19743000.0,0.4482079514174636,0.0,10699500.0,0.0,2993000.0,3660750.0,0.0,971000.0,1249000.0,5382750.0,0.12219983540963138,4133750.0,0.09384488776639519,2993000.0,6406250.0,0.14543545503561395,6406250.0,-410750.0,-0.009324895712137122,0.2995,0.29425,13881167,13881167,,,1620597779,18:02:59,20210509
61,2004-06-30,SFC.AX,AUD,2004-06-30,2004-06-30,Q2,44048750.0,24305750.0,19743000.0,0.4482079514174636,0.0,10699500.0,0.0,2993000.0,3660750.0,0.0,971000.0,1249000.0,5382750.0,0.12219983540963138,4133750.0,0.09384488776639519,2993000.0,6406250.0,0.14543545503561395,6406250.0,-410750.0,-0.009324895712137122,0.2995,0.29425,13881167,13881167,,,1620597779,18:02:59,20210509
62,2004-03-31,SFC.AX,AUD,2004-03-31,2004-03-31,Q1,44048750.0,24305750.0,19743000.0,0.4482079514174636,0.0,10699500.0,0.0,2993000.0,3660750.0,0.0,971000.0,1249000.0,5382750.0,0.12219983540963138,4133750.0,0.09384488776639519,2993000.0,6406250.0,0.14543545503561395,6406250.0,-410750.0,-0.009324895712137122,0.2995,0.29425,13881167,13881167,,,1620597779,18:02:59,20210509
63,2004-01-31,SFC.AX,AUD,2004-01-31,2004-01-31,Q1,44048750.0,24305750.0,19743000.0,0.4482079514174636,0.0,10699500.0,0.0,2993000.0,3660750.0,0.0,971000.0,1249000.0,5382750.0,0.12219983540963138,4133750.0,0.09384488776639519,2993000.0,6406250.0,0.14543545503561395,6406250.0,-410750.0,-0.009324895712137122,0.2995,0.29425,13881167,13881167,,,1620597779,18:02:59,20210509
64,2003-09-30,SFC.AX,AUD,2003-09-30,2003-09-30,Q3,52904500.0,40647750.0,12256750.0,0.23167688948955192,0.0,3333750.0,0.0,2720250.0,2604000.0,0.0,1024000.0,1257750.0,6319000.0,0.11944163539963519,5061250.0,0.09566766532147548,2720250.0,6845000.0,0.12938407885907627,6845000.0,-594750.0,-0.01124195484316079,0.3125,0.305,13597500,13597500,,,1620597779,18:02:59,20210509
65,2003-06-30,SFC.AX,AUD,2003-06-30,2003-06-30,Q2,52904500.0,40647750.0,12256750.0,0.23167688948955192,0.0,3333750.0,0.0,2720250.0,2604000.0,0.0,1024000.0,1257750.0,6319000.0,0.11944163539963519,5061250.0,0.09566766532147548,2720250.0,6845000.0,0.12938407885907627,6845000.0,-594750.0,-0.01124195484316079,0.3125,0.305,13597500,13597500,,,1620597779,18:02:59,20210509
66,2003-03-31,SFC.AX,AUD,2003-03-31,2003-03-31,Q1,52904500.0,40647750.0,12256750.0,0.23167688948955192,0.0,3333750.0,0.0,2720250.0,2604000.0,0.0,1024000.0,1257750.0,6319000.0,0.11944163539963519,5061250.0,0.09566766532147548,2720250.0,6845000.0,0.12938407885907627,6845000.0,-594750.0,-0.01124195484316079,0.3125,0.305,13597500,13597500,,,1620597779,18:02:59,20210509
67,2003-01-31,SFC.AX,AUD,2003-01-31,2003-01-31,Q1,52904500.0,40647750.0,12256750.0,0.23167688948955192,0.0,3333750.0,0.0,2720250.0,2604000.0,0.0,1024000.0,1257750.0,6319000.0,0.11944163539963519,5061250.0,0.09566766532147548,2720250.0,6845000.0,0.12938407885907627,6845000.0,-594750.0,-0.01124195484316079,0.3125,0.305,13597500,13597500,,,1620597779,18:02:59,20210509
68,2002-09-30,SFC.AX,AUD,2002-09-30,2002-09-30,Q3,51337500.0,37427250.0,13910250.0,0.27095690284879476,0.0,3197000.0,0.0,-3367750.0,0.0,0.0,929750.0,1107000.0,10713250.0,0.2086827367908449,9606250.0,0.18711955198441685,-3512000.0,5145750.0,0.10023374726077429,5145750.0,-443000.0,-0.008629169710250791,0.255,0.2425,12736108,12736108,,,1620597779,18:02:59,20210509
69,2002-06-30,SFC.AX,AUD,2002-06-30,2002-06-30,Q2,51337500.0,37427250.0,13910250.0,0.27095690284879476,0.0,3197000.0,0.0,-3367750.0,0.0,0.0,929750.0,1107000.0,10713250.0,0.2086827367908449,9606250.0,0.18711955198441685,-3512000.0,5145750.0,0.10023374726077429,5145750.0,-443000.0,-0.008629169710250791,0.255,0.2425,12736108,12736108,,,1620597779,18:02:59,20210509
70,2002-03-31,SFC.AX,AUD,2002-03-31,2002-03-31,Q1,51337500.0,37427250.0,13910250.0,0.27095690284879476,0.0,3197000.0,0.0,-3367750.0,0.0,0.0,929750.0,1107000.0,10713250.0,0.2086827367908449,9606250.0,0.18711955198441685,-3512000.0,5145750.0,0.10023374726077429,5145750.0,-443000.0,-0.008629169710250791,0.255,0.2425,12736108,12736108,,,1620597779,18:02:59,20210509
71,2002-01-31,SFC.AX,AUD,2002-01-31,2002-01-31,Q1,51337500.0,37427250.0,13910250.0,0.27095690284879476,0.0,3197000.0,0.0,-3367750.0,0.0,0.0,929750.0,1107000.0,10713250.0,0.2086827367908449,9606250.0,0.18711955198441685,-3512000.0,5145750.0,0.10023374726077429,5145750.0,-443000.0,-0.008629169710250791,0.255,0.2425,12736108,12736108,,,1620597779,18:02:59,20210509
72,2001-09-30,SFC.AX,AUD,2001-09-30,2001-09-30,Q3,10043750.0,5714500.0,4329250.0,0.4310392034847542,0.0,1243500.0,0.0,-1548000.0,0.0,0.0,612500.0,455000.0,3085750.0,0.30723086496577473,2630750.0,0.26192906036092095,-460000.0,2729750.0,0.27178593652769134,2729750.0,2000500.0,0.19917859365276913,0.1655,0.15875,12079670,12601575,,,1620597779,18:02:59,20210509
73,2001-06-30,SFC.AX,AUD,2001-06-30,2001-06-30,Q2,10043750.0,5714500.0,4329250.0,0.4310392034847542,0.0,1243500.0,0.0,-1548000.0,0.0,0.0,612500.0,455000.0,3085750.0,0.30723086496577473,2630750.0,0.26192906036092095,-460000.0,2729750.0,0.27178593652769134,2729750.0,2000500.0,0.19917859365276913,0.1655,0.15875,12079670,12601575,,,1620597779,18:02:59,20210509
74,2001-03-31,SFC.AX,AUD,2001-03-31,2001-03-31,Q1,10043750.0,5714500.0,4329250.0,0.4310392034847542,0.0,1243500.0,0.0,-1548000.0,0.0,0.0,612500.0,455000.0,3085750.0,0.30723086496577473,2630750.0,0.26192906036092095,-460000.0,2729750.0,0.27178593652769134,2729750.0,2000500.0,0.19917859365276913,0.1655,0.15875,12079670,12601575,,,1620597779,18:02:59,20210509
75,2001-01-31,SFC.AX,AUD,2001-01-31,2001-01-31,Q1,10043750.0,5714500.0,4329250.0,0.4310392034847542,0.0,1243500.0,0.0,-1548000.0,0.0,0.0,612500.0,455000.0,3085750.0,0.30723086496577473,2630750.0,0.26192906036092095,-460000.0,2729750.0,0.27178593652769134,2729750.0,2000500.0,0.19917859365276913,0.1655,0.15875,12079670,12601575,,,1620597779,18:02:59,20210509
76,2000-09-30,SFC.AX,AUD,2000-09-30,2000-09-30,Q3,0.0,0.0,0.0,0.0,0.0,0.0,0.0,0.0,0.0,0.0,459000.0,0.0,3132750.0,0.0,0.0,0.0,1202500.0,2673750.0,0.0,2673750.0,2179250.0,0.0,0.19247725,0.19247725,11322274,11322274,,,1620597779,18:02:59,20210509
77,2000-06-30,SFC.AX,AUD,2000-06-30,2000-06-30,Q2,0.0,0.0,0.0,0.0,0.0,0.0,0.0,0.0,0.0,0.0,459000.0,0.0,3132750.0,0.0,0.0,0.0,1202500.0,2673750.0,0.0,2673750.0,2179250.0,0.0,0.19247725,0.19247725,11322274,11322274,,,1620597779,18:02:59,20210509
78,2000-03-31,SFC.AX,AUD,2000-03-31,2000-03-31,Q1,0.0,0.0,0.0,0.0,0.0,0.0,0.0,0.0,0.0,0.0,459000.0,0.0,3132750.0,0.0,0.0,0.0,1202500.0,2673750.0,0.0,2673750.0,2179250.0,0.0,0.19247725,0.19247725,11322274,11322274,,,1620597779,18:02:59,20210509
79,2000-01-31,SFC.AX,AUD,2000-01-31,2000-01-31,Q1,0.0,0.0,0.0,0.0,0.0,0.0,0.0,0.0,0.0,0.0,459000.0,0.0,3132750.0,0.0,0.0,0.0,1202500.0,2673750.0,0.0,2673750.0,2179250.0,0.0,0.19247725,0.19247725,11322274,11322274,,,1620597779,18:02:59,20210509
80,1999-09-30,SFC.AX,AUD,1999-09-30,1999-09-30,Q3,0.0,0.0,0.0,0.0,0.0,0.0,0.0,0.0,0.0,0.0,422000.0,0.0,158750.0,0.0,0.0,0.0,-1273500.0,-263250.0,0.0,-263250.0,-589500.0,0.0,0.032562,0.032562,12176856,12176856,,,1620597779,18:02:59,20210509
81,1999-06-30,SFC.AX,AUD,1999-06-30,1999-06-30,Q2,0.0,0.0,0.0,0.0,0.0,0.0,0.0,0.0,0.0,0.0,422000.0,0.0,158750.0,0.0,0.0,0.0,-1273500.0,-263250.0,0.0,-263250.0,-589500.0,0.0,0.032562,0.032562,12176856,12176856,,,1620597779,18:02:59,20210509
82,1999-03-31,SFC.AX,AUD,1999-03-31,1999-03-31,Q1,0.0,0.0,0.0,0.0,0.0,0.0,0.0,0.0,0.0,0.0,422000.0,0.0,158750.0,0.0,0.0,0.0,-1273500.0,-263250.0,0.0,-263250.0,-589500.0,0.0,0.032562,0.032562,12176856,12176856,,,1620597779,18:02:59,20210509
83,1999-01-31,SFC.AX,AUD,1999-01-31,1999-01-31,Q1,0.0,0.0,0.0,0.0,0.0,0.0,0.0,0.0,0.0,0.0,422000.0,0.0,158750.0,0.0,0.0,0.0,-1273500.0,-263250.0,0.0,-263250.0,-589500.0,0.0,0.032562,0.032562,12176856,12176856,,,1620597779,18:02:59,20210509
84,1998-09-30,SFC.AX,AUD,1998-09-30,1998-09-30,Q3,0.0,0.0,0.0,0.0,0.0,0.0,0.0,0.0,0.0,0.0,308250.0,0.0,988750.0,0.0,0.0,0.0,0.0,680500.0,0.0,680500.0,19750.0,0.0,0.03719,0.03719,12194555,12194555,,,1620597779,18:02:59,20210509
85,1998-06-30,SFC.AX,AUD,1998-06-30,1998-06-30,Q2,0.0,0.0,0.0,0.0,0.0,0.0,0.0,0.0,0.0,0.0,308250.0,0.0,988750.0,0.0,0.0,0.0,0.0,680500.0,0.0,680500.0,19750.0,0.0,0.03719,0.03719,12194555,12194555,,,1620597779,18:02:59,20210509
86,1998-03-31,SFC.AX,AUD,1998-03-31,1998-03-31,Q1,0.0,0.0,0.0,0.0,0.0,0.0,0.0,0.0,0.0,0.0,308250.0,0.0,988750.0,0.0,0.0,0.0,0.0,680500.0,0.0,680500.0,19750.0,0.0,0.03719,0.03719,12194555,12194555,,,1620597779,18:02:59,20210509
87,1998-01-31,SFC.AX,AUD,1998-01-31,1998-01-31,Q1,0.0,0.0,0.0,0.0,0.0,0.0,0.0,0.0,0.0,0.0,308250.0,0.0,988750.0,0.0,0.0,0.0,0.0,680500.0,0.0,680500.0,19750.0,0.0,0.03719,0.03719,12194555,12194555,,,1620597779,18:02:59,20210509
88,1997-09-30,SFC.AX,AUD,1997-09-30,1997-09-30,Q3,0.0,0.0,0.0,0.0,0.0,0.0,0.0,0.0,0.0,0.0,230000.0,0.0,963000.0,0.0,0.0,0.0,0.0,733000.0,0.0,733000.0,0.0,0.0,0.03925625,0.03925625,13252684,13252684,,,1620597779,18:02:59,20210509
89,1997-06-30,SFC.AX,AUD,1997-06-30,1997-06-30,Q2,0.0,0.0,0.0,0.0,0.0,0.0,0.0,0.0,0.0,0.0,230000.0,0.0,963000.0,0.0,0.0,0.0,0.0,733000.0,0.0,733000.0,0.0,0.0,0.03925625,0.03925625,13252684,13252684,,,1620597779,18:02:59,20210509
90,1997-03-31,SFC.AX,AUD,1997-03-31,1997-03-31,Q1,0.0,0.0,0.0,0.0,0.0,0.0,0.0,0.0,0.0,0.0,230000.0,0.0,963000.0,0.0,0.0,0.0,0.0,733000.0,0.0,733000.0,0.0,0.0,0.03925625,0.03925625,13252684,13252684,,,1620597779,18:02:59,20210509
91,1997-01-31,SFC.AX,AUD,1997-01-31,1997-01-31,Q1,0.0,0.0,0.0,0.0,0.0,0.0,0.0,0.0,0.0,0.0,230000.0,0.0,963000.0,0.0,0.0,0.0,0.0,733000.0,0.0,733000.0,0.0,0.0,0.03925625,0.03925625,13252684,13252684,,,1620597779,18:02:59,20210509
92,1996-09-30,SFC.AX,AUD,1996-09-30,1996-09-30,Q3,0.0,0.0,0.0,0.0,0.0,0.0,0.0,0.0,0.0,0.0,110750.0,0.0,1013250.0,0.0,0.0,0.0,0.0,902500.0,0.0,902500.0,6500.0,0.0,0.045124,0.045124,13219139,13219139,,,1620597779,18:02:59,20210509
93,1996-06-30,SFC.AX,AUD,1996-06-30,1996-06-30,Q2,0.0,0.0,0.0,0.0,0.0,0.0,0.0,0.0,0.0,0.0,110750.0,0.0,1013250.0,0.0,0.0,0.0,0.0,902500.0,0.0,902500.0,6500.0,0.0,0.045124,0.045124,13219139,13219139,,,1620597779,18:02:59,20210509
94,1996-03-31,SFC.AX,AUD,1996-03-31,1996-03-31,Q1,0.0,0.0,0.0,0.0,0.0,0.0,0.0,0.0,0.0,0.0,110750.0,0.0,1013250.0,0.0,0.0,0.0,0.0,902500.0,0.0,902500.0,6500.0,0.0,0.045124,0.045124,13219139,13219139,,,1620597779,18:02:59,20210509
95,1996-01-31,SFC.AX,AUD,1996-01-31,1996-01-31,Q1,0.0,0.0,0.0,0.0,0.0,0.0,0.0,0.0,0.0,0.0,110750.0,0.0,1013250.0,0.0,0.0,0.0,0.0,902500.0,0.0,902500.0,6500.0,0.0,0.045124,0.045124,13219139,13219139,,,1620597779,18:02:59,20210509
96,1995-09-30,SFC.AX,AUD,1995-09-30,1995-09-30,Q3,0.0,0.0,0.0,0.0,0.0,0.0,0.0,0.0,0.0,0.0,597250.0,0.0,1551250.0,0.0,0.0,0.0,0.0,954000.0,0.0,954000.0,-358000.0,0.0,0.052872,0.052872,11882493,11882493,,,1620597779,18:02:59,20210509
97,1995-06-30,SFC.AX,AUD,1995-06-30,1995-06-30,Q2,0.0,0.0,0.0,0.0,0.0,0.0,0.0,0.0,0.0,0.0,597250.0,0.0,1551250.0,0.0,0.0,0.0,0.0,954000.0,0.0,954000.0,-358000.0,0.0,0.052872,0.052872,11882493,11882493,,,1620597779,18:02:59,20210509
98,1995-03-31,SFC.AX,AUD,1995-03-31,1995-03-31,Q1,0.0,0.0,0.0,0.0,0.0,0.0,0.0,0.0,0.0,0.0,597250.0,0.0,1551250.0,0.0,0.0,0.0,0.0,954000.0,0.0,954000.0,-358000.0,0.0,0.052872,0.052872,11882493,11882493,,,1620597779,18:02:59,20210509
99,1995-01-31,SFC.AX,AUD,1995-01-31,1995-01-31,Q1,0.0,0.0,0.0,0.0,0.0,0.0,0.0,0.0,0.0,0.0,597250.0,0.0,1551250.0,0.0,0.0,0.0,0.0,954000.0,0.0,954000.0,-358000.0,0.0,0.052872,0.052872,11882493,11882493,,,1620597779,18:02:59,20210509
100,1994-09-30,SFC.AX,AUD,1994-09-30,1994-09-30,Q3,0.0,0.0,0.0,0.0,0.0,0.0,0.0,0.0,0.0,0.0,101000.0,0.0,590750.0,0.0,0.0,0.0,0.0,489750.0,0.0,489750.0,57000.0,0.0,0.039091,0.039091,11716279,11716279,,,1620597779,18:02:59,20210509
101,1994-06-30,SFC.AX,AUD,1994-06-30,1994-06-30,Q2,0.0,0.0,0.0,0.0,0.0,0.0,0.0,0.0,0.0,0.0,101000.0,0.0,590750.0,0.0,0.0,0.0,0.0,489750.0,0.0,489750.0,57000.0,0.0,0.039091,0.039091,11716279,11716279,,,1620597779,18:02:59,20210509
102,1994-03-31,SFC.AX,AUD,1994-03-31,1994-03-31,Q1,0.0,0.0,0.0,0.0,0.0,0.0,0.0,0.0,0.0,0.0,101000.0,0.0,590750.0,0.0,0.0,0.0,0.0,489750.0,0.0,489750.0,57000.0,0.0,0.039091,0.039091,11716279,11716279,,,1620597779,18:02:59,20210509
103,1994-01-31,SFC.AX,AUD,1994-01-31,1994-01-31,Q1,0.0,0.0,0.0,0.0,0.0,0.0,0.0,0.0,0.0,0.0,101000.0,0.0,590750.0,0.0,0.0,0.0,0.0,489750.0,0.0,489750.0,57000.0,0.0,0.039091,0.039091,11716279,11716279,,,1620597779,18:02:59,20210509
104,1993-09-30,SFC.AX,AUD,1993-09-30,1993-09-30,Q3,0.0,0.0,0.0,0.0,0.0,0.0,0.0,0.0,0.0,0.0,29000.0,0.0,1014250.0,0.0,0.0,0.0,0.0,985250.0,0.0,985250.0,-42500.0,0.0,0.0789255,0.0789255,11640706,11640706,,,1620597779,18:02:59,20210509
105,1993-06-30,SFC.AX,AUD,1993-06-30,1993-06-30,Q2,0.0,0.0,0.0,0.0,0.0,0.0,0.0,0.0,0.0,0.0,29000.0,0.0,1014250.0,0.0,0.0,0.0,0.0,985250.0,0.0,985250.0,-42500.0,0.0,0.0789255,0.0789255,11640706,11640706,,,1620597779,18:02:59,20210509
106,1993-03-31,SFC.AX,AUD,1993-03-31,1993-03-31,Q1,0.0,0.0,0.0,0.0,0.0,0.0,0.0,0.0,0.0,0.0,29000.0,0.0,1014250.0,0.0,0.0,0.0,0.0,985250.0,0.0,985250.0,-42500.0,0.0,0.0789255,0.0789255,11640706,11640706,,,1620597779,18:02:59,20210509
107,1993-01-31,SFC.AX,AUD,1993-01-31,1993-01-31,Q1,0.0,0.0,0.0,0.0,0.0,0.0,0.0,0.0,0.0,0.0,29000.0,0.0,1014250.0,0.0,0.0,0.0,0.0,985250.0,0.0,985250.0,-42500.0,0.0,0.0789255,0.0789255,11640706,11640706,,,1620597779,18:02:59,20210509
108,1992-09-30,SFC.AX,AUD,1992-09-30,1992-09-30,Q3,0.0,0.0,0.0,0.0,0.0,0.0,0.0,0.0,0.0,0.0,19250.0,0.0,210750.0,0.0,0.0,0.0,0.0,191500.0,0.0,191500.0,-108500.0,0.0,-0.0033885,-0.0033885,11640200,11640200,,,1620597779,18:02:59,20210509
109,1992-06-30,SFC.AX,AUD,1992-06-30,1992-06-30,Q2,0.0,0.0,0.0,0.0,0.0,0.0,0.0,0.0,0.0,0.0,19250.0,0.0,210750.0,0.0,0.0,0.0,0.0,191500.0,0.0,191500.0,-108500.0,0.0,-0.0033885,-0.0033885,11640200,11640200,,,1620597779,18:02:59,20210509
110,1992-03-31,SFC.AX,AUD,1992-03-31,1992-03-31,Q1,0.0,0.0,0.0,0.0,0.0,0.0,0.0,0.0,0.0,0.0,19250.0,0.0,210750.0,0.0,0.0,0.0,0.0,191500.0,0.0,191500.0,-108500.0,0.0,-0.0033885,-0.0033885,11640200,11640200,,,1620597779,18:02:59,20210509
111,1992-01-31,SFC.AX,AUD,1992-01-31,1992-01-31,Q1,0.0,0.0,0.0,0.0,0.0,0.0,0.0,0.0,0.0,0.0,19250.0,0.0,210750.0,0.0,0.0,0.0,0.0,191500.0,0.0,191500.0,-108500.0,0.0,-0.0033885,-0.0033885,11640200,11640200,,,1620597779,18:02:59,20210509
112,1991-09-30,SFC.AX,AUD,1991-09-30,1991-09-30,Q3,0.0,0.0,0.0,0.0,0.0,0.0,0.0,0.0,0.0,0.0,72000.0,0.0,-1036500.0,0.0,0.0,0.0,0.0,-1108500.0,0.0,-1108500.0,-91750.0,0.0,-0.00669763859147967,-0.00669763859147967,13698858,13698858,,,1620597779,18:02:59,20210509
113,1991-06-30,SFC.AX,AUD,1991-06-30,1991-06-30,Q2,0.0,0.0,0.0,0.0,0.0,0.0,0.0,0.0,0.0,0.0,72000.0,0.0,-1036500.0,0.0,0.0,0.0,0.0,-1108500.0,0.0,-1108500.0,-91750.0,0.0,-0.00669763859147967,-0.00669763859147967,13698858,13698858,,,1620597779,18:02:59,20210509
114,1991-03-31,SFC.AX,AUD,1991-03-31,1991-03-31,Q1,0.0,0.0,0.0,0.0,0.0,0.0,0.0,0.0,0.0,0.0,72000.0,0.0,-1036500.0,0.0,0.0,0.0,0.0,-1108500.0,0.0,-1108500.0,-91750.0,0.0,-0.00669763859147967,-0.00669763859147967,13698858,13698858,,,1620597779,18:02:59,20210509
115,1991-01-31,SFC.AX,AUD,1991-01-31,1991-01-31,Q1,0.0,0.0,0.0,0.0,0.0,0.0,0.0,0.0,0.0,0.0,72000.0,0.0,-1036500.0,0.0,0.0,0.0,0.0,-1108500.0,0.0,-1108500.0,-91750.0,0.0,-0.00669763859147967,-0.00669763859147967,13698858,13698858,,,1620597779,18:02:59,20210509
116,1990-09-30,SFC.AX,AUD,1990-09-30,1990-09-30,Q3,0.0,0.0,0.0,0.0,0.0,0.0,0.0,0.0,0.0,0.0,263500.0,0.0,674750.0,0.0,0.0,0.0,0.0,411250.0,0.0,411250.0,-32500.0,0.0,-0.002372460536491436,-0.002372460536491436,13698858,13698858,,,1620597779,18:02:59,20210509
117,1990-06-30,SFC.AX,AUD,1990-06-30,1990-06-30,Q2,0.0,0.0,0.0,0.0,0.0,0.0,0.0,0.0,0.0,0.0,263500.0,0.0,674750.0,0.0,0.0,0.0,0.0,411250.0,0.0,411250.0,-32500.0,0.0,-0.002372460536491436,-0.002372460536491436,13698858,13698858,,,1620597779,18:02:59,20210509
118,1990-03-31,SFC.AX,AUD,1990-03-31,1990-03-31,Q1,0.0,0.0,0.0,0.0,0.0,0.0,0.0,0.0,0.0,0.0,263500.0,0.0,674750.0,0.0,0.0,0.0,0.0,411250.0,0.0,411250.0,-32500.0,0.0,-0.002372460536491436,-0.002372460536491436,13698858,13698858,,,1620597779,18:02:59,20210509
119,1990-01-31,SFC.AX,AUD,1990-01-31,1990-01-31,Q1,0.0,0.0,0.0,0.0,0.0,0.0,0.0,0.0,0.0,0.0,263500.0,0.0,674750.0,0.0,0.0,0.0,0.0,411250.0,0.0,411250.0,-32500.0,0.0,-0.002372460536491436,-0.002372460536491436,13698858,13698858,,,1620597779,18:02:59,20210509
120,1989-09-30,SFC.AX,AUD,1989-09-30,1989-09-30,Q3,0.0,0.0,0.0,0.0,0.0,0.0,0.0,0.0,0.0,0.0,354750.0,0.0,1016250.0,0.0,0.0,0.0,0.0,661500.0,0.0,661500.0,0.0,0.0,0.0,0.0,13698858,13698858,,,1620597779,18:02:59,20210509
121,1989-06-30,SFC.AX,AUD,1989-06-30,1989-06-30,Q2,0.0,0.0,0.0,0.0,0.0,0.0,0.0,0.0,0.0,0.0,354750.0,0.0,1016250.0,0.0,0.0,0.0,0.0,661500.0,0.0,661500.0,0.0,0.0,0.0,0.0,13698858,13698858,,,1620597779,18:02:59,20210509
122,1989-03-31,SFC.AX,AUD,1989-03-31,1989-03-31,Q1,0.0,0.0,0.0,0.0,0.0,0.0,0.0,0.0,0.0,0.0,354750.0,0.0,1016250.0,0.0,0.0,0.0,0.0,661500.0,0.0,661500.0,0.0,0.0,0.0,0.0,13698858,13698858,,,1620597779,18:02:59,20210509
123,1989-01-31,SFC.AX,AUD,1989-01-31,1989-01-31,Q1,0.0,0.0,0.0,0.0,0.0,0.0,0.0,0.0,0.0,0.0,354750.0,0.0,1016250.0,0.0,0.0,0.0,0.0,661500.0,0.0,661500.0,0.0,0.0,0.0,0.0,13698858,13698858,,,1620597779,18:02:59,20210509
