,date,symbol,reportedCurrency,fillingDate,acceptedDate,period,revenue,costOfRevenue,grossProfit,grossProfitRatio,researchAndDevelopmentExpenses,generalAndAdministrativeExpenses,sellingAndMarketingExpenses,otherExpenses,operatingExpenses,costAndExpenses,interestExpense,depreciationAndAmortization,ebitda,ebitdaratio,operatingIncome,operatingIncomeRatio,totalOtherIncomeExpensesNet,incomeBeforeTax,incomeBeforeTaxRatio,incomeTaxExpense,netIncome,netIncomeRatio,eps,epsdiluted,weightedAverageShsOut,weightedAverageShsOutDil,link,finalLink,timestamp,est_time,est_date
0,2020-12-31,RLMD,USD,2021-03-24,2021-03-24 17:30:23,Q4,0.0,0.0,0.0,0.0,14903808.0,6019643.0,0.0,0.0,20923451.0,20923451.0,0.0,823.0,-20859681.0,0.0,-20923451.0,0.0,-62947.0,-20762130.0,0.0,0.0,-20762130.0,0.0,-1.2940203818464324,-1.2940203818464324,16044670.0,16044670.0,https://www.sec.gov/Archives/edgar/data/1553643/000121390021017556/0001213900-21-017556-index.htm,https://www.sec.gov/Archives/edgar/data/1553643/000121390021017556/f10k2020_relmadatherapeutic.htm,1620597308,17:55:08,20210509
1,2020-09-30,RLMD,USD,2020-11-12,2020-11-12 16:14:21,Q3,0.0,0.0,0.0,0.0,11237186.0,5946396.0,0.0,281.075,17183582.0,17183582.0,0.0,854.0,-17182728.0,0.0,-17183582.0,0.0,-82225.0,-16902507.0,0.0,0.0,-16902507.0,0.0,-1.05,-1.05,16044670.0,16044670.0,https://www.sec.gov/Archives/edgar/data/1553643/000121390020036542/0001213900-20-036542-index.htm,https://www.sec.gov/Archives/edgar/data/1553643/000121390020036542/f10q0920_relmadatherapeutics.htm,1620597308,17:55:08,20210509
2,2020-06-30,RLMD,USD,2020-08-12,2020-08-12 17:01:09,Q2,0.0,0.0,0.0,0.0,5323953.0,7433249.0,0.0,0.0,12757202.0,12757202.0,0.0,1029.0,-12756173.0,0.0,-12757202.0,0.0,1234757.0,-11118441.0,0.0,0.0,-11118441.0,0.0,-0.73,-0.73,15323051.0,15323051.0,https://www.sec.gov/Archives/edgar/data/1553643/000121390020021649/0001213900-20-021649-index.htm,https://www.sec.gov/Archives/edgar/data/1553643/000121390020021649/f10q0620_relmadatherape.htm,1620597308,17:55:08,20210509
3,2020-03-31,RLMD,USD,2020-05-15,2020-05-15 17:25:26,Q1,0.0,0.0,0.0,0.0,4507784.0,5466654.0,0.0,0.0,9974438.0,9974438.0,0.0,1046.0,-9973392.0,0.0,-9974438.0,0.0,-1106530.0,-10673316.0,0.0,0.0,-10673316.0,0.0,-0.72,-0.72,14738230.0,14738230.0,https://www.sec.gov/Archives/edgar/data/1553643/000121390020012693/0001213900-20-012693-index.htm,https://www.sec.gov/Archives/edgar/data/1553643/000121390020012693/f10q0320_relmadatherape.htm,1620597308,17:55:08,20210509
4,2019-12-31,RLMD,USD,2020-03-26,2020-03-26,Q4,0.0,0.0,0.0,0.0,1626239.0,2937956.0,0.0,0.0,4564195.0,4564195.0,0.0,1100.0,-4563095.0,0.0,-4564195.0,0.0,0.0,-4527048.0,0.0,0.0,-4527048.0,0.0,-0.3071636146267225,-0.3071636146267225,14738230.0,14738230.0,https://www.sec.gov/Archives/edgar/data/1553643/000121390020007501/0001213900-20-007501-index.htm,https://www.sec.gov/Archives/edgar/data/1553643/000121390020007501/f10kt2019_relmadatherape.htm,1620597308,17:55:08,20210509
5,2019-09-30,RLMD,USD,2019-11-13 00:00:00,2019-11-13 17:01:17,Q3,0.0,0.0,0.0,0.0,1887367.0,1820043.0,0.0,0.0,3707410.0,3707410.0,0.0,1100.0,-3706310.0,0.0,-3707410.0,0.0,0.0,-3669494.0,0.0,0.0,-3669494.0,0.0,-0.38,-0.38,9761188.0,9761188.0,https://www.sec.gov/Archives/edgar/data/1553643/000121390019023219/0001213900-19-023219-index.html,https://www.sec.gov/Archives/edgar/data/1553643/000121390019023219/f10q0919_relmadatherap.htm,1620597308,17:55:08,20210509
6,2019-06-30,RLMD,USD,2019-09-24 00:00:00,2019-09-24 15:48:08,Q2,0.0,0.0,0.0,0.0,3069899.0,1065803.0,0.0,0.0,4135702.0,4135702.0,0.0,1088.0,-4134614.0,0.0,-4135702.0,0.0,0.0,-4122592.0,0.0,0.0,-4122592.0,0.0,-0.42234531288609545,-0.42234531288609545,9761188.0,9761188.0,https://www.sec.gov/Archives/edgar/data/1553643/000121390019018787/0001213900-19-018787-index.html,https://www.sec.gov/Archives/edgar/data/1553643/000121390019018787/f10k2019_relmadatherapeutics.htm,1620597308,17:55:08,20210509
7,2019-03-31,RLMD,USD,2019-05-15 00:00:00,2019-05-14 18:16:52,Q1,0.0,0.0,0.0,0.0,1275948.0,1426056.0,0.0,0.0,2702004.0,2702004.0,0.0,1075.0,-2700929.0,0.0,-2702004.0,0.0,0.0,-2686065.0,0.0,0.0,-2686065.0,0.0,-0.36,-0.36,7509492.0,7509492.0,https://www.sec.gov/Archives/edgar/data/1553643/000121390019008633/0001213900-19-008633-index.html,https://www.sec.gov/Archives/edgar/data/1553643/000121390019008633/f10q0319_relmadatherapeutics.htm,1620597308,17:55:08,20210509
8,2018-12-31,RLMD,USD,2019-02-13 00:00:00,2019-02-13 17:21:59,Q4,0.0,0.0,0.0,0.0,1257418.0,2221566.0,0.0,0.0,3478984.0,3478984.0,0.0,1302.0,-3477682.0,0.0,-3478984.0,0.0,-3510561.0,-7129310.0,0.0,0.0,-7129310.0,0.0,-1.12,-1.12,6395980.0,6395980.0,https://www.sec.gov/Archives/edgar/data/1553643/000121390019002391/0001213900-19-002391-index.html,https://www.sec.gov/Archives/edgar/data/1553643/000121390019002391/f10q1218_relmadatherapeutics.htm,1620597308,17:55:08,20210509
9,2018-09-30,RLMD,USD,2018-11-13 00:00:00,2018-11-13 15:39:29,Q3,0.0,0.0,0.0,0.0,1421482.0,989748.0,0.0,0.0,2411230.0,2411230.0,650322.0,1405.0,-2409825.0,0.0,-2411230.0,0.0,-318541.0,-3380093.0,0.0,0.0,-3380093.0,0.0,-1.08,-1.08,3137467.0,3137467.0,https://www.sec.gov/Archives/edgar/data/1553643/000121390018015476/0001213900-18-015476-index.html,https://www.sec.gov/Archives/edgar/data/1553643/000121390018015476/f10q0918_relmadatherap.htm,1620597308,17:55:08,20210509
10,2018-06-30,RLMD,USD,2018-09-28 00:00:00,2018-09-28 17:19:22,Q2,0.0,0.0,0.0,0.0,959253.0,970870.0,0.0,0.0,1930123.0,1930123.0,0.0,929.0,-1929194.0,0.0,-1930123.0,0.0,-789443.0,-3349932.0,0.0,0.0,-3349932.0,0.0,-1.0677186405466574,-1.0677186405466574,3137467.0,3137467.0,https://www.sec.gov/Archives/edgar/data/1553643/000121390018013238/0001213900-18-013238-index.html,https://www.sec.gov/Archives/edgar/data/1553643/000121390018013238/f10k2018_relmadatherapeutics.htm,1620597308,17:55:08,20210509
11,2018-03-31,RLMD,USD,2018-05-14 00:00:00,2018-05-14 16:32:40,Q1,0.0,0.0,0.0,0.0,1666902.0,883009.0,0.0,0.0,2549911.0,2549911.0,0.0,568.0,-2549343.0,0.0,-2549911.0,0.0,-254862.0,-3201884.0,0.0,0.0,-3201884.0,0.0,-1.04,-1.04,3136905.0,3136905.0,https://www.sec.gov/Archives/edgar/data/1553643/000121390018006121/0001213900-18-006121-index.html,https://www.sec.gov/Archives/edgar/data/1553643/000121390018006121/f10q0318_relmadatherape.htm,1620597308,17:55:08,20210509
12,2017-12-31,RLMD,USD,2018-02-12 00:00:00,2018-02-12 16:32:42,Q4,0.0,0.0,0.0,0.0,150720.0,1305865.0,0.0,0.0,1456585.0,1456585.0,0.0,582.0,-1456003.0,0.0,-1456585.0,0.0,341106.0,-1427350.0,0.0,0.0,-1427350.0,0.0,-0.44,-0.44,3136794.0,3136794.0,https://www.sec.gov/Archives/edgar/data/1553643/000121390018001597/0001213900-18-001597-index.html,https://www.sec.gov/Archives/edgar/data/1553643/000121390018001597/f10q1217_relmadatherapeutics.htm,1620597308,17:55:08,20210509
13,2017-09-30,RLMD,USD,2017-11-14 00:00:00,2017-11-14 17:11:48,Q3,0.0,0.0,0.0,0.0,165750.0,815106.0,0.0,2350.0,980856.0,980856.0,0.0,548.0,-980308.0,0.0,-980856.0,0.0,-3352.0,-981686.0,0.0,0.0,-981686.0,0.0,-0.32,-0.32,3133210.0,3133210.0,https://www.sec.gov/Archives/edgar/data/1553643/000121390017012121/0001213900-17-012121-index.html,https://www.sec.gov/Archives/edgar/data/1553643/000121390017012121/f10q0917_relmadatherapeutics.htm,1620597308,17:55:08,20210509
14,2017-06-30,RLMD,USD,2017-09-28 00:00:00,2017-09-28 16:42:53,Q2,0.0,0.0,0.0,0.0,184550.0,1598334.0,0.0,45484.0,1782884.0,1782884.0,0.0,18259.0,-1764625.0,0.0,-1782884.0,0.0,149061.0,-1633617.0,0.0,0.0,-1633617.0,0.0,-0.5213876503649612,-0.5213876503649612,3133210.0,3133210.0,https://www.sec.gov/Archives/edgar/data/1553643/000121390017010097/0001213900-17-010097-index.html,https://www.sec.gov/Archives/edgar/data/1553643/000121390017010097/f10k2017_relmadatherap.htm,1620597308,17:55:08,20210509
15,2017-03-31,RLMD,USD,2017-05-15 00:00:00,2017-05-15 14:02:08,Q1,0.0,0.0,0.0,0.0,490691.0,1792261.0,0.0,56910.0,2282952.0,2282952.0,473.0,23268.0,-2259684.0,0.0,-2282952.0,0.0,300985.0,-1981494.0,0.0,0.0,-1981494.0,0.0,-0.64,-0.64,3008978.0,3008978.0,https://www.sec.gov/Archives/edgar/data/1553643/000121390017005185/0001213900-17-005185-index.html,https://www.sec.gov/Archives/edgar/data/1553643/000121390017005185/f10q0317_relmadatherapeutics.htm,1620597308,17:55:08,20210509
16,2016-12-31,RLMD,USD,2017-02-10 00:00:00,2017-02-10 16:17:10,Q4,0.0,0.0,0.0,0.0,254105.0,1282296.0,0.0,56909.0,1536401.0,1536401.0,378.0,23581.0,-1512820.0,0.0,-1536401.0,0.0,505950.0,-1030829.0,0.0,0.0,-1030829.0,0.0,-0.36,-0.36,3008978.0,3008978.0,https://www.sec.gov/Archives/edgar/data/1553643/000121390017001191/0001213900-17-001191-index.html,https://www.sec.gov/Archives/edgar/data/1553643/000121390017001191/f10q1216_relmadatherap.htm,1620597308,17:55:08,20210509
17,2016-09-30,RLMD,USD,2016-11-10 00:00:00,2016-11-10 16:46:25,Q3,0.0,0.0,0.0,0.0,364152.0,1252444.0,0.0,56909.0,1616596.0,1616596.0,851.0,20163.0,-1596433.0,0.0,-1616596.0,0.0,-23134.0,-1640581.0,0.0,0.0,-1640581.0,0.0,-0.56,-0.56,3008833.0,3008833.0,https://www.sec.gov/Archives/edgar/data/1553643/000121390016018211/0001213900-16-018211-index.html,https://www.sec.gov/Archives/edgar/data/1553643/000121390016018211/f10q0916_relmadatherapeutics.htm,1620597308,17:55:08,20210509
18,2016-06-30,RLMD,USD,2016-06-30,2016-06-30,Q2,0.0,0.0,0.0,0.0,613749.0,2488724.0,0.0,0.0,3102473.0,3102473.0,0.0,21341.0,-3081132.0,0.0,-3102473.0,0.0,-216814.0,-3317391.0,0.0,0.0,-3317391.0,0.0,-1.1025507231541265,-1.1025507231541265,3008833.0,3008833.0,,,1620597308,17:55:08,20210509
19,2016-03-31,RLMD,USD,2016-05-09 00:00:00,2016-05-09 17:13:44,Q1,0.0,0.0,0.0,0.0,609121.0,2137967.0,0.0,0.0,2747088.0,2747088.0,0.0,27570.0,-2719518.0,0.0,-2747088.0,0.0,886530.0,-1859780.0,0.0,0.0,-1859780.0,0.0,-0.6,-0.6,3000947.0,3000947.0,https://www.sec.gov/Archives/edgar/data/1553643/000121390016013088/0001213900-16-013088-index.html,https://www.sec.gov/Archives/edgar/data/1553643/000121390016013088/f10q0316_relmadatherap.htm,1620597308,17:55:08,20210509
20,2015-12-31,RLMD,USD,2016-02-05 00:00:00,2016-02-05 16:47:09,Q4,0.0,0.0,0.0,0.0,2118204.0,3604109.0,0.0,0.0,5722313.0,5722313.0,1172.0,2955.0,-5719358.0,0.0,-5722313.0,0.0,3261980.0,-2460662.0,0.0,0.0,-2460662.0,0.0,-0.88,-0.88,2855044.0,2855044.0,https://www.sec.gov/Archives/edgar/data/1553643/000121390016010641/0001213900-16-010641-index.html,https://www.sec.gov/Archives/edgar/data/1553643/000121390016010641/f10q1215_relmadatherap.htm,1620597308,17:55:08,20210509
21,2015-09-30,RLMD,USD,2015-11-06 00:00:00,2015-11-06 16:50:32,Q3,0.0,0.0,0.0,0.0,2865586.0,1764013.0,0.0,0.0,4629599.0,4629599.0,1642.0,2953.0,-4626646.0,0.0,-4629599.0,0.0,9293339.0,4663142.0,0.0,0.0,4663142.0,0.0,1.72,1.44,2701018.0,3234346.0,https://www.sec.gov/Archives/edgar/data/1553643/000121390015008265/0001213900-15-008265-index.html,https://www.sec.gov/Archives/edgar/data/1553643/000121390015008265/f10q0915_relmadathera.htm,1620597308,17:55:08,20210509
22,2015-06-30,RLMD,USD,2015-09-11 00:00:00,2015-09-11 16:55:16,Q2,0.0,0.0,0.0,0.0,2864728.0,1559264.0,0.0,0.0,4423992.0,4423992.0,431.0,3307.0,-4420685.0,0.0,-4423992.0,0.0,10465626.0,6042436.0,0.0,0.0,6042436.0,0.0,2.237095791290543,2.237095791290543,2701018.0,2701018.0,https://www.sec.gov/Archives/edgar/data/1553643/000121390015006928/0001213900-15-006928-index.html,https://www.sec.gov/Archives/edgar/data/1553643/000121390015006928/f10k2015_relmada.htm,1620597308,17:55:08,20210509
23,2015-03-31,RLMD,USD,2015-05-15 00:00:00,2015-05-15 16:44:28,Q1,0.0,0.0,0.0,0.0,2274767.0,2293062.0,0.0,0.0,4567829.0,4567829.0,125.0,2448.0,-4565381.0,0.0,-4567829.0,0.0,2102565.0,-2462961.0,0.0,0.0,-2462961.0,0.0,-1.0,-1.0,2684832.0,2684832.0,https://www.sec.gov/Archives/edgar/data/1553643/000121390015003882/0001213900-15-003882-index.html,https://www.sec.gov/Archives/edgar/data/1553643/000121390015003882/f10q0315_relmadatherape.htm,1620597308,17:55:08,20210509
24,2014-12-31,RLMD,USD,2015-02-13,2015-02-13,Q4,0.0,0.0,0.0,0.0,2091553.0,2293329.0,0.0,0.0,4384882.0,4384882.0,1098.0,-93.0,-4384975.0,0.0,-4384882.0,0.0,9836252.0,5455377.0,0.0,0.0,5455377.0,0.0,2.2,1.6,2537626.0,3521851.0,https://www.sec.gov/Archives/edgar/data/1553643/000121390015001037/0001213900-15-001037-index.htm,https://www.sec.gov/Archives/edgar/data/1553643/000121390015001037/f10q1214_relmadatherap.htm,1620597308,17:55:08,20210509
25,2014-09-30,RLMD,USD,2014-11-07 00:00:00,2014-11-07 16:45:23,Q3,0.0,0.0,0.0,0.0,718974.0,3003603.0,0.0,0.0,3722577.0,3722577.0,3268.0,3594.0,-3718983.0,0.0,-3722577.0,0.0,-26114720.0,-29838448.0,0.0,0.0,-29838448.0,0.0,-14.6,-14.6,2036357.0,2036357.0,https://www.sec.gov/Archives/edgar/data/1553643/000121390014007845/0001213900-14-007845-index.html,https://www.sec.gov/Archives/edgar/data/1553643/000121390014007845/f10q0914_relmadatherapeutics.htm,1620597308,17:55:08,20210509
26,2014-06-30,RLMD,USD,2014-06-30,2014-06-30,Q2,0.0,0.0,0.0,0.0647709320695,620000.0,11610000.0,0.0,0.0,12230000.0,12230000.0,-15590000.0,0.0,-43420000.0,-6.79225908373,-12230000.0,-6.91074249605,0.0,-27830000.0,21840.8961295,0.0,-27830000.0,21840.8961295,-44.8871,-44.8871,620000.0,620000.0,,,1620597308,17:55:08,20210509
27,2014-03-31,RLMD,USD,2014-04-15 00:00:00,2014-04-15 12:35:29,Q1,0.0,0.0,0.0,0.0,220000.0,500000.0,0.0,0.0,710000.0,710000.0,7210000.0,0.0,13700000.0,0.0,-710000.0,0.0,0.0,6490000.0,0.0,0.0,6490000.0,0.0,2.60643,2.60643,2490000.0,2490000.0,https://www.sec.gov/Archives/edgar/data/1553643/000125529414000328/0001255294-14-000328-index.html,https://www.sec.gov/Archives/edgar/data/1553643/000125529414000328/mainbody.htm,1620597308,17:55:08,20210509
28,2014-02-28,RLMD,USD,2014-04-15 00:00:00,2014-04-15 12:35:29,Q2,682.0,685.0,-3.0,-0.004398826979472141,0.0,3121.0,0.0,0.0,3121.0,3806.0,0.0,150.0,-2974.0,-4.360703812316715,-3124.0,-4.580645161290323,0.0,-3124.0,-4.580645161290323,0.0,-3124.0,-4.580645161290323,-0.002192280701754386,-0.002192280701754386,1425000.0,1425000.0,https://www.sec.gov/Archives/edgar/data/1553643/000125529414000328/0001255294-14-000328-index.html,https://www.sec.gov/Archives/edgar/data/1553643/000125529414000328/mainbody.htm,1620597308,17:55:08,20210509
29,2013-11-30,RLMD,USD,2013-12-16 00:00:00,2013-12-16 11:07:38,Q1,1850.0,1686.0,164.0,0.08864864864864865,0.0,14538.0,0.0,0.0,14538.0,16224.0,0.0,150.0,-14224.0,-7.688648648648648,-14374.0,-7.76972972972973,0.0,-14374.0,-7.76972972972973,0.0,-14374.0,-7.76972972972973,-0.010087017543859648,-0.010087017543859648,1425000.0,1425000.0,https://www.sec.gov/Archives/edgar/data/1553643/000125529413001000/0001255294-13-001000-index.html,https://www.sec.gov/Archives/edgar/data/1553643/000125529413001000/mainbody.htm,1620597308,17:55:08,20210509
30,2013-08-31,RLMD,USD,2013-08-31,2013-08-31,Q4,0.0,0.0,0.0,0.0,0.0,12364.0,0.0,0.0,12364.0,12364.0,0.0,150.0,-12214.0,0.0,-12364.0,0.0,0.0,-12364.0,0.0,0.0,-12364.0,0.0,-0.008676491228070175,-0.008676491228070175,1425000.0,1425000.0,,,1620597308,17:55:08,20210509
31,2013-05-31,RLMD,USD,2013-07-12 00:00:00,2013-07-12 12:11:20,Q3,634.0,322.0,312.0,0.4921135646687697,0.0,19797.0,0.0,0.0,19797.0,20119.0,0.0,0.0,-19485.0,-30.733438485804417,-19485.0,-30.733438485804417,0.0,-19485.0,-30.733438485804417,0.0,-19485.0,-30.733438485804417,-0.016582978723404255,-0.016582978723404255,1175000.0,1175000.0,https://www.sec.gov/Archives/edgar/data/1553643/000125529413000523/0001255294-13-000523-index.html,https://www.sec.gov/Archives/edgar/data/1553643/000125529413000523/mainbody.htm,1620597308,17:55:08,20210509
32,2013-02-28,RLMD,USD,2013-02-28,2013-02-28,Q2,2346.0,1864.0,482.0,0.20545609548167093,0.0,3905.0,723.0,0.0,4628.0,6492.0,0.0,0.0,-4146.0,-1.7672634271099745,-4146.0,-1.7672634271099745,0.0,-4146.0,-1.7672634271099745,0.0,-4146.0,-1.7672634271099745,0.0,0.0,1175000.0,1175000.0,,,1620597308,17:55:08,20210509
33,2012-11-30,RLMD,USD,2012-11-30,2012-11-30,Q1,2149.0,1850.0,299.0,0.13913448115402513,0.0,9010.0,309.0,0.0,9319.0,11169.0,0.0,0.0,-9020.0,-4.197301070265239,-9020.0,-4.197301070265239,0.0,-9020.0,-4.197301070265239,0.0,-9020.0,-4.197301070265239,0.0,0.0,1175000.0,1175000.0,,,1620597308,17:55:08,20210509
34,2012-08-31,RLMD,USD,2012-08-31,2012-08-31,Q3,1515.0,998.0,517.0,0.34125412541254124,0.0,8098.0,1048.0,0.0,9146.0,10144.0,0.0,0.0,-8629.0,-5.695709570957096,-8629.0,-5.695709570957096,0.0,-8629.0,-5.695709570957096,0.0,-8629.0,-5.695709570957096,-0.012236887074336004,-0.012236887074336004,705163.0,705163.0,,,1620597308,17:55:08,20210509
35,2012-05-31,RLMD,USD,2012-05-31,2012-05-31,Q3,400.0,292.0,108.0,0.27,0.0,2589.0,0.0,0.0,2589.0,2881.0,0.0,0.0,-2481.0,-6.2025,-2481.0,-6.2025,0.0,-2481.0,-6.2025,0.0,-2481.0,-6.2025,0.0,0.0,705163.0,705163.0,,,1620597308,17:55:08,20210509
36,2012-02-29,RLMD,USD,2012-02-29,2012-02-29,Q2,6026.0,4509.0,1517.0,0.25174244938599405,0.0,878.0,765.0,0.0,1643.0,6152.0,0.0,0.0,251.0,0.04165283770328576,-126.0,-0.02090939263192831,-377.0,-503.0,-0.08347162296714239,0.0,-503.0,-0.08347162296714239,0.0,0.0,700000.0,700000.0,,,1620597308,17:55:08,20210509
