,date,symbol,reportedCurrency,fillingDate,acceptedDate,period,revenue,costOfRevenue,grossProfit,grossProfitRatio,researchAndDevelopmentExpenses,generalAndAdministrativeExpenses,sellingAndMarketingExpenses,otherExpenses,operatingExpenses,costAndExpenses,interestExpense,depreciationAndAmortization,ebitda,ebitdaratio,operatingIncome,operatingIncomeRatio,totalOtherIncomeExpensesNet,incomeBeforeTax,incomeBeforeTaxRatio,incomeTaxExpense,netIncome,netIncomeRatio,eps,epsdiluted,weightedAverageShsOut,weightedAverageShsOutDil,link,finalLink,timestamp,est_time,est_date
0,2020-09-30,IMD.AX,AUD,2020-09-30,2020-09-30,Q3,59422750.0,19393250.0,40029500.0,0.6736393048117093,0.0,17409500.0,0.0,953500.0,8470000.0,0.0,251500.0,6622000.0,13611750.0,0.22906630877904507,6989750.0,0.11762750798305363,953500.0,7285500.0,0.12260455801860398,1846000.0,5439500.0,0.09153901493956439,0.014526226424167515,0.014526226424167515,374460637.0,374460637.0,,,1620593543,16:52:23,20210509
1,2020-06-30,IMD.AX,AUD,2020-06-30,2020-06-30,Q2,59422750.0,19393250.0,40029500.0,0.6736393048117093,0.0,17409500.0,0.0,953500.0,8470000.0,0.0,251500.0,6622000.0,13611750.0,0.22906630877904507,6989750.0,0.11762750798305363,953500.0,7285500.0,0.12260455801860398,1846000.0,5439500.0,0.09153901493956439,0.014526226424167515,0.014526226424167515,374460637.0,374460637.0,,,1620593543,16:52:23,20210509
2,2020-03-31,IMD.AX,AUD,2020-03-31,2020-03-31,Q1,59422750.0,19393250.0,40029500.0,0.6736393048117093,0.0,17409500.0,0.0,953500.0,8470000.0,0.0,251500.0,6622000.0,13611750.0,0.22906630877904507,6989750.0,0.11762750798305363,953500.0,7285500.0,0.12260455801860398,1846000.0,5439500.0,0.09153901493956439,0.014526226424167515,0.014526226424167515,374460637.0,374460637.0,,,1620593543,16:52:23,20210509
3,2020-01-31,IMD.AX,AUD,2020-01-31,2020-01-31,Q1,59422750.0,19393250.0,40029500.0,0.6736393048117093,0.0,17409500.0,0.0,953500.0,8470000.0,0.0,251500.0,6622000.0,13611750.0,0.22906630877904507,6989750.0,0.11762750798305363,953500.0,7285500.0,0.12260455801860398,1846000.0,5439500.0,0.09153901493956439,0.014526226424167515,0.014526226424167515,374460637.0,374460637.0,,,1620593543,16:52:23,20210509
4,2019-06-30,IMD.AX,AUD,2019-06-30,2019-06-30,Q2,60913750.0,20776000.0,40137750.0,0.6589275820319714,0.0,19223750.0,0.0,36750.0,7714250.0,0.0,192500.0,3565250.0,13084000.0,0.2147955100449406,9518750.0,0.15626603188935176,36750.0,9363000.0,0.15370913792042026,2461000.0,6902000.0,0.11330775071309844,0.018425,0.017525,374460637.0,393837375.0,,,1620593543,16:52:23,20210509
5,2019-03-31,IMD.AX,AUD,2019-03-31,2019-03-31,Q1,60913750.0,20776000.0,40137750.0,0.6589275820319714,0.0,19223750.0,0.0,36750.0,7714250.0,0.0,192500.0,3565250.0,13084000.0,0.2147955100449406,9518750.0,0.15626603188935176,36750.0,9363000.0,0.15370913792042026,2461000.0,6902000.0,0.11330775071309844,0.018425,0.017525,374460637.0,393837375.0,,,1620593543,16:52:23,20210509
6,2019-01-31,IMD.AX,AUD,2019-01-31,2019-01-31,Q1,60913750.0,20776000.0,40137750.0,0.6589275820319714,0.0,19223750.0,0.0,36750.0,7714250.0,0.0,192500.0,3565250.0,13084000.0,0.2147955100449406,9518750.0,0.15626603188935176,36750.0,9363000.0,0.15370913792042026,2461000.0,6902000.0,0.11330775071309844,0.018425,0.017525,374460637.0,393837375.0,,,1620593543,16:52:23,20210509
7,2018-06-30,IMD.AX,AUD,2018-06-30,2018-06-30,Q2,54618750.0,19581000.0,35037750.0,0.6414967387572948,0.0,16918250.0,0.0,29000.0,7413750.0,0.0,201000.0,3276250.0,10596000.0,0.1939993134225884,7319750.0,0.13401533356219247,29000.0,7147750.0,0.13086623183430598,1869000.0,5278750.0,0.09664721364000457,0.014325,0.013425,368441739.0,393202980.0,,,1620593543,16:52:23,20210509
8,2018-03-31,IMD.AX,AUD,2018-03-31,2018-03-31,Q1,54618750.0,19581000.0,35037750.0,0.6414967387572948,0.0,16918250.0,0.0,29000.0,7413750.0,0.0,201000.0,3276250.0,10596000.0,0.1939993134225884,7319750.0,0.13401533356219247,29000.0,7147750.0,0.13086623183430598,1869000.0,5278750.0,0.09664721364000457,0.014325,0.013425,368441739.0,393202980.0,,,1620593543,16:52:23,20210509
9,2018-01-31,IMD.AX,AUD,2018-01-31,2018-01-31,Q1,54618750.0,19581000.0,35037750.0,0.6414967387572948,0.0,16918250.0,0.0,29000.0,7413750.0,0.0,201000.0,3276250.0,10596000.0,0.1939993134225884,7319750.0,0.13401533356219247,29000.0,7147750.0,0.13086623183430598,1869000.0,5278750.0,0.09664721364000457,0.014325,0.013425,368441739.0,393202980.0,,,1620593543,16:52:23,20210509
10,2017-06-30,IMD.AX,AUD,2017-06-30,2017-06-30,Q2,44056250.0,15567250.0,28489000.0,0.6466505887359909,0.0,12500750.0,2102000.0,52250.0,5831750.0,0.0,4141750.0,2818750.0,7860250.0,0.17841395942686905,5041500.0,0.11443325294367995,52250.0,952000.0,0.021608738828202582,310750.0,915750.0,0.020785927081855584,0.00285,0.00265,320613934.0,345566038.0,,,1620593543,16:52:23,20210509
11,2017-03-31,IMD.AX,AUD,2017-03-31,2017-03-31,Q1,44056250.0,15567250.0,28489000.0,0.6466505887359909,0.0,12500750.0,2102000.0,52250.0,5831750.0,0.0,4141750.0,2818750.0,7860250.0,0.17841395942686905,5041500.0,0.11443325294367995,52250.0,952000.0,0.021608738828202582,310750.0,915750.0,0.020785927081855584,0.00285,0.00265,320613934.0,345566038.0,,,1620593543,16:52:23,20210509
12,2017-01-31,IMD.AX,AUD,2017-01-31,2017-01-31,Q1,44056250.0,15567250.0,28489000.0,0.6466505887359909,0.0,12500750.0,2102000.0,52250.0,5831750.0,0.0,4141750.0,2818750.0,7860250.0,0.17841395942686905,5041500.0,0.11443325294367995,52250.0,952000.0,0.021608738828202582,310750.0,915750.0,0.020785927081855584,0.00285,0.00265,320613934.0,345566038.0,,,1620593543,16:52:23,20210509
13,2016-06-30,IMD.AX,AUD,2016-06-30,2016-06-30,Q2,35836500.0,13257000.0,22579500.0,0.6300699007994642,0.0,11854250.0,1802250.0,77000.0,5058500.0,0.0,2540000.0,2355500.0,3666250.0,0.10230491258912003,1310750.0,0.03657583748412931,103250.0,-1099000.0,-0.030667057329817365,-133750.0,-14063250.0,-0.3924281110041438,-0.057775,-0.057775,243454643.0,243454643.0,,,1620593543,16:52:23,20210509
14,2016-03-31,IMD.AX,AUD,2016-03-31,2016-03-31,Q1,35836500.0,13257000.0,22579500.0,0.6300699007994642,0.0,11854250.0,1802250.0,77000.0,5058500.0,0.0,2540000.0,2355500.0,3666250.0,0.10230491258912003,1310750.0,0.03657583748412931,103250.0,-1099000.0,-0.030667057329817365,-133750.0,-14063250.0,-0.3924281110041438,-0.057775,-0.057775,243454643.0,243454643.0,,,1620593543,16:52:23,20210509
15,2016-01-31,IMD.AX,AUD,2016-01-31,2016-01-31,Q1,35836500.0,13257000.0,22579500.0,0.6300699007994642,0.0,11854250.0,1802250.0,77000.0,5058500.0,0.0,2540000.0,2355500.0,3666250.0,0.10230491258912003,1310750.0,0.03657583748412931,103250.0,-1099000.0,-0.030667057329817365,-133750.0,-14063250.0,-0.3924281110041438,-0.057775,-0.057775,243454643.0,243454643.0,,,1620593543,16:52:23,20210509
16,2015-09-30,IMD.AX,AUD,2015-09-30,2015-09-30,Q3,47056750.0,22158750.0,24898000.0,0.5291058137249173,0.0,15660750.0,348250.0,3151000.0,7606000.0,0.0,761500.0,2987500.0,725000.0,0.015406928867803238,-2262500.0,-0.048080243535730795,-1663250.0,-4661000.0,-0.09905061441769777,964750.0,-5625750.0,-0.11955245528006078,-0.0261,-0.0261,215496713.0,215496713.0,,,1620593543,16:52:23,20210509
17,2015-06-30,IMD.AX,AUD,2015-06-30,2015-06-30,Q2,47056750.0,22158750.0,24898000.0,0.5291058137249173,0.0,15660750.0,348250.0,3151000.0,7606000.0,0.0,761500.0,2987500.0,725000.0,0.015406928867803238,-2262500.0,-0.048080243535730795,-1663250.0,-4661000.0,-0.09905061441769777,964750.0,-5625750.0,-0.11955245528006078,-0.0261,-0.0261,215496713.0,215496713.0,,,1620593543,16:52:23,20210509
18,2015-03-31,IMD.AX,AUD,2015-03-31,2015-03-31,Q1,47056750.0,22158750.0,24898000.0,0.5291058137249173,0.0,15660750.0,348250.0,3151000.0,7606000.0,0.0,761500.0,2987500.0,725000.0,0.015406928867803238,-2262500.0,-0.048080243535730795,-1663250.0,-4661000.0,-0.09905061441769777,964750.0,-5625750.0,-0.11955245528006078,-0.0261,-0.0261,215496713.0,215496713.0,,,1620593543,16:52:23,20210509
19,2015-01-31,IMD.AX,AUD,2015-01-31,2015-01-31,Q1,47056750.0,22158750.0,24898000.0,0.5291058137249173,0.0,15660750.0,348250.0,3151000.0,7606000.0,0.0,761500.0,2987500.0,725000.0,0.015406928867803238,-2262500.0,-0.048080243535730795,-1663250.0,-4661000.0,-0.09905061441769777,964750.0,-5625750.0,-0.11955245528006078,-0.0261,-0.0261,215496713.0,215496713.0,,,1620593543,16:52:23,20210509
20,2014-09-30,IMD.AX,AUD,2014-09-30,2014-09-30,Q3,45871250.0,21717500.0,24153750.0,0.5265553042483037,0.0,14590250.0,276500.0,4871750.0,10202250.0,0.0,712500.0,2261000.0,-1965000.0,-0.04283728915170178,-4226000.0,-0.09212742186009755,3163250.0,-1765500.0,-0.038488159795078615,-446250.0,-1319250.0,-0.02875984412894787,-0.00625,-0.00625,210751284.0,210751284.0,,,1620593543,16:52:23,20210509
21,2014-06-30,IMD.AX,AUD,2014-06-30,2014-06-30,Q2,45871250.0,21717500.0,24153750.0,0.5265553042483037,0.0,14590250.0,276500.0,4871750.0,10202250.0,0.0,712500.0,2261000.0,-1965000.0,-0.04283728915170178,-4226000.0,-0.09212742186009755,3163250.0,-1765500.0,-0.038488159795078615,-446250.0,-1319250.0,-0.02875984412894787,-0.00625,-0.00625,210751284.0,210751284.0,,,1620593543,16:52:23,20210509
22,2014-03-31,IMD.AX,AUD,2014-03-31,2014-03-31,Q1,45871250.0,21717500.0,24153750.0,0.5265553042483037,0.0,14590250.0,276500.0,4871750.0,10202250.0,0.0,712500.0,2261000.0,-1965000.0,-0.04283728915170178,-4226000.0,-0.09212742186009755,3163250.0,-1765500.0,-0.038488159795078615,-446250.0,-1319250.0,-0.02875984412894787,-0.00625,-0.00625,210751284.0,210751284.0,,,1620593543,16:52:23,20210509
23,2014-01-31,IMD.AX,AUD,2014-01-31,2014-01-31,Q1,45871250.0,21717500.0,24153750.0,0.5265553042483037,0.0,14590250.0,276500.0,4871750.0,10202250.0,0.0,712500.0,2261000.0,-1965000.0,-0.04283728915170178,-4226000.0,-0.09212742186009755,3163250.0,-1765500.0,-0.038488159795078615,-446250.0,-1319250.0,-0.02875984412894787,-0.00625,-0.00625,210751284.0,210751284.0,,,1620593543,16:52:23,20210509
24,2013-09-30,IMD.AX,AUD,2013-09-30,2013-09-30,Q3,41456750.0,25267250.0,16189500.0,0.3905154166691793,0.0,14173250.0,493250.0,16487250.0,7607750.0,0.0,842500.0,2773000.0,-6084750.0,-0.14677344461396516,-8857750.0,-0.21366243132903567,16812250.0,7127500.0,0.17192616401430405,2281750.0,4845750.0,0.1168868760816996,0.0231,0.02285,209712962.0,212067834.0,,,1620593543,16:52:23,20210509
25,2013-06-30,IMD.AX,AUD,2013-06-30,2013-06-30,Q2,41456750.0,25267250.0,16189500.0,0.3905154166691793,0.0,14173250.0,493250.0,16487250.0,7607750.0,0.0,842500.0,2773000.0,-6084750.0,-0.14677344461396516,-8857750.0,-0.21366243132903567,16812250.0,7127500.0,0.17192616401430405,2281750.0,4845750.0,0.1168868760816996,0.0231,0.02285,209712962.0,212067834.0,,,1620593543,16:52:23,20210509
26,2013-03-31,IMD.AX,AUD,2013-03-31,2013-03-31,Q1,41456750.0,25267250.0,16189500.0,0.3905154166691793,0.0,14173250.0,493250.0,16487250.0,7607750.0,0.0,842500.0,2773000.0,-6084750.0,-0.14677344461396516,-8857750.0,-0.21366243132903567,16812250.0,7127500.0,0.17192616401430405,2281750.0,4845750.0,0.1168868760816996,0.0231,0.02285,209712962.0,212067834.0,,,1620593543,16:52:23,20210509
27,2013-01-31,IMD.AX,AUD,2013-01-31,2013-01-31,Q1,41456750.0,25267250.0,16189500.0,0.3905154166691793,0.0,14173250.0,493250.0,16487250.0,7607750.0,0.0,842500.0,2773000.0,-6084750.0,-0.14677344461396516,-8857750.0,-0.21366243132903567,16812250.0,7127500.0,0.17192616401430405,2281750.0,4845750.0,0.1168868760816996,0.0231,0.02285,209712962.0,212067834.0,,,1620593543,16:52:23,20210509
28,2012-09-30,IMD.AX,AUD,2012-09-30,2012-09-30,Q3,45604000.0,26246250.0,19357750.0,0.4244748267695816,0.0,12050500.0,691000.0,21855500.0,7616750.0,0.0,432250.0,3179500.0,-1000500.0,-0.021938865011841068,-4180000.0,-0.09165862643627752,21490500.0,16875000.0,0.37003333040961317,5430750.0,11444250.0,0.25094838172090167,0.05585,0.054625,204879162.0,209505721.0,,,1620593543,16:52:23,20210509
29,2012-06-30,IMD.AX,AUD,2012-06-30,2012-06-30,Q2,45604000.0,26246250.0,19357750.0,0.4244748267695816,0.0,12050500.0,691000.0,21855500.0,7616750.0,0.0,432250.0,3179500.0,-1000500.0,-0.021938865011841068,-4180000.0,-0.09165862643627752,21490500.0,16875000.0,0.37003333040961317,5430750.0,11444250.0,0.25094838172090167,0.05585,0.054625,204879162.0,209505721.0,,,1620593543,16:52:23,20210509
30,2012-03-31,IMD.AX,AUD,2012-03-31,2012-03-31,Q1,45604000.0,26246250.0,19357750.0,0.4244748267695816,0.0,12050500.0,691000.0,21855500.0,7616750.0,0.0,432250.0,3179500.0,-1000500.0,-0.021938865011841068,-4180000.0,-0.09165862643627752,21490500.0,16875000.0,0.37003333040961317,5430750.0,11444250.0,0.25094838172090167,0.05585,0.054625,204879162.0,209505721.0,,,1620593543,16:52:23,20210509
31,2012-01-31,IMD.AX,AUD,2012-01-31,2012-01-31,Q1,45604000.0,26246250.0,19357750.0,0.4244748267695816,0.0,12050500.0,691000.0,21855500.0,7616750.0,0.0,432250.0,3179500.0,-1000500.0,-0.021938865011841068,-4180000.0,-0.09165862643627752,21490500.0,16875000.0,0.37003333040961317,5430750.0,11444250.0,0.25094838172090167,0.05585,0.054625,204879162.0,209505721.0,,,1620593543,16:52:23,20210509
32,2011-09-30,IMD.AX,AUD,2011-09-30,2011-09-30,Q3,35563500.0,21128500.0,14435000.0,0.4058936831301756,0.0,6853500.0,2307250.0,14893750.0,6701250.0,0.0,650750.0,3124750.0,-1427000.0,-0.040125409478819575,-4551750.0,-0.12798937112488928,14893750.0,9648250.0,0.27129641345761807,2397750.0,7250500.0,0.20387475923348378,0.036725,0.035625,197472481.0,203522807.0,,,1620593543,16:52:23,20210509
33,2011-06-30,IMD.AX,AUD,2011-06-30,2011-06-30,Q2,35563500.0,21128500.0,14435000.0,0.4058936831301756,0.0,6853500.0,2307250.0,14893750.0,6701250.0,0.0,650750.0,3124750.0,-1427000.0,-0.040125409478819575,-4551750.0,-0.12798937112488928,14893750.0,9648250.0,0.27129641345761807,2397750.0,7250500.0,0.20387475923348378,0.036725,0.035625,197472481.0,203522807.0,,,1620593543,16:52:23,20210509
34,2011-03-31,IMD.AX,AUD,2011-03-31,2011-03-31,Q1,35563500.0,21128500.0,14435000.0,0.4058936831301756,0.0,6853500.0,2307250.0,14893750.0,6701250.0,0.0,650750.0,3124750.0,-1427000.0,-0.040125409478819575,-4551750.0,-0.12798937112488928,14893750.0,9648250.0,0.27129641345761807,2397750.0,7250500.0,0.20387475923348378,0.036725,0.035625,197472481.0,203522807.0,,,1620593543,16:52:23,20210509
35,2011-01-31,IMD.AX,AUD,2011-01-31,2011-01-31,Q1,35563500.0,21128500.0,14435000.0,0.4058936831301756,0.0,6853500.0,2307250.0,14893750.0,6701250.0,0.0,650750.0,3124750.0,-1427000.0,-0.040125409478819575,-4551750.0,-0.12798937112488928,14893750.0,9648250.0,0.27129641345761807,2397750.0,7250500.0,0.20387475923348378,0.036725,0.035625,197472481.0,203522807.0,,,1620593543,16:52:23,20210509
36,2010-09-30,IMD.AX,AUD,2010-09-30,2010-09-30,Q3,25215250.0,14535000.0,10680250.0,0.4235631215236811,0.0,6211000.0,1349750.0,8041500.0,5110000.0,0.0,473500.0,2636250.0,-1990500.0,-0.07894032381197887,-4626750.0,-0.18349014981013473,-448250.0,-5267750.0,-0.2089112739314502,119250.0,-5387000.0,-0.2136405548229742,-0.027625,-0.027625,194960972.0,194960972.0,,,1620593543,16:52:23,20210509
37,2010-06-30,IMD.AX,AUD,2010-06-30,2010-06-30,Q2,25215250.0,14535000.0,10680250.0,0.4235631215236811,0.0,6211000.0,1349750.0,8041500.0,5110000.0,0.0,473500.0,2636250.0,-1990500.0,-0.07894032381197887,-4626750.0,-0.18349014981013473,-448250.0,-5267750.0,-0.2089112739314502,119250.0,-5387000.0,-0.2136405548229742,-0.027625,-0.027625,194960972.0,194960972.0,,,1620593543,16:52:23,20210509
38,2010-03-31,IMD.AX,AUD,2010-03-31,2010-03-31,Q1,25215250.0,14535000.0,10680250.0,0.4235631215236811,0.0,6211000.0,1349750.0,8041500.0,5110000.0,0.0,473500.0,2636250.0,-1990500.0,-0.07894032381197887,-4626750.0,-0.18349014981013473,-448250.0,-5267750.0,-0.2089112739314502,119250.0,-5387000.0,-0.2136405548229742,-0.027625,-0.027625,194960972.0,194960972.0,,,1620593543,16:52:23,20210509
39,2010-01-31,IMD.AX,AUD,2010-01-31,2010-01-31,Q1,25215250.0,14535000.0,10680250.0,0.4235631215236811,0.0,6211000.0,1349750.0,8041500.0,5110000.0,0.0,473500.0,2636250.0,-1990500.0,-0.07894032381197887,-4626750.0,-0.18349014981013473,-448250.0,-5267750.0,-0.2089112739314502,119250.0,-5387000.0,-0.2136405548229742,-0.027625,-0.027625,194960972.0,194960972.0,,,1620593543,16:52:23,20210509
40,2009-09-30,IMD.AX,AUD,2009-09-30,2009-09-30,Q3,25827000.0,15425000.0,10402000.0,0.4027568048941031,0.0,6765750.0,1062750.0,9062000.0,4416750.0,0.0,699250.0,2463250.0,-1843250.0,-0.07136910984628489,-4306500.0,-0.16674410500638867,9062000.0,4548750.0,0.17612382390521547,1532000.0,3016750.0,0.11680605567816627,0.015925,0.015575,189479588.0,193691814.0,,,1620593543,16:52:23,20210509
41,2009-06-30,IMD.AX,AUD,2009-06-30,2009-06-30,Q2,25827000.0,15425000.0,10402000.0,0.4027568048941031,0.0,6765750.0,1062750.0,9062000.0,4416750.0,0.0,699250.0,2463250.0,-1843250.0,-0.07136910984628489,-4306500.0,-0.16674410500638867,9062000.0,4548750.0,0.17612382390521547,1532000.0,3016750.0,0.11680605567816627,0.015925,0.015575,189479588.0,193691814.0,,,1620593543,16:52:23,20210509
42,2009-03-31,IMD.AX,AUD,2009-03-31,2009-03-31,Q1,25827000.0,15425000.0,10402000.0,0.4027568048941031,0.0,6765750.0,1062750.0,9062000.0,4416750.0,0.0,699250.0,2463250.0,-1843250.0,-0.07136910984628489,-4306500.0,-0.16674410500638867,9062000.0,4548750.0,0.17612382390521547,1532000.0,3016750.0,0.11680605567816627,0.015925,0.015575,189479588.0,193691814.0,,,1620593543,16:52:23,20210509
43,2009-01-31,IMD.AX,AUD,2009-01-31,2009-01-31,Q1,25827000.0,15425000.0,10402000.0,0.4027568048941031,0.0,6765750.0,1062750.0,9062000.0,4416750.0,0.0,699250.0,2463250.0,-1843250.0,-0.07136910984628489,-4306500.0,-0.16674410500638867,9062000.0,4548750.0,0.17612382390521547,1532000.0,3016750.0,0.11680605567816627,0.015925,0.015575,189479588.0,193691814.0,,,1620593543,16:52:23,20210509
44,2008-09-30,IMD.AX,AUD,2008-09-30,2008-09-30,Q3,29596750.0,14897250.0,14699500.0,0.49665926157432827,0.0,5011750.0,1298250.0,5873250.0,3768500.0,0.0,674000.0,2330250.0,4621000.0,0.15613200773733601,2290750.0,0.07739870087087265,5896000.0,7971250.0,0.2693285580342436,2701000.0,7991500.0,0.27001275477881864,0.0426,0.04095,187578226.0,195152625.0,,,1620593543,16:52:23,20210509
45,2008-06-30,IMD.AX,AUD,2008-06-30,2008-06-30,Q2,29596750.0,14897250.0,14699500.0,0.49665926157432827,0.0,5011750.0,1298250.0,5873250.0,3768500.0,0.0,674000.0,2330250.0,4621000.0,0.15613200773733601,2290750.0,0.07739870087087265,5896000.0,7971250.0,0.2693285580342436,2701000.0,7991500.0,0.27001275477881864,0.0426,0.04095,187578226.0,195152625.0,,,1620593543,16:52:23,20210509
46,2008-03-31,IMD.AX,AUD,2008-03-31,2008-03-31,Q1,29596750.0,14897250.0,14699500.0,0.49665926157432827,0.0,5011750.0,1298250.0,5873250.0,3768500.0,0.0,674000.0,2330250.0,4621000.0,0.15613200773733601,2290750.0,0.07739870087087265,5896000.0,7971250.0,0.2693285580342436,2701000.0,7991500.0,0.27001275477881864,0.0426,0.04095,187578226.0,195152625.0,,,1620593543,16:52:23,20210509
47,2008-01-31,IMD.AX,AUD,2008-01-31,2008-01-31,Q1,29596750.0,14897250.0,14699500.0,0.49665926157432827,0.0,5011750.0,1298250.0,5873250.0,3768500.0,0.0,674000.0,2330250.0,4621000.0,0.15613200773733601,2290750.0,0.07739870087087265,5896000.0,7971250.0,0.2693285580342436,2701000.0,7991500.0,0.27001275477881864,0.0426,0.04095,187578226.0,195152625.0,,,1620593543,16:52:23,20210509
48,2007-09-30,IMD.AX,AUD,2007-09-30,2007-09-30,Q3,24723500.0,13404500.0,11319000.0,0.45782352822213684,251750.0,3369750.0,1025500.0,5173750.0,4315750.0,0.0,665250.0,1949500.0,2356250.0,0.09530406293607296,406750.0,0.016451958662810687,5192750.0,5103000.0,0.2064028151353975,1723500.0,3379500.0,0.13669181143446518,0.02185,0.02,154717072.0,168975000.0,,,1620593543,16:52:23,20210509
49,2007-06-30,IMD.AX,AUD,2007-06-30,2007-06-30,Q2,24723500.0,13404500.0,11319000.0,0.45782352822213684,251750.0,3369750.0,1025500.0,5173750.0,4315750.0,0.0,665250.0,1949500.0,2356250.0,0.09530406293607296,406750.0,0.016451958662810687,5192750.0,5103000.0,0.2064028151353975,1723500.0,3379500.0,0.13669181143446518,0.02185,0.02,154717072.0,168975000.0,,,1620593543,16:52:23,20210509
50,2007-03-31,IMD.AX,AUD,2007-03-31,2007-03-31,Q1,24723500.0,13404500.0,11319000.0,0.45782352822213684,251750.0,3369750.0,1025500.0,5173750.0,4315750.0,0.0,665250.0,1949500.0,2356250.0,0.09530406293607296,406750.0,0.016451958662810687,5192750.0,5103000.0,0.2064028151353975,1723500.0,3379500.0,0.13669181143446518,0.02185,0.02,154717072.0,168975000.0,,,1620593543,16:52:23,20210509
51,2007-01-31,IMD.AX,AUD,2007-01-31,2007-01-31,Q1,24723500.0,13404500.0,11319000.0,0.45782352822213684,251750.0,3369750.0,1025500.0,5173750.0,4315750.0,0.0,665250.0,1949500.0,2356250.0,0.09530406293607296,406750.0,0.016451958662810687,5192750.0,5103000.0,0.2064028151353975,1723500.0,3379500.0,0.13669181143446518,0.02185,0.02,154717072.0,168975000.0,,,1620593543,16:52:23,20210509
52,2006-09-30,IMD.AX,AUD,2006-09-30,2006-09-30,Q3,15318000.0,8194000.0,7124000.0,0.4650737694215955,0.0,3132250.0,165250.0,2505000.0,2082500.0,0.0,1500.0,607750.0,1744000.0,0.11385298341820081,1136250.0,0.07417743830787309,1880000.0,2966000.0,0.19362841101971537,970000.0,1996000.0,0.130304217260739,0.015175,0.014875,131472906.0,134184874.0,,,1620593543,16:52:23,20210509
53,2006-06-30,IMD.AX,AUD,2006-06-30,2006-06-30,Q2,15318000.0,8194000.0,7124000.0,0.4650737694215955,0.0,3132250.0,165250.0,2505000.0,2082500.0,0.0,1500.0,607750.0,1744000.0,0.11385298341820081,1136250.0,0.07417743830787309,1880000.0,2966000.0,0.19362841101971537,970000.0,1996000.0,0.130304217260739,0.015175,0.014875,131472906.0,134184874.0,,,1620593543,16:52:23,20210509
54,2006-03-31,IMD.AX,AUD,2006-03-31,2006-03-31,Q1,15318000.0,8194000.0,7124000.0,0.4650737694215955,0.0,3132250.0,165250.0,2505000.0,2082500.0,0.0,1500.0,607750.0,1744000.0,0.11385298341820081,1136250.0,0.07417743830787309,1880000.0,2966000.0,0.19362841101971537,970000.0,1996000.0,0.130304217260739,0.015175,0.014875,131472906.0,134184874.0,,,1620593543,16:52:23,20210509
55,2006-01-31,IMD.AX,AUD,2006-01-31,2006-01-31,Q1,15318000.0,8194000.0,7124000.0,0.4650737694215955,0.0,3132250.0,165250.0,2505000.0,2082500.0,0.0,1500.0,607750.0,1744000.0,0.11385298341820081,1136250.0,0.07417743830787309,1880000.0,2966000.0,0.19362841101971537,970000.0,1996000.0,0.130304217260739,0.015175,0.014875,131472906.0,134184874.0,,,1620593543,16:52:23,20210509
56,2005-09-30,IMD.AX,AUD,2005-09-30,2005-09-30,Q3,11708750.0,5409250.0,6299500.0,0.5380164406960607,0.0,2598250.0,129500.0,333750.0,2100500.0,0.0,83750.0,487250.0,1471250.0,0.12565389132059357,984000.0,0.08403971388918544,-8750.0,864000.0,0.07379096829294331,864000.0,768250.0,0.06561332336927511,0.006725,0.006725,114055000.0,114055000.0,,,1620593543,16:52:23,20210509
57,2005-06-30,IMD.AX,AUD,2005-06-30,2005-06-30,Q2,11708750.0,5409250.0,6299500.0,0.5380164406960607,0.0,2598250.0,129500.0,333750.0,2100500.0,0.0,83750.0,487250.0,1471250.0,0.12565389132059357,984000.0,0.08403971388918544,-8750.0,864000.0,0.07379096829294331,864000.0,768250.0,0.06561332336927511,0.006725,0.006725,114055000.0,114055000.0,,,1620593543,16:52:23,20210509
58,2005-03-31,IMD.AX,AUD,2005-03-31,2005-03-31,Q1,11708750.0,5409250.0,6299500.0,0.5380164406960607,0.0,2598250.0,129500.0,333750.0,2100500.0,0.0,83750.0,487250.0,1471250.0,0.12565389132059357,984000.0,0.08403971388918544,-8750.0,864000.0,0.07379096829294331,864000.0,768250.0,0.06561332336927511,0.006725,0.006725,114055000.0,114055000.0,,,1620593543,16:52:23,20210509
59,2005-01-31,IMD.AX,AUD,2005-01-31,2005-01-31,Q1,11708750.0,5409250.0,6299500.0,0.5380164406960607,0.0,2598250.0,129500.0,333750.0,2100500.0,0.0,83750.0,487250.0,1471250.0,0.12565389132059357,984000.0,0.08403971388918544,-8750.0,864000.0,0.07379096829294331,864000.0,768250.0,0.06561332336927511,0.006725,0.006725,114055000.0,114055000.0,,,1620593543,16:52:23,20210509
60,2004-09-30,IMD.AX,AUD,2004-09-30,2004-09-30,Q3,9842750.0,4834500.0,5008250.0,0.508826293464733,0.0,1877250.0,143750.0,-584000.0,1851250.0,0.0,94500.0,484500.0,1136000.0,0.11541489929135658,651500.0,0.06619085113408346,-1434000.0,-944000.0,-0.09590815574915547,-944000.0,-922250.0,-0.0936984074572655,-0.007675,-0.007675,120055368.0,120055368.0,,,1620593543,16:52:23,20210509
61,2004-06-30,IMD.AX,AUD,2004-06-30,2004-06-30,Q2,9842750.0,4834500.0,5008250.0,0.508826293464733,0.0,1877250.0,143750.0,-584000.0,1851250.0,0.0,94500.0,484500.0,1136000.0,0.11541489929135658,651500.0,0.06619085113408346,-1434000.0,-944000.0,-0.09590815574915547,-944000.0,-922250.0,-0.0936984074572655,-0.007675,-0.007675,120055368.0,120055368.0,,,1620593543,16:52:23,20210509
62,2004-03-31,IMD.AX,AUD,2004-03-31,2004-03-31,Q1,9842750.0,4834500.0,5008250.0,0.508826293464733,0.0,1877250.0,143750.0,-584000.0,1851250.0,0.0,94500.0,484500.0,1136000.0,0.11541489929135658,651500.0,0.06619085113408346,-1434000.0,-944000.0,-0.09590815574915547,-944000.0,-922250.0,-0.0936984074572655,-0.007675,-0.007675,120055368.0,120055368.0,,,1620593543,16:52:23,20210509
63,2004-01-31,IMD.AX,AUD,2004-01-31,2004-01-31,Q1,9842750.0,4834500.0,5008250.0,0.508826293464733,0.0,1877250.0,143750.0,-584000.0,1851250.0,0.0,94500.0,484500.0,1136000.0,0.11541489929135658,651500.0,0.06619085113408346,-1434000.0,-944000.0,-0.09590815574915547,-944000.0,-922250.0,-0.0936984074572655,-0.007675,-0.007675,120055368.0,120055368.0,,,1620593543,16:52:23,20210509
64,2003-09-30,IMD.AX,AUD,2003-09-30,2003-09-30,Q3,7655750.0,3871750.0,3784000.0,0.494269013486595,0.0,1419250.0,46500.0,69000.0,1186500.0,0.0,101750.0,458500.0,1131750.0,0.14783006237142018,673250.0,0.08794043692649316,-154500.0,369500.0,0.04826437644907423,369500.0,227000.0,0.02965091597818633,0.0019,0.0019,118752000.0,118752000.0,,,1620593543,16:52:23,20210509
65,2003-06-30,IMD.AX,AUD,2003-06-30,2003-06-30,Q2,7655750.0,3871750.0,3784000.0,0.494269013486595,0.0,1419250.0,46500.0,69000.0,1186500.0,0.0,101750.0,458500.0,1131750.0,0.14783006237142018,673250.0,0.08794043692649316,-154500.0,369500.0,0.04826437644907423,369500.0,227000.0,0.02965091597818633,0.0019,0.0019,118752000.0,118752000.0,,,1620593543,16:52:23,20210509
66,2003-03-31,IMD.AX,AUD,2003-03-31,2003-03-31,Q1,7655750.0,3871750.0,3784000.0,0.494269013486595,0.0,1419250.0,46500.0,69000.0,1186500.0,0.0,101750.0,458500.0,1131750.0,0.14783006237142018,673250.0,0.08794043692649316,-154500.0,369500.0,0.04826437644907423,369500.0,227000.0,0.02965091597818633,0.0019,0.0019,118752000.0,118752000.0,,,1620593543,16:52:23,20210509
67,2003-01-31,IMD.AX,AUD,2003-01-31,2003-01-31,Q1,7655750.0,3871750.0,3784000.0,0.494269013486595,0.0,1419250.0,46500.0,69000.0,1186500.0,0.0,101750.0,458500.0,1131750.0,0.14783006237142018,673250.0,0.08794043692649316,-154500.0,369500.0,0.04826437644907423,369500.0,227000.0,0.02965091597818633,0.0019,0.0019,118752000.0,118752000.0,,,1620593543,16:52:23,20210509
68,2002-09-30,IMD.AX,AUD,2002-09-30,2002-09-30,Q3,7665000.0,5011250.0,2653750.0,0.34621656881930857,0.0,1477000.0,0.0,-388504.0,44246.0,0.0,124750.0,485000.0,1042254.0,0.1359757338551859,557254.0,0.07270110893672538,-485254.0,-197000.0,-0.025701239399869538,-197000.0,-130000.0,-0.016960208741030658,-0.00125,-0.00125,104466052.0,104466052.0,,,1620593543,16:52:23,20210509
69,2002-06-30,IMD.AX,AUD,2002-06-30,2002-06-30,Q2,7665000.0,5011250.0,2653750.0,0.34621656881930857,0.0,1477000.0,0.0,-388504.0,44246.0,0.0,124750.0,485000.0,1042254.0,0.1359757338551859,557254.0,0.07270110893672538,-485254.0,-197000.0,-0.025701239399869538,-197000.0,-130000.0,-0.016960208741030658,-0.00125,-0.00125,104466052.0,104466052.0,,,1620593543,16:52:23,20210509
70,2002-03-31,IMD.AX,AUD,2002-03-31,2002-03-31,Q1,7665000.0,5011250.0,2653750.0,0.34621656881930857,0.0,1477000.0,0.0,-388504.0,44246.0,0.0,124750.0,485000.0,1042254.0,0.1359757338551859,557254.0,0.07270110893672538,-485254.0,-197000.0,-0.025701239399869538,-197000.0,-130000.0,-0.016960208741030658,-0.00125,-0.00125,104466052.0,104466052.0,,,1620593543,16:52:23,20210509
71,2002-01-31,IMD.AX,AUD,2002-01-31,2002-01-31,Q1,7665000.0,5011250.0,2653750.0,0.34621656881930857,0.0,1477000.0,0.0,-388504.0,44246.0,0.0,124750.0,485000.0,1042254.0,0.1359757338551859,557254.0,0.07270110893672538,-485254.0,-197000.0,-0.025701239399869538,-197000.0,-130000.0,-0.016960208741030658,-0.00125,-0.00125,104466052.0,104466052.0,,,1620593543,16:52:23,20210509
72,2001-09-30,IMD.AX,AUD,2001-09-30,2001-09-30,Q3,7272250.0,3511750.0,3760500.0,0.5171026848636942,0.0,993000.0,350750.0,-834500.0,350750.0,0.0,122250.0,558750.0,2066000.0,0.2840936436453642,1507250.0,0.20726047646876827,-834500.0,550250.0,0.0756643404723435,550250.0,441500.0,0.06071023410911341,0.0046,0.0046,95997231.0,95997231.0,,,1620593543,16:52:23,20210509
73,2001-06-30,IMD.AX,AUD,2001-06-30,2001-06-30,Q2,7272250.0,3511750.0,3760500.0,0.5171026848636942,0.0,993000.0,350750.0,-834500.0,350750.0,0.0,122250.0,558750.0,2066000.0,0.2840936436453642,1507250.0,0.20726047646876827,-834500.0,550250.0,0.0756643404723435,550250.0,441500.0,0.06071023410911341,0.0046,0.0046,95997231.0,95997231.0,,,1620593543,16:52:23,20210509
74,2001-03-31,IMD.AX,AUD,2001-03-31,2001-03-31,Q1,7272250.0,3511750.0,3760500.0,0.5171026848636942,0.0,993000.0,350750.0,-834500.0,350750.0,0.0,122250.0,558750.0,2066000.0,0.2840936436453642,1507250.0,0.20726047646876827,-834500.0,550250.0,0.0756643404723435,550250.0,441500.0,0.06071023410911341,0.0046,0.0046,95997231.0,95997231.0,,,1620593543,16:52:23,20210509
75,2001-01-31,IMD.AX,AUD,2001-01-31,2001-01-31,Q1,7272250.0,3511750.0,3760500.0,0.5171026848636942,0.0,993000.0,350750.0,-834500.0,350750.0,0.0,122250.0,558750.0,2066000.0,0.2840936436453642,1507250.0,0.20726047646876827,-834500.0,550250.0,0.0756643404723435,550250.0,441500.0,0.06071023410911341,0.0046,0.0046,95997231.0,95997231.0,,,1620593543,16:52:23,20210509
76,2000-09-30,IMD.AX,AUD,2000-09-30,2000-09-30,Q3,0.0,0.0,0.0,0.0,0.0,0.0,0.0,0.0,0.0,0.0,0.0,0.0,0.0,0.0,0.0,0.0,12250.0,-348750.0,0.0,-348750.0,6250.0,0.0,6.5e-05,6.5e-05,95997331.0,95997331.0,,,1620593543,16:52:23,20210509
77,2000-06-30,IMD.AX,AUD,2000-06-30,2000-06-30,Q2,0.0,0.0,0.0,0.0,0.0,0.0,0.0,0.0,0.0,0.0,0.0,0.0,0.0,0.0,0.0,0.0,12250.0,-348750.0,0.0,-348750.0,6250.0,0.0,6.5e-05,6.5e-05,95997331.0,95997331.0,,,1620593543,16:52:23,20210509
78,2000-03-31,IMD.AX,AUD,2000-03-31,2000-03-31,Q1,0.0,0.0,0.0,0.0,0.0,0.0,0.0,0.0,0.0,0.0,0.0,0.0,0.0,0.0,0.0,0.0,12250.0,-348750.0,0.0,-348750.0,6250.0,0.0,6.5e-05,6.5e-05,95997331.0,95997331.0,,,1620593543,16:52:23,20210509
79,2000-01-31,IMD.AX,AUD,2000-01-31,2000-01-31,Q1,0.0,0.0,0.0,0.0,0.0,0.0,0.0,0.0,0.0,0.0,0.0,0.0,0.0,0.0,0.0,0.0,12250.0,-348750.0,0.0,-348750.0,6250.0,0.0,6.5e-05,6.5e-05,95997331.0,95997331.0,,,1620593543,16:52:23,20210509
80,1999-09-30,IMD.AX,AUD,1999-09-30,1999-09-30,Q3,0.0,0.0,0.0,0.0,0.0,0.0,0.0,0.0,0.0,0.0,97500.0,0.0,-518000.0,0.0,0.0,0.0,0.0,-615500.0,0.0,-615500.0,40250.0,0.0,-0.006175,-0.006175,95997231.0,95997231.0,,,1620593543,16:52:23,20210509
81,1999-06-30,IMD.AX,AUD,1999-06-30,1999-06-30,Q2,0.0,0.0,0.0,0.0,0.0,0.0,0.0,0.0,0.0,0.0,97500.0,0.0,-518000.0,0.0,0.0,0.0,0.0,-615500.0,0.0,-615500.0,40250.0,0.0,-0.006175,-0.006175,95997231.0,95997231.0,,,1620593543,16:52:23,20210509
82,1999-03-31,IMD.AX,AUD,1999-03-31,1999-03-31,Q1,0.0,0.0,0.0,0.0,0.0,0.0,0.0,0.0,0.0,0.0,97500.0,0.0,-518000.0,0.0,0.0,0.0,0.0,-615500.0,0.0,-615500.0,40250.0,0.0,-0.006175,-0.006175,95997231.0,95997231.0,,,1620593543,16:52:23,20210509
83,1999-01-31,IMD.AX,AUD,1999-01-31,1999-01-31,Q1,0.0,0.0,0.0,0.0,0.0,0.0,0.0,0.0,0.0,0.0,97500.0,0.0,-518000.0,0.0,0.0,0.0,0.0,-615500.0,0.0,-615500.0,40250.0,0.0,-0.006175,-0.006175,95997231.0,95997231.0,,,1620593543,16:52:23,20210509
84,1998-09-30,IMD.AX,AUD,1998-09-30,1998-09-30,Q3,0.0,0.0,0.0,0.0,0.0,0.0,0.0,0.0,0.0,0.0,109500.0,0.0,378750.0,0.0,0.0,0.0,0.0,269250.0,0.0,269250.0,0.0,0.0,0.0,0.0,95997232.0,95997232.0,,,1620593543,16:52:23,20210509
85,1998-06-30,IMD.AX,AUD,1998-06-30,1998-06-30,Q2,0.0,0.0,0.0,0.0,0.0,0.0,0.0,0.0,0.0,0.0,109500.0,0.0,378750.0,0.0,0.0,0.0,0.0,269250.0,0.0,269250.0,0.0,0.0,0.0,0.0,95997232.0,95997232.0,,,1620593543,16:52:23,20210509
86,1998-03-31,IMD.AX,AUD,1998-03-31,1998-03-31,Q1,0.0,0.0,0.0,0.0,0.0,0.0,0.0,0.0,0.0,0.0,109500.0,0.0,378750.0,0.0,0.0,0.0,0.0,269250.0,0.0,269250.0,0.0,0.0,0.0,0.0,95997232.0,95997232.0,,,1620593543,16:52:23,20210509
87,1998-01-31,IMD.AX,AUD,1998-01-31,1998-01-31,Q1,0.0,0.0,0.0,0.0,0.0,0.0,0.0,0.0,0.0,0.0,109500.0,0.0,378750.0,0.0,0.0,0.0,0.0,269250.0,0.0,269250.0,0.0,0.0,0.0,0.0,95997232.0,95997232.0,,,1620593543,16:52:23,20210509
88,1997-09-30,IMD.AX,AUD,1997-09-30,1997-09-30,Q3,5759500.0,0.0,5759500.0,1.0,0.0,0.0,0.0,-5759500.0,49380.25,0.0,156693.75,269252.75,6028752.75,1.0467493271985415,5759500.0,1.0,-5759500.0,1707406.0,0.2964503863182568,1707406.0,0.0,0.0,0.0125,0.0125,90700000.0,90700000.0,,,1620593543,16:52:23,20210509
89,1997-06-30,IMD.AX,AUD,1997-06-30,1997-06-30,Q2,5759500.0,0.0,5759500.0,1.0,0.0,0.0,0.0,-5759500.0,49380.25,0.0,156693.75,269252.75,6028752.75,1.0467493271985415,5759500.0,1.0,-5759500.0,1707406.0,0.2964503863182568,1707406.0,0.0,0.0,0.0125,0.0125,90700000.0,90700000.0,,,1620593543,16:52:23,20210509
90,1997-03-31,IMD.AX,AUD,1997-03-31,1997-03-31,Q1,5759500.0,0.0,5759500.0,1.0,0.0,0.0,0.0,-5759500.0,49380.25,0.0,156693.75,269252.75,6028752.75,1.0467493271985415,5759500.0,1.0,-5759500.0,1707406.0,0.2964503863182568,1707406.0,0.0,0.0,0.0125,0.0125,90700000.0,90700000.0,,,1620593543,16:52:23,20210509
91,1997-01-31,IMD.AX,AUD,1997-01-31,1997-01-31,Q1,5759500.0,0.0,5759500.0,1.0,0.0,0.0,0.0,-5759500.0,49380.25,0.0,156693.75,269252.75,6028752.75,1.0467493271985415,5759500.0,1.0,-5759500.0,1707406.0,0.2964503863182568,1707406.0,0.0,0.0,0.0125,0.0125,90700000.0,90700000.0,,,1620593543,16:52:23,20210509
92,1996-09-30,IMD.AX,AUD,1996-09-30,1996-09-30,Q3,5100179.5,0.0,5100179.5,1.0,0.0,0.0,0.0,-4872645.75,0.0,0.0,108083.75,227533.75,5100179.5,1.0,4872645.75,0.9553871094144823,-4872645.75,265293.25,0.052016453538547024,265293.25,0.0,0.0,0.004125,0.004125,87911092.0,87911092.0,,,1620593543,16:52:23,20210509
93,1996-06-30,IMD.AX,AUD,1996-06-30,1996-06-30,Q2,5100179.5,0.0,5100179.5,1.0,0.0,0.0,0.0,-4872645.75,0.0,0.0,108083.75,227533.75,5100179.5,1.0,4872645.75,0.9553871094144823,-4872645.75,265293.25,0.052016453538547024,265293.25,0.0,0.0,0.004125,0.004125,87911092.0,87911092.0,,,1620593543,16:52:23,20210509
94,1996-03-31,IMD.AX,AUD,1996-03-31,1996-03-31,Q1,5100179.5,0.0,5100179.5,1.0,0.0,0.0,0.0,-4872645.75,0.0,0.0,108083.75,227533.75,5100179.5,1.0,4872645.75,0.9553871094144823,-4872645.75,265293.25,0.052016453538547024,265293.25,0.0,0.0,0.004125,0.004125,87911092.0,87911092.0,,,1620593543,16:52:23,20210509
95,1996-01-31,IMD.AX,AUD,1996-01-31,1996-01-31,Q1,5100179.5,0.0,5100179.5,1.0,0.0,0.0,0.0,-4872645.75,0.0,0.0,108083.75,227533.75,5100179.5,1.0,4872645.75,0.9553871094144823,-4872645.75,265293.25,0.052016453538547024,265293.25,0.0,0.0,0.004125,0.004125,87911092.0,87911092.0,,,1620593543,16:52:23,20210509
96,1995-09-30,IMD.AX,AUD,1995-09-30,1995-09-30,Q3,3459750.0,0.0,3459750.0,1.0,0.0,0.0,0.0,-3324000.0,0.0,0.0,33000.0,135750.0,3459750.0,1.0,3324000.0,0.960763060914806,-3324000.0,389250.0,0.11250812920008671,389250.0,0.0,0.0,0.00375,0.00375,84533333.0,84533333.0,,,1620593543,16:52:23,20210509
97,1995-06-30,IMD.AX,AUD,1995-06-30,1995-06-30,Q2,3459750.0,0.0,3459750.0,1.0,0.0,0.0,0.0,-3324000.0,0.0,0.0,33000.0,135750.0,3459750.0,1.0,3324000.0,0.960763060914806,-3324000.0,389250.0,0.11250812920008671,389250.0,0.0,0.0,0.00375,0.00375,84533333.0,84533333.0,,,1620593543,16:52:23,20210509
98,1995-03-31,IMD.AX,AUD,1995-03-31,1995-03-31,Q1,3459750.0,0.0,3459750.0,1.0,0.0,0.0,0.0,-3324000.0,0.0,0.0,33000.0,135750.0,3459750.0,1.0,3324000.0,0.960763060914806,-3324000.0,389250.0,0.11250812920008671,389250.0,0.0,0.0,0.00375,0.00375,84533333.0,84533333.0,,,1620593543,16:52:23,20210509
99,1995-01-31,IMD.AX,AUD,1995-01-31,1995-01-31,Q1,3459750.0,0.0,3459750.0,1.0,0.0,0.0,0.0,-3324000.0,0.0,0.0,33000.0,135750.0,3459750.0,1.0,3324000.0,0.960763060914806,-3324000.0,389250.0,0.11250812920008671,389250.0,0.0,0.0,0.00375,0.00375,84533333.0,84533333.0,,,1620593543,16:52:23,20210509
100,1994-09-30,IMD.AX,AUD,1994-09-30,1994-09-30,Q3,2765000.0,0.0,2765000.0,1.0,0.0,0.0,0.0,-2643750.0,0.0,0.0,18250.0,121250.0,2765000.0,1.0,2643750.0,0.9561482820976492,-2643750.0,101750.0,0.03679927667269439,101750.0,0.0,0.0,0.0015,0.0015,67833331.0,67833331.0,,,1620593543,16:52:23,20210509
101,1994-06-30,IMD.AX,AUD,1994-06-30,1994-06-30,Q2,2765000.0,0.0,2765000.0,1.0,0.0,0.0,0.0,-2643750.0,0.0,0.0,18250.0,121250.0,2765000.0,1.0,2643750.0,0.9561482820976492,-2643750.0,101750.0,0.03679927667269439,101750.0,0.0,0.0,0.0015,0.0015,67833331.0,67833331.0,,,1620593543,16:52:23,20210509
102,1994-03-31,IMD.AX,AUD,1994-03-31,1994-03-31,Q1,2765000.0,0.0,2765000.0,1.0,0.0,0.0,0.0,-2643750.0,0.0,0.0,18250.0,121250.0,2765000.0,1.0,2643750.0,0.9561482820976492,-2643750.0,101750.0,0.03679927667269439,101750.0,0.0,0.0,0.0015,0.0015,67833331.0,67833331.0,,,1620593543,16:52:23,20210509
103,1994-01-31,IMD.AX,AUD,1994-01-31,1994-01-31,Q1,2765000.0,0.0,2765000.0,1.0,0.0,0.0,0.0,-2643750.0,0.0,0.0,18250.0,121250.0,2765000.0,1.0,2643750.0,0.9561482820976492,-2643750.0,101750.0,0.03679927667269439,101750.0,0.0,0.0,0.0015,0.0015,67833331.0,67833331.0,,,1620593543,16:52:23,20210509
104,1993-09-30,IMD.AX,AUD,1993-09-30,1993-09-30,Q3,1794500.0,0.0,1794500.0,1.0,0.0,0.0,0.0,-1707750.0,0.0,0.0,26750.0,86750.0,1794500.0,1.0,1707750.0,0.9516578434104207,-1707750.0,55000.0,0.030649205906937867,55000.0,0.0,0.0,0.01,0.01,5500000.0,5500000.0,,,1620593543,16:52:23,20210509
105,1993-06-30,IMD.AX,AUD,1993-06-30,1993-06-30,Q2,1794500.0,0.0,1794500.0,1.0,0.0,0.0,0.0,-1707750.0,0.0,0.0,26750.0,86750.0,1794500.0,1.0,1707750.0,0.9516578434104207,-1707750.0,55000.0,0.030649205906937867,55000.0,0.0,0.0,0.01,0.01,5500000.0,5500000.0,,,1620593543,16:52:23,20210509
106,1993-03-31,IMD.AX,AUD,1993-03-31,1993-03-31,Q1,1794500.0,0.0,1794500.0,1.0,0.0,0.0,0.0,-1707750.0,0.0,0.0,26750.0,86750.0,1794500.0,1.0,1707750.0,0.9516578434104207,-1707750.0,55000.0,0.030649205906937867,55000.0,0.0,0.0,0.01,0.01,5500000.0,5500000.0,,,1620593543,16:52:23,20210509
107,1993-01-31,IMD.AX,AUD,1993-01-31,1993-01-31,Q1,1794500.0,0.0,1794500.0,1.0,0.0,0.0,0.0,-1707750.0,0.0,0.0,26750.0,86750.0,1794500.0,1.0,1707750.0,0.9516578434104207,-1707750.0,55000.0,0.030649205906937867,55000.0,0.0,0.0,0.01,0.01,5500000.0,5500000.0,,,1620593543,16:52:23,20210509
108,1992-09-30,IMD.AX,AUD,1992-09-30,1992-09-30,Q3,1562500.0,0.0,1562500.0,1.0,0.0,0.0,0.0,-1473750.0,0.0,0.0,31500.0,88750.0,1562500.0,1.0,1473750.0,0.9432,-1473750.0,-171500.0,-0.10976,-171500.0,0.0,0.0,-0.0035,-0.0035,29353000.0,29353000.0,,,1620593543,16:52:23,20210509
109,1992-06-30,IMD.AX,AUD,1992-06-30,1992-06-30,Q2,1562500.0,0.0,1562500.0,1.0,0.0,0.0,0.0,-1473750.0,0.0,0.0,31500.0,88750.0,1562500.0,1.0,1473750.0,0.9432,-1473750.0,-171500.0,-0.10976,-171500.0,0.0,0.0,-0.0035,-0.0035,29353000.0,29353000.0,,,1620593543,16:52:23,20210509
110,1992-03-31,IMD.AX,AUD,1992-03-31,1992-03-31,Q1,1562500.0,0.0,1562500.0,1.0,0.0,0.0,0.0,-1473750.0,0.0,0.0,31500.0,88750.0,1562500.0,1.0,1473750.0,0.9432,-1473750.0,-171500.0,-0.10976,-171500.0,0.0,0.0,-0.0035,-0.0035,29353000.0,29353000.0,,,1620593543,16:52:23,20210509
111,1992-01-31,IMD.AX,AUD,1992-01-31,1992-01-31,Q1,1562500.0,0.0,1562500.0,1.0,0.0,0.0,0.0,-1473750.0,0.0,0.0,31500.0,88750.0,1562500.0,1.0,1473750.0,0.9432,-1473750.0,-171500.0,-0.10976,-171500.0,0.0,0.0,-0.0035,-0.0035,29353000.0,29353000.0,,,1620593543,16:52:23,20210509
112,1991-09-30,IMD.AX,AUD,1991-09-30,1991-09-30,Q3,1324750.0,0.0,1324750.0,1.0,0.0,0.0,0.0,-1221750.0,0.0,0.0,39500.0,103000.0,1324750.0,1.0,1221750.0,0.9222494810341574,-1221750.0,-553250.0,-0.4176259671636158,-553250.0,0.0,0.0,0.0,0.0,374460637.0,374460637.0,,,1620593543,16:52:23,20210509
113,1991-06-30,IMD.AX,AUD,1991-06-30,1991-06-30,Q2,1324750.0,0.0,1324750.0,1.0,0.0,0.0,0.0,-1221750.0,0.0,0.0,39500.0,103000.0,1324750.0,1.0,1221750.0,0.9222494810341574,-1221750.0,-553250.0,-0.4176259671636158,-553250.0,0.0,0.0,0.0,0.0,374460637.0,374460637.0,,,1620593543,16:52:23,20210509
114,1991-03-31,IMD.AX,AUD,1991-03-31,1991-03-31,Q1,1324750.0,0.0,1324750.0,1.0,0.0,0.0,0.0,-1221750.0,0.0,0.0,39500.0,103000.0,1324750.0,1.0,1221750.0,0.9222494810341574,-1221750.0,-553250.0,-0.4176259671636158,-553250.0,0.0,0.0,0.0,0.0,374460637.0,374460637.0,,,1620593543,16:52:23,20210509
115,1991-01-31,IMD.AX,AUD,1991-01-31,1991-01-31,Q1,1324750.0,0.0,1324750.0,1.0,0.0,0.0,0.0,-1221750.0,0.0,0.0,39500.0,103000.0,1324750.0,1.0,1221750.0,0.9222494810341574,-1221750.0,-553250.0,-0.4176259671636158,-553250.0,0.0,0.0,0.0,0.0,374460637.0,374460637.0,,,1620593543,16:52:23,20210509
116,1990-09-30,IMD.AX,AUD,1990-09-30,1990-09-30,Q3,1085500.0,0.0,1085500.0,1.0,0.0,0.0,0.0,-1003500.0,0.0,0.0,8250.0,82000.0,1085500.0,1.0,1003500.0,0.924458774758176,-1003500.0,4750.0,0.004375863657300783,4750.0,0.0,0.0,0.0,0.0,374460637.0,374460637.0,,,1620593543,16:52:23,20210509
117,1990-06-30,IMD.AX,AUD,1990-06-30,1990-06-30,Q2,1085500.0,0.0,1085500.0,1.0,0.0,0.0,0.0,-1003500.0,0.0,0.0,8250.0,82000.0,1085500.0,1.0,1003500.0,0.924458774758176,-1003500.0,4750.0,0.004375863657300783,4750.0,0.0,0.0,0.0,0.0,374460637.0,374460637.0,,,1620593543,16:52:23,20210509
118,1990-03-31,IMD.AX,AUD,1990-03-31,1990-03-31,Q1,1085500.0,0.0,1085500.0,1.0,0.0,0.0,0.0,-1003500.0,0.0,0.0,8250.0,82000.0,1085500.0,1.0,1003500.0,0.924458774758176,-1003500.0,4750.0,0.004375863657300783,4750.0,0.0,0.0,0.0,0.0,374460637.0,374460637.0,,,1620593543,16:52:23,20210509
119,1990-01-31,IMD.AX,AUD,1990-01-31,1990-01-31,Q1,1085500.0,0.0,1085500.0,1.0,0.0,0.0,0.0,-1003500.0,0.0,0.0,8250.0,82000.0,1085500.0,1.0,1003500.0,0.924458774758176,-1003500.0,4750.0,0.004375863657300783,4750.0,0.0,0.0,0.0,0.0,374460637.0,374460637.0,,,1620593543,16:52:23,20210509
120,1989-09-30,IMD.AX,AUD,1989-09-30,1989-09-30,Q3,1006000.0,0.0,1006000.0,1.0,0.0,0.0,0.0,-938750.0,0.0,0.0,15250.0,67250.0,1006000.0,1.0,938750.0,0.9331510934393639,-938750.0,55250.0,0.05492047713717694,55250.0,-17000.0,-0.016898608349900597,-4.5398630243744415e-05,-4.5398630243744415e-05,374460637.0,374460637.0,,,1620593543,16:52:23,20210509
121,1989-06-30,IMD.AX,AUD,1989-06-30,1989-06-30,Q2,1006000.0,0.0,1006000.0,1.0,0.0,0.0,0.0,-938750.0,0.0,0.0,15250.0,67250.0,1006000.0,1.0,938750.0,0.9331510934393639,-938750.0,55250.0,0.05492047713717694,55250.0,-17000.0,-0.016898608349900597,-4.5398630243744415e-05,-4.5398630243744415e-05,374460637.0,374460637.0,,,1620593543,16:52:23,20210509
122,1989-03-31,IMD.AX,AUD,1989-03-31,1989-03-31,Q1,1006000.0,0.0,1006000.0,1.0,0.0,0.0,0.0,-938750.0,0.0,0.0,15250.0,67250.0,1006000.0,1.0,938750.0,0.9331510934393639,-938750.0,55250.0,0.05492047713717694,55250.0,-17000.0,-0.016898608349900597,-4.5398630243744415e-05,-4.5398630243744415e-05,374460637.0,374460637.0,,,1620593543,16:52:23,20210509
123,1989-01-31,IMD.AX,AUD,1989-01-31,1989-01-31,Q1,1006000.0,0.0,1006000.0,1.0,0.0,0.0,0.0,-938750.0,0.0,0.0,15250.0,67250.0,1006000.0,1.0,938750.0,0.9331510934393639,-938750.0,55250.0,0.05492047713717694,55250.0,-17000.0,-0.016898608349900597,-4.5398630243744415e-05,-4.5398630243744415e-05,374460637.0,374460637.0,,,1620593543,16:52:23,20210509
