,date,symbol,reportedCurrency,fillingDate,acceptedDate,period,revenue,costOfRevenue,grossProfit,grossProfitRatio,researchAndDevelopmentExpenses,generalAndAdministrativeExpenses,sellingAndMarketingExpenses,otherExpenses,operatingExpenses,costAndExpenses,interestExpense,depreciationAndAmortization,ebitda,ebitdaratio,operatingIncome,operatingIncomeRatio,totalOtherIncomeExpensesNet,incomeBeforeTax,incomeBeforeTaxRatio,incomeTaxExpense,netIncome,netIncomeRatio,eps,epsdiluted,weightedAverageShsOut,weightedAverageShsOutDil,link,finalLink,timestamp,est_time,est_date
0,2020-09-30,GUD.AX,AUD,2020-09-30,2020-09-30,Q3,109504000.0,58745250.0,50758750.0,0.4635332955873758,0.0,8752750.0,19560750.0,992500.0,4343750.0,0.0,1837000.0,0.0,18277500.0,5.991191355491725,18101500.0,0.16530446376388078,463750.0,15911750.0,0.1453074773524255,4992250.0,10919500.0,0.0997178185271771,0.1262574698241236,0.1262574698241236,86485972,86485972,,,1620592876,16:41:16,20210509
1,2020-06-30,GUD.AX,AUD,2020-06-30,2020-06-30,Q2,109504000.0,58745250.0,50758750.0,0.4635332955873758,0.0,8752750.0,19560750.0,992500.0,4343750.0,0.0,1837000.0,0.0,18277500.0,5.991191355491725,18101500.0,0.16530446376388078,463750.0,15911750.0,0.1453074773524255,4992250.0,10919500.0,0.0997178185271771,0.1262574698241236,0.1262574698241236,86485972,86485972,,,1620592876,16:41:16,20210509
2,2020-03-31,GUD.AX,AUD,2020-03-31,2020-03-31,Q1,109504000.0,58745250.0,50758750.0,0.4635332955873758,0.0,8752750.0,19560750.0,992500.0,4343750.0,0.0,1837000.0,0.0,18277500.0,5.991191355491725,18101500.0,0.16530446376388078,463750.0,15911750.0,0.1453074773524255,4992250.0,10919500.0,0.0997178185271771,0.1262574698241236,0.1262574698241236,86485972,86485972,,,1620592876,16:41:16,20210509
3,2020-01-31,GUD.AX,AUD,2020-01-31,2020-01-31,Q1,109504000.0,58745250.0,50758750.0,0.4635332955873758,0.0,8752750.0,19560750.0,992500.0,4343750.0,0.0,1837000.0,0.0,18277500.0,5.991191355491725,18101500.0,0.16530446376388078,463750.0,15911750.0,0.1453074773524255,4992250.0,10919500.0,0.0997178185271771,0.1262574698241236,0.1262574698241236,86485972,86485972,,,1620592876,16:41:16,20210509
4,2019-06-30,GUD.AX,AUD,2019-06-30,2019-06-30,Q2,108519250.0,55523000.0,52996250.0,0.4883580562895523,0.0,8163000.0,19820000.0,122500.0,3376500.0,0.0,1729500.0,0.0,21790750.0,4.980060346706745,21636750.0,0.1993816765228289,122500.0,20061250.0,0.18486351499849105,5171750.0,14889500.0,0.1372060717338168,0.17225,0.171,86485972,87073099,,,1620592876,16:41:16,20210509
5,2019-03-31,GUD.AX,AUD,2019-03-31,2019-03-31,Q1,108519250.0,55523000.0,52996250.0,0.4883580562895523,0.0,8163000.0,19820000.0,122500.0,3376500.0,0.0,1729500.0,0.0,21790750.0,4.980060346706745,21636750.0,0.1993816765228289,122500.0,20061250.0,0.18486351499849105,5171750.0,14889500.0,0.1372060717338168,0.17225,0.171,86485972,87073099,,,1620592876,16:41:16,20210509
6,2019-01-31,GUD.AX,AUD,2019-01-31,2019-01-31,Q1,108519250.0,55523000.0,52996250.0,0.4883580562895523,0.0,8163000.0,19820000.0,122500.0,3376500.0,0.0,1729500.0,0.0,21790750.0,4.980060346706745,21636750.0,0.1993816765228289,122500.0,20061250.0,0.18486351499849105,5171750.0,14889500.0,0.1372060717338168,0.17225,0.171,86485972,87073099,,,1620592876,16:41:16,20210509
7,2018-06-30,GUD.AX,AUD,2018-06-30,2018-06-30,Q2,99172250.0,50145000.0,49027250.0,0.4943646030013436,0.0,6920250.0,18146500.0,55000.0,3355750.0,0.0,1698000.0,973750.0,21578500.0,0.2175860686835279,20604750.0,0.20776729377421607,-1390750.0,17549000.0,0.17695474288422416,4930750.0,25461250.0,0.25673764586363623,0.2955,0.293,86149028,86898464,,,1620592876,16:41:16,20210509
8,2018-03-31,GUD.AX,AUD,2018-03-31,2018-03-31,Q1,99172250.0,50145000.0,49027250.0,0.4943646030013436,0.0,6920250.0,18146500.0,55000.0,3355750.0,0.0,1698000.0,973750.0,21578500.0,0.2175860686835279,20604750.0,0.20776729377421607,-1390750.0,17549000.0,0.17695474288422416,4930750.0,25461250.0,0.25673764586363623,0.2955,0.293,86149028,86898464,,,1620592876,16:41:16,20210509
9,2018-01-31,GUD.AX,AUD,2018-01-31,2018-01-31,Q1,99172250.0,50145000.0,49027250.0,0.4943646030013436,0.0,6920250.0,18146500.0,55000.0,3355750.0,0.0,1698000.0,973750.0,21578500.0,0.2175860686835279,20604750.0,0.20776729377421607,-1390750.0,17549000.0,0.17695474288422416,4930750.0,25461250.0,0.25673764586363623,0.2955,0.293,86149028,86898464,,,1620592876,16:41:16,20210509
10,2017-06-30,GUD.AX,AUD,2017-06-30,2017-06-30,Q2,106578250.0,57105750.0,49472500.0,0.46418945704212633,0.0,6227250.0,19932000.0,47750.0,2568250.0,0.0,2610000.0,1027000.0,21772000.0,0.20428183048605134,20745000.0,0.19464571805222924,47750.0,18182750.0,0.17060469654924904,5298000.0,-1836000.0,-0.01722677938509968,-0.021425,-0.021425,85692094,85692094,,,1620592876,16:41:16,20210509
11,2017-03-31,GUD.AX,AUD,2017-03-31,2017-03-31,Q1,106578250.0,57105750.0,49472500.0,0.46418945704212633,0.0,6227250.0,19932000.0,47750.0,2568250.0,0.0,2610000.0,1027000.0,21772000.0,0.20428183048605134,20745000.0,0.19464571805222924,47750.0,18182750.0,0.17060469654924904,5298000.0,-1836000.0,-0.01722677938509968,-0.021425,-0.021425,85692094,85692094,,,1620592876,16:41:16,20210509
12,2017-01-31,GUD.AX,AUD,2017-01-31,2017-01-31,Q1,106578250.0,57105750.0,49472500.0,0.46418945704212633,0.0,6227250.0,19932000.0,47750.0,2568250.0,0.0,2610000.0,1027000.0,21772000.0,0.20428183048605134,20745000.0,0.19464571805222924,47750.0,18182750.0,0.17060469654924904,5298000.0,-1836000.0,-0.01722677938509968,-0.021425,-0.021425,85692094,85692094,,,1620592876,16:41:16,20210509
13,2016-06-30,GUD.AX,AUD,2016-06-30,2016-06-30,Q2,148878250.0,89177250.0,59701000.0,0.4010055196108229,0.0,8740750.0,29202500.0,-2431500.0,2311750.0,0.0,3836250.0,1871750.0,21317750.0,0.1431891495231842,19446000.0,0.13061679593896355,-21605750.0,-5822000.0,-0.03910577938684798,4409750.0,-10759750.0,-0.07227214183401538,-0.12625,-0.12625,85290956,85290956,,,1620592876,16:41:16,20210509
14,2016-03-31,GUD.AX,AUD,2016-03-31,2016-03-31,Q1,148878250.0,89177250.0,59701000.0,0.4010055196108229,0.0,8740750.0,29202500.0,-2431500.0,2311750.0,0.0,3836250.0,1871750.0,21317750.0,0.1431891495231842,19446000.0,0.13061679593896355,-21605750.0,-5822000.0,-0.03910577938684798,4409750.0,-10759750.0,-0.07227214183401538,-0.12625,-0.12625,85290956,85290956,,,1620592876,16:41:16,20210509
15,2016-01-31,GUD.AX,AUD,2016-01-31,2016-01-31,Q1,148878250.0,89177250.0,59701000.0,0.4010055196108229,0.0,8740750.0,29202500.0,-2431500.0,2311750.0,0.0,3836250.0,1871750.0,21317750.0,0.1431891495231842,19446000.0,0.13061679593896355,-21605750.0,-5822000.0,-0.03910577938684798,4409750.0,-10759750.0,-0.07227214183401538,-0.12625,-0.12625,85290956,85290956,,,1620592876,16:41:16,20210509
16,2015-09-30,GUD.AX,AUD,2015-09-30,2015-09-30,Q3,152878750.0,95950500.0,56928250.0,0.3723751665944417,0.0,9691250.0,29694500.0,289750.0,3514250.0,0.0,1947000.0,3110000.0,17138250.0,0.11210354611088853,14028250.0,0.09176062729450626,21500.0,12159500.0,0.07953688789318332,3336250.0,8311250.0,0.05436497878220485,0.115,0.11325,72326914,73388521,,,1620592876,16:41:16,20210509
17,2015-06-30,GUD.AX,AUD,2015-06-30,2015-06-30,Q2,152878750.0,95950500.0,56928250.0,0.3723751665944417,0.0,9691250.0,29694500.0,289750.0,3514250.0,0.0,1947000.0,3110000.0,17138250.0,0.11210354611088853,14028250.0,0.09176062729450626,21500.0,12159500.0,0.07953688789318332,3336250.0,8311250.0,0.05436497878220485,0.115,0.11325,72326914,73388521,,,1620592876,16:41:16,20210509
18,2015-03-31,GUD.AX,AUD,2015-03-31,2015-03-31,Q1,152878750.0,95950500.0,56928250.0,0.3723751665944417,0.0,9691250.0,29694500.0,289750.0,3514250.0,0.0,1947000.0,3110000.0,17138250.0,0.11210354611088853,14028250.0,0.09176062729450626,21500.0,12159500.0,0.07953688789318332,3336250.0,8311250.0,0.05436497878220485,0.115,0.11325,72326914,73388521,,,1620592876,16:41:16,20210509
19,2015-01-31,GUD.AX,AUD,2015-01-31,2015-01-31,Q1,152878750.0,95950500.0,56928250.0,0.3723751665944417,0.0,9691250.0,29694500.0,289750.0,3514250.0,0.0,1947000.0,3110000.0,17138250.0,0.11210354611088853,14028250.0,0.09176062729450626,21500.0,12159500.0,0.07953688789318332,3336250.0,8311250.0,0.05436497878220485,0.115,0.11325,72326914,73388521,,,1620592876,16:41:16,20210509
20,2014-09-30,GUD.AX,AUD,2014-09-30,2014-09-30,Q3,147910000.0,96677500.0,51232500.0,0.3463761747008316,0.0,9250250.0,30661000.0,130250.0,2896250.0,0.0,1615750.0,3595750.0,12020750.0,0.08127070515854236,8425000.0,0.056960313704279626,-910500.0,5919250.0,0.04001926847407207,1498250.0,4421000.0,0.029889797850043944,0.062,0.0615,71218295,71886179,,,1620592876,16:41:16,20210509
21,2014-06-30,GUD.AX,AUD,2014-06-30,2014-06-30,Q2,147910000.0,96677500.0,51232500.0,0.3463761747008316,0.0,9250250.0,30661000.0,130250.0,2896250.0,0.0,1615750.0,3595750.0,12020750.0,0.08127070515854236,8425000.0,0.056960313704279626,-910500.0,5919250.0,0.04001926847407207,1498250.0,4421000.0,0.029889797850043944,0.062,0.0615,71218295,71886179,,,1620592876,16:41:16,20210509
22,2014-03-31,GUD.AX,AUD,2014-03-31,2014-03-31,Q1,147910000.0,96677500.0,51232500.0,0.3463761747008316,0.0,9250250.0,30661000.0,130250.0,2896250.0,0.0,1615750.0,3595750.0,12020750.0,0.08127070515854236,8425000.0,0.056960313704279626,-910500.0,5919250.0,0.04001926847407207,1498250.0,4421000.0,0.029889797850043944,0.062,0.0615,71218295,71886179,,,1620592876,16:41:16,20210509
23,2014-01-31,GUD.AX,AUD,2014-01-31,2014-01-31,Q1,147910000.0,96677500.0,51232500.0,0.3463761747008316,0.0,9250250.0,30661000.0,130250.0,2896250.0,0.0,1615750.0,3595750.0,12020750.0,0.08127070515854236,8425000.0,0.056960313704279626,-910500.0,5919250.0,0.04001926847407207,1498250.0,4421000.0,0.029889797850043944,0.062,0.0615,71218295,71886179,,,1620592876,16:41:16,20210509
24,2013-09-30,GUD.AX,AUD,2013-09-30,2013-09-30,Q3,149113000.0,92748000.0,56365000.0,0.3780019180084902,0.0,9007750.0,30681500.0,96500.0,2668500.0,0.0,1357750.0,3531250.0,17538500.0,0.11761885281632051,14007250.0,0.09393714833716711,-1816750.0,10882000.0,0.07297821115529833,3016000.0,7866000.0,0.05275193980404123,0.1105,0.11,71245535,71509091,,,1620592876,16:41:16,20210509
25,2013-06-30,GUD.AX,AUD,2013-06-30,2013-06-30,Q2,149113000.0,92748000.0,56365000.0,0.3780019180084902,0.0,9007750.0,30681500.0,96500.0,2668500.0,0.0,1357750.0,3531250.0,17538500.0,0.11761885281632051,14007250.0,0.09393714833716711,-1816750.0,10882000.0,0.07297821115529833,3016000.0,7866000.0,0.05275193980404123,0.1105,0.11,71245535,71509091,,,1620592876,16:41:16,20210509
26,2013-03-31,GUD.AX,AUD,2013-03-31,2013-03-31,Q1,149113000.0,92748000.0,56365000.0,0.3780019180084902,0.0,9007750.0,30681500.0,96500.0,2668500.0,0.0,1357750.0,3531250.0,17538500.0,0.11761885281632051,14007250.0,0.09393714833716711,-1816750.0,10882000.0,0.07297821115529833,3016000.0,7866000.0,0.05275193980404123,0.1105,0.11,71245535,71509091,,,1620592876,16:41:16,20210509
27,2013-01-31,GUD.AX,AUD,2013-01-31,2013-01-31,Q1,149113000.0,92748000.0,56365000.0,0.3780019180084902,0.0,9007750.0,30681500.0,96500.0,2668500.0,0.0,1357750.0,3531250.0,17538500.0,0.11761885281632051,14007250.0,0.09393714833716711,-1816750.0,10882000.0,0.07297821115529833,3016000.0,7866000.0,0.05275193980404123,0.1105,0.11,71245535,71509091,,,1620592876,16:41:16,20210509
28,2012-09-30,GUD.AX,AUD,2012-09-30,2012-09-30,Q3,152268500.0,91117500.0,61151000.0,0.4015998056065437,0.0,9999500.0,30670000.0,16467500.0,3457250.0,0.0,2385500.0,3426000.0,20450250.0,0.13430387768973884,17024250.0,0.11180414859278183,16195250.0,30937250.0,0.20317564039837524,7746750.0,23190500.0,0.1523000489267314,0.33075,0.33075,70141088,70141088,,,1620592876,16:41:16,20210509
29,2012-06-30,GUD.AX,AUD,2012-06-30,2012-06-30,Q2,152268500.0,91117500.0,61151000.0,0.4015998056065437,0.0,9999500.0,30670000.0,16467500.0,3457250.0,0.0,2385500.0,3426000.0,20450250.0,0.13430387768973884,17024250.0,0.11180414859278183,16195250.0,30937250.0,0.20317564039837524,7746750.0,23190500.0,0.1523000489267314,0.33075,0.33075,70141088,70141088,,,1620592876,16:41:16,20210509
30,2012-03-31,GUD.AX,AUD,2012-03-31,2012-03-31,Q1,152268500.0,91117500.0,61151000.0,0.4015998056065437,0.0,9999500.0,30670000.0,16467500.0,3457250.0,0.0,2385500.0,3426000.0,20450250.0,0.13430387768973884,17024250.0,0.11180414859278183,16195250.0,30937250.0,0.20317564039837524,7746750.0,23190500.0,0.1523000489267314,0.33075,0.33075,70141088,70141088,,,1620592876,16:41:16,20210509
31,2012-01-31,GUD.AX,AUD,2012-01-31,2012-01-31,Q1,152268500.0,91117500.0,61151000.0,0.4015998056065437,0.0,9999500.0,30670000.0,16467500.0,3457250.0,0.0,2385500.0,3426000.0,20450250.0,0.13430387768973884,17024250.0,0.11180414859278183,16195250.0,30937250.0,0.20317564039837524,7746750.0,23190500.0,0.1523000489267314,0.33075,0.33075,70141088,70141088,,,1620592876,16:41:16,20210509
32,2011-09-30,GUD.AX,AUD,2011-09-30,2011-09-30,Q3,148197750.0,89029500.0,59168250.0,0.39925201293541906,0.0,9419250.0,29032000.0,31000.0,2065250.0,0.0,2336750.0,3462250.0,22114000.0,0.1492195394329536,18651750.0,0.12585717394494855,-2457750.0,13967250.0,0.09424738229831424,4053250.0,9914000.0,0.06689710201403193,0.14525,0.14525,68300240,68300240,,,1620592876,16:41:16,20210509
33,2011-06-30,GUD.AX,AUD,2011-06-30,2011-06-30,Q2,148197750.0,89029500.0,59168250.0,0.39925201293541906,0.0,9419250.0,29032000.0,31000.0,2065250.0,0.0,2336750.0,3462250.0,22114000.0,0.1492195394329536,18651750.0,0.12585717394494855,-2457750.0,13967250.0,0.09424738229831424,4053250.0,9914000.0,0.06689710201403193,0.14525,0.14525,68300240,68300240,,,1620592876,16:41:16,20210509
34,2011-03-31,GUD.AX,AUD,2011-03-31,2011-03-31,Q1,148197750.0,89029500.0,59168250.0,0.39925201293541906,0.0,9419250.0,29032000.0,31000.0,2065250.0,0.0,2336750.0,3462250.0,22114000.0,0.1492195394329536,18651750.0,0.12585717394494855,-2457750.0,13967250.0,0.09424738229831424,4053250.0,9914000.0,0.06689710201403193,0.14525,0.14525,68300240,68300240,,,1620592876,16:41:16,20210509
35,2011-01-31,GUD.AX,AUD,2011-01-31,2011-01-31,Q1,148197750.0,89029500.0,59168250.0,0.39925201293541906,0.0,9419250.0,29032000.0,31000.0,2065250.0,0.0,2336750.0,3462250.0,22114000.0,0.1492195394329536,18651750.0,0.12585717394494855,-2457750.0,13967250.0,0.09424738229831424,4053250.0,9914000.0,0.06689710201403193,0.14525,0.14525,68300240,68300240,,,1620592876,16:41:16,20210509
36,2010-09-30,GUD.AX,AUD,2010-09-30,2010-09-30,Q3,118680250.0,67999250.0,50681000.0,0.4270381971726551,0.0,7727250.0,23334500.0,-16750.0,1709750.0,0.0,1711250.0,2720000.0,20629500.0,0.17382420411146757,17909500.0,0.15090547921831982,-16750.0,16288750.0,0.13724903680266937,4698500.0,11590250.0,0.09765946735029628,0.19125,0.19125,60627119,60627119,,,1620592876,16:41:16,20210509
37,2010-06-30,GUD.AX,AUD,2010-06-30,2010-06-30,Q2,118680250.0,67999250.0,50681000.0,0.4270381971726551,0.0,7727250.0,23334500.0,-16750.0,1709750.0,0.0,1711250.0,2720000.0,20629500.0,0.17382420411146757,17909500.0,0.15090547921831982,-16750.0,16288750.0,0.13724903680266937,4698500.0,11590250.0,0.09765946735029628,0.19125,0.19125,60627119,60627119,,,1620592876,16:41:16,20210509
38,2010-03-31,GUD.AX,AUD,2010-03-31,2010-03-31,Q1,118680250.0,67999250.0,50681000.0,0.4270381971726551,0.0,7727250.0,23334500.0,-16750.0,1709750.0,0.0,1711250.0,2720000.0,20629500.0,0.17382420411146757,17909500.0,0.15090547921831982,-16750.0,16288750.0,0.13724903680266937,4698500.0,11590250.0,0.09765946735029628,0.19125,0.19125,60627119,60627119,,,1620592876,16:41:16,20210509
39,2010-01-31,GUD.AX,AUD,2010-01-31,2010-01-31,Q1,118680250.0,67999250.0,50681000.0,0.4270381971726551,0.0,7727250.0,23334500.0,-16750.0,1709750.0,0.0,1711250.0,2720000.0,20629500.0,0.17382420411146757,17909500.0,0.15090547921831982,-16750.0,16288750.0,0.13724903680266937,4698500.0,11590250.0,0.09765946735029628,0.19125,0.19125,60627119,60627119,,,1620592876,16:41:16,20210509
40,2009-09-30,GUD.AX,AUD,2009-09-30,2009-09-30,Q3,117083500.0,69933750.0,47149750.0,0.4027019178620386,0.0,7034500.0,23297500.0,-215750.0,1404750.0,0.0,3045000.0,2637750.0,18050750.0,0.15416988730265152,15413000.0,0.13164109374933275,-215750.0,12335250.0,0.10535429842804495,3635750.0,8699500.0,0.07430167359192372,0.15,0.15,58040751,58040751,,,1620592876,16:41:16,20210509
41,2009-06-30,GUD.AX,AUD,2009-06-30,2009-06-30,Q2,117083500.0,69933750.0,47149750.0,0.4027019178620386,0.0,7034500.0,23297500.0,-215750.0,1404750.0,0.0,3045000.0,2637750.0,18050750.0,0.15416988730265152,15413000.0,0.13164109374933275,-215750.0,12335250.0,0.10535429842804495,3635750.0,8699500.0,0.07430167359192372,0.15,0.15,58040751,58040751,,,1620592876,16:41:16,20210509
42,2009-03-31,GUD.AX,AUD,2009-03-31,2009-03-31,Q1,117083500.0,69933750.0,47149750.0,0.4027019178620386,0.0,7034500.0,23297500.0,-215750.0,1404750.0,0.0,3045000.0,2637750.0,18050750.0,0.15416988730265152,15413000.0,0.13164109374933275,-215750.0,12335250.0,0.10535429842804495,3635750.0,8699500.0,0.07430167359192372,0.15,0.15,58040751,58040751,,,1620592876,16:41:16,20210509
43,2009-01-31,GUD.AX,AUD,2009-01-31,2009-01-31,Q1,117083500.0,69933750.0,47149750.0,0.4027019178620386,0.0,7034500.0,23297500.0,-215750.0,1404750.0,0.0,3045000.0,2637750.0,18050750.0,0.15416988730265152,15413000.0,0.13164109374933275,-215750.0,12335250.0,0.10535429842804495,3635750.0,8699500.0,0.07430167359192372,0.15,0.15,58040751,58040751,,,1620592876,16:41:16,20210509
44,2008-09-30,GUD.AX,AUD,2008-09-30,2008-09-30,Q3,117255750.0,70225750.0,47030000.0,0.4010890723909062,1106500.0,6729250.0,23352000.0,37500.0,0.0,0.0,2397750.0,3157750.0,19000000.0,0.16203896184195657,15842250.0,0.13510851280214403,-2076250.0,11429000.0,0.09747069973114325,3353750.0,9348750.0,0.07972956550105219,0.15655,0.15655,59686610,59686610,,,1620592876,16:41:16,20210509
45,2008-06-30,GUD.AX,AUD,2008-06-30,2008-06-30,Q2,117255750.0,70225750.0,47030000.0,0.4010890723909062,1106500.0,6729250.0,23352000.0,37500.0,0.0,0.0,2397750.0,3157750.0,19000000.0,0.16203896184195657,15842250.0,0.13510851280214403,-2076250.0,11429000.0,0.09747069973114325,3353750.0,9348750.0,0.07972956550105219,0.15655,0.15655,59686610,59686610,,,1620592876,16:41:16,20210509
46,2008-03-31,GUD.AX,AUD,2008-03-31,2008-03-31,Q1,117255750.0,70225750.0,47030000.0,0.4010890723909062,1106500.0,6729250.0,23352000.0,37500.0,0.0,0.0,2397750.0,3157750.0,19000000.0,0.16203896184195657,15842250.0,0.13510851280214403,-2076250.0,11429000.0,0.09747069973114325,3353750.0,9348750.0,0.07972956550105219,0.15655,0.15655,59686610,59686610,,,1620592876,16:41:16,20210509
47,2008-01-31,GUD.AX,AUD,2008-01-31,2008-01-31,Q1,117255750.0,70225750.0,47030000.0,0.4010890723909062,1106500.0,6729250.0,23352000.0,37500.0,0.0,0.0,2397750.0,3157750.0,19000000.0,0.16203896184195657,15842250.0,0.13510851280214403,-2076250.0,11429000.0,0.09747069973114325,3353750.0,9348750.0,0.07972956550105219,0.15655,0.15655,59686610,59686610,,,1620592876,16:41:16,20210509
48,2007-09-30,GUD.AX,AUD,2007-09-30,2007-09-30,Q3,129662750.0,81884500.0,47778250.0,0.3684809245523483,1425250.0,8052500.0,23397750.0,296000.0,139000.0,0.0,2304750.0,3203500.0,17967250.0,0.1385690955960752,14763750.0,0.11386269379602083,-600750.0,11925250.0,0.09197128705044433,3514250.0,8411000.0,0.0648682832964749,0.140375,0.140375,59916164,59916164,,,1620592876,16:41:16,20210509
49,2007-06-30,GUD.AX,AUD,2007-06-30,2007-06-30,Q2,129662750.0,81884500.0,47778250.0,0.3684809245523483,1425250.0,8052500.0,23397750.0,296000.0,139000.0,0.0,2304750.0,3203500.0,17967250.0,0.1385690955960752,14763750.0,0.11386269379602083,-600750.0,11925250.0,0.09197128705044433,3514250.0,8411000.0,0.0648682832964749,0.140375,0.140375,59916164,59916164,,,1620592876,16:41:16,20210509
50,2007-03-31,GUD.AX,AUD,2007-03-31,2007-03-31,Q1,129662750.0,81884500.0,47778250.0,0.3684809245523483,1425250.0,8052500.0,23397750.0,296000.0,139000.0,0.0,2304750.0,3203500.0,17967250.0,0.1385690955960752,14763750.0,0.11386269379602083,-600750.0,11925250.0,0.09197128705044433,3514250.0,8411000.0,0.0648682832964749,0.140375,0.140375,59916164,59916164,,,1620592876,16:41:16,20210509
51,2007-01-31,GUD.AX,AUD,2007-01-31,2007-01-31,Q1,129662750.0,81884500.0,47778250.0,0.3684809245523483,1425250.0,8052500.0,23397750.0,296000.0,139000.0,0.0,2304750.0,3203500.0,17967250.0,0.1385690955960752,14763750.0,0.11386269379602083,-600750.0,11925250.0,0.09197128705044433,3514250.0,8411000.0,0.0648682832964749,0.140375,0.140375,59916164,59916164,,,1620592876,16:41:16,20210509
52,2006-09-30,GUD.AX,AUD,2006-09-30,2006-09-30,Q3,115598000.0,72616500.0,42981500.0,0.37181871658679216,1100250.0,6573750.0,20623000.0,1070000.0,104000.0,0.0,1748500.0,2902250.0,17482750.0,0.15123747815706154,14580500.0,0.12613107493209225,1401000.0,14233000.0,0.12312496755999239,4184000.0,10049000.0,0.08693056973304036,0.167725,0.167725,59916164,59916164,,,1620592876,16:41:16,20210509
53,2006-06-30,GUD.AX,AUD,2006-06-30,2006-06-30,Q2,115598000.0,72616500.0,42981500.0,0.37181871658679216,1100250.0,6573750.0,20623000.0,1070000.0,104000.0,0.0,1748500.0,2902250.0,17482750.0,0.15123747815706154,14580500.0,0.12613107493209225,1401000.0,14233000.0,0.12312496755999239,4184000.0,10049000.0,0.08693056973304036,0.167725,0.167725,59916164,59916164,,,1620592876,16:41:16,20210509
54,2006-03-31,GUD.AX,AUD,2006-03-31,2006-03-31,Q1,115598000.0,72616500.0,42981500.0,0.37181871658679216,1100250.0,6573750.0,20623000.0,1070000.0,104000.0,0.0,1748500.0,2902250.0,17482750.0,0.15123747815706154,14580500.0,0.12613107493209225,1401000.0,14233000.0,0.12312496755999239,4184000.0,10049000.0,0.08693056973304036,0.167725,0.167725,59916164,59916164,,,1620592876,16:41:16,20210509
55,2006-01-31,GUD.AX,AUD,2006-01-31,2006-01-31,Q1,115598000.0,72616500.0,42981500.0,0.37181871658679216,1100250.0,6573750.0,20623000.0,1070000.0,104000.0,0.0,1748500.0,2902250.0,17482750.0,0.15123747815706154,14580500.0,0.12613107493209225,1401000.0,14233000.0,0.12312496755999239,4184000.0,10049000.0,0.08693056973304036,0.167725,0.167725,59916164,59916164,,,1620592876,16:41:16,20210509
56,2005-09-30,GUD.AX,AUD,2005-09-30,2005-09-30,Q3,98805000.0,60076750.0,38728250.0,0.3919664996710693,625500.0,5121750.0,16058000.0,-1114500.0,2243250.0,0.0,1051500.0,2425500.0,17105250.0,0.17312129952937605,14679750.0,0.14857294671322302,-3153750.0,10559750.0,0.10687465209250543,10559750.0,7229750.0,0.0731719042558575,0.119475,0.119475,60506814,60506814,,,1620592876,16:41:16,20210509
57,2005-06-30,GUD.AX,AUD,2005-06-30,2005-06-30,Q2,98805000.0,60076750.0,38728250.0,0.3919664996710693,625500.0,5121750.0,16058000.0,-1114500.0,2243250.0,0.0,1051500.0,2425500.0,17105250.0,0.17312129952937605,14679750.0,0.14857294671322302,-3153750.0,10559750.0,0.10687465209250543,10559750.0,7229750.0,0.0731719042558575,0.119475,0.119475,60506814,60506814,,,1620592876,16:41:16,20210509
58,2005-03-31,GUD.AX,AUD,2005-03-31,2005-03-31,Q1,98805000.0,60076750.0,38728250.0,0.3919664996710693,625500.0,5121750.0,16058000.0,-1114500.0,2243250.0,0.0,1051500.0,2425500.0,17105250.0,0.17312129952937605,14679750.0,0.14857294671322302,-3153750.0,10559750.0,0.10687465209250543,10559750.0,7229750.0,0.0731719042558575,0.119475,0.119475,60506814,60506814,,,1620592876,16:41:16,20210509
59,2005-01-31,GUD.AX,AUD,2005-01-31,2005-01-31,Q1,98805000.0,60076750.0,38728250.0,0.3919664996710693,625500.0,5121750.0,16058000.0,-1114500.0,2243250.0,0.0,1051500.0,2425500.0,17105250.0,0.17312129952937605,14679750.0,0.14857294671322302,-3153750.0,10559750.0,0.10687465209250543,10559750.0,7229750.0,0.0731719042558575,0.119475,0.119475,60506814,60506814,,,1620592876,16:41:16,20210509
60,2004-09-30,GUD.AX,AUD,2004-09-30,2004-09-30,Q3,98834000.0,59730750.0,39103250.0,0.3956457292025012,573750.0,5013250.0,14828250.0,-1990500.0,3269000.0,0.0,716000.0,2966000.0,18385000.0,0.18601898132221706,15419000.0,0.15600906570613352,-1990500.0,12823000.0,0.12974280106036384,12823000.0,0.0,0.0,0.14615,0.1461,60771906,60771906,,,1620592876,16:41:16,20210509
61,2004-06-30,GUD.AX,AUD,2004-06-30,2004-06-30,Q2,98834000.0,59730750.0,39103250.0,0.3956457292025012,573750.0,5013250.0,14828250.0,-1990500.0,3269000.0,0.0,716000.0,2966000.0,18385000.0,0.18601898132221706,15419000.0,0.15600906570613352,-1990500.0,12823000.0,0.12974280106036384,12823000.0,0.0,0.0,0.14615,0.1461,60771906,60771906,,,1620592876,16:41:16,20210509
62,2004-03-31,GUD.AX,AUD,2004-03-31,2004-03-31,Q1,98834000.0,59730750.0,39103250.0,0.3956457292025012,573750.0,5013250.0,14828250.0,-1990500.0,3269000.0,0.0,716000.0,2966000.0,18385000.0,0.18601898132221706,15419000.0,0.15600906570613352,-1990500.0,12823000.0,0.12974280106036384,12823000.0,0.0,0.0,0.14615,0.1461,60771906,60771906,,,1620592876,16:41:16,20210509
63,2004-01-31,GUD.AX,AUD,2004-01-31,2004-01-31,Q1,98834000.0,59730750.0,39103250.0,0.3956457292025012,573750.0,5013250.0,14828250.0,-1990500.0,3269000.0,0.0,716000.0,2966000.0,18385000.0,0.18601898132221706,15419000.0,0.15600906570613352,-1990500.0,12823000.0,0.12974280106036384,12823000.0,0.0,0.0,0.14615,0.1461,60771906,60771906,,,1620592876,16:41:16,20210509
64,2003-09-30,GUD.AX,AUD,2003-09-30,2003-09-30,Q3,93094500.0,59663000.0,33431500.0,0.35911358888011646,588000.0,4854000.0,13567500.0,761500.0,4110500.0,0.0,991750.0,0.0,9380250.0,9.924522267530183,10311500.0,0.11076379377943917,761500.0,8388500.0,0.09010736402257921,8388500.0,5440750.0,0.05844330223590008,0.0893,0.088625,60914544,61390691,,,1620592876,16:41:16,20210509
65,2003-06-30,GUD.AX,AUD,2003-06-30,2003-06-30,Q2,93094500.0,59663000.0,33431500.0,0.35911358888011646,588000.0,4854000.0,13567500.0,761500.0,4110500.0,0.0,991750.0,0.0,9380250.0,9.924522267530183,10311500.0,0.11076379377943917,761500.0,8388500.0,0.09010736402257921,8388500.0,5440750.0,0.05844330223590008,0.0893,0.088625,60914544,61390691,,,1620592876,16:41:16,20210509
66,2003-03-31,GUD.AX,AUD,2003-03-31,2003-03-31,Q1,93094500.0,59663000.0,33431500.0,0.35911358888011646,588000.0,4854000.0,13567500.0,761500.0,4110500.0,0.0,991750.0,0.0,9380250.0,9.924522267530183,10311500.0,0.11076379377943917,761500.0,8388500.0,0.09010736402257921,8388500.0,5440750.0,0.05844330223590008,0.0893,0.088625,60914544,61390691,,,1620592876,16:41:16,20210509
67,2003-01-31,GUD.AX,AUD,2003-01-31,2003-01-31,Q1,93094500.0,59663000.0,33431500.0,0.35911358888011646,588000.0,4854000.0,13567500.0,761500.0,4110500.0,0.0,991750.0,0.0,9380250.0,9.924522267530183,10311500.0,0.11076379377943917,761500.0,8388500.0,0.09010736402257921,8388500.0,5440750.0,0.05844330223590008,0.0893,0.088625,60914544,61390691,,,1620592876,16:41:16,20210509
68,2002-09-30,GUD.AX,AUD,2002-09-30,2002-09-30,Q3,91465500.0,63190750.0,28274750.0,0.3091302184976849,489000.0,5340000.0,12771500.0,1594750.0,0.0,0.0,1362750.0,2634250.0,12308500.0,0.13456986514040814,9674250.0,0.10576938845794316,1594750.0,2269250.0,0.024809901000923847,2269250.0,1599500.0,0.01748746795239735,0.02525,0.025175,63326649,63535253,,,1620592876,16:41:16,20210509
69,2002-06-30,GUD.AX,AUD,2002-06-30,2002-06-30,Q2,91465500.0,63190750.0,28274750.0,0.3091302184976849,489000.0,5340000.0,12771500.0,1594750.0,0.0,0.0,1362750.0,2634250.0,12308500.0,0.13456986514040814,9674250.0,0.10576938845794316,1594750.0,2269250.0,0.024809901000923847,2269250.0,1599500.0,0.01748746795239735,0.02525,0.025175,63326649,63535253,,,1620592876,16:41:16,20210509
70,2002-03-31,GUD.AX,AUD,2002-03-31,2002-03-31,Q1,91465500.0,63190750.0,28274750.0,0.3091302184976849,489000.0,5340000.0,12771500.0,1594750.0,0.0,0.0,1362750.0,2634250.0,12308500.0,0.13456986514040814,9674250.0,0.10576938845794316,1594750.0,2269250.0,0.024809901000923847,2269250.0,1599500.0,0.01748746795239735,0.02525,0.025175,63326649,63535253,,,1620592876,16:41:16,20210509
71,2002-01-31,GUD.AX,AUD,2002-01-31,2002-01-31,Q1,91465500.0,63190750.0,28274750.0,0.3091302184976849,489000.0,5340000.0,12771500.0,1594750.0,0.0,0.0,1362750.0,2634250.0,12308500.0,0.13456986514040814,9674250.0,0.10576938845794316,1594750.0,2269250.0,0.024809901000923847,2269250.0,1599500.0,0.01748746795239735,0.02525,0.025175,63326649,63535253,,,1620592876,16:41:16,20210509
72,2001-09-30,GUD.AX,AUD,2001-09-30,2001-09-30,Q3,85303250.0,0.0,85303250.0,1.0,465750.0,18068250.0,0.0,-76583250.0,0.0,0.0,1667250.0,2757750.0,5962250.0,14.307224621577424,0.0,0.0,-76583250.0,4295000.0,0.0503497815147723,4295000.0,2667500.0,0.0312707897999197,0.04025,0.03975,66423945,67106918,,,1620592876,16:41:16,20210509
73,2001-06-30,GUD.AX,AUD,2001-06-30,2001-06-30,Q2,85303250.0,0.0,85303250.0,1.0,465750.0,18068250.0,0.0,-76583250.0,0.0,0.0,1667250.0,2757750.0,5962250.0,14.307224621577424,0.0,0.0,-76583250.0,4295000.0,0.0503497815147723,4295000.0,2667500.0,0.0312707897999197,0.04025,0.03975,66423945,67106918,,,1620592876,16:41:16,20210509
74,2001-03-31,GUD.AX,AUD,2001-03-31,2001-03-31,Q1,85303250.0,0.0,85303250.0,1.0,465750.0,18068250.0,0.0,-76583250.0,0.0,0.0,1667250.0,2757750.0,5962250.0,14.307224621577424,0.0,0.0,-76583250.0,4295000.0,0.0503497815147723,4295000.0,2667500.0,0.0312707897999197,0.04025,0.03975,66423945,67106918,,,1620592876,16:41:16,20210509
75,2001-01-31,GUD.AX,AUD,2001-01-31,2001-01-31,Q1,85303250.0,0.0,85303250.0,1.0,465750.0,18068250.0,0.0,-76583250.0,0.0,0.0,1667250.0,2757750.0,5962250.0,14.307224621577424,0.0,0.0,-76583250.0,4295000.0,0.0503497815147723,4295000.0,2667500.0,0.0312707897999197,0.04025,0.03975,66423945,67106918,,,1620592876,16:41:16,20210509
76,2000-09-30,GUD.AX,AUD,2000-09-30,2000-09-30,Q3,0.0,0.0,0.0,0.0,0.0,0.0,0.0,0.0,0.0,0.0,1672250.0,0.0,6046000.0,0.0,0.0,0.0,0.0,4373750.0,0.0,4373750.0,2755000.0,0.0,0.041,0.0405,67356794,68024691,,,1620592876,16:41:16,20210509
77,2000-06-30,GUD.AX,AUD,2000-06-30,2000-06-30,Q2,0.0,0.0,0.0,0.0,0.0,0.0,0.0,0.0,0.0,0.0,1672250.0,0.0,6046000.0,0.0,0.0,0.0,0.0,4373750.0,0.0,4373750.0,2755000.0,0.0,0.041,0.0405,67356794,68024691,,,1620592876,16:41:16,20210509
78,2000-03-31,GUD.AX,AUD,2000-03-31,2000-03-31,Q1,0.0,0.0,0.0,0.0,0.0,0.0,0.0,0.0,0.0,0.0,1672250.0,0.0,6046000.0,0.0,0.0,0.0,0.0,4373750.0,0.0,4373750.0,2755000.0,0.0,0.041,0.0405,67356794,68024691,,,1620592876,16:41:16,20210509
79,2000-01-31,GUD.AX,AUD,2000-01-31,2000-01-31,Q1,0.0,0.0,0.0,0.0,0.0,0.0,0.0,0.0,0.0,0.0,1672250.0,0.0,6046000.0,0.0,0.0,0.0,0.0,4373750.0,0.0,4373750.0,2755000.0,0.0,0.041,0.0405,67356794,68024691,,,1620592876,16:41:16,20210509
80,1999-09-30,GUD.AX,AUD,1999-09-30,1999-09-30,Q3,0.0,0.0,0.0,0.0,0.0,0.0,0.0,0.0,0.0,0.0,1499000.0,0.0,2598500.0,0.0,0.0,0.0,0.0,1099500.0,0.0,1099500.0,623250.0,0.0,0.0095,0.0095,65219931,65219931,,,1620592876,16:41:16,20210509
81,1999-06-30,GUD.AX,AUD,1999-06-30,1999-06-30,Q2,0.0,0.0,0.0,0.0,0.0,0.0,0.0,0.0,0.0,0.0,1499000.0,0.0,2598500.0,0.0,0.0,0.0,0.0,1099500.0,0.0,1099500.0,623250.0,0.0,0.0095,0.0095,65219931,65219931,,,1620592876,16:41:16,20210509
82,1999-03-31,GUD.AX,AUD,1999-03-31,1999-03-31,Q1,0.0,0.0,0.0,0.0,0.0,0.0,0.0,0.0,0.0,0.0,1499000.0,0.0,2598500.0,0.0,0.0,0.0,0.0,1099500.0,0.0,1099500.0,623250.0,0.0,0.0095,0.0095,65219931,65219931,,,1620592876,16:41:16,20210509
83,1999-01-31,GUD.AX,AUD,1999-01-31,1999-01-31,Q1,0.0,0.0,0.0,0.0,0.0,0.0,0.0,0.0,0.0,0.0,1499000.0,0.0,2598500.0,0.0,0.0,0.0,0.0,1099500.0,0.0,1099500.0,623250.0,0.0,0.0095,0.0095,65219931,65219931,,,1620592876,16:41:16,20210509
84,1998-09-30,GUD.AX,AUD,1998-09-30,1998-09-30,Q3,0.0,0.0,0.0,0.0,0.0,0.0,0.0,0.0,0.0,0.0,1304750.0,0.0,1941000.0,0.0,0.0,0.0,0.0,636250.0,0.0,636250.0,419000.0,0.0,0.0075,0.0075,55866667,55866667,,,1620592876,16:41:16,20210509
85,1998-06-30,GUD.AX,AUD,1998-06-30,1998-06-30,Q2,0.0,0.0,0.0,0.0,0.0,0.0,0.0,0.0,0.0,0.0,1304750.0,0.0,1941000.0,0.0,0.0,0.0,0.0,636250.0,0.0,636250.0,419000.0,0.0,0.0075,0.0075,55866667,55866667,,,1620592876,16:41:16,20210509
86,1998-03-31,GUD.AX,AUD,1998-03-31,1998-03-31,Q1,0.0,0.0,0.0,0.0,0.0,0.0,0.0,0.0,0.0,0.0,1304750.0,0.0,1941000.0,0.0,0.0,0.0,0.0,636250.0,0.0,636250.0,419000.0,0.0,0.0075,0.0075,55866667,55866667,,,1620592876,16:41:16,20210509
87,1998-01-31,GUD.AX,AUD,1998-01-31,1998-01-31,Q1,0.0,0.0,0.0,0.0,0.0,0.0,0.0,0.0,0.0,0.0,1304750.0,0.0,1941000.0,0.0,0.0,0.0,0.0,636250.0,0.0,636250.0,419000.0,0.0,0.0075,0.0075,55866667,55866667,,,1620592876,16:41:16,20210509
88,1997-09-30,GUD.AX,AUD,1997-09-30,1997-09-30,Q3,74752998.0,0.0,74752998.0,1.0,502750.0,0.0,0.0,-74752998.0,61392248.0,0.0,1307750.0,2092250.0,6989750.0,10.69465975177939,0.0,0.0,-74752998.0,5682000.0,0.07601032937836152,5682000.0,0.0,0.0,0.065,0.0625,55173077,57380000,,,1620592876,16:41:16,20210509
89,1997-06-30,GUD.AX,AUD,1997-06-30,1997-06-30,Q2,74752998.0,0.0,74752998.0,1.0,502750.0,0.0,0.0,-74752998.0,61392248.0,0.0,1307750.0,2092250.0,6989750.0,10.69465975177939,0.0,0.0,-74752998.0,5682000.0,0.07601032937836152,5682000.0,0.0,0.0,0.065,0.0625,55173077,57380000,,,1620592876,16:41:16,20210509
90,1997-03-31,GUD.AX,AUD,1997-03-31,1997-03-31,Q1,74752998.0,0.0,74752998.0,1.0,502750.0,0.0,0.0,-74752998.0,61392248.0,0.0,1307750.0,2092250.0,6989750.0,10.69465975177939,0.0,0.0,-74752998.0,5682000.0,0.07601032937836152,5682000.0,0.0,0.0,0.065,0.0625,55173077,57380000,,,1620592876,16:41:16,20210509
91,1997-01-31,GUD.AX,AUD,1997-01-31,1997-01-31,Q1,74752998.0,0.0,74752998.0,1.0,502750.0,0.0,0.0,-74752998.0,61392248.0,0.0,1307750.0,2092250.0,6989750.0,10.69465975177939,0.0,0.0,-74752998.0,5682000.0,0.07601032937836152,5682000.0,0.0,0.0,0.065,0.0625,55173077,57380000,,,1620592876,16:41:16,20210509
92,1996-09-30,GUD.AX,AUD,1996-09-30,1996-09-30,Q3,32182000.0,0.0,32182000.0,1.0,0.0,0.0,0.0,-31059250.0,0.0,0.0,576500.0,1122750.0,4647000.0,6.925328168710997,0.0,0.0,-31059250.0,4070500.0,0.126483748679386,4070500.0,0.0,0.0,0.069,0.0685,38781022,38781022,,,1620592876,16:41:16,20210509
93,1996-06-30,GUD.AX,AUD,1996-06-30,1996-06-30,Q2,32182000.0,0.0,32182000.0,1.0,0.0,0.0,0.0,-31059250.0,0.0,0.0,576500.0,1122750.0,4647000.0,6.925328168710997,0.0,0.0,-31059250.0,4070500.0,0.126483748679386,4070500.0,0.0,0.0,0.069,0.0685,38781022,38781022,,,1620592876,16:41:16,20210509
94,1996-03-31,GUD.AX,AUD,1996-03-31,1996-03-31,Q1,32182000.0,0.0,32182000.0,1.0,0.0,0.0,0.0,-31059250.0,0.0,0.0,576500.0,1122750.0,4647000.0,6.925328168710997,0.0,0.0,-31059250.0,4070500.0,0.126483748679386,4070500.0,0.0,0.0,0.069,0.0685,38781022,38781022,,,1620592876,16:41:16,20210509
95,1996-01-31,GUD.AX,AUD,1996-01-31,1996-01-31,Q1,32182000.0,0.0,32182000.0,1.0,0.0,0.0,0.0,-31059250.0,0.0,0.0,576500.0,1122750.0,4647000.0,6.925328168710997,0.0,0.0,-31059250.0,4070500.0,0.126483748679386,4070500.0,0.0,0.0,0.069,0.0685,38781022,38781022,,,1620592876,16:41:16,20210509
96,1995-09-30,GUD.AX,AUD,1995-09-30,1995-09-30,Q3,23082000.0,0.0,23082000.0,1.0,0.0,0.0,0.0,-22336500.0,0.0,0.0,278500.0,745500.0,4088750.0,5.645246102109446,0.0,0.0,-22336500.0,3810250.0,0.16507451693960662,3810250.0,0.0,0.0,0.07375,0.073,34787671,34787671,,,1620592876,16:41:16,20210509
97,1995-06-30,GUD.AX,AUD,1995-06-30,1995-06-30,Q2,23082000.0,0.0,23082000.0,1.0,0.0,0.0,0.0,-22336500.0,0.0,0.0,278500.0,745500.0,4088750.0,5.645246102109446,0.0,0.0,-22336500.0,3810250.0,0.16507451693960662,3810250.0,0.0,0.0,0.07375,0.073,34787671,34787671,,,1620592876,16:41:16,20210509
98,1995-03-31,GUD.AX,AUD,1995-03-31,1995-03-31,Q1,23082000.0,0.0,23082000.0,1.0,0.0,0.0,0.0,-22336500.0,0.0,0.0,278500.0,745500.0,4088750.0,5.645246102109446,0.0,0.0,-22336500.0,3810250.0,0.16507451693960662,3810250.0,0.0,0.0,0.07375,0.073,34787671,34787671,,,1620592876,16:41:16,20210509
99,1995-01-31,GUD.AX,AUD,1995-01-31,1995-01-31,Q1,23082000.0,0.0,23082000.0,1.0,0.0,0.0,0.0,-22336500.0,0.0,0.0,278500.0,745500.0,4088750.0,5.645246102109446,0.0,0.0,-22336500.0,3810250.0,0.16507451693960662,3810250.0,0.0,0.0,0.07375,0.073,34787671,34787671,,,1620592876,16:41:16,20210509
100,1994-09-30,GUD.AX,AUD,1994-09-30,1994-09-30,Q3,19366000.0,0.0,19366000.0,1.0,0.0,0.0,0.0,-18770750.0,0.0,0.0,141000.0,595250.0,2996250.0,6.4634125990821865,0.0,0.0,-18770750.0,2855250.0,0.14743622844159868,2855250.0,0.0,0.0,0.05434525,0.05434525,34267100,34267100,,,1620592876,16:41:16,20210509
101,1994-06-30,GUD.AX,AUD,1994-06-30,1994-06-30,Q2,19366000.0,0.0,19366000.0,1.0,0.0,0.0,0.0,-18770750.0,0.0,0.0,141000.0,595250.0,2996250.0,6.4634125990821865,0.0,0.0,-18770750.0,2855250.0,0.14743622844159868,2855250.0,0.0,0.0,0.05434525,0.05434525,34267100,34267100,,,1620592876,16:41:16,20210509
102,1994-03-31,GUD.AX,AUD,1994-03-31,1994-03-31,Q1,19366000.0,0.0,19366000.0,1.0,0.0,0.0,0.0,-18770750.0,0.0,0.0,141000.0,595250.0,2996250.0,6.4634125990821865,0.0,0.0,-18770750.0,2855250.0,0.14743622844159868,2855250.0,0.0,0.0,0.05434525,0.05434525,34267100,34267100,,,1620592876,16:41:16,20210509
103,1994-01-31,GUD.AX,AUD,1994-01-31,1994-01-31,Q1,19366000.0,0.0,19366000.0,1.0,0.0,0.0,0.0,-18770750.0,0.0,0.0,141000.0,595250.0,2996250.0,6.4634125990821865,0.0,0.0,-18770750.0,2855250.0,0.14743622844159868,2855250.0,0.0,0.0,0.05434525,0.05434525,34267100,34267100,,,1620592876,16:41:16,20210509
104,1993-09-30,GUD.AX,AUD,1993-09-30,1993-09-30,Q3,15284000.0,0.0,15284000.0,1.0,0.0,0.0,0.0,-14916500.0,0.0,0.0,750.0,367500.0,2659500.0,5.746944914457605,0.0,0.0,-14916500.0,2658750.0,0.17395642501962838,2658750.0,0.0,0.0,0.04789325,0.04789325,33705205,33705205,,,1620592876,16:41:16,20210509
105,1993-06-30,GUD.AX,AUD,1993-06-30,1993-06-30,Q2,15284000.0,0.0,15284000.0,1.0,0.0,0.0,0.0,-14916500.0,0.0,0.0,750.0,367500.0,2659500.0,5.746944914457605,0.0,0.0,-14916500.0,2658750.0,0.17395642501962838,2658750.0,0.0,0.0,0.04789325,0.04789325,33705205,33705205,,,1620592876,16:41:16,20210509
106,1993-03-31,GUD.AX,AUD,1993-03-31,1993-03-31,Q1,15284000.0,0.0,15284000.0,1.0,0.0,0.0,0.0,-14916500.0,0.0,0.0,750.0,367500.0,2659500.0,5.746944914457605,0.0,0.0,-14916500.0,2658750.0,0.17395642501962838,2658750.0,0.0,0.0,0.04789325,0.04789325,33705205,33705205,,,1620592876,16:41:16,20210509
107,1993-01-31,GUD.AX,AUD,1993-01-31,1993-01-31,Q1,15284000.0,0.0,15284000.0,1.0,0.0,0.0,0.0,-14916500.0,0.0,0.0,750.0,367500.0,2659500.0,5.746944914457605,0.0,0.0,-14916500.0,2658750.0,0.17395642501962838,2658750.0,0.0,0.0,0.04789325,0.04789325,33705205,33705205,,,1620592876,16:41:16,20210509
108,1992-09-30,GUD.AX,AUD,1992-09-30,1992-09-30,Q3,14309500.0,0.0,14309500.0,1.0,0.0,0.0,0.0,-13983500.0,0.0,0.0,20250.0,326000.0,2473750.0,5.784537645275392,0.0,0.0,-13983500.0,2453500.0,0.17145951989936756,2453500.0,0.0,0.0,0.04541175,0.04541175,33208574,33208574,,,1620592876,16:41:16,20210509
109,1992-06-30,GUD.AX,AUD,1992-06-30,1992-06-30,Q2,14309500.0,0.0,14309500.0,1.0,0.0,0.0,0.0,-13983500.0,0.0,0.0,20250.0,326000.0,2473750.0,5.784537645275392,0.0,0.0,-13983500.0,2453500.0,0.17145951989936756,2453500.0,0.0,0.0,0.04541175,0.04541175,33208574,33208574,,,1620592876,16:41:16,20210509
110,1992-03-31,GUD.AX,AUD,1992-03-31,1992-03-31,Q1,14309500.0,0.0,14309500.0,1.0,0.0,0.0,0.0,-13983500.0,0.0,0.0,20250.0,326000.0,2473750.0,5.784537645275392,0.0,0.0,-13983500.0,2453500.0,0.17145951989936756,2453500.0,0.0,0.0,0.04541175,0.04541175,33208574,33208574,,,1620592876,16:41:16,20210509
111,1992-01-31,GUD.AX,AUD,1992-01-31,1992-01-31,Q1,14309500.0,0.0,14309500.0,1.0,0.0,0.0,0.0,-13983500.0,0.0,0.0,20250.0,326000.0,2473750.0,5.784537645275392,0.0,0.0,-13983500.0,2453500.0,0.17145951989936756,2453500.0,0.0,0.0,0.04541175,0.04541175,33208574,33208574,,,1620592876,16:41:16,20210509
112,1991-09-30,GUD.AX,AUD,1991-09-30,1991-09-30,Q3,13934500.0,0.0,13934500.0,1.0,0.0,0.0,0.0,-13606000.0,0.0,0.0,85250.0,328500.0,2243250.0,6.2117463501615955,0.0,0.0,-13606000.0,2158000.0,0.15486741540780077,2158000.0,-11000.0,-0.0007894075854892533,-0.0003426803660723509,-0.0003426803660723509,32099884,32099884,,,1620592876,16:41:16,20210509
113,1991-06-30,GUD.AX,AUD,1991-06-30,1991-06-30,Q2,13934500.0,0.0,13934500.0,1.0,0.0,0.0,0.0,-13606000.0,0.0,0.0,85250.0,328500.0,2243250.0,6.2117463501615955,0.0,0.0,-13606000.0,2158000.0,0.15486741540780077,2158000.0,-11000.0,-0.0007894075854892533,-0.0003426803660723509,-0.0003426803660723509,32099884,32099884,,,1620592876,16:41:16,20210509
114,1991-03-31,GUD.AX,AUD,1991-03-31,1991-03-31,Q1,13934500.0,0.0,13934500.0,1.0,0.0,0.0,0.0,-13606000.0,0.0,0.0,85250.0,328500.0,2243250.0,6.2117463501615955,0.0,0.0,-13606000.0,2158000.0,0.15486741540780077,2158000.0,-11000.0,-0.0007894075854892533,-0.0003426803660723509,-0.0003426803660723509,32099884,32099884,,,1620592876,16:41:16,20210509
115,1991-01-31,GUD.AX,AUD,1991-01-31,1991-01-31,Q1,13934500.0,0.0,13934500.0,1.0,0.0,0.0,0.0,-13606000.0,0.0,0.0,85250.0,328500.0,2243250.0,6.2117463501615955,0.0,0.0,-13606000.0,2158000.0,0.15486741540780077,2158000.0,-11000.0,-0.0007894075854892533,-0.0003426803660723509,-0.0003426803660723509,32099884,32099884,,,1620592876,16:41:16,20210509
116,1990-09-30,GUD.AX,AUD,1990-09-30,1990-09-30,Q3,13975000.0,0.0,13975000.0,1.0,0.0,0.0,0.0,-13669000.0,0.0,0.0,69250.0,306000.0,2316250.0,6.033459255261738,0.0,0.0,-13669000.0,2247000.0,0.1607871198568873,2247000.0,-14750.0,-0.0010554561717352415,-0.00046287298893846527,-0.00046287298893846527,31866193,31866193,,,1620592876,16:41:16,20210509
117,1990-06-30,GUD.AX,AUD,1990-06-30,1990-06-30,Q2,13975000.0,0.0,13975000.0,1.0,0.0,0.0,0.0,-13669000.0,0.0,0.0,69250.0,306000.0,2316250.0,6.033459255261738,0.0,0.0,-13669000.0,2247000.0,0.1607871198568873,2247000.0,-14750.0,-0.0010554561717352415,-0.00046287298893846527,-0.00046287298893846527,31866193,31866193,,,1620592876,16:41:16,20210509
118,1990-03-31,GUD.AX,AUD,1990-03-31,1990-03-31,Q1,13975000.0,0.0,13975000.0,1.0,0.0,0.0,0.0,-13669000.0,0.0,0.0,69250.0,306000.0,2316250.0,6.033459255261738,0.0,0.0,-13669000.0,2247000.0,0.1607871198568873,2247000.0,-14750.0,-0.0010554561717352415,-0.00046287298893846527,-0.00046287298893846527,31866193,31866193,,,1620592876,16:41:16,20210509
119,1990-01-31,GUD.AX,AUD,1990-01-31,1990-01-31,Q1,13975000.0,0.0,13975000.0,1.0,0.0,0.0,0.0,-13669000.0,0.0,0.0,69250.0,306000.0,2316250.0,6.033459255261738,0.0,0.0,-13669000.0,2247000.0,0.1607871198568873,2247000.0,-14750.0,-0.0010554561717352415,-0.00046287298893846527,-0.00046287298893846527,31866193,31866193,,,1620592876,16:41:16,20210509
120,1989-09-30,GUD.AX,AUD,1989-09-30,1989-09-30,Q3,13775000.0,0.0,13775000.0,1.0,0.0,0.0,0.0,-13506500.0,0.0,0.0,39000.0,268500.0,2563000.0,5.37456106125634,0.0,0.0,-13506500.0,2524000.0,0.1832304900181488,2524000.0,-22000.0,-0.0015970961887477313,-0.0007639743319903938,-0.0007639743319903938,28796779,28796779,,,1620592876,16:41:16,20210509
121,1989-06-30,GUD.AX,AUD,1989-06-30,1989-06-30,Q2,13775000.0,0.0,13775000.0,1.0,0.0,0.0,0.0,-13506500.0,0.0,0.0,39000.0,268500.0,2563000.0,5.37456106125634,0.0,0.0,-13506500.0,2524000.0,0.1832304900181488,2524000.0,-22000.0,-0.0015970961887477313,-0.0007639743319903938,-0.0007639743319903938,28796779,28796779,,,1620592876,16:41:16,20210509
122,1989-03-31,GUD.AX,AUD,1989-03-31,1989-03-31,Q1,13775000.0,0.0,13775000.0,1.0,0.0,0.0,0.0,-13506500.0,0.0,0.0,39000.0,268500.0,2563000.0,5.37456106125634,0.0,0.0,-13506500.0,2524000.0,0.1832304900181488,2524000.0,-22000.0,-0.0015970961887477313,-0.0007639743319903938,-0.0007639743319903938,28796779,28796779,,,1620592876,16:41:16,20210509
123,1989-01-31,GUD.AX,AUD,1989-01-31,1989-01-31,Q1,13775000.0,0.0,13775000.0,1.0,0.0,0.0,0.0,-13506500.0,0.0,0.0,39000.0,268500.0,2563000.0,5.37456106125634,0.0,0.0,-13506500.0,2524000.0,0.1832304900181488,2524000.0,-22000.0,-0.0015970961887477313,-0.0007639743319903938,-0.0007639743319903938,28796779,28796779,,,1620592876,16:41:16,20210509
