,date,symbol,reportedCurrency,fillingDate,acceptedDate,period,revenue,costOfRevenue,grossProfit,grossProfitRatio,researchAndDevelopmentExpenses,generalAndAdministrativeExpenses,sellingAndMarketingExpenses,otherExpenses,operatingExpenses,costAndExpenses,interestExpense,depreciationAndAmortization,ebitda,ebitdaratio,operatingIncome,operatingIncomeRatio,totalOtherIncomeExpensesNet,incomeBeforeTax,incomeBeforeTaxRatio,incomeTaxExpense,netIncome,netIncomeRatio,eps,epsdiluted,weightedAverageShsOut,weightedAverageShsOutDil,link,finalLink,timestamp,est_time,est_date
0,2020-12-31,TRVX.OL,NOK,2020-12-31,2020-12-31,Q4,0.0,0.0,0.0,0.0,8131000.0,0.0,0.0,0.0,22724000.0,22724000.0,1252000.0,327000.0,-22397000.0,0.0,-22724000.0,0.0,0.0,-26285000.0,0.0,-57000.0,-26228000.0,0.0,-0.3446563029737579,-0.3446563029737579,76099000.0,76099000.0,https://www.oslobors.no/ob_eng/,https://www.oslobors.no/ob_eng/,1620599060,18:24:20,20210509
1,2020-09-30,TRVX.OL,NOK,2020-09-30,2020-09-30,Q3,34000.0,0.0,0.0,0.0,9426000.0,0.0,0.0,0.0,22074000.0,22074000.0,1219000.0,1384000.0,-20656000.0,-607.5294117647059,-22040000.0,-648.2352941176471,0.0,-22757000.0,-669.3235294117648,-73000.0,-22684000.0,-667.1764705882352,-0.3,-0.3,76099000.0,76099000.0,https://www.oslobors.no/ob_eng/,https://www.oslobors.no/ob_eng/,1620599060,18:24:20,20210509
2,2020-06-30,TRVX.OL,NOK,2020-06-30,2020-06-30,Q2,272000.0,0.0,0.0,0.0,14084000.0,0.0,0.0,0.0,30103000.0,30103000.0,3649000.0,960000.0,-28871000.0,-106.14338235294117,-29831000.0,-109.67279411764706,0.0,-33362000.0,-122.65441176470588,-71000.0,-33291000.0,-122.39338235294117,-0.44,-0.44,76087000.0,76087000.0,https://www.oslobors.no/ob_eng/,https://www.oslobors.no/ob_eng/,1620599060,18:24:20,20210509
3,2020-03-31,TRVX.OL,NOK,2020-03-31,2020-03-31,Q1,318000.0,0.0,0.0,0.0,13399000.0,0.0,0.0,0.0,29626000.0,29626000.0,243000.0,1064000.0,-28244000.0,-88.81761006289308,-29308000.0,-92.16352201257861,0.0,-25999000.0,-81.75786163522012,-76000.0,-25923000.0,-81.51886792452831,-0.36,-0.36,72127000.0,72127000.0,https://www.oslobors.no/ob_eng/,https://www.oslobors.no/ob_eng/,1620599060,18:24:20,20210509
4,2019-12-31,TRVX.OL,NOK,2019-12-31,2019-12-31,Q4,2233000.0,0.0,0.0,0.0,25166000.0,0.0,0.0,0.0,41578000.0,41578000.0,-2480000.0,921000.0,-38424000.0,-17.207344379758172,-39345000.0,-17.619793999104346,0.0,-34843000.0,-15.603672189879086,-73000.0,-34770000.0,-15.570980743394536,-0.4569048213511347,-0.4569048213511347,76099000.0,76099000.0,https://www.oslobors.no/ob_eng/,https://www.oslobors.no/ob_eng/,1620599060,18:24:20,20210509
5,2019-09-30,TRVX.OL,NOK,2019-09-30,2019-09-30,Q3,6000.0,0.0,0.0,0.0,13696000.0,0.0,0.0,0.0,26693000.0,26693000.0,240000.0,1041000.0,-25646000.0,-4274.333333333333,-26687000.0,-4447.833333333333,0.0,-26338000.0,-4389.666666666667,-85000.0,-26253000.0,-4375.5,-0.41,-0.41,63384000.0,63384000.0,https://www.oslobors.no/ob_eng/,https://www.oslobors.no/ob_eng/,1620599060,18:24:20,20210509
6,2019-06-30,TRVX.OL,NOK,2019-06-30,2019-06-30,Q2,6000.0,0.0,0.0,0.0,22012000.0,0.0,0.0,0.0,44621000.0,44621000.0,1299000.0,1031000.0,-43584000.0,-7264.0,-44615000.0,-7435.833333333333,0.0,-45571000.0,-7595.166666666667,86000.0,-45656000.0,-7609.333333333333,-0.72,-0.72,63198000.0,63198000.0,https://www.oslobors.no/ob_eng/,https://www.oslobors.no/ob_eng/,1620599060,18:24:20,20210509
7,2019-03-31,TRVX.OL,NOK,2019-03-31,2019-03-31,Q1,6000.0,0.0,0.0,0.0,19412000.0,0.0,0.0,0.0,39631000.0,39631000.0,1957000.0,1033000.0,-38592000.0,-6432.0,-39625000.0,-6604.166666666667,0.0,-41099000.0,-6849.833333333333,-82000.0,-41017000.0,-6836.166666666667,-0.77,-0.77,52967000.0,52967000.0,https://www.oslobors.no/ob_eng/,https://www.oslobors.no/ob_eng/,1620599060,18:24:20,20210509
8,2018-12-31,TRVX.OL,NOK,2018-12-31,2018-12-31,Q4,6000.0,0.0,0.0,0.0,25077000.0,0.0,0.0,0.0,42248000.0,42248000.0,268000.0,78000.0,-42164000.0,-7027.333333333333,-42242000.0,-7040.333333333333,0.0,-40808000.0,-6801.333333333333,-85000.0,-40723000.0,-6787.166666666667,-0.5351318676986557,-0.5351318676986557,76099000.0,76099000.0,https://www.oslobors.no/ob_eng/,https://www.oslobors.no/ob_eng/,1620599060,18:24:20,20210509
9,2018-09-30,TRVX.OL,NOK,2018-09-30,2018-09-30,Q3,6000.0,0.0,0.0,0.0,17307000.0,0.0,0.0,0.0,33705000.0,33705000.0,1214000.0,77000.0,-33622000.0,-5603.666666666667,-33699000.0,-5616.5,0.0,-34614000.0,-5769.0,-84000.0,-34530000.0,-5755.0,-0.643136,-0.643136,53989539.0,53989539.0,https://www.oslobors.no/ob_eng/,https://www.oslobors.no/ob_eng/,1620599060,18:24:20,20210509
10,2018-06-30,TRVX.OL,NOK,2018-06-30,2018-06-30,Q2,9000.0,0.0,0.0,0.0,14485000.0,0.0,0.0,0.0,36656000.0,36656000.0,998000.0,77000.0,-36570000.0,-4063.3333333333335,-36647000.0,-4071.8888888888887,0.0,-37130000.0,-4125.555555555556,-82000.0,-37048000.0,-4116.444444444444,-0.682114,-0.682114,53989539.0,53989539.0,https://www.oslobors.no/ob_eng/,https://www.oslobors.no/ob_eng/,1620599060,18:24:20,20210509
11,2018-03-31,TRVX.OL,NOK,2018-03-31,2018-03-31,Q1,6000.0,0.0,0.0,0.0,11213000.0,0.0,0.0,0.0,33518000.0,33518000.0,1837000.0,76000.0,-33436000.0,-5572.666666666667,-33512000.0,-5585.333333333333,0.0,-34797000.0,-5799.5,-83000.0,-34714000.0,-5785.666666666667,-0.643136,-0.643136,53989539.0,53989539.0,https://www.oslobors.no/ob_eng/,https://www.oslobors.no/ob_eng/,1620599060,18:24:20,20210509
12,2017-12-31,TRVX.OL,NOK,2017-12-31,2017-12-31,Q4,5000.0,0.0,0.0,0.0,16597000.0,0.0,0.0,0.0,32449000.0,32449000.0,-1952000.0,75000.0,-32369000.0,-6473.8,-32444000.0,-6488.8,0.0,-32548000.0,-6509.6,-87000.0,-32461000.0,-6492.2,-0.42656276692203576,-0.42656276692203576,76099000.0,76099000.0,https://www.oslobors.no/ob_eng/,https://www.oslobors.no/ob_eng/,1620599060,18:24:20,20210509
13,2017-09-30,TRVX.OL,NOK,2017-09-30,2017-09-30,Q3,21000.0,0.0,0.0,0.0,10607000.0,0.0,0.0,0.0,26591000.0,26591000.0,2033000.0,75000.0,-26495000.0,-1261.6666666666667,-26570000.0,-1265.2380952380952,0.0,-28249000.0,-1345.1904761904761,-84000.0,-28165000.0,-1341.1904761904761,-0.574924,-0.574924,48668578.0,48668578.0,https://www.oslobors.no/ob_eng/,https://www.oslobors.no/ob_eng/,1620599060,18:24:20,20210509
14,2017-06-30,TRVX.OL,NOK,2017-06-30,2017-06-30,Q2,6000.0,0.0,0.0,0.0,20978000.0,0.0,0.0,0.0,33844000.0,33844000.0,1495000.0,75000.0,-33763000.0,-5627.166666666667,-33838000.0,-5639.666666666667,0.0,-34023000.0,-5670.5,-82000.0,-33941000.0,-5656.833333333333,-0.76771,-0.76771,43995759.0,43995759.0,https://www.oslobors.no/ob_eng/,https://www.oslobors.no/ob_eng/,1620599060,18:24:20,20210509
15,2017-03-31,TRVX.OL,NOK,2017-03-31,2017-03-31,Q1,6000.0,0.0,0.0,0.0,8792000.0,0.0,0.0,0.0,27078000.0,27078000.0,2415000.0,70000.0,-27002000.0,-4500.333333333333,-27072000.0,-4512.0,0.0,-27453000.0,-4575.5,-75000.0,-27378000.0,-4563.0,-0.623765,-0.623765,43969708.0,43969708.0,https://www.oslobors.no/ob_eng/,https://www.oslobors.no/ob_eng/,1620599060,18:24:20,20210509
16,2016-12-31,TRVX.OL,NOK,2016-12-31,2016-12-31,Q4,4000.0,0.0,0.0,0.0,17880000.0,0.0,0.0,0.0,31289000.0,31289000.0,286000.0,70000.0,-31215000.0,-7803.75,-31285000.0,-7821.25,0.0,-31998000.0,-7999.5,-84000.0,-31915000.0,-7978.75,-0.4193879026005598,-0.4193879026005598,76099000.0,76099000.0,https://www.oslobors.no/ob_eng/,https://www.oslobors.no/ob_eng/,1620599060,18:24:20,20210509
17,2016-09-30,TRVX.OL,NOK,2016-09-30,2016-09-30,Q3,33000.0,0.0,0.0,0.0,10690000.0,0.0,0.0,0.0,24841000.0,24841000.0,1174000.0,71000.0,-24737000.0,-749.6060606060606,-24808000.0,-751.7575757575758,0.0,-25746000.0,-780.1818181818181,-114000.0,-25632000.0,-776.7272727272727,-0.585379,-0.585379,43906142.0,43906142.0,https://www.oslobors.no/ob_eng/,https://www.oslobors.no/ob_eng/,1620599060,18:24:20,20210509
18,2016-06-30,TRVX.OL,NOK,2016-06-30,2016-06-30,Q2,0.0,0.0,0.0,0.0,18777000.0,0.0,0.0,0.0,32439000.0,32439000.0,1174000.0,73000.0,-32366000.0,0.0,-32439000.0,0.0,0.0,-33439000.0,0.0,12000.0,-33450000.0,0.0,-1.194023,-1.194023,42478737.0,42478737.0,https://www.oslobors.no/ob_eng/,https://www.oslobors.no/ob_eng/,1620599060,18:24:20,20210509
19,2016-03-31,TRVX.OL,NOK,2016-03-31,2016-03-31,Q1,0.0,0.0,0.0,0.0,10818000.0,0.0,0.0,0.0,30976000.0,30976000.0,836000.0,69000.0,-30907000.0,0.0,-30976000.0,0.0,0.0,-31531000.0,0.0,-74000.0,-31457000.0,0.0,-1.122776,-1.122776,43339644.0,43339644.0,https://www.oslobors.no/ob_eng/,https://www.oslobors.no/ob_eng/,1620599060,18:24:20,20210509
20,2015-12-31,TRVX.OL,NOK,2015-12-31,2015-12-31,Q4,0.0,0.0,0.0,0.0,0.0,0.0,0.0,0.0,48991100.0,48991100.0,0.0,168300.0,-48966800.0,0.0,-49135100.0,0.0,0.0,-51106400.0,0.0,1887000.0,-52993400.0,0.0,-0.6963744595855399,-0.6963744595855399,76099000.0,76099000.0,https://www.oslobors.no/ob_eng/,https://www.oslobors.no/ob_eng/,1620599060,18:24:20,20210509
21,2015-09-30,TRVX.OL,NOK,2015-09-30,2015-09-30,Q3,144000.0,0.0,0.0,0.0,0.0,0.0,0.0,0.0,29477000.0,29477000.0,1084000.0,63000.0,-29270000.0,-203.26388888888889,-29333000.0,-203.70138888888889,0.0,-28846000.0,-200.31944444444446,43000.0,-28889000.0,-200.61805555555554,-1.036409,-1.036409,27988681.0,27988681.0,https://www.oslobors.no/ob_eng/,https://www.oslobors.no/ob_eng/,1620599060,18:24:20,20210509
22,2015-06-30,TRVX.OL,NOK,2015-06-30,2015-06-30,Q2,0.0,0.0,0.0,0.0,0.0,0.0,0.0,0.0,12800000.0,12800000.0,127000.0,10000.0,-12790000.0,0.0,-12800000.0,0.0,0.0,-12756000.0,0.0,0.0,-12756000.0,0.0,-1.295511,-1.295511,9825580.0,9825580.0,https://www.oslobors.no/ob_eng/,https://www.oslobors.no/ob_eng/,1620599060,18:24:20,20210509
23,2015-03-31,TRVX.OL,NOK,2015-03-31,2015-03-31,Q1,0.0,0.0,0.0,0.0,0.0,0.0,0.0,0.0,6719666.0,6719666.0,242239.0,8017.0,-6711649.0,0.0,-6719666.0,0.0,0.0,-6750771.0,0.0,0.0,-6750771.0,0.0,-0.690939,-0.690939,9825997.0,9825997.0,https://www.oslobors.no/ob_eng/,https://www.oslobors.no/ob_eng/,1620599060,18:24:20,20210509
24,2014-12-31,TRVX.OL,NOK,2014-12-31,2014-12-31,Q4,20490.0,0.0,0.0,0.0,0.0,0.0,0.0,0.0,8615215.0,8615215.0,0.0,0.0,-8595267.0,-419.48594436310395,-8594725.0,-419.4594924353343,0.0,-8661302.0,-422.70873596876527,0.0,-8660302.0,-422.65993167398733,-0.11380309859525092,-0.11380309859525092,76099000.0,76099000.0,https://www.oslobors.no/ob_eng/,https://www.oslobors.no/ob_eng/,1620599060,18:24:20,20210509
25,2014-09-30,TRVX.OL,NOK,2014-09-30,2014-09-30,Q3,0.0,0.0,0.0,0.0,0.0,0.0,0.0,0.0,4057000.0,4057000.0,0.0,0.0,-4057000.0,0.0,-4057000.0,0.0,0.0,-4056000.0,0.0,0.0,-4056000.0,0.0,-0.412644,-0.412644,9826000.0,9826000.0,https://www.oslobors.no/ob_eng/,https://www.oslobors.no/ob_eng/,1620599060,18:24:20,20210509
26,2014-06-30,TRVX.OL,NOK,2014-06-30,2014-06-30,Q2,15000.0,0.0,0.0,0.0,0.0,0.0,0.0,0.0,2361000.0,2361000.0,0.0,0.0,-2346000.0,-156.4,-2346000.0,-156.4,0.0,-2350000.0,-156.66666666666666,0.0,-2350000.0,-156.66666666666666,-0.287891,-0.287891,8129615.0,8129615.0,https://www.oslobors.no/ob_eng/,https://www.oslobors.no/ob_eng/,1620599060,18:24:20,20210509
27,2014-03-31,TRVX.OL,NOK,2014-03-31,2014-03-31,Q1,36770.0,0.0,0.0,0.0,0.0,0.0,0.0,0.0,2649806.0,2649806.0,54348.0,0.0,-2602328.0,-70.77313026924124,-2613036.0,-71.06434593418548,0.0,-2656676.0,-72.25118302964373,0.0,-2656676.0,-72.25118302964373,-0.470223,-0.470223,5667027.0,5667027.0,https://www.oslobors.no/ob_eng/,https://www.oslobors.no/ob_eng/,1620599060,18:24:20,20210509
28,2013-12-31,TRVX.OL,NOK,2013-12-31,2013-12-31,Q4,29483.0,0.0,0.0,0.0,0.0,0.0,0.0,0.0,2623271.0,2623271.0,0.0,0.0,-2602316.0,-88.26496625173829,-2593788.0,-87.9757148187091,0.0,-2705397.0,-91.76125224705763,0.0,-2704397.0,-91.72733439609266,-0.03553787829012208,-0.03553787829012208,76099000.0,76099000.0,https://www.oslobors.no/ob_eng/,https://www.oslobors.no/ob_eng/,1620599060,18:24:20,20210509
29,2013-09-30,TRVX.OL,NOK,2013-09-30,2013-09-30,Q3,302000.0,0.0,0.0,0.0,0.0,0.0,0.0,0.0,2018000.0,2018000.0,0.0,0.0,-1716000.0,-5.682119205298013,-1716000.0,-5.682119205298013,0.0,-1730000.0,-5.728476821192053,0.0,-1730000.0,-5.728476821192053,-0.355066,-0.355066,4900806.0,4900806.0,https://www.oslobors.no/ob_eng/,https://www.oslobors.no/ob_eng/,1620599060,18:24:20,20210509
30,2013-06-30,TRVX.OL,NOK,2013-06-30,2013-06-30,Q2,4000.0,0.0,0.0,0.0,0.0,0.0,0.0,0.0,824000.0,824000.0,0.0,0.0,-820000.0,-205.0,-820000.0,-205.0,0.0,-821000.0,-205.25,0.0,-821000.0,-205.25,-0.163138,-0.163138,4900806.0,4900806.0,https://www.oslobors.no/ob_eng/,https://www.oslobors.no/ob_eng/,1620599060,18:24:20,20210509
