,date,symbol,reportedCurrency,fillingDate,acceptedDate,period,revenue,costOfRevenue,grossProfit,grossProfitRatio,researchAndDevelopmentExpenses,generalAndAdministrativeExpenses,sellingAndMarketingExpenses,otherExpenses,operatingExpenses,costAndExpenses,interestExpense,depreciationAndAmortization,ebitda,ebitdaratio,operatingIncome,operatingIncomeRatio,totalOtherIncomeExpensesNet,incomeBeforeTax,incomeBeforeTaxRatio,incomeTaxExpense,netIncome,netIncomeRatio,eps,epsdiluted,weightedAverageShsOut,weightedAverageShsOutDil,link,finalLink,timestamp,est_time,est_date
0,2020-12-31,ALV,USD,2021-02-19,2021-02-19 09:16:14,Q4,2516800000,2015000000,501800000,0.1993801652892562,83300000,-389000000.0,0.0,-11400000.0,195000000.0,2210000000.0,19700000.0,102800000.0,409600000.0,0.16274634456452639,306800000,0.12190082644628099,-10100000.0,277900000.0,0.11041799109980928,89000000.0,188500000,0.07489669421487603,2.156751,2.15,87400000,87600000,https://www.sec.gov/Archives/edgar/data/1034670/000156459021006803/0001564590-21-006803-index.htm,https://www.sec.gov/Archives/edgar/data/1034670/000156459021006803/alv-10k_20201231.htm,1620587077,15:04:37,20210509
1,2020-09-30,ALV,USD,2020-10-23,2020-10-23 09:20:20,Q3,2037200000,1637500000,399700000,0.196200667582957,-102000000,-91000000.0,0.0,-30000000.0,225200000.0,1731600000.0,21200000.0,92800000.0,267300000.0,0.13120950323974082,174500000,0.08565678382093068,-30000000.0,148500000.0,0.07289416846652268,49700000.0,98300000,0.04825250343608875,1.12,1.12,87300000,87300000,https://www.sec.gov/Archives/edgar/data/1034670/000156459020047361/0001564590-20-047361-index.htm,https://www.sec.gov/Archives/edgar/data/1034670/000156459020047361/alv-10q_20200930.htm,1620587077,15:04:37,20210509
2,2020-06-30,ALV,USD,2020-07-17,2020-07-17 09:47:56,Q2,1047600000,1033200000,14400000,0.013745704467353952,88000000,0.0,0.0,59000000.0,247899999.99999985,1281099999.9999998,15800000.0,86500000.00000001,-147000000.0,-0.14032073310423826,-233500000,-0.22289041618938527,1300000.0,-246600000.0,-0.23539518900343642,-72300000.0,-174700000,-0.16676212294768997,-2.00115,-2.00115,87300000,87300000,https://www.sec.gov/Archives/edgar/data/1034670/000156459020032551/0001564590-20-032551-index.htm,https://www.sec.gov/Archives/edgar/data/1034670/000156459020032551/alv-10q_20200630.htm,1620587077,15:04:37,20210509
3,2020-03-31,ALV,USD,2020-04-24,2020-04-24 09:29:41,Q1,1845800000,1514800000,331000000,0.179326037490519,102600000,0.0,0.0,-2100000.0,196700000.00000006,1711500000.0,16000000.0,88800000.0,223100000.0,0.1208689998916459,134300000,0.07275977895763355,400000.0,111300000.0,0.06029905731931954,36400000.0,74800000,0.04052443384982122,0.85584,0.85584,87400000,87400000,https://www.sec.gov/Archives/edgar/data/1034670/000156459020018358/0001564590-20-018358-index.htm,https://www.sec.gov/Archives/edgar/data/1034670/000156459020005667/alv-10k_20191231.htm,1620587077,15:04:37,20210509
4,2019-12-31,ALV,USD,2020-02-21,2020-02-21 10:47:12,Q4,2191200000,1764400000,426800000,0.19477911646586346,82000000,0.0,0.0,13900000.0,197500000.0,1961900000.0,17000000.0,90500000.0,319800000.0,0.145947426067908,229300000,0.10464585615188025,-4100000.0,209600000.0,0.09565534866739686,53700000.0,155600000,0.07101131799926981,1.78032,1.78032,87400000,87400000,https://www.sec.gov/Archives/edgar/data/1034670/000156459020005667/0001564590-20-005667-index.htm,https://www.sec.gov/Archives/edgar/data/1034670/000156459020005667/alv-10k_20191231.htm,1620587077,15:04:37,20210509
5,2019-09-30,ALV,USD,2019-10-25,2019-10-25 10:11:48,Q3,2027700000,1648600000,379100000,0.18696059574887805,99100000,0.0,0.0,25600000.0,225300000.00000018,1873900000.0000002,17100000.0,84100000.00000001,237900000.0,0.1173250480840361,153800000,0.07584948463776693,-3400000.0,134400000.0,0.06628199437786655,48400000.0,85400000,0.042116683927602705,0.97824,0.97824,87300000,87300000,https://www.sec.gov/Archives/edgar/data/1034670/000156459019037855/0001564590-19-037855-index.htm,https://www.sec.gov/Archives/edgar/data/1034670/000156459019037855/alv-10q_20190930.htm,1620587077,15:04:37,20210509
6,2019-06-30,ALV,USD,2019-07-19,2019-07-19 09:47:35,Q2,2154700000,1755000000,399700000,0.18550146192045297,117000000,0.0,0.0,9200000.0,230200000.00000006,1985200000.0,17500000.0,85900000.0,255400000.0,0.11853158212280132,169500000,0.07866524342135796,-8200000.0,150800000.0,0.06998654104979811,41400000.0,109100000,0.05063349886295076,1.24971,1.24971,87300000,87300000,https://www.sec.gov/Archives/edgar/data/1034670/000156459019025291/0001564590-19-025291-index.htm,https://www.sec.gov/Archives/edgar/data/1034670/000156459019025291/alv-10q_20190630.htm,1620587077,15:04:37,20210509
7,2019-03-31,ALV,USD,2019-04-26,2019-04-26 10:51:26,Q1,2174000000,1795200000,378800000,0.17424103035878566,107400000,0.0,0.0,-6000000.0,205599999.9999999,2000800000.0,18000000.0,90100000.0,263300000.0,0.12111315547378104,173200000,0.0796688132474701,-400000.0,153600000.0,0.07065317387304508,42100000.0,111400000,0.05124195032198712,1.2746,1.2746,87400000,87400000,https://www.sec.gov/Archives/edgar/data/1034670/000156459019013244/0001564590-19-013244-index.htm,https://www.sec.gov/Archives/edgar/data/1034670/000156459019003571/alv-10k_20181231.htm,1620587077,15:04:37,20210509
8,2018-12-31,ALV,USD,2019-02-21,2019-02-21 11:12:11,Q4,2192800000,1767600000,425200000,0.1939073330901131,84700000,0.0,0.0,217300000.0,404200000.0000003,2171800000.0000005,19900000.0,88700000.00000004,109700000.00000004,0.05002736227654143,21000000,0.009576796789492886,-2600000.0,2100000.0,0.0009576796789492886,94900000.0,-91000000,-0.041499452754469174,-1.04478,-1.04478,87100000,87100000,https://www.sec.gov/Archives/edgar/data/1034670/000156459019003571/0001564590-19-003571-index.htm,https://www.sec.gov/Archives/edgar/data/1034670/000156459019003571/alv-10k_20181231.htm,1620587077,15:04:37,20210509
9,2018-09-30,ALV,USD,2018-10-26,2018-10-26 10:07:12,Q3,2033000000,1646900000,386100000,0.1899163797343827,101900000,0.0,0.0,-1100000.0,193599999.9999999,1840500000.0,18900000.0,85099999.99999997,277600000.0,0.13654697491392032,192500000,0.09468765371372356,-3800000.0,171300000.0,0.08425971470732907,53300000.0,117500000,0.05779636005902607,1.34439,1.34439,87400000,87400000,https://www.sec.gov/Archives/edgar/data/1034670/000156459018025218/0001564590-18-025218-index.htm,https://www.sec.gov/Archives/edgar/data/1034670/000156459018025218/alv-10q_20180930.htm,1620587077,15:04:37,20210509
10,2018-06-30,ALV,USD,2018-07-27,2018-07-27 12:55:12,Q2,2211500000,1771800000,439700000,0.1988243273796066,117500000,0.0,0.0,-9600000.0,210600000.00000015,1982400000.0000002,13600000.0,113500000.00000001,342600000.0,0.15491747682568394,229100000,0.10359484512774135,-7700000.0,210100000.0,0.09500339136332805,16900000.0,37200000,0.01682116210716708,0.42563,0.42563,87400000,87400000,https://www.sec.gov/Archives/edgar/data/1034670/000156459018017723/0001564590-18-017723-index.htm,https://www.sec.gov/Archives/edgar/data/1034670/000156459018017723/alv-10q_20180630.htm,1620587077,15:04:37,20210509
11,2018-03-31,ALV,USD,2018-04-27,2018-04-27 12:17:37,Q1,2240900000,1780600000,460300000,0.20540854121112054,108500000,0.0,0.0,4500000.0,353800000.0,1997500000.0,13700000.0,109800000.0,353200000.0,0.1576152438752287,243400000,0.10861707349725556,-3900000.0,228900000.0,0.1021464590120041,69800000.0,126700000,0.056539783122852426,1.44966,1.44966,87400000,87400000,https://www.sec.gov/Archives/edgar/data/1034670/000156459018009503/0001564590-18-009503-index.htm,https://www.sec.gov/Archives/edgar/data/1034670/000156459018002787/alv-10k_20171231.htm,1620587077,15:04:37,20210509
12,2017-12-31,ALV,USD,2018-02-22,2018-02-22 09:46:01,Q4,2158700000,1717900000,440800000,0.20419697039885115,75600000,0.0,0.0,2400000.0,319900000.0,1908400000.0,14600000.0,107199999.99999999,357500000.0,0.16560893130124613,250300000,0.11594941399916617,2700000.0,240800000.0,0.11154861722332886,-21600000.0,62600000,0.02899893454393848,0.71871,0.71871,87100000,87100000,https://www.sec.gov/Archives/edgar/data/1034670/000156459018002787/0001564590-18-002787-index.htm,https://www.sec.gov/Archives/edgar/data/1034670/000156459018002787/alv-10k_20171231.htm,1620587077,15:04:37,20210509
13,2017-09-30,ALV,USD,2017-10-26,2017-10-26 12:10:10,Q3,1952600000,1557700000,394900000,0.20224316296220424,93100000,0.0,0.0,35100000.0,345600000.0,1785400000.0,15300000.0,104200000.00000001,271400000.0,0.13899416163064632,167200000,0.08562941718733996,-3400000.0,150700000.0,0.07717914575437877,44500000.0,90800000,0.046502099764416674,1.04128,1.04128,87200000,87200000,https://www.sec.gov/Archives/edgar/data/1034670/000156459017020120/0001564590-17-020120-index.htm,https://www.sec.gov/Archives/edgar/data/1034670/000156459017020120/alv-10q_20170930.htm,1620587077,15:04:37,20210509
14,2017-06-30,ALV,USD,2017-07-21,2017-07-21 11:36:40,Q2,1983900000,1568600000,415300000,0.20933514794092445,95700000,0.0,0.0,-8100000.0,319100000.0,1764100000.0,15100000.0,99600000.00000001,319400000.0,0.16099601794445284,219800000,0.11079187459045314,-5600000.0,201200000.0,0.10141640203639296,65100000.0,129800000,0.06542668481274258,1.47333,1.47333,88100000,88100000,https://www.sec.gov/Archives/edgar/data/1034670/000156459017013770/0001564590-17-013770-index.htm,https://www.sec.gov/Archives/edgar/data/1034670/000156459017013770/alv-10q_20170630.htm,1620587077,15:04:37,20210509
15,2017-03-31,ALV,USD,2017-04-28,2017-04-28 12:50:22,Q1,2041600000,1612900000,428700000,0.20998236677115986,106200000,0.0,0.0,2300000.0,324900000.0,1819299999.9999998,16200000.0,114800000.0,337100000.0,0.16511559561128528,222300000,0.1088851880877743,-8900000.0,199700000.0,0.09781543887147336,51400000.0,143900000,0.07048393416927899,1.63152,1.63152,88200000,88200000,https://www.sec.gov/Archives/edgar/data/1034670/000156459017007704/0001564590-17-007704-index.htm,https://www.sec.gov/Archives/edgar/data/1034670/000119312517052888/d302454d10k.htm,1620587077,15:04:37,20210509
16,2016-12-31,ALV,USD,2017-02-23,2017-02-23 06:59:31,Q4,2603800000,2069600000,534200000,0.2051616867654966,150300000,0.0,0.0,7300000.0,295500000.0,2365100000.0,15700000.0,103600000.00000001,342300000.0,0.13146170980874108,238700000,0.09167370765803826,2200000.0,228000000.0,0.0875643290575313,83800000.0,147700000,0.05672478684998848,1.66516,1.66516,88700000,88700000,https://www.sec.gov/Archives/edgar/data/1034670/000119312517052888/0001193125-17-052888-index.htm,https://www.sec.gov/Archives/edgar/data/1034670/000119312517052888/d302454d10k.htm,1620587077,15:04:37,20210509
17,2016-09-30,ALV,USD,2016-10-27,2016-10-27 11:55:20,Q3,2461300000,1966000000,495300000,0.2012351196522163,165500000,0.0,0.0,10000000.0,304199999.9999998,2270200000.0,15600000.0,97599999.99999997,288700000.0,0.11729573802462114,191100000,0.07764189655872912,8100000.0,185100000.0,0.07520416040303904,49600000.0,137800000,0.05598667370901556,1.55706,1.55706,88500000,88500000,https://www.sec.gov/Archives/edgar/data/1034670/000156459016026325/0001564590-16-026325-index.htm,https://www.sec.gov/Archives/edgar/data/1034670/000156459016026325/alv-10q_20160930.htm,1620587077,15:04:37,20210509
18,2016-06-30,ALV,USD,2016-07-22,2016-07-22 13:21:07,Q2,2578500000,2052000000,526500000,0.20418848167539266,176400000,0.0,0.0,5200000.0,313800000.0000002,2365800000.0,15600000.0,96700000.00000001,309400000.0,0.11999224355245297,212700000,0.08248981966259453,2300000.0,200400000.0,0.0777196044211751,52000000.0,148400000,0.057552840798914096,1.67873,1.67873,88400000,88400000,https://www.sec.gov/Archives/edgar/data/1034670/000119312516654772/0001193125-16-654772-index.htm,https://www.sec.gov/Archives/edgar/data/1034670/000119312516654772/d211582d10q.htm,1620587077,15:04:37,20210509
19,2016-03-31,ALV,USD,2016-04-29,2016-04-29 14:02:32,Q1,2430000000,1929000000,501000000,0.20617283950617285,158800000,0.0,0.0,16000000.0,295800000.0000002,2224800000.0,15500000.0,85100000.0,290300000.0,0.11946502057613169,205200000,0.08444444444444445,-1200000.0,190300000.0,0.07831275720164609,56800000.0,133200000,0.054814814814814816,1.50849,1.50849,88300000,88300000,https://www.sec.gov/Archives/edgar/data/1034670/000119312516568223/0001193125-16-568223-index.htm,https://www.sec.gov/Archives/edgar/data/1034670/000119312516469305/d92313d10k.htm,1620587077,15:04:37,20210509
20,2015-12-31,ALV,USD,2016-02-19,2016-02-19 11:00:07,Q4,2519500000,1998800000,520700000,0.20666798968049216,126600000,0.0,0.0,-4000000.0,239399999.99999985,2238200000.0,15500000.0,89500000.00000003,370800000.0,0.14717205794800556,281300000,0.11164913673347887,-3000000.0,264900000.0,0.10513990871204604,79000000.0,185500000,0.07362571938876761,2.09842,2.09842,88400000,88400000,https://www.sec.gov/Archives/edgar/data/1034670/000119312516469305/0001193125-16-469305-index.htm,https://www.sec.gov/Archives/edgar/data/1034670/000119312516469305/d92313d10k.htm,1620587077,15:04:37,20210509
21,2015-09-30,ALV,USD,2015-10-23,2015-10-23 12:31:15,Q3,2184500000,1744400000,440100000,0.20146486610208286,130400000,0.0,0.0,46400000.0,282299999.99999994,2026700000.0,15600000.0,80100000.0,237900000.0,0.10890363927672236,157800000,0.07223620965896085,8200000.0,151800000.0,0.06948958571755551,52700000.0,98900000,0.04527351796749828,1.12005,1.12005,88300000,88300000,https://www.sec.gov/Archives/edgar/data/1034670/000119312515351661/0001193125-15-351661-index.htm,https://www.sec.gov/Archives/edgar/data/1034670/000119312515351661/d65049d10q.htm,1620587077,15:04:37,20210509
22,2015-06-30,ALV,USD,2015-07-17,2015-07-17 10:53:29,Q2,2291500000,1831500000,460000000,0.20074187213615535,140300000,0.0,0.0,6500000.0,251300000.00000018,2082800000.0000002,16900000.0,75800000.0,284500000.0,0.12415448396247,208700000,0.09107571459742526,500000.0,194500000.0,0.084878900283657,57700000.0,136700000,0.05965524765437486,1.54813,1.54813,88300000,88300000,https://www.sec.gov/Archives/edgar/data/1034670/000119312515255567/0001193125-15-255567-index.htm,https://www.sec.gov/Archives/edgar/data/1034670/000119312515255567/d89386d10q.htm,1620587077,15:04:37,20210509
23,2015-03-31,ALV,USD,2015-04-22,2015-04-22 15:48:55,Q1,2174100000,1750800000,423300000,0.1947012556920105,126500000,0.0,0.0,112500000.0,343299999.99999994,2094100000.0,17100000.0,73700000.0,153700000.0,0.07069592015086702,80000000,0.036796835472149396,-100000.0,64500000.0,0.02966744859942045,28800000.0,35700000,0.016420587829446668,0.40293,0.40293,88600000,88600000,https://www.sec.gov/Archives/edgar/data/1034670/000119312515141900/0001193125-15-141900-index.htm,https://www.sec.gov/Archives/edgar/data/1034670/000119312515053479/d820512d10k.htm,1620587077,15:04:37,20210509
24,2014-12-31,ALV,USD,2015-02-19,2015-02-19 08:07:11,Q4,2353700000,1885800000,467900000,0.19879338913200492,122900000,0.0,0.0,17900000.0,251200000.00000006,2137000000.0,18200000.0,77399999.99999999,294100000.0,0.12495220291456005,216700000,0.09206780813187747,3000000.0,203300000.0,0.08637464417725284,55300000.0,148200000,0.0629646938862217,1.64667,1.64667,90000000,90000000,https://www.sec.gov/Archives/edgar/data/1034670/000119312515053479/0001193125-15-053479-index.htm,https://www.sec.gov/Archives/edgar/data/1034670/000119312515053479/d820512d10k.htm,1620587077,15:04:37,20210509
25,2014-09-30,ALV,USD,2014-10-23,2014-10-23 11:45:56,Q3,2208000000,1781600000,426400000,0.19311594202898552,135700000,0.0,0.0,10800000.0,251600000.00000015,2033200000.0000002,19400000.0,77400000.0,252200000.0,0.11422101449275363,174800000,0.07916666666666666,-1900000.0,156500000.0,0.07087862318840579,49800000.0,106500000,0.04823369565217391,1.15887,1.15887,91900000,91900000,https://www.sec.gov/Archives/edgar/data/1034670/000119312514379794/0001193125-14-379794-index.htm,https://www.sec.gov/Archives/edgar/data/1034670/000119312514379794/d796852d10q.htm,1620587077,15:04:37,20210509
26,2014-06-30,ALV,USD,2014-07-18,2014-07-18 11:11:57,Q2,2383000000,1918800000,464200000,0.19479647503147293,134800000,0.0,0.0,81200000.0,324799999.99999994,2243600000.0,17800000.0,76800000.0,216200000.0,0.0907259756609316,139400000,0.05849769198489299,-2700000.0,122900000.0,0.05157364666386907,39700000.0,82800000,0.034746118338229125,0.88556,0.88556,93500000,93500000,https://www.sec.gov/Archives/edgar/data/1034670/000119312514272487/0001193125-14-272487-index.htm,https://www.sec.gov/Archives/edgar/data/1034670/000119312514272487/d742041d10q.htm,1620587077,15:04:37,20210509
27,2014-03-31,ALV,USD,2014-04-25,2014-04-25 11:26:54,Q1,2295800000,1850500000,445300000,0.19396288875337572,142200000,0.0,0.0,4800000.0,253599999.9999999,2104100000.0,8000000.0,73800000.0,265500000.0,0.11564596219182856,191700000,0.08350030490460841,-2300000.0,184300000.0,0.08027702761564597,53200000.0,130300000,0.05675581496646049,1.38176,1.38176,94300000,94300000,https://www.sec.gov/Archives/edgar/data/1034670/000119312514158776/0001193125-14-158776-index.htm,https://www.sec.gov/Archives/edgar/data/1034670/000119312514061778/d631733d10k.htm,1620587077,15:04:37,20210509
28,2013-12-31,ALV,USD,2014-02-21,2014-02-21 08:48:15,Q4,2351900000,1897000000,454900000,0.1934180875037204,109600000,0.0,0.0,34300000.0,252199999.99999982,2149200000.0,8600000.0,75400000.0,278100000.0,0.11824482333432544,202700000,0.08618563714443642,-2800000.0,194600000.0,0.08274161316382499,94100000.0,99700000,0.042391258131723286,1.04289,1.04289,95600000,95600000,https://www.sec.gov/Archives/edgar/data/1034670/000119312514061778/0001193125-14-061778-index.htm,https://www.sec.gov/Archives/edgar/data/1034670/000119312514061778/d631733d10k.htm,1620587077,15:04:37,20210509
29,2013-09-30,ALV,USD,2013-10-24,2013-10-24 12:39:23,Q3,2119000000,1714100000,404900000,0.19108069844266162,120200000,0.0,0.0,3500000.0,222600000.00000015,1936700000.0000002,8100000.0,71199999.99999999,253500000.0,0.1196319018404908,182300000,0.08603114676734308,-300000.0,176600000.0,0.083341198678622,51700000.0,123900000,0.05847097687588485,1.28794,1.28794,96200000,96200000,https://www.sec.gov/Archives/edgar/data/1034670/000119312513409481/0001193125-13-409481-index.htm,https://www.sec.gov/Archives/edgar/data/1034670/000119312513409481/d604235d10q.htm,1620587077,15:04:37,20210509
30,2013-06-30,ALV,USD,2013-07-19,2013-07-19 10:55:05,Q2,2197500000,1767000000,430500000,0.19590443686006825,130400000,0.0,0.0,4100000.0,236500000.0,2003500000.0,8300000.0,69800000.00000001,263800000.0,0.12004550625711036,194000000,0.08828213879408418,4400000.0,192700000.0,0.0876905574516496,53300000.0,138700000,0.06311717861205916,1.44479,1.44479,96000000,96000000,https://www.sec.gov/Archives/edgar/data/1034670/000119312513295155/0001193125-13-295155-index.htm,https://www.sec.gov/Archives/edgar/data/1034670/000119312513295155/d552636d10q.htm,1620587077,15:04:37,20210509
31,2013-03-31,ALV,USD,2013-04-26,2013-04-26 11:20:41,Q1,2135000000,1720700000,414300000,0.19405152224824357,129100000,0.0,0.0,1700000.0,231899999.99999985,1952599999.9999998,7900000.0,69600000.0,252000000.0,0.1180327868852459,182400000,0.08543325526932084,-7000000.0,170100000.0,0.07967213114754099,45000000.0,123500000,0.05784543325526932,1.28914,1.28914,95800000,95800000,https://www.sec.gov/Archives/edgar/data/1034670/000119312513176375/0001193125-13-176375-index.htm,https://www.sec.gov/Archives/edgar/data/1034670/000119312513070928/d433868d10k.htm,1620587077,15:04:37,20210509
32,2012-12-31,ALV,USD,2013-02-22,2013-02-22 11:59:03,Q4,2051900000,1656500000,395400000,0.1926994492909011,105400000,0.0,0.0,19600000.0,221099999.9999999,1877600000.0,9100000.0,69199999.99999999,243500000.0,0.11867050051172084,174300000,0.08494566011988888,1000000.0,170000000.0,0.08285004142502071,30000000.0,138700000,0.06759588673911984,1.44781,1.44781,95800000,95800000,https://www.sec.gov/Archives/edgar/data/1034670/000119312513070928/0001193125-13-070928-index.htm,https://www.sec.gov/Archives/edgar/data/1034670/000119312513070928/d433868d10k.htm,1620587077,15:04:37,20210509
33,2012-09-30,ALV,USD,2012-10-23,2012-10-23 11:41:14,Q3,1947100000,1559500000,387600000,0.19906527656514816,96800000,0.0,0.0,9800000.0,200200000.00000006,1759700000.0,10900000.0,68300000.00000001,255700000.0,0.1313235067536336,187400000,0.09624569873144677,-4100000.0,175100000.0,0.08992861178162395,57100000.0,117500000,0.06034615582147809,1.2278,1.2278,95700000,95700000,https://www.sec.gov/Archives/edgar/data/1034670/000119312512431089/0001193125-12-431089-index.htm,https://www.sec.gov/Archives/edgar/data/1034670/000119312512431089/d408855d10q.htm,1620587077,15:04:37,20210509
34,2012-06-30,ALV,USD,2012-07-20,2012-07-20 10:24:57,Q2,2088800000,1666700000,422100000,0.20207774798927614,126900000,0.0,0.0,5800000.0,231700000.00000006,1898400000.0,9200000.0,68999999.99999999,259400000.0,0.12418613558023746,190400000,0.09115281501340483,-900000.0,182400000.0,0.08732286480275757,56200000.0,126400000,0.060513213328226734,1.32913,1.32913,95100000,95100000,https://www.sec.gov/Archives/edgar/data/1034670/000119312512308325/0001193125-12-308325-index.htm,https://www.sec.gov/Archives/edgar/data/1034670/000119312512308325/d365819d10q.htm,1620587077,15:04:37,20210509
35,2012-03-31,ALV,USD,2012-04-27,2012-04-27 13:05:21,Q1,2178900000,1737800000,441100000,0.20244159897195832,126300000,0.0,0.0,63300000.0,287799999.99999994,2025600000.0,12500000.0,66700000.0,220000000.0,0.10096837853963009,153300000,0.07035660195511496,-2600000.0,141100000.0,0.0647574464179173,39700000.0,100500000,0.04612419110560374,1.07143,1.07143,93800000,93800000,https://www.sec.gov/Archives/edgar/data/1034670/000119312512189913/0001193125-12-189913-index.htm,https://www.sec.gov/Archives/edgar/data/1034670/000119312512074898/d222650d10k.htm,1620587077,15:04:37,20210509
36,2011-12-31,ALV,USD,2012-02-23,2012-02-23 14:10:09,Q4,2044700000,1615600000,429100000,0.20985963711057856,105800000,0.0,0.0,2900000.0,205000000.0,1820600000.0,14900000.0,70400000.0,294500000.0,0.14403090917983077,224100000,0.10960043038098499,-1400000.0,210900000.0,0.10314471560620139,51200000.0,158500000,0.07751748422751503,1.69882,1.69882,93300000,93300000,https://www.sec.gov/Archives/edgar/data/1034670/000119312512074898/0001193125-12-074898-index.htm,https://www.sec.gov/Archives/edgar/data/1034670/000119312512074898/d222650d10k.htm,1620587077,15:04:37,20210509
37,2011-09-30,ALV,USD,2011-10-26,2011-10-26 14:58:43,Q3,2017600000,1606400000,411200000,0.20380650277557494,103700000,0.0,0.0,6900000.0,206300000.0,1812599999.9999998,16200000.0,66500000.0,271500000.0,0.13456582077716098,205000000,0.10160586835844568,400000.0,192600000.0,0.0954599524187153,53500000.0,138400000,0.06859635210150675,1.48021,1.48021,93500000,93500000,https://www.sec.gov/Archives/edgar/data/1034670/000119312511281865/0001193125-11-281865-index.htm,https://www.sec.gov/Archives/edgar/data/1034670/000119312511281865/d232204d10q.htm,1620587077,15:04:37,20210509
38,2011-06-30,ALV,USD,2011-07-21,2011-07-21 14:45:17,Q2,2061500000,1639900000,421600000,0.20451127819548873,117500000,0.0,0.0,-2000000.0,216200000.0,1862400000.0,15500000.0,66000000.0,265100000.0,0.12859568275527528,199100000,0.09658016007761339,-1600000.0,185000000.0,0.08974048023284016,39300000.0,145000000,0.07033713315546931,1.54255,1.54255,94000000,94000000,https://www.sec.gov/Archives/edgar/data/1034670/000119312511193513/0001193125-11-193513-index.htm,https://www.sec.gov/Archives/edgar/data/1034670/000119312511193513/d10q.htm,1620587077,15:04:37,20210509
39,2011-03-31,ALV,USD,2011-04-20,2011-04-20 11:07:45,Q1,2108600000,1642600000,466000000,0.22099971545101016,114500000,0.0,0.0,2100000.0,211200000.00000006,1853800000.0,15400000.0,65400000.0,320200000.0,0.15185431091719626,254800000,0.12083847102342787,-1800000.0,239800000.0,0.11372474627715072,57300000.0,181500000,0.08607606942995352,1.93291,1.93291,93900000,93900000,https://www.sec.gov/Archives/edgar/data/1034670/000119312511103211/0001193125-11-103211-index.htm,https://www.sec.gov/Archives/edgar/data/1034670/000119312511043338/d10k.htm,1620587077,15:04:37,20210509
40,2010-12-31,ALV,USD,2011-02-23,2011-02-23 13:34:54,Q4,1907400000,1484600000,422800000,0.22166299674950193,87400000,0.0,0.0,300000.0,163800000.0,1665000000.0,13000000.0,68000000.0,310400000.0,0.16273461256160218,242400000,0.12708398867568418,-1300000.0,230800000.0,0.12100241165985111,52000000.0,177500000,0.0930586138198595,1.89434,1.89434,93700000,93700000,https://www.sec.gov/Archives/edgar/data/1034670/000119312511043338/0001193125-11-043338-index.htm,https://www.sec.gov/Archives/edgar/data/1034670/000119312511043338/d10k.htm,1620587077,15:04:37,20210509
41,2010-09-30,ALV,USD,2010-10-26,2010-10-26 09:09:47,Q3,1740900000,1367100000,373800000,0.2147165259348613,88600000,0.0,0.0,2200000.0,171700000.00000006,1538800000.0,13500000.0,69000000.0,271100000.0,0.15572405077833304,202100000,0.1160893790568097,-1600000.0,189600000.0,0.10890918490435982,48500000.0,140100000,0.08047561606065828,1.5097,1.5097,92800000,92800000,https://www.sec.gov/Archives/edgar/data/1034670/000119312510236266/0001193125-10-236266-index.htm,https://www.sec.gov/Archives/edgar/data/1034670/000119312510236266/d10q.htm,1620587077,15:04:37,20210509
42,2010-06-30,ALV,USD,2010-07-23,2010-07-23 10:40:52,Q2,1801500000,1389500000,412000000,0.22869830696641688,93700000,0.0,0.0,2800000.0,182900000.0,1584500000.0,27800000.0,71299999.99999999,288300000.0,0.16003330557868442,217000000,0.12045517624202054,-1800000.0,205900000.0,0.11429364418540106,58500000.0,146500000,0.08132112128781571,1.59934,1.59934,91600000,91600000,https://www.sec.gov/Archives/edgar/data/1034670/000119312510164685/0001193125-10-164685-index.htm,https://www.sec.gov/Archives/edgar/data/1034670/000119312510164685/d10q.htm,1620587077,15:04:37,20210509
43,2010-03-31,ALV,USD,2010-04-28,2010-04-28 13:37:26,Q1,1720800000,1337300000,383500000,0.22286145978614597,91600000,0.0,0.0,11100000.0,188100000.00000015,1525400000.0000002,14000000.0,73400000.0,268800000.0,0.15620641562064155,195400000,0.11355183635518364,-1300000.0,179200000.0,0.10413761041376104,51000000.0,126500000,0.07351231985123198,1.39317,1.39317,90800000,90800000,https://www.sec.gov/Archives/edgar/data/1034670/000119312510096306/0001193125-10-096306-index.htm,https://www.sec.gov/Archives/edgar/data/1034670/000119312510035083/d10k.htm,1620587077,15:04:37,20210509
44,2009-12-31,ALV,USD,2010-02-19,2010-02-19 14:28:08,Q4,1674700000,1332300000,342400000,0.2044545291694035,80500000,0.0,0.0,68500000.0,232500000.0,1564800000.0,14000000.0,86500000.0,196400000.0,0.11727473577357139,109900000,0.06562369379590374,-100000.0,97700000.0,0.058338806950498596,34200000.0,61300000,0.036603570788797994,0.72544,0.72544,84500000,84500000,https://www.sec.gov/Archives/edgar/data/1034670/000119312510035083/0001193125-10-035083-index.htm,https://www.sec.gov/Archives/edgar/data/1034670/000119312510035083/d10k.htm,1620587077,15:04:37,20210509
45,2009-09-30,ALV,USD,2009-10-21,2009-10-21 16:19:19,Q3,1325900000,1087100000,238800000,0.18010408024737914,82700000,0.0,0.0,13900000.0,178800000.00000018,1265900000.0000002,18000000.0,78000000.0,138000000.0,0.1040802473791387,60000000,0.04525228146919074,-4600000.0,39200000.0,0.029564823893204615,5500000.0,32800000,0.024737913869824272,0.36813,0.36813,89100000,89100000,https://www.sec.gov/Archives/edgar/data/1034670/000119312509211118/0001193125-09-211118-index.htm,https://www.sec.gov/Archives/edgar/data/1034670/000119312509211118/d10q.htm,1620587077,15:04:37,20210509
46,2009-06-30,ALV,USD,2009-07-22,2009-07-22 14:25:46,Q2,1193400000,1007000000,186400000,0.15619239148650912,84000000,0.0,0.0,35300000.0,198700000.00000006,1205700000.0,18000000.0,78800000.00000001,66500000.000000015,0.05572314395843809,-12300000,-0.010306686777275012,-35000000.0,-27900000.0,-0.023378582202111614,-7400000.0,-20700000,-0.017345399698340876,-0.24324,-0.24324,85100000,85100000,https://www.sec.gov/Archives/edgar/data/1034670/000119312509153014/0001193125-09-153014-index.htm,https://www.sec.gov/Archives/edgar/data/1034670/000119312509153014/d10q.htm,1620587077,15:04:37,20210509
47,2009-03-31,ALV,USD,2009-04-23,2009-04-23 10:39:45,Q1,926700000,846400000,80300000,0.08665155929642819,75200000,0.0,0.0,16000000.0,169000000.0,1015400000.0,18000000.0,71000000.0,-17700000.0,-0.019100032372936226,-88700000,-0.09571598143951657,-200000.0,-103500000.0,-0.11168662997733894,-39400000.0,-63400000,-0.0684148052228337,-0.89929,-0.89929,70500000,70500000,https://www.sec.gov/Archives/edgar/data/1034670/000119312509085348/0001193125-09-085348-index.htm,https://www.sec.gov/Archives/edgar/data/1034670/000115752309001524/a5898656.htm,1620587077,15:04:37,20210509
48,2008-12-31,ALV,USD,2009-02-24,2009-02-24 10:33:55,Q4,1193100000,1051200000,141900000,0.11893386975106865,63800000,0.0,0.0,35900000.0,169200000.00000006,1220400000.0,-48000000.0,90399999.99999999,63099999.999999985,0.05288743609085574,-27300000,-0.022881569021875787,-2100000.0,-46600000.0,-0.0390579163523594,-8900000.0,-38400000,-0.032185064118682424,-0.54623,-0.54623,70300000,70300000,https://www.sec.gov/Archives/edgar/data/1034670/000115752309001524/0001157523-09-001524-index.htm,https://www.sec.gov/Archives/edgar/data/1034670/000115752309001524/a5898656.htm,1620587077,15:04:37,20210509
49,2008-09-30,ALV,USD,2008-10-22,2008-10-22 16:09:01,Q3,1544700000,1283700000,261000000,0.16896484754321228,80900000,0.0,0.0,30200000.0,202700000.00000006,1486400000.0,16000000.0,86100000.0,144400000.0,0.09348093480934809,58300000,0.03774195636693209,1300000.0,47200000.0,0.030556095034634558,13200000.0,31200000,0.020198096717809283,0.43636,0.43636,71500000,71500000,https://www.sec.gov/Archives/edgar/data/1034670/000115752308008243/0001157523-08-008243-index.htm,https://www.sec.gov/Archives/edgar/data/1034670/000115752308008243/a5809045.htm,1620587077,15:04:37,20210509
50,2008-06-30,ALV,USD,2008-07-23,2008-07-23 09:17:38,Q2,1907700000,1536000000,371700000,0.19484195628243434,109600000,0.0,0.0,6200000.0,223500000.0,1759500000.0,16000000.0,86000000.0,234200000.0,0.12276563400954028,148200000,0.077685170624312,-600000.0,134600000.0,0.07055616711222938,42000000.0,90400000,0.0473869056979609,1.24347,1.24347,72700000,72700000,https://www.sec.gov/Archives/edgar/data/1034670/000115752308005751/0001157523-08-005751-index.htm,https://www.sec.gov/Archives/edgar/data/1034670/000115752308005751/a5734902.htm,1620587077,15:04:37,20210509
51,2008-03-31,ALV,USD,2008-04-23,2008-04-23 09:50:30,Q1,1827700000,1478100000,349600000,0.1912786562346118,112900000,0.0,0.0,300000.0,222300000.00000018,1700400000.0000002,16000000.0,84400000.0,211700000.0,0.11582863708486076,127300000,0.06965038025934234,-200000.0,113500000.0,0.062099906986923456,30000000.0,81500000,0.04459156316682169,1.10583,1.10583,73700000,73700000,https://www.sec.gov/Archives/edgar/data/1034670/000115752308003158/0001157523-08-003158-index.htm,https://www.sec.gov/Archives/edgar/data/1034670/000115752308001642/a5612035.htm,1620587077,15:04:37,20210509
52,2007-12-31,ALV,USD,2008-02-22,2008-02-22 13:05:00,Q4,1784300000,1437100000,347200000,0.19458611220086308,81400000,0.0,0.0,6700000.0,183100000.00000015,1620200000.0000002,18000000.0,84500000.0,248600000.0,0.13932634646640138,164100000,0.09196883932074203,-1900000.0,149200000.0,0.08361822563470268,53800000.0,94000000,0.052681723925348874,1.25,1.25,75200000,75200000,https://www.sec.gov/Archives/edgar/data/1034670/000115752308001642/0001157523-08-001642-index.htm,https://www.sec.gov/Archives/edgar/data/1034670/000115752308001642/a5612035.htm,1620587077,15:04:37,20210509
53,2007-09-30,ALV,USD,2007-10-25,2007-10-25 15:30:06,Q3,1557200000,1254900000,302300000,0.19413049062419727,93000000,0.0,0.0,9700000.0,192299999.99999994,1447200000.0,15000000.0,77400000.0,187400000.0,0.12034420755201644,110000000,0.07063960955561263,-3300000.0,95000000.0,0.06100693552530182,29800000.0,63200000,0.0405856665810429,0.81234,0.81234,77800000,77800000,https://www.sec.gov/Archives/edgar/data/1034670/000115752307010240/0001157523-07-010240-index.htm,https://www.sec.gov/Archives/edgar/data/1034670/000115752307010240/a5521891.htm,1620587077,15:04:37,20210509
54,2007-06-30,ALV,USD,2007-07-27,2007-07-27 09:22:05,Q2,1728300000,1384600000,343700000,0.19886593762656946,109700000,0.0,0.0,35800000.0,241800000.00000018,1626400000.0000002,14000000.0,78900000.0,180800000.0,0.1046114679164497,101900000,0.058959671353353005,-2500000.0,88800000.0,0.05137996875542441,29400000.0,57500000,0.033269686975640804,0.72236,0.72236,79600000,79600000,https://www.sec.gov/Archives/edgar/data/1034670/000115752307007399/0001157523-07-007399-index.htm,https://www.sec.gov/Archives/edgar/data/1034670/000115752307007399/a5457221.htm,1620587077,15:04:37,20210509
55,2007-03-31,ALV,USD,2007-04-27,2007-04-27 09:43:06,Q1,1699200000,1361800000,337400000,0.19856403013182675,111600000,0.0,0.0,600000.0,211400000.0000001,1573200000.0,15000000.0,80000000.0,206000000.0,0.12123352165725047,126000000,0.07415254237288135,-1000000.0,113200000.0,0.0666195856873823,37300000.0,73200000,0.04307909604519774,0.91158,0.91158,80300000,80300000,https://www.sec.gov/Archives/edgar/data/1034670/000103467007000049/0001034670-07-000049-index.htm,https://www.sec.gov/Archives/edgar/data/1034670/000103467007000049/alv-qone_tenq.htm,1620587077,15:04:37,20210509
56,2006-12-31,ALV,USD,2006-12-31,2006-12-31,Q4,1601600000,1287900000,313700000,0.19586663336663337,89800000,0.0,0.0,1200000.0,177500000.0,1465400000.0,-10300000.0,79800000.00000001,216000000.0,0.13486513486513488,136200000,0.08503996003996003,-1800000.0,124100000.0,0.07748501498501499,15000000.0,103200000,0.06443556443556443,1.26937,1.26937,81300000,81300000,,,1620587077,15:04:37,20210509
57,2006-09-30,ALV,USD,2006-10-31,2006-10-31 09:51:58,Q3,1410600000,1132400000,278200000,0.19722104069190416,94600000,0.0,0.0,-1300000.0,176299999.99999994,1308700000.0,12000000.0,74100000.00000001,176000000.0,0.12476960158797674,101900000,0.07223876364667517,-1100000.0,91800000.0,0.06507868991918332,-34900000.0,121700000,0.08627534382532256,1.48234,1.48234,82100000,82100000,https://www.sec.gov/Archives/edgar/data/1034670/000103467006000062/0001034670-06-000062-index.htm,https://www.sec.gov/Archives/edgar/data/1034670/000103467006000062/alv-qthree_tenq.htm,1620587077,15:04:37,20210509
58,2006-06-30,ALV,USD,2006-07-28,2006-07-28 06:11:06,Q2,1607900000,1264600000,343300000,0.21350830275514646,110300000,0.0,0.0,6000000.0,201900000.0000001,1466500000.0,-7100000.0,75699999.99999999,217100000.0,0.1350208346290192,141400000,0.08794079233783196,-1900000.0,132400000.0,0.08234342931774365,43900000.0,82800000,0.05149573978481249,0.99759,0.99759,83000000,83000000,https://www.sec.gov/Archives/edgar/data/1034670/000103467006000048/0001034670-06-000048-index.htm,https://www.sec.gov/Archives/edgar/data/1034670/000103467006000048/alv-qtwo_tenq.htm,1620587077,15:04:37,20210509
59,2006-03-31,ALV,USD,2006-05-04,2006-05-04 09:02:34,Q1,1567900000,1237900000,330000000,0.21047260667134385,102900000,0.0,0.0,1100000.0,189500000.0,1427400000.0,10000000.0,73000000.0,213500000.0,0.13616939855858154,140500000,0.08961030677976911,-700000.0,133100000.0,0.08489061802410867,34900000.0,94600000,0.06033548057911857,1.12619,1.12619,84000000,84000000,https://www.sec.gov/Archives/edgar/data/1034670/000103467006000037/0001034670-06-000037-index.htm,https://www.sec.gov/Archives/edgar/data/1034670/000103467006000037/alv-qone_tenq.htm,1620587077,15:04:37,20210509
60,2005-12-31,ALV,USD,2005-12-31,2005-12-31,Q4,1465000000,1164800000,300200000,0.20491467576791808,75600000,0.0,0.0,2700000.0,164400000.0000001,1329200000.0,-5300000.0,74199999.99999999,210000000.0,0.14334470989761092,135800000,0.0926962457337884,200000.0,130700000.0,0.08921501706484641,53400000.0,70000000,0.04778156996587031,0.8149,0.8149,85900000,85900000,,,1620587077,15:04:37,20210509
61,2005-09-30,ALV,USD,2005-10-28,2005-10-28 07:04:31,Q3,1391700000,1110500000,281200000,0.20205504059783,88800000,0.0,0.0,6000000.0,176900000.0000001,1287400000.0,11000000.0,72699999.99999999,177000000.0,0.1271825824531149,104300000,0.07494431271107278,-300000.0,95100000.0,0.06833369260616512,33700000.0,59100000,0.04246604871739599,0.66181,0.66181,89300000,89300000,https://www.sec.gov/Archives/edgar/data/1034670/000103467005000059/0001034670-05-000059-index.htm,https://www.sec.gov/Archives/edgar/data/1034670/000103467005000059/alv-qthree_tenq.htm,1620587077,15:04:37,20210509
62,2005-06-30,ALV,USD,2005-07-26,2005-07-26 11:11:27,Q2,1654600000,1306600000,348000000,0.21032273661307868,110500000,0.0,0.0,5000000.0,204400000.0000001,1511000000.0,13000000.0,78900000.0,222500000.0,0.13447358878278737,143600000,0.0867883476368911,-400000.0,133400000.0,0.08062371570168017,44700000.0,85600000,0.05173455820137798,0.9386,0.9386,91200000,91200000,https://www.sec.gov/Archives/edgar/data/1034670/000103467005000049/0001034670-05-000049-index.htm,https://www.sec.gov/Archives/edgar/data/1034670/000103467005000049/alv-qtwo_tenq.htm,1620587077,15:04:37,20210509
63,2005-03-31,ALV,USD,2005-04-29,2005-04-29 08:57:44,Q1,1693600000,1355000000,338600000,0.19992914501653283,110900000,0.0,0.0,9300000.0,209599999.9999999,1564600000.0,10000000.0,83100000.0,212100000.0,0.1252361832782239,129000000,0.07616910722720831,100000.0,122800000.0,0.07250826641473784,41400000.0,77900000,0.04599669343410487,0.84307,0.84307,92400000,92400000,https://www.sec.gov/Archives/edgar/data/1034670/000103467005000044/0001034670-05-000044-index.htm,https://www.sec.gov/Archives/edgar/data/1034670/000103467005000044/qone_tenq.htm,1620587077,15:04:37,20210509
64,2004-12-31,ALV,USD,2005-03-10 00:00:00,2005-03-10 11:32:13,Q4,1694800000,1360100000,334700000,0.19748642907717726,88400000,0.0,0.0,5300000.0,188400000.0000001,1548500000.0,-8300000.0,80300000.00000001,226600000.0,0.1337030918102431,146300000,0.08632286995515695,-200000.0,137800000.0,0.08130752891196602,41500000.0,93400000,0.05510974746282747,1.00864,1.00864,92600000,92600000,https://www.sec.gov/Archives/edgar/data/1034670/000103467005000030/0001034670-05-000030-index.html,https://www.sec.gov/Archives/edgar/data/1034670/000103467005000030/tenk05.htm,1620587077,15:04:37,20210509
65,2004-11-05,ALV,USD,2004-11-05,2004-11-05 06:17:07,Q3,1382000000,1119000000,263000000,0.19030390738060782,-80000000,-72000000.0,0.0,-1000000.0,-152000000.0,967000000.0,10000000.0,0.0,104000000.0,0.07525325615050651,104000000,0.07525325615050651,-1000000.0,96000000.0,0.0694645441389291,0.0,67000000,0.04848046309696093,0.72,0.72,93055555,93055555,https://www.sec.gov/Archives/edgar/data/1034670/000103467004000062/0001034670-04-000062-index.htm,https://www.sec.gov/Archives/edgar/data/1034670/000103467004000062/tenq.htm,1620587077,15:04:37,20210509
66,2004-09-30,ALV,USD,2004-11-05 00:00:00,2004-11-05 06:17:07,Q3,1382700000,1119100000,263600000,0.1906414985173935,80000000,0.0,0.0,1400000.0,159300000.00000018,1278400000.0000002,-7400000.0,71600000.0,175900000.0,0.1272148694583062,104300000,0.0754321255514573,-300000.0,96600000.0,0.06986331091343025,28700000.0,67300000,0.04867288638171693,0.71825,0.71825,93700000,93700000,https://www.sec.gov/Archives/edgar/data/1034670/000103467004000062/0001034670-04-000062-index.html,https://www.sec.gov/Archives/edgar/data/1034670/000103467004000062/tenq.htm,1620587077,15:04:37,20210509
67,2004-06-30,ALV,USD,2004-07-23,2004-07-23 09:43:11,Q2,1578600000,1253300000,325300000,0.2060686684403902,100000000,0.0,0.0,3400000.0,183200000.00000006,1436500000.0,-5400000.0,73600000.00000001,215700000.0,0.13664006081337896,142100000,0.09001647029013049,-1400000.0,135300000.0,0.08570885594830863,42600000.0,89200000,0.056505764601545674,0.95096,0.95096,93800000,93800000,https://www.sec.gov/Archives/edgar/data/1034670/000103467004000050/0001034670-04-000050-index.htm,https://www.sec.gov/Archives/edgar/data/1034670/000103467004000050/tenq.htm,1620587077,15:04:37,20210509
68,2004-03-31,ALV,USD,2004-05-03,2004-05-03 10:34:12,Q1,1487800000,1190200000,297600000,0.20002688533405028,100000000,0.0,0.0,1100000.0,177200000.00000006,1367400000.0,9000000.0,72800000.0,193200000.0,0.12985616346283102,120400000,0.08092485549132948,-100000.0,114800000.0,0.0771609087242909,36200000.0,76400000,0.05135098803602635,0.8,0.8,95500000,95500000,https://www.sec.gov/Archives/edgar/data/1034670/000103467004000046/0001034670-04-000046-index.htm,https://www.sec.gov/Archives/edgar/data/1034670/000103467004000046/tenq_firstquarter.htm,1620587077,15:04:37,20210509
69,2003-12-31,ALV,USD,2004-03-11 00:00:00,2004-03-11 09:16:39,Q4,1477000000,1188000000,289000000,0.1956668923493568,80000000,0.0,0.0,-19000000.0,147700000.0,1334000000.0,-8000000.0,75000000.0,218000000.0,0.14759647935003387,143000000,0.09681787406905891,-1000000.0,134000000.0,0.0907244414353419,35000000.0,97000000,0.06567366283006093,0.99692,0.99692,97300000,97300000,https://www.sec.gov/Archives/edgar/data/1034670/000103467004000041/0001034670-04-000041-index.html,https://www.sec.gov/Archives/edgar/data/1034670/000103467004000041/tenk.htm,1620587077,15:04:37,20210509
70,2003-09-30,ALV,USD,2003-10-30,2003-10-30 11:33:42,Q3,1213000000,991000000,222000000,0.18301731244847486,70000000,0.0,0.0,-3000000.0,135900000.0,1126000000.0,11000000.0,68000000.0,155000000.0,0.12778235779060182,87000000,0.0717230008244023,2000000.0,80000000.0,0.06595218466611706,24000000.0,54000000,0.04451772464962902,0.56723,0.56723,95200000,95200000,https://www.sec.gov/Archives/edgar/data/1034670/000103467003000035/0001034670-03-000035-index.htm,https://www.sec.gov/Archives/edgar/data/1034670/000103467003000035/tenq_q32003.htm,1620587077,15:04:37,20210509
71,2003-06-30,ALV,USD,2003-07-24,2003-07-24 13:53:30,Q2,1366000000,1102000000,264000000,0.19326500732064422,81000000,0.0,0.0,1000000.0,153200000.0,1257000000.0,-7000000.0,69000000.0,178000000.0,0.13030746705710103,109000000,0.07979502196193265,4000000.0,106000000.0,0.07759882869692533,35000000.0,69000000,0.050512445095168376,0.73093,0.73093,94400000,94400000,https://www.sec.gov/Archives/edgar/data/1034670/000103467003000021/0001034670-03-000021-index.htm,https://www.sec.gov/Archives/edgar/data/1034670/000103467003000021/tenq_20030630.htm,1620587077,15:04:37,20210509
72,2003-03-31,ALV,USD,2003-05-14,2003-05-14 10:56:35,Q1,1245000000,1017000000,228000000,0.18313253012048192,74000000,0.0,0.0,-3000000.0,139100000.0,1156000000.0,12000000.0,67000000.0,156000000.0,0.12530120481927712,89000000,0.0714859437751004,2000000.0,79000000.0,0.06345381526104418,26000000.0,51000000,0.04096385542168675,0.53854,0.53854,94700000,94700000,https://www.sec.gov/Archives/edgar/data/1034670/000103467003000014/0001034670-03-000014-index.htm,https://www.sec.gov/Archives/edgar/data/1034670/000103467003000014/tenq_firstquarter.htm,1620587077,15:04:37,20210509
73,2002-12-31,ALV,USD,2003-03-14 00:00:00,2003-03-14 10:56:12,Q4,1178000000,965000000,213000000,0.1808149405772496,56000000,0.0,0.0,7000000.0,125400000.0,1089000000.0,-12000000.0,69000000.0,158000000.0,0.13412563667232597,89000000,0.07555178268251274,0.0,77000000.0,0.06536502546689305,26000000.0,48000000,0.04074702886247878,0.49434,0.49434,97100000,97100000,https://www.sec.gov/Archives/edgar/data/1034670/000103467003000007/0001034670-03-000007-index.html,https://www.sec.gov/Archives/edgar/data/1034670/000103467003000007/autolivtenk.htm,1620587077,15:04:37,20210509
74,2002-09-30,ALV,USD,2002-11-13,2002-11-13 12:35:46,Q3,1067000000,874000000,193000000,0.18088097469540768,56000000,55000000.0,0.0,1000000.0,115700000.0,991000000.0,14000000.0,62000000.0,138000000.0,0.12933458294283037,76000000,0.07122774133083412,-1000000.0,65000000.0,0.06091846298031865,21000000.0,41000000,0.038425492033739454,0.41752,0.41752,98200000,98200000,https://www.sec.gov/Archives/edgar/data/1034670/000103467002000028/0001034670-02-000028-index.htm,https://www.sec.gov/Archives/edgar/data/1034670/000103467002000028/secsepp.htm,1620587077,15:04:37,20210509
75,2002-06-30,ALV,USD,2002-07-29,2002-07-29 09:07:22,Q2,1169000000,954000000,215000000,0.18391787852865696,59000000,56000000.0,0.0,1000000.0,121600000.0,1075000000.0,14000000.0,61000000.0,155000000.0,0.13259195893926431,94000000,0.08041060735671514,-1000000.0,83000000.0,0.07100085543199315,27000000.0,53000000,0.045337895637296836,0.53917,0.53917,98300000,98300000,https://www.sec.gov/Archives/edgar/data/1034670/000103467002000012/0001034670-02-000012-index.htm,https://www.sec.gov/Archives/edgar/data/1034670/000103467002000012/tioq.htm,1620587077,15:04:37,20210509
76,2002-03-31,ALV,USD,2002-05-03,2002-05-03 09:43:06,Q1,1029000000,840000000,189000000,0.1836734693877551,59000000,51000000.0,0.0,3000000.0,117300000.0,958000000.0,12000000.0,57000000.0,128000000.0,0.12439261418853255,71000000,0.06899902818270165,1000000.0,61000000.0,0.05928085519922255,21000000.0,38000000,0.0369290573372206,0.38697,0.38697,98200000,98200000,https://www.sec.gov/Archives/edgar/data/1034670/000103467002000010/0001034670-02-000010-index.htm,https://www.sec.gov/Archives/edgar/data/1034670/000103467002000010/tioq.htm,1620587077,15:04:37,20210509
77,2001-12-31,ALV,USD,2002-03-20 00:00:00,2002-03-20 00:00:00,Q4,970000000,845000000,125000000,0.12886597938144329,43000000,51000000.0,0.0,12000000.0,109400000.0,1011000000.0,-12000000.0,91000000.0,50000000.0,0.05154639175257732,-41000000,-0.042268041237113405,0.0,-53000000.0,-0.05463917525773196,1000000.0,-56000000,-0.0577319587628866,-0.57143,-0.57143,98000000,98000000,https://www.sec.gov/Archives/edgar/data/1034670/000103467002000008/0001034670-02-000008-index.html,https://www.sec.gov/Archives/edgar/data/1034670/000103467002000008/tiokfinal.htm,1620587077,15:04:37,20210509
78,2001-09-30,ALV,USD,2001-11-13,2001-11-13 00:00:00,Q3,908000000,746000000,162000000,0.17841409691629956,47000000,47000000.0,0.0,0.0,130600000.0,844000000.0,50000000.0,68000000.0,132000000.0,0.14537444933920704,64000000,0.07048458149779736,-1000000.0,51000000.0,0.05616740088105727,19000000.0,30000000,0.03303964757709251,0.30612,0.30612,98000000,98000000,https://www.sec.gov/Archives/edgar/data/1034670/000103467001500028/0001034670-01-500028-index.htm,https://www.sec.gov/Archives/edgar/data/1034670/000103467001500028/autoliv.htm,1620587077,15:04:37,20210509
79,2001-06-30,ALV,USD,2001-08-13,2001-08-13 00:00:00,Q2,1032000000,850000000,182000000,0.17635658914728683,52000000,49000000.0,0.0,-2000000.0,115000000.0,941000000.0,-13000000.0,72000000.0,163000000.0,0.15794573643410853,91000000,0.08817829457364341,2000000.0,80000000.0,0.07751937984496124,23000000.0,54000000,0.05232558139534884,0.55158,0.55158,97900000,97900000,https://www.sec.gov/Archives/edgar/data/1034670/000103467001500026/0001034670-01-500026-index.htm,https://www.sec.gov/Archives/edgar/data/1034670/000103467001500026/autoliv.htm,1620587077,15:04:37,20210509
80,2001-03-31,ALV,USD,2001-05-10 00:00:00,2001-05-10 00:00:00,Q1,1081000000,895000000,186000000,0.17206290471785385,59000000,50000000.0,0.0,0.0,126000000.0,1021000000.0,-17000000.0,73000000.0,133000000.0,0.12303422756706753,60000000,0.05550416281221091,-4000000.0,39000000.0,0.036077705827937095,17000000.0,20000000,0.018501387604070305,0.2045,0.2045,97800000,97800000,https://www.sec.gov/Archives/edgar/data/1034670/000103467001500019/0001034670-01-500019-index.html,https://www.sec.gov/Archives/edgar/data/1034670/000103467001500019/autoliv.htm,1620587077,15:04:37,20210509
81,2000-12-31,ALV,USD,2001-03-29 00:00:00,2001-03-29 00:00:00,Q4,1003000000,848000000,155000000,0.15453639082751744,45000000,46000000.0,0.0,-1000000.0,161200000.0,954000000.0,-14000000.0,69000000.0,118000000.0,0.11764705882352941,49000000,0.04885343968095713,-1000000.0,34000000.0,0.03389830508474576,14000000.0,19000000,0.018943170488534396,0.19507,0.19507,97400000,97400000,https://www.sec.gov/Archives/edgar/data/1034670/000103467001500012/0001034670-01-500012-index.html,https://www.sec.gov/Archives/edgar/data/1034670/000103467001500012/autolivtenk.htm,1620587077,15:04:37,20210509
82,2000-09-30,ALV,USD,2000-10-26 00:00:00,2000-10-26 00:00:00,Q3,955000000,775000000,180000000,0.18848167539267016,42000000,43000000.0,0.0,-3000000.0,152000000.0,875000000.0,-13000000.0,67000000.0,147000000.0,0.15392670157068064,80000000,0.08376963350785341,1000000.0,68000000.0,0.0712041884816754,26000000.0,40000000,0.041884816753926704,0.39643,0.39643,100900000,100900000,https://www.sec.gov/Archives/edgar/data/1034670/000103467000500003/0001034670-00-500003-index.html,https://www.sec.gov/Archives/edgar/data/1034670/000103467000500003/r10q-930.txt,1620587077,15:04:37,20210509
83,2000-06-30,ALV,USD,2000-07-25 00:00:00,2000-07-25 00:00:00,Q2,1074000000,851000000,223000000,0.20763500931098697,50000000,51000000.0,0.0,-2000000.0,167900000.0,967000000.0,-13000000.0,67000000.0,174000000.0,0.16201117318435754,107000000,0.09962756052141528,-2000000.0,94000000.0,0.08752327746741155,38000000.0,55000000,0.051210428305400374,0.53763,0.53763,102300000,102300000,https://www.sec.gov/Archives/edgar/data/1034670/000103467000500001/0001034670-00-500001-index.html,https://www.sec.gov/Archives/edgar/data/1034670/000103467000500001/r10q-630.txt,1620587077,15:04:37,20210509
84,2000-03-31,ALV,USD,2000-04-19 00:00:00,2000-04-19 00:00:00,Q1,1084000000,856000000,228000000,0.21033210332103322,59000000,49000000.0,0.0,0.0,173700000.0,980000000.0,-9000000.0,66000000.0,170000000.0,0.15682656826568267,104000000,0.0959409594095941,0.0,95000000.0,0.08763837638376384,39000000.0,55000000,0.0507380073800738,0.53711,0.53711,102400000,102400000,https://www.sec.gov/Archives/edgar/data/1034670/000103467000000005/0001034670-00-000005-index.html,https://www.sec.gov/Archives/edgar/data/1034670/0001034670-00-000005.txt,1620587077,15:04:37,20210509
85,1999-12-31,ALV,USD,1999-12-31,1999-12-31,Q4,1026000000,803000000,223000000,0.21734892787524365,52000000,48000000.0,0.0,0.0,164500000.0,919000000.0,-8000000.0,64000000.0,171000000.0,0.16666666666666666,107000000,0.10428849902534112,0.0,99000000.0,0.09649122807017543,39000000.0,61000000,0.0594541910331384,0.5957,0.5957,102400000,102400000,,,1620587077,15:04:37,20210509
86,1999-09-30,ALV,USD,1999-10-22 00:00:00,1999-10-22 00:00:00,Q3,874000000,690000000,184000000,0.21052631578947367,46000000,41000000.0,0.0,0.0,145100000.0,793000000.0,-9000000.0,58000000.0,139000000.0,0.15903890160183065,81000000,0.09267734553775744,0.0,72000000.0,0.08237986270022883,29000000.0,43000000,0.04919908466819222,0.42033,0.42033,102300000,102300000,https://www.sec.gov/Archives/edgar/data/1034670/000103467099000006/0001034670-99-000006-index.html,https://www.sec.gov/Archives/edgar/data/1034670/0001034670-99-000006.txt,1620587077,15:04:37,20210509
87,1999-06-30,ALV,USD,1999-07-22 00:00:00,1999-07-22 00:00:00,Q2,977000000,768000000,209000000,0.21392016376663256,50000000,45000000.0,0.0,0.0,159400000.0,879000000.0,-12000000.0,64000000.0,162000000.0,0.16581371545547594,98000000,0.10030706243602866,0.0,86000000.0,0.08802456499488229,35000000.0,51000000,0.052200614124872056,0.49853,0.49853,102300000,102300000,https://www.sec.gov/Archives/edgar/data/1034670/000103467099000005/0001034670-99-000005-index.html,https://www.sec.gov/Archives/edgar/data/1034670/0001034670-99-000005.txt,1620587077,15:04:37,20210509
88,1999-03-31,ALV,USD,1999-05-12 00:00:00,1999-05-12 00:00:00,Q1,935000000,744000000,191000000,0.20427807486631017,49000000,43000000.0,0.0,0.0,158500000.0,852000000.0,-10000000.0,67000000.0,150000000.0,0.16042780748663102,83000000,0.08877005347593583,0.0,73000000.0,0.07807486631016043,29000000.0,45000000,0.0481283422459893,0.43988,0.43988,102300000,102300000,https://www.sec.gov/Archives/edgar/data/1034670/000103467099000004/0001034670-99-000004-index.html,https://www.sec.gov/Archives/edgar/data/1034670/0001034670-99-000004.txt,1620587077,15:04:37,20210509
89,1998-12-31,ALV,USD,1998-12-31,1998-12-31,Q4,969000000,759000000,210000000,0.21671826625386997,44000000,44000000.0,0.0,1000000.0,148500000.0,865000000.0,-13000000.0,60000000.0,164000000.0,0.1692466460268318,104000000,0.10732714138286893,2000000.0,93000000.0,0.09597523219814241,36000000.0,57000000,0.058823529411764705,0.55556,0.55556,102600000,102600000,,,1620587077,15:04:37,20210509
90,1998-09-30,ALV,USD,1998-11-12 00:00:00,1998-11-12 00:00:00,Q3,804000000,642000000,162000000,0.20149253731343283,40000000,36000000.0,0.0,-3000000.0,133900000.0,730000000.0,-10000000.0,58000000.0,132000000.0,0.16417910447761194,74000000,0.09203980099502487,-3000000.0,64000000.0,0.07960199004975124,26000000.0,38000000,0.0472636815920398,0.37182,0.37182,102200000,102200000,https://www.sec.gov/Archives/edgar/data/1034670/000103467098000006/0001034670-98-000006-index.html,https://www.sec.gov/Archives/edgar/data/1034670/0001034670-98-000006.txt,1620587077,15:04:37,20210509
91,1998-06-30,ALV,USD,1998-08-14 00:00:00,1998-08-14 00:00:00,Q2,878000000,685000000,193000000,0.21981776765375854,46000000,39000000.0,0.0,0.0,140300000.0,785000000.0,-8000000.0,56000000.0,149000000.0,0.16970387243735763,93000000,0.10592255125284739,0.0,85000000.0,0.09681093394077449,34000000.0,51000000,0.05808656036446469,0.49902,0.49902,102200000,102200000,https://www.sec.gov/Archives/edgar/data/1034670/000103467098000005/0001034670-98-000005-index.html,https://www.sec.gov/Archives/edgar/data/1034670/0001034670-98-000005.txt,1620587077,15:04:37,20210509
92,1998-03-31,ALV,USD,1998-05-14 00:00:00,1998-05-14 00:00:00,Q1,838000000,655000000,183000000,0.21837708830548927,46000000,40000000.0,0.0,-1000000.0,139800000.0,755000000.0,-12000000.0,54000000.0,137000000.0,0.16348448687350836,83000000,0.09904534606205251,0.0,71000000.0,0.08472553699284009,28000000.0,43000000,0.0513126491646778,0.42074,0.42074,102200000,102200000,https://www.sec.gov/Archives/edgar/data/1034670/000103467098000003/0001034670-98-000003-index.html,https://www.sec.gov/Archives/edgar/data/1034670/0001034670-98-000003.txt,1620587077,15:04:37,20210509
93,1997-12-31,ALV,USD,1998-03-26,1998-03-26,Q4,856000000,672000000,184000000,0.21495327102803738,38000000,42000000.0,0.0,-1000000.0,133900000.0,767000000.0,-15000000.0,55000000.0,144000000.0,0.16822429906542055,89000000,0.10397196261682243,4000000.0,78000000.0,0.0911214953271028,30000000.0,45000000,0.052570093457943924,0.44423,0.44423,101300000,101300000,https://www.sec.gov/Archives/edgar/data/1034670/0001034670-98-000002-index.html,https://www.sec.gov/Archives/edgar/data/1034670/,1620587077,15:04:37,20210509
94,1997-09-30,ALV,USD,1997-11-13 00:00:00,1997-11-13 00:00:00,Q3,717000000,561000000,156000000,0.2175732217573222,36000000,37000000.0,0.0,-2000000.0,117500000.0,646000000.0,-13000000.0,45000000.0,116000000.0,0.16178521617852162,71000000,0.09902370990237098,4000000.0,62000000.0,0.08647140864714087,27000000.0,35000000,0.04881450488145049,0.40462,0.40462,86500000,86500000,https://www.sec.gov/Archives/edgar/data/1034670/000103467097000002/0001034670-97-000002-index.html,https://www.sec.gov/Archives/edgar/data/1034670/0001034670-97-000002.txt,1620587077,15:04:37,20210509
95,1997-06-30,ALV,USD,1997-08-11 00:00:00,1997-08-11 00:00:00,Q2,721000000,566000000,155000000,0.21497919556171982,35000000,33000000.0,0.0,0.0,99500000.0,1376000000.0,-9000000.0,39000000.0,-616000000.0,-0.8543689320388349,-655000000,-0.9084604715672677,4000000.0,-660000000.0,-0.9153952843273232,28000000.0,-689000000,-0.955617198335645,-7.96532,-7.96532,86500000,86500000,https://www.sec.gov/Archives/edgar/data/1034670/000095017297000745/0000950172-97-000745-index.html,https://www.sec.gov/Archives/edgar/data/1034670/0000950172-97-000745.txt,1620587077,15:04:37,20210509
96,1997-03-31,ALV,USD,1997-05-14 00:00:00,1997-05-14 00:00:00,Q1,446000000,354000000,92000000,0.2062780269058296,28000000,20000000.0,0.0,-1000000.0,50000000.0,404000000.0,-2000000.0,24000000.0,66000000.0,0.14798206278026907,42000000,0.09417040358744394,3000000.0,43000000.0,0.09641255605381166,14000000.0,29000000,0.06502242152466367,0.52823,0.52823,54900000,54900000,https://www.sec.gov/Archives/edgar/data/1034670/000095017297000467/0000950172-97-000467-index.html,https://www.sec.gov/Archives/edgar/data/1034670/0000950172-97-000467.txt,1620587077,15:04:37,20210509
