,date,symbol,reportedCurrency,fillingDate,acceptedDate,period,revenue,costOfRevenue,grossProfit,grossProfitRatio,researchAndDevelopmentExpenses,generalAndAdministrativeExpenses,sellingAndMarketingExpenses,otherExpenses,operatingExpenses,costAndExpenses,interestExpense,depreciationAndAmortization,ebitda,ebitdaratio,operatingIncome,operatingIncomeRatio,totalOtherIncomeExpensesNet,incomeBeforeTax,incomeBeforeTaxRatio,incomeTaxExpense,netIncome,netIncomeRatio,eps,epsdiluted,weightedAverageShsOut,weightedAverageShsOutDil,link,finalLink,timestamp,est_time,est_date
0,2020-12-31,BRY.TO,CAD,2020-12-31,2020-12-31,Q4,9472372.0,8400291.0,1072081.0,0.11317978221294518,0.0,1558071.0,0.0,0.0,2299887.0,10700178.0,330767.0,286767.0,-941039.0,-0.09934565492149168,-1227806.0,-0.16625244447747617,-16232.0,-1574805.0,-0.16625244447747617,-33076.0,-1541729.0,-0.16276060526339126,-0.06441859457457473,-0.06441859457457473,23932981.0,23932981.0,https://www.sedar.com/ModifyCompanyDocumentSearchForm.do?lang=EN&company_search=Bri-Chem Corp&document_selection=0&industry_group=A&FromDate=13&FromMonth=05&FromYear=2000&ToDate=13&ToMonth=11&ToYear=2020&Variable=Issuer,https://www.sedar.com/ModifyCompanyDocumentSearchForm.do?lang=EN&company_search=Bri-Chem Corp&document_selection=0&industry_group=A&FromDate=13&FromMonth=05&FromYear=2000&ToDate=13&ToMonth=11&ToYear=2020&Variable=Issuer,1620589694,15:48:14,20210509
1,2020-09-30,BRY.TO,CAD,2020-09-30,2020-09-30,Q3,7449523.0,6561572.0,887951.0,0.1191956854150259,0.0,1950002.0,0.0,0.0,1950002.0,8511574.0,768971.0,292447.0,-769604.0,-0.10330916489552418,-1062051.0,-0.14256630927913103,-19015.0,-1850037.0,-0.248343014713828,10759.0,-1860796.0,-0.24978726825865227,-0.08,-0.08,23932981.0,23932981.0,https://www.sedar.com/ModifyCompanyDocumentSearchForm.do?lang=EN&company_search=Bri-Chem Corp&document_selection=0&industry_group=A&FromDate=13&FromMonth=05&FromYear=2000&ToDate=13&ToMonth=11&ToYear=2020&Variable=Issuer,https://www.sedar.com/ModifyCompanyDocumentSearchForm.do?lang=EN&company_search=Bri-Chem Corp&document_selection=0&industry_group=A&FromDate=13&FromMonth=05&FromYear=2000&ToDate=13&ToMonth=11&ToYear=2020&Variable=Issuer,1620589694,15:48:14,20210509
2,2020-06-30,BRY.TO,CAD,2020-06-30,2020-06-30,Q2,6818103.0,5994660.0,823443.0,0.12077303613629774,0.0,1563902.0,0.0,0.0,1563902.0,7558562.0,418285.0,307182.0,-433277.0,-0.06354802794853642,-740459.0,-0.10860190877139873,-93093.0,-1251837.0,-0.1836048824724414,24289.0,-1276126.0,-0.18716731032077397,-0.05,-0.05,23932981.0,23932981.0,https://www.sedar.com/ModifyCompanyDocumentSearchForm.do?lang=EN&company_search=Bri-Chem Corp&document_selection=0&industry_group=A&FromDate=13&FromMonth=05&FromYear=2000&ToDate=13&ToMonth=11&ToYear=2020&Variable=Issuer,https://www.sedar.com/ModifyCompanyDocumentSearchForm.do?lang=EN&company_search=Bri-Chem Corp&document_selection=0&industry_group=A&FromDate=13&FromMonth=05&FromYear=2000&ToDate=13&ToMonth=11&ToYear=2020&Variable=Issuer,1620589694,15:48:14,20210509
3,2020-03-31,BRY.TO,CAD,2020-03-31,2020-03-31,Q1,21415721.0,18046727.0,3368994.0,0.15731405914374771,0.0,3075225.0,0.0,0.0,3075225.0,21121952.0,534014.0,295873.0,589642.0,0.027533137922370207,293769.0,0.013717446169568609,-206378.0,-446623.0,-0.02085491307997522,23042.0,-469665.0,-0.021930851639316743,-0.02,-0.02,23923981.0,23923981.0,https://www.sedar.com/ModifyCompanyDocumentSearchForm.do?lang=EN&company_search=Bri-Chem Corp&document_selection=0&industry_group=A&FromDate=13&FromMonth=05&FromYear=2000&ToDate=13&ToMonth=11&ToYear=2020&Variable=Issuer,https://www.sedar.com/ModifyCompanyDocumentSearchForm.do?lang=EN&company_search=Bri-Chem Corp&document_selection=0&industry_group=A&FromDate=13&FromMonth=05&FromYear=2000&ToDate=13&ToMonth=11&ToYear=2020&Variable=Issuer,1620589694,15:48:14,20210509
4,2019-12-31,BRY.TO,CAD,2019-12-31,2019-12-31,Q4,21307018.0,17500797.0,3806221.0,0.17863696365206994,0.0,3787453.0,0.0,0.0,3909694.0,21410491.0,563219.0,42344.0,-61129.0,-0.002868960827836162,-103473.0,-0.004856287257090598,-2394666.0,-3061358.0,-0.14367838803158658,42587.0,-3103945.0,-0.1456771191538863,-0.1296932045364512,-0.1296932045364512,23932981.0,23932981.0,https://www.sedar.com/ModifyCompanyDocumentSearchForm.do?lang=EN&company_search=Bri-Chem Corp&document_selection=0&industry_group=A&FromDate=13&FromMonth=05&FromYear=2000&ToDate=13&ToMonth=11&ToYear=2020&Variable=Issuer,https://www.sedar.com/ModifyCompanyDocumentSearchForm.do?lang=EN&company_search=Bri-Chem Corp&document_selection=0&industry_group=A&FromDate=13&FromMonth=05&FromYear=2000&ToDate=13&ToMonth=11&ToYear=2020&Variable=Issuer,1620589694,15:48:14,20210509
5,2019-09-30,BRY.TO,CAD,2019-09-30,2019-09-30,Q3,21799983.0,17975829.0,3824154.0,0.17542004505232872,0.0,3289912.0,0.0,0.0,3289912.0,21265741.0,658036.0,435528.0,969770.0,0.044484897075378456,534242.0,0.02450653287206692,-16413.0,-140207.0,-0.00643151877687244,30183.0,-170390.0,-0.00781606114096511,-0.01,-0.01,23932981.0,23932981.0,https://www.sedar.com/ModifyCompanyDocumentSearchForm.do?lang=EN&company_search=Bri-Chem Corp&document_selection=0&industry_group=A&FromDate=13&FromMonth=05&FromYear=2000&ToDate=13&ToMonth=11&ToYear=2020&Variable=Issuer,https://www.sedar.com/ModifyCompanyDocumentSearchForm.do?lang=EN&company_search=Bri-Chem Corp&document_selection=0&industry_group=A&FromDate=13&FromMonth=05&FromYear=2000&ToDate=13&ToMonth=11&ToYear=2020&Variable=Issuer,1620589694,15:48:14,20210509
6,2019-06-30,BRY.TO,CAD,2019-06-30,2019-06-30,Q2,22720815.0,19466135.0,3254680.0,0.14324662209520214,0.0,3283891.0,0.0,0.0,3283891.0,22750026.0,693381.0,466038.0,436827.0,0.019225850833255762,-29211.0,-0.0012856493043933504,-13649.0,-736241.0,-0.03240381121891974,4553.0,-740794.0,-0.03260420015743273,-0.03,-0.03,23932981.0,23932981.0,https://www.sedar.com/ModifyCompanyDocumentSearchForm.do?lang=EN&company_search=Bri-Chem Corp&document_selection=0&industry_group=A&FromDate=13&FromMonth=05&FromYear=2000&ToDate=13&ToMonth=11&ToYear=2020&Variable=Issuer,https://www.sedar.com/ModifyCompanyDocumentSearchForm.do?lang=EN&company_search=Bri-Chem Corp&document_selection=0&industry_group=A&FromDate=13&FromMonth=05&FromYear=2000&ToDate=13&ToMonth=11&ToYear=2020&Variable=Issuer,1620589694,15:48:14,20210509
7,2019-03-31,BRY.TO,CAD,2019-03-31,2019-03-31,Q1,25898210.0,21856066.0,4042144.0,0.1560781227737361,0.0,3072154.0,0.0,0.0,3072154.0,24928220.0,747949.0,536635.0,1506625.0,0.058174870000668,969990.0,0.037453939866886554,75158.0,297199.0,0.01147565797018404,-62105.0,359304.0,0.01387370015147765,0.02,0.02,23923981.0,23923981.0,https://www.sedar.com/ModifyCompanyDocumentSearchForm.do?lang=EN&company_search=Bri-Chem Corp&document_selection=0&industry_group=A&FromDate=13&FromMonth=05&FromYear=2000&ToDate=13&ToMonth=11&ToYear=2020&Variable=Issuer,https://www.sedar.com/ModifyCompanyDocumentSearchForm.do?lang=EN&company_search=Bri-Chem Corp&document_selection=0&industry_group=A&FromDate=13&FromMonth=05&FromYear=2000&ToDate=13&ToMonth=11&ToYear=2020&Variable=Issuer,1620589694,15:48:14,20210509
8,2018-12-31,BRY.TO,CAD,2018-12-31,2018-12-31,Q4,27705082.0,24072213.0,3632869.0,0.13112644820903255,0.0,3653561.0,0.0,0.0,4156045.0,28228258.0,766212.0,276452.0,-246724.0,-0.008905369780172461,-523176.0,-0.01888375569507428,-1950451.0,-3239839.0,-0.11694024222703979,2330582.0,-5570421.0,-0.2010613431860624,-0.23275082197240704,-0.23275082197240704,23932981.0,23932981.0,https://www.sedar.com/ModifyCompanyDocumentSearchForm.do?lang=EN&company_search=Bri-Chem Corp&document_selection=0&industry_group=A&FromDate=13&FromMonth=05&FromYear=2000&ToDate=13&ToMonth=11&ToYear=2020&Variable=Issuer,https://www.sedar.com/ModifyCompanyDocumentSearchForm.do?lang=EN&company_search=Bri-Chem Corp&document_selection=0&industry_group=A&FromDate=13&FromMonth=05&FromYear=2000&ToDate=13&ToMonth=11&ToYear=2020&Variable=Issuer,1620589694,15:48:14,20210509
9,2018-09-30,BRY.TO,CAD,2018-09-30,2018-09-30,Q3,31159045.0,26326502.0,4832543.0,0.15509278285005204,0.0,4006033.0,0.0,0.0,4006033.0,30332535.0,722630.0,268182.0,1094692.0,0.03513239895510276,826510.0,0.026525524129510387,-10056.0,93824.0,0.0030111320805884774,32409.0,61415.0,0.001971016762548403,0.002566,0.002566,23932981.0,23932981.0,https://www.sedar.com/ModifyCompanyDocumentSearchForm.do?lang=EN&company_search=Bri-Chem Corp&document_selection=0&industry_group=A&FromDate=13&FromMonth=05&FromYear=2000&ToDate=13&ToMonth=11&ToYear=2020&Variable=Issuer,https://www.sedar.com/ModifyCompanyDocumentSearchForm.do?lang=EN&company_search=Bri-Chem Corp&document_selection=0&industry_group=A&FromDate=13&FromMonth=05&FromYear=2000&ToDate=13&ToMonth=11&ToYear=2020&Variable=Issuer,1620589694,15:48:14,20210509
10,2018-06-30,BRY.TO,CAD,2018-06-30,2018-06-30,Q2,27254837.0,25488182.0,1766655.0,0.0648198703224679,0.0,4397398.0,0.0,0.0,4397398.0,29885580.0,711626.0,261348.0,-2369395.0,-0.08693484389578261,-2630743.0,-0.09652389408896483,-635567.0,-3977936.0,-0.14595339535510707,-237617.0,-3740319.0,-0.1372350529926119,-0.16,-0.16,23932981.0,23932981.0,https://www.sedar.com/ModifyCompanyDocumentSearchForm.do?lang=EN&company_search=Bri-Chem Corp&document_selection=0&industry_group=A&FromDate=13&FromMonth=05&FromYear=2000&ToDate=13&ToMonth=11&ToYear=2020&Variable=Issuer,https://www.sedar.com/ModifyCompanyDocumentSearchForm.do?lang=EN&company_search=Bri-Chem Corp&document_selection=0&industry_group=A&FromDate=13&FromMonth=05&FromYear=2000&ToDate=13&ToMonth=11&ToYear=2020&Variable=Issuer,1620589694,15:48:14,20210509
11,2018-03-31,BRY.TO,CAD,2018-03-31,2018-03-31,Q1,35317529.0,30130234.0,5187295.0,0.14687593234509697,0.0,4217047.0,0.0,0.0,4217047.0,34347281.0,680381.0,260051.0,1230299.0,0.034835364614551605,970248.0,0.027472137136207914,-305564.0,-15697.0,-0.0004444535176852265,90394.0,-106091.0,-0.0030039191020413687,-0.004432836845522921,-0.004431244536440597,23932981.0,23941581.0,https://www.sedar.com/ModifyCompanyDocumentSearchForm.do?lang=EN&company_search=Bri-Chem Corp&document_selection=0&industry_group=A&FromDate=13&FromMonth=05&FromYear=2000&ToDate=13&ToMonth=11&ToYear=2020&Variable=Issuer,https://www.sedar.com/ModifyCompanyDocumentSearchForm.do?lang=EN&company_search=Bri-Chem Corp&document_selection=0&industry_group=A&FromDate=13&FromMonth=05&FromYear=2000&ToDate=13&ToMonth=11&ToYear=2020&Variable=Issuer,1620589694,15:48:14,20210509
12,2017-12-31,BRY.TO,CAD,2017-12-31,2017-12-31,Q4,27916749.0,23128494.0,4788255.0,0.17151907623627666,0.0,3813512.0,0.0,0.0,4227933.0,27356427.0,808494.0,241385.0,801707.0,0.02871777799055327,560322.0,0.020071176625902964,504305.0,256133.0,0.009174886373767949,-100277.0,356410.0,0.012766887720343081,0.014892001961644478,0.014892001961644478,23932981.0,23932981.0,https://www.sedar.com/ModifyCompanyDocumentSearchForm.do?lang=EN&company_search=Bri-Chem Corp&document_selection=0&industry_group=A&FromDate=13&FromMonth=05&FromYear=2000&ToDate=13&ToMonth=11&ToYear=2020&Variable=Issuer,https://www.sedar.com/ModifyCompanyDocumentSearchForm.do?lang=EN&company_search=Bri-Chem Corp&document_selection=0&industry_group=A&FromDate=13&FromMonth=05&FromYear=2000&ToDate=13&ToMonth=11&ToYear=2020&Variable=Issuer,1620589694,15:48:14,20210509
13,2017-09-30,BRY.TO,CAD,2017-09-30,2017-09-30,Q3,30542451.0,24771928.0,5770523.0,0.18893450954541927,0.0,3835488.0,0.0,0.0,3835488.0,28607416.0,847849.0,235640.0,2170675.0,0.07107075329350614,1935035.0,0.06335558989682917,164971.0,1252157.0,0.04099726639489411,331612.0,920545.0,0.03013985354351555,0.038951709054393095,0.03841529565958426,23632981.0,23962981.0,https://www.sedar.com/ModifyCompanyDocumentSearchForm.do?lang=EN&company_search=Bri-Chem Corp&document_selection=0&industry_group=A&FromDate=13&FromMonth=05&FromYear=2000&ToDate=13&ToMonth=11&ToYear=2020&Variable=Issuer,https://www.sedar.com/ModifyCompanyDocumentSearchForm.do?lang=EN&company_search=Bri-Chem Corp&document_selection=0&industry_group=A&FromDate=13&FromMonth=05&FromYear=2000&ToDate=13&ToMonth=11&ToYear=2020&Variable=Issuer,1620589694,15:48:14,20210509
14,2017-06-30,BRY.TO,CAD,2017-06-30,2017-06-30,Q2,23761169.0,19721664.0,4039505.0,0.17000447242305292,0.0,3595967.0,0.0,0.0,3595967.0,23317631.0,820739.0,241543.0,685081.0,0.02883195687888925,443538.0,0.018666505844051696,82455.0,-294746.0,-0.012404524373358903,-45057.0,-249689.0,-0.010508279285417312,-0.010565277397718046,-0.010432841608824241,23632981.0,23932981.0,https://www.sedar.com/ModifyCompanyDocumentSearchForm.do?lang=EN&company_search=Bri-Chem Corp&document_selection=0&industry_group=A&FromDate=13&FromMonth=05&FromYear=2000&ToDate=13&ToMonth=11&ToYear=2020&Variable=Issuer,https://www.sedar.com/ModifyCompanyDocumentSearchForm.do?lang=EN&company_search=Bri-Chem Corp&document_selection=0&industry_group=A&FromDate=13&FromMonth=05&FromYear=2000&ToDate=13&ToMonth=11&ToYear=2020&Variable=Issuer,1620589694,15:48:14,20210509
15,2017-03-31,BRY.TO,CAD,2017-03-31,2017-03-31,Q1,33989547.0,28833099.0,5156448.0,0.1517068762346259,0.0,3307790.0,0.0,0.0,3307790.0,32140889.0,823892.0,235885.0,2084543.0,0.06132894327776713,1848658.0,0.054389015540571926,-81310.0,943456.0,0.027757239600751372,262694.0,680762.0,0.02002856937163652,0.028805591643305598,0.02844451345195987,23632981.0,23932981.0,https://www.sedar.com/ModifyCompanyDocumentSearchForm.do?lang=EN&company_search=Bri-Chem Corp&document_selection=0&industry_group=A&FromDate=13&FromMonth=05&FromYear=2000&ToDate=13&ToMonth=11&ToYear=2020&Variable=Issuer,https://www.sedar.com/ModifyCompanyDocumentSearchForm.do?lang=EN&company_search=Bri-Chem Corp&document_selection=0&industry_group=A&FromDate=13&FromMonth=05&FromYear=2000&ToDate=13&ToMonth=11&ToYear=2020&Variable=Issuer,1620589694,15:48:14,20210509
16,2016-12-31,BRY.TO,CAD,2016-12-31,2016-12-31,Q4,22097598.0,18409714.0,3687884.0,0.1668907181676488,0.0,2812470.0,0.0,0.0,3017793.0,21427507.0,761339.0,253787.0,923878.0,0.04180897851431635,670091.0,0.03032415559374372,-22475.0,-113723.0,-0.005146396454492475,2456305.0,-2570028.0,-0.11630350049810843,-0.10738436636873609,-0.10738436636873609,23932981.0,23932981.0,https://www.sedar.com/ModifyCompanyDocumentSearchForm.do?lang=EN&company_search=Bri-Chem Corp&document_selection=0&industry_group=A&FromDate=13&FromMonth=05&FromYear=2000&ToDate=13&ToMonth=11&ToYear=2020&Variable=Issuer,https://www.sedar.com/ModifyCompanyDocumentSearchForm.do?lang=EN&company_search=Bri-Chem Corp&document_selection=0&industry_group=A&FromDate=13&FromMonth=05&FromYear=2000&ToDate=13&ToMonth=11&ToYear=2020&Variable=Issuer,1620589694,15:48:14,20210509
17,2016-09-30,BRY.TO,CAD,2016-09-30,2016-09-30,Q3,16999434.0,14530402.0,2469032.0,0.1452420121752289,0.0,2916792.0,0.0,0.0,2916792.0,17447194.0,715671.0,265878.0,-181882.0,-0.010699297400136969,-447760.0,-0.02633970048649855,243747.0,-919684.0,-0.05410086006392919,-231053.0,-688631.0,-0.04050905459558242,-0.029138558525477594,-0.02877330659310681,23632981.0,23932981.0,https://www.sedar.com/ModifyCompanyDocumentSearchForm.do?lang=EN&company_search=Bri-Chem Corp&document_selection=0&industry_group=A&FromDate=13&FromMonth=05&FromYear=2000&ToDate=13&ToMonth=11&ToYear=2020&Variable=Issuer,https://www.sedar.com/ModifyCompanyDocumentSearchForm.do?lang=EN&company_search=Bri-Chem Corp&document_selection=0&industry_group=A&FromDate=13&FromMonth=05&FromYear=2000&ToDate=13&ToMonth=11&ToYear=2020&Variable=Issuer,1620589694,15:48:14,20210509
18,2016-06-30,BRY.TO,CAD,2016-06-30,2016-06-30,Q2,8173634.0,6272046.0,1901588.0,0.2326490273481783,0.0,3047533.0,0.0,0.0,3318887.0,9590933.0,689603.0,271354.0,-1145945.0,-0.140200185131852,-1417299.0,-0.17339888230865244,130448.0,-1976454.0,-0.24180847833411676,-539686.0,-1436768.0,-0.17578080936826876,-0.06,-0.06,23632981.0,23632981.0,https://www.sedar.com/ModifyCompanyDocumentSearchForm.do?lang=EN&company_search=Bri-Chem Corp&document_selection=0&industry_group=A&FromDate=13&FromMonth=05&FromYear=2000&ToDate=13&ToMonth=11&ToYear=2020&Variable=Issuer,https://www.sedar.com/ModifyCompanyDocumentSearchForm.do?lang=EN&company_search=Bri-Chem Corp&document_selection=0&industry_group=A&FromDate=13&FromMonth=05&FromYear=2000&ToDate=13&ToMonth=11&ToYear=2020&Variable=Issuer,1620589694,15:48:14,20210509
19,2016-03-31,BRY.TO,CAD,2016-03-31,2016-03-31,Q1,14820659.0,12382368.0,2438291.0,0.16451974234074207,0.0,3376725.0,0.0,0.0,3649622.0,16031990.0,793626.0,272897.0,-938434.0,-0.06331931663767448,-1211331.0,-0.08173260041945503,-527260.0,-2532217.0,-0.17085724730593962,-434580.0,-2097637.0,-0.14153466455169098,-0.09,-0.09,23632981.0,23632981.0,https://www.sedar.com/ModifyCompanyDocumentSearchForm.do?lang=EN&company_search=Bri-Chem Corp&document_selection=0&industry_group=A&FromDate=13&FromMonth=05&FromYear=2000&ToDate=13&ToMonth=11&ToYear=2020&Variable=Issuer,https://www.sedar.com/ModifyCompanyDocumentSearchForm.do?lang=EN&company_search=Bri-Chem Corp&document_selection=0&industry_group=A&FromDate=13&FromMonth=05&FromYear=2000&ToDate=13&ToMonth=11&ToYear=2020&Variable=Issuer,1620589694,15:48:14,20210509
20,2015-12-31,BRY.TO,CAD,2015-12-31,2015-12-31,Q4,21507712.0,21555079.0,-47367.0,-0.0022023263097441514,0.0,3080159.0,0.0,0.0,2817110.0,24372189.0,1083402.0,318137.0,-2546340.0,-0.11839195168691119,-2864477.0,-0.1331837156830071,-9414708.0,-13362587.0,-0.6212928181296086,10451.0,-13373038.0,-0.6217787368549477,-0.558770259333762,-0.558770259333762,23932981.0,23932981.0,https://www.sedar.com/ModifyCompanyDocumentSearchForm.do?lang=EN&company_search=Bri-Chem Corp&document_selection=0&industry_group=A&FromDate=13&FromMonth=05&FromYear=2000&ToDate=13&ToMonth=11&ToYear=2020&Variable=Issuer,https://www.sedar.com/ModifyCompanyDocumentSearchForm.do?lang=EN&company_search=Bri-Chem Corp&document_selection=0&industry_group=A&FromDate=13&FromMonth=05&FromYear=2000&ToDate=13&ToMonth=11&ToYear=2020&Variable=Issuer,1620589694,15:48:14,20210509
21,2015-09-30,BRY.TO,CAD,2015-09-30,2015-09-30,Q3,27494615.0,22661507.0,4833108.0,0.17578380348297293,0.0,3715773.0,0.0,0.0,4137817.0,26799324.0,713068.0,321907.0,1017198.0,0.03699626272271861,695291.0,0.025288260992197928,1117083.0,1099306.0,0.03998259295502046,747827.0,351479.0,0.012783557798499816,0.01,0.01,23632981.0,23632981.0,https://www.sedar.com/ModifyCompanyDocumentSearchForm.do?lang=EN&company_search=Bri-Chem Corp&document_selection=0&industry_group=A&FromDate=13&FromMonth=05&FromYear=2000&ToDate=13&ToMonth=11&ToYear=2020&Variable=Issuer,https://www.sedar.com/ModifyCompanyDocumentSearchForm.do?lang=EN&company_search=Bri-Chem Corp&document_selection=0&industry_group=A&FromDate=13&FromMonth=05&FromYear=2000&ToDate=13&ToMonth=11&ToYear=2020&Variable=Issuer,1620589694,15:48:14,20210509
22,2015-06-30,BRY.TO,CAD,2015-06-30,2015-06-30,Q2,21610027.0,18409235.0,3200792.0,0.14811605742093706,0.0,3480387.0,0.0,0.0,3881377.0,22290612.0,649869.0,300854.0,-379731.0,-0.0175719817471769,-680585.0,-0.03149394491732935,-1016155.0,-2346609.0,-0.10858889718184989,-637906.0,-1708703.0,-0.07906991509080484,-0.07,-0.07,23638093.0,23638093.0,https://www.sedar.com/ModifyCompanyDocumentSearchForm.do?lang=EN&company_search=Bri-Chem Corp&document_selection=0&industry_group=A&FromDate=13&FromMonth=05&FromYear=2000&ToDate=13&ToMonth=11&ToYear=2020&Variable=Issuer,https://www.sedar.com/ModifyCompanyDocumentSearchForm.do?lang=EN&company_search=Bri-Chem Corp&document_selection=0&industry_group=A&FromDate=13&FromMonth=05&FromYear=2000&ToDate=13&ToMonth=11&ToYear=2020&Variable=Issuer,1620589694,15:48:14,20210509
23,2015-03-31,BRY.TO,CAD,2015-03-31,2015-03-31,Q1,26209726.0,22326606.0,3883120.0,0.1481556884646562,0.0,4184586.0,0.0,0.0,4587245.0,26913851.0,861493.0,302618.0,-401507.0,-0.015319007913321948,-704125.0,-0.026865027127715872,1852177.0,286559.0,0.010933307734693603,-86336.0,372895.0,0.014227352090594156,0.02,0.02,23720762.0,23720762.0,https://www.sedar.com/ModifyCompanyDocumentSearchForm.do?lang=EN&company_search=Bri-Chem Corp&document_selection=0&industry_group=A&FromDate=13&FromMonth=05&FromYear=2000&ToDate=13&ToMonth=11&ToYear=2020&Variable=Issuer,https://www.sedar.com/ModifyCompanyDocumentSearchForm.do?lang=EN&company_search=Bri-Chem Corp&document_selection=0&industry_group=A&FromDate=13&FromMonth=05&FromYear=2000&ToDate=13&ToMonth=11&ToYear=2020&Variable=Issuer,1620589694,15:48:14,20210509
24,2014-12-31,BRY.TO,CAD,2014-12-31,2014-12-31,Q4,50291385.0,41727037.0,8564348.0,0.1702945345410551,0.0,4200391.0,0.0,0.0,4782666.0,46509703.0,933977.0,261521.0,4043203.0,0.08039553891784845,3781682.0,0.07519542362971313,-5072816.0,-4984853.0,-0.09911942174589147,-1615272.0,-3132669.0,-0.06229037040837113,-0.13089338933582909,-0.13089338933582909,23932981.0,23932981.0,https://www.sedar.com/ModifyCompanyDocumentSearchForm.do?lang=EN&company_search=Bri-Chem Corp&document_selection=0&industry_group=A&FromDate=13&FromMonth=05&FromYear=2000&ToDate=13&ToMonth=11&ToYear=2020&Variable=Issuer,https://www.sedar.com/ModifyCompanyDocumentSearchForm.do?lang=EN&company_search=Bri-Chem Corp&document_selection=0&industry_group=A&FromDate=13&FromMonth=05&FromYear=2000&ToDate=13&ToMonth=11&ToYear=2020&Variable=Issuer,1620589694,15:48:14,20210509
25,2014-09-30,BRY.TO,CAD,2014-09-30,2014-09-30,Q3,53283129.0,43620388.0,9662741.0,0.18134710144368585,0.0,4969756.0,0.0,0.0,5521468.0,49141856.0,843839.0,239256.0,4380529.0,0.08221230776443328,4141273.0,0.0777220309265246,-1574381.0,4871815.0,0.09143259961328472,1515934.0,3055317.0,0.05734117078597242,0.12717367945293437,0.12710064015884476,24024759.0,24038565.0,https://www.sedar.com/ModifyCompanyDocumentSearchForm.do?lang=EN&company_search=Bri-Chem Corp&document_selection=0&industry_group=A&FromDate=13&FromMonth=05&FromYear=2000&ToDate=13&ToMonth=11&ToYear=2020&Variable=Issuer,https://www.sedar.com/ModifyCompanyDocumentSearchForm.do?lang=EN&company_search=Bri-Chem Corp&document_selection=0&industry_group=A&FromDate=13&FromMonth=05&FromYear=2000&ToDate=13&ToMonth=11&ToYear=2020&Variable=Issuer,1620589694,15:48:14,20210509
26,2014-06-30,BRY.TO,CAD,2014-06-30,2014-06-30,Q2,35185988.0,29131434.0,6054554.0,0.17207287173519187,0.0,4755952.0,0.0,0.0,5280789.0,34412223.0,717845.0,212489.0,986254.0,0.02802973729201522,773765.0,0.021990714030823862,-596894.0,-540974.0,-0.015374699724219766,55541.0,-3218131.0,-0.091460583684619,-0.13,-0.13,24010736.0,24010736.0,https://www.sedar.com/ModifyCompanyDocumentSearchForm.do?lang=EN&company_search=Bri-Chem Corp&document_selection=0&industry_group=A&FromDate=13&FromMonth=05&FromYear=2000&ToDate=13&ToMonth=11&ToYear=2020&Variable=Issuer,https://www.sedar.com/ModifyCompanyDocumentSearchForm.do?lang=EN&company_search=Bri-Chem Corp&document_selection=0&industry_group=A&FromDate=13&FromMonth=05&FromYear=2000&ToDate=13&ToMonth=11&ToYear=2020&Variable=Issuer,1620589694,15:48:14,20210509
27,2014-03-31,BRY.TO,CAD,2014-03-31,2014-03-31,Q1,52854261.0,45127717.0,7726544.0,0.1461858297479554,0.0,5148614.0,0.0,0.0,5703677.0,50831394.0,1003317.0,235263.0,2258130.0,0.04272370774420628,2022867.0,0.03827254343788857,-10750672.0,-9731122.0,-0.18411234621178413,-1763480.0,-5084529.0,-0.09619903681937772,-0.21,-0.21,24010736.0,24010736.0,https://www.sedar.com/ModifyCompanyDocumentSearchForm.do?lang=EN&company_search=Bri-Chem Corp&document_selection=0&industry_group=A&FromDate=13&FromMonth=05&FromYear=2000&ToDate=13&ToMonth=11&ToYear=2020&Variable=Issuer,https://www.sedar.com/ModifyCompanyDocumentSearchForm.do?lang=EN&company_search=Bri-Chem Corp&document_selection=0&industry_group=A&FromDate=13&FromMonth=05&FromYear=2000&ToDate=13&ToMonth=11&ToYear=2020&Variable=Issuer,1620589694,15:48:14,20210509
28,2013-12-31,BRY.TO,CAD,2013-12-31,2013-12-31,Q4,50277148.0,44477375.0,5799773.0,0.11535604605098125,0.0,3932348.0,0.0,0.0,4497859.0,48975234.0,1460262.0,823385.0,2125299.0,0.04227166982502667,1301914.0,0.025894746456183233,-3062078.0,-3277524.0,-0.06518913920893046,-1007859.0,-2104766.0,-0.041863273549247466,-0.08794416374625459,-0.08794416374625459,23932981.0,23932981.0,https://www.sedar.com/ModifyCompanyDocumentSearchForm.do?lang=EN&company_search=Bri-Chem Corp&document_selection=0&industry_group=A&FromDate=13&FromMonth=05&FromYear=2000&ToDate=13&ToMonth=11&ToYear=2020&Variable=Issuer,https://www.sedar.com/ModifyCompanyDocumentSearchForm.do?lang=EN&company_search=Bri-Chem Corp&document_selection=0&industry_group=A&FromDate=13&FromMonth=05&FromYear=2000&ToDate=13&ToMonth=11&ToYear=2020&Variable=Issuer,1620589694,15:48:14,20210509
29,2013-09-30,BRY.TO,CAD,2013-09-30,2013-09-30,Q3,51730842.0,42963332.0,8767510.0,0.1694832262734096,0.0,5577927.0,0.0,0.0,6002382.0,48965714.0,770793.0,697354.0,3462482.0,0.06693264339289123,2765128.0,0.05345221328506503,65159.0,1929176.0,0.03729256910220019,851194.0,1246619.0,0.02409817725371646,0.07151182798277249,0.07141193437580413,17432347.0,17456732.0,https://www.sedar.com/ModifyCompanyDocumentSearchForm.do?lang=EN&company_search=Bri-Chem Corp&document_selection=0&industry_group=A&FromDate=13&FromMonth=05&FromYear=2000&ToDate=13&ToMonth=11&ToYear=2020&Variable=Issuer,https://www.sedar.com/ModifyCompanyDocumentSearchForm.do?lang=EN&company_search=Bri-Chem Corp&document_selection=0&industry_group=A&FromDate=13&FromMonth=05&FromYear=2000&ToDate=13&ToMonth=11&ToYear=2020&Variable=Issuer,1620589694,15:48:14,20210509
30,2013-06-30,BRY.TO,CAD,2013-06-30,2013-06-30,Q2,28243483.0,23638000.0,4605483.0,0.1630635640795436,0.0,4901661.0,0.0,0.0,5251641.0,28889641.0,783396.0,169098.0,-477060.0,-0.016890976229808483,-646158.0,-0.022878127318787134,186376.0,-1243178.0,-0.04401645505265763,-199365.0,-892222.0,-0.031590367236222244,-0.05,-0.05,17443636.0,17443636.0,https://www.sedar.com/ModifyCompanyDocumentSearchForm.do?lang=EN&company_search=Bri-Chem Corp&document_selection=0&industry_group=A&FromDate=13&FromMonth=05&FromYear=2000&ToDate=13&ToMonth=11&ToYear=2020&Variable=Issuer,https://www.sedar.com/ModifyCompanyDocumentSearchForm.do?lang=EN&company_search=Bri-Chem Corp&document_selection=0&industry_group=A&FromDate=13&FromMonth=05&FromYear=2000&ToDate=13&ToMonth=11&ToYear=2020&Variable=Issuer,1620589694,15:48:14,20210509
31,2013-03-31,BRY.TO,CAD,2013-03-31,2013-03-31,Q1,49695536.0,41011713.0,8683823.0,0.1747405038553161,0.0,4834779.0,0.0,0.0,5171078.0,46182791.0,803828.0,155183.0,3667928.0,0.07380799756340288,3512745.0,0.07068532272194428,46698.0,2655691.0,0.05343922641260978,820987.0,1859851.0,0.037424910760596286,0.10650965885201107,0.10610971036974039,17461806.0,17527623.0,https://www.sedar.com/ModifyCompanyDocumentSearchForm.do?lang=EN&company_search=Bri-Chem Corp&document_selection=0&industry_group=A&FromDate=13&FromMonth=05&FromYear=2000&ToDate=13&ToMonth=11&ToYear=2020&Variable=Issuer,https://www.sedar.com/ModifyCompanyDocumentSearchForm.do?lang=EN&company_search=Bri-Chem Corp&document_selection=0&industry_group=A&FromDate=13&FromMonth=05&FromYear=2000&ToDate=13&ToMonth=11&ToYear=2020&Variable=Issuer,1620589694,15:48:14,20210509
32,2012-12-31,BRY.TO,CAD,2012-12-31,2012-12-31,Q4,39654665.0,35351181.0,4303484.0,0.10852402863572294,0.0,2650238.0,0.0,0.0,2171082.0,37522263.0,522726.0,-571752.0,1560650.0,0.039356025325141444,2132402.0,0.05377430372946033,35170.0,1644846.0,0.041479255971523146,314705.0,1128701.0,0.02846325898857045,0.047160903190455045,0.047160903190455045,23932981.0,23932981.0,https://www.sedar.com/ModifyCompanyDocumentSearchForm.do?lang=EN&company_search=Bri-Chem Corp&document_selection=0&industry_group=A&FromDate=13&FromMonth=05&FromYear=2000&ToDate=13&ToMonth=11&ToYear=2020&Variable=Issuer,https://www.sedar.com/ModifyCompanyDocumentSearchForm.do?lang=EN&company_search=Bri-Chem Corp&document_selection=0&industry_group=A&FromDate=13&FromMonth=05&FromYear=2000&ToDate=13&ToMonth=11&ToYear=2020&Variable=Issuer,1620589694,15:48:14,20210509
33,2012-09-30,BRY.TO,CAD,2012-09-30,2012-09-30,Q3,36915533.0,29820413.0,7095120.0,0.19219876901140776,0.0,4752826.0,0.0,0.0,5170877.0,34991290.0,527835.0,350981.0,2275224.0,0.06163324257027523,1924243.0,0.05212556459634485,442409.0,1838817.0,0.0498114709599344,400238.0,1681937.0,0.045561769350587464,0.09704310917920264,0.0966526197145285,17331854.0,17401877.0,https://www.sedar.com/ModifyCompanyDocumentSearchForm.do?lang=EN&company_search=Bri-Chem Corp&document_selection=0&industry_group=A&FromDate=13&FromMonth=05&FromYear=2000&ToDate=13&ToMonth=11&ToYear=2020&Variable=Issuer,https://www.sedar.com/ModifyCompanyDocumentSearchForm.do?lang=EN&company_search=Bri-Chem Corp&document_selection=0&industry_group=A&FromDate=13&FromMonth=05&FromYear=2000&ToDate=13&ToMonth=11&ToYear=2020&Variable=Issuer,1620589694,15:48:14,20210509
34,2012-06-30,BRY.TO,CAD,2012-06-30,2012-06-30,Q2,30931414.0,26128584.0,4802830.0,0.1552735351833576,0.0,4756991.0,0.0,0.0,5272554.0,31401138.0,475973.0,398516.0,-71208.0,-0.002302125599560369,-469724.0,-0.015185985354565426,38085.0,-907612.0,-0.02934272581266411,-137805.0,-506285.0,-0.016367987574056587,-0.029369570993165266,-0.029071950817277346,17238420.0,17414896.0,https://www.sedar.com/ModifyCompanyDocumentSearchForm.do?lang=EN&company_search=Bri-Chem Corp&document_selection=0&industry_group=A&FromDate=13&FromMonth=05&FromYear=2000&ToDate=13&ToMonth=11&ToYear=2020&Variable=Issuer,https://www.sedar.com/ModifyCompanyDocumentSearchForm.do?lang=EN&company_search=Bri-Chem Corp&document_selection=0&industry_group=A&FromDate=13&FromMonth=05&FromYear=2000&ToDate=13&ToMonth=11&ToYear=2020&Variable=Issuer,1620589694,15:48:14,20210509
35,2012-03-31,BRY.TO,CAD,2012-03-31,2012-03-31,Q1,52566448.0,43385346.0,9181102.0,0.17465707403323125,0.0,4445468.0,0.0,0.0,4553041.0,47938387.0,720063.0,442181.0,5070242.0,0.09645395861634022,4628061.0,0.08804211005468736,0.0,3907998.0,0.07434396176055114,1014394.0,3061478.0,0.058240153491063346,0.17805884050902338,0.175802408961089,17193631.0,17414312.0,https://www.sedar.com/ModifyCompanyDocumentSearchForm.do?lang=EN&company_search=Bri-Chem Corp&document_selection=0&industry_group=A&FromDate=13&FromMonth=05&FromYear=2000&ToDate=13&ToMonth=11&ToYear=2020&Variable=Issuer,https://www.sedar.com/ModifyCompanyDocumentSearchForm.do?lang=EN&company_search=Bri-Chem Corp&document_selection=0&industry_group=A&FromDate=13&FromMonth=05&FromYear=2000&ToDate=13&ToMonth=11&ToYear=2020&Variable=Issuer,1620589694,15:48:14,20210509
36,2011-12-31,BRY.TO,CAD,2011-12-31,2011-12-31,Q4,48169674.0,39682280.0,8487394.0,0.17619787088449052,0.0,4367661.0,0.0,0.0,5002728.0,44685008.0,265821.0,486559.0,3971225.0,0.08244243048022289,3484666.0,0.07234149020813385,0.0,3218845.0,0.06682305967028135,787555.0,2768023.0,0.057464017713717556,0.11565725974545335,0.11565725974545335,23932981.0,23932981.0,https://www.sedar.com/ModifyCompanyDocumentSearchForm.do?lang=EN&company_search=Bri-Chem Corp&document_selection=0&industry_group=A&FromDate=13&FromMonth=05&FromYear=2000&ToDate=13&ToMonth=11&ToYear=2020&Variable=Issuer,https://www.sedar.com/ModifyCompanyDocumentSearchForm.do?lang=EN&company_search=Bri-Chem Corp&document_selection=0&industry_group=A&FromDate=13&FromMonth=05&FromYear=2000&ToDate=13&ToMonth=11&ToYear=2020&Variable=Issuer,1620589694,15:48:14,20210509
37,2011-09-30,BRY.TO,CAD,2011-09-30,2011-09-30,Q3,61135841.0,50755121.0,10380720.0,0.16979761511745622,0.0,3880302.0,0.0,0.0,4492142.0,55247263.0,471650.0,255983.0,6144561.0,0.10050668968469739,5888578.0,0.09631957136240261,0.0,5416928.0,0.08860478422141932,1455161.0,4086845.0,0.06684859377333176,0.25,0.24,16421279.0,16916864.0,https://www.sedar.com/ModifyCompanyDocumentSearchForm.do?lang=EN&company_search=Bri-Chem Corp&document_selection=0&industry_group=A&FromDate=13&FromMonth=05&FromYear=2000&ToDate=13&ToMonth=11&ToYear=2020&Variable=Issuer,https://www.sedar.com/ModifyCompanyDocumentSearchForm.do?lang=EN&company_search=Bri-Chem Corp&document_selection=0&industry_group=A&FromDate=13&FromMonth=05&FromYear=2000&ToDate=13&ToMonth=11&ToYear=2020&Variable=Issuer,1620589694,15:48:14,20210509
38,2011-06-30,BRY.TO,CAD,2011-06-30,2011-06-30,Q2,25770316.0,21276572.0,4493744.0,0.174376751918758,0.0,3120368.0,0.0,0.0,3372797.0,24649369.0,572680.0,152842.0,1273789.0,0.0494285363051039,1120947.0,0.043497603987471475,46028.0,594295.0,0.023061222842591454,157538.0,527098.0,0.02045368787872062,0.03297723498568197,0.03148379050507156,15983693.0,16741885.0,https://www.sedar.com/ModifyCompanyDocumentSearchForm.do?lang=EN&company_search=Bri-Chem Corp&document_selection=0&industry_group=A&FromDate=13&FromMonth=05&FromYear=2000&ToDate=13&ToMonth=11&ToYear=2020&Variable=Issuer,https://www.sedar.com/ModifyCompanyDocumentSearchForm.do?lang=EN&company_search=Bri-Chem Corp&document_selection=0&industry_group=A&FromDate=13&FromMonth=05&FromYear=2000&ToDate=13&ToMonth=11&ToYear=2020&Variable=Issuer,1620589694,15:48:14,20210509
39,2011-03-31,BRY.TO,CAD,2011-03-31,2011-03-31,Q1,50647489.0,42972379.0,7675110.0,0.15153979301915638,0.0,3294689.0,0.0,0.0,3490107.0,46462486.0,600388.0,110078.0,4295081.0,0.0848034341840718,4185003.0,0.0826300194270243,5390.0,3590006.0,0.07088221096212687,957553.0,2715674.0,0.05361912413861228,0.19,0.18,14550108.0,15338896.0,https://www.sedar.com/ModifyCompanyDocumentSearchForm.do?lang=EN&company_search=Bri-Chem Corp&document_selection=0&industry_group=A&FromDate=13&FromMonth=05&FromYear=2000&ToDate=13&ToMonth=11&ToYear=2020&Variable=Issuer,https://www.sedar.com/ModifyCompanyDocumentSearchForm.do?lang=EN&company_search=Bri-Chem Corp&document_selection=0&industry_group=A&FromDate=13&FromMonth=05&FromYear=2000&ToDate=13&ToMonth=11&ToYear=2020&Variable=Issuer,1620589694,15:48:14,20210509
40,2010-12-31,BRY.TO,CAD,2010-12-31,2010-12-31,Q4,47852254.0,42492589.0,5359665.0,0.11200444183883167,0.0,2819828.0,0.0,0.0,3380888.0,45873477.0,546339.0,142401.0,2121178.0,0.04432765068913995,1978777.0,0.04135180340721254,0.0,3041896.0,0.06356849982448058,946218.0,2129119.0,0.04449359898490884,0.08896171354500303,0.08896171354500303,23932981.0,23932981.0,https://www.sedar.com/ModifyCompanyDocumentSearchForm.do?lang=EN&company_search=Bri-Chem Corp&document_selection=0&industry_group=A&FromDate=13&FromMonth=05&FromYear=2000&ToDate=13&ToMonth=11&ToYear=2020&Variable=Issuer,https://www.sedar.com/ModifyCompanyDocumentSearchForm.do?lang=EN&company_search=Bri-Chem Corp&document_selection=0&industry_group=A&FromDate=13&FromMonth=05&FromYear=2000&ToDate=13&ToMonth=11&ToYear=2020&Variable=Issuer,1620589694,15:48:14,20210509
41,2010-09-30,BRY.TO,CAD,2010-09-30,2010-09-30,Q3,38484673.0,32765124.0,5719549.0,0.14861888004089316,0.0,2520358.0,0.0,0.0,2186122.0,34951246.0,399790.0,93577.0,3627004.0,0.09424541557102487,3533427.0,0.09181387613713127,0.0,3133637.0,0.08142558467366996,869938.0,2263699.0,0.05882079341040523,0.16499718432475763,0.1639549423198769,13719622.0,13806836.0,https://www.sedar.com/ModifyCompanyDocumentSearchForm.do?lang=EN&company_search=Bri-Chem Corp&document_selection=0&industry_group=A&FromDate=13&FromMonth=05&FromYear=2000&ToDate=13&ToMonth=11&ToYear=2020&Variable=Issuer,https://www.sedar.com/ModifyCompanyDocumentSearchForm.do?lang=EN&company_search=Bri-Chem Corp&document_selection=0&industry_group=A&FromDate=13&FromMonth=05&FromYear=2000&ToDate=13&ToMonth=11&ToYear=2020&Variable=Issuer,1620589694,15:48:14,20210509
42,2010-06-30,BRY.TO,CAD,2010-06-30,2010-06-30,Q2,22193633.0,18884117.0,3309516.0,0.14912006520068166,0.0,2464494.0,0.0,-159454.0,2692365.0,21576482.0,399468.0,123486.0,740637.0,0.033371598061480066,617151.0,0.027807569855732947,-159454.0,58229.0,0.002623680404195203,16308.0,41921.0,0.001888875066105671,0.003022835491943564,0.003021606639014916,13868105.0,13873745.0,https://www.sedar.com/ModifyCompanyDocumentSearchForm.do?lang=EN&company_search=Bri-Chem Corp&document_selection=0&industry_group=A&FromDate=13&FromMonth=05&FromYear=2000&ToDate=13&ToMonth=11&ToYear=2020&Variable=Issuer,https://www.sedar.com/ModifyCompanyDocumentSearchForm.do?lang=EN&company_search=Bri-Chem Corp&document_selection=0&industry_group=A&FromDate=13&FromMonth=05&FromYear=2000&ToDate=13&ToMonth=11&ToYear=2020&Variable=Issuer,1620589694,15:48:14,20210509
43,2010-03-31,BRY.TO,CAD,2010-03-31,2010-03-31,Q1,43964826.0,37735854.0,6228972.0,0.1416808063791723,0.0,2059642.0,0.0,0.0,2285359.0,40021213.0,413982.0,121057.0,4064670.0,0.09245277122215836,3943613.0,0.08969927459737928,0.0,3529631.0,0.08028306537594394,990783.0,2538848.0,0.057747254589384706,0.17853740768979015,0.17850951451504943,14220258.0,14222480.0,https://www.sedar.com/ModifyCompanyDocumentSearchForm.do?lang=EN&company_search=Bri-Chem Corp&document_selection=0&industry_group=A&FromDate=13&FromMonth=05&FromYear=2000&ToDate=13&ToMonth=11&ToYear=2020&Variable=Issuer,https://www.sedar.com/ModifyCompanyDocumentSearchForm.do?lang=EN&company_search=Bri-Chem Corp&document_selection=0&industry_group=A&FromDate=13&FromMonth=05&FromYear=2000&ToDate=13&ToMonth=11&ToYear=2020&Variable=Issuer,1620589694,15:48:14,20210509
44,2009-12-31,BRY.TO,CAD,2009-12-31,2009-12-31,Q4,32058565.0,28085167.0,3973398.0,0.12394185454027652,0.0,2827515.0,0.0,0.0,3063021.0,31148188.0,408313.0,102433.0,1012810.0,0.031592493300932216,910377.0,0.028397309736103285,0.0,-2597488.0,-0.08102321485693449,-720683.0,-1876805.0,-0.05854301338815383,-0.0784191906557733,-0.0784191906557733,23932981.0,23932981.0,https://www.sedar.com/ModifyCompanyDocumentSearchForm.do?lang=EN&company_search=Bri-Chem Corp&document_selection=0&industry_group=A&FromDate=13&FromMonth=05&FromYear=2000&ToDate=13&ToMonth=11&ToYear=2020&Variable=Issuer,https://www.sedar.com/ModifyCompanyDocumentSearchForm.do?lang=EN&company_search=Bri-Chem Corp&document_selection=0&industry_group=A&FromDate=13&FromMonth=05&FromYear=2000&ToDate=13&ToMonth=11&ToYear=2020&Variable=Issuer,1620589694,15:48:14,20210509
45,2009-09-30,BRY.TO,CAD,2009-09-30,2009-09-30,Q3,23965481.0,21318278.0,2647203.0,0.1104589972552606,0.0,2331292.0,0.0,0.0,2701766.0,24020044.0,251131.0,167263.0,112700.0,0.00470259703946689,-54563.0,-0.002276732939347222,-6884132.0,-7189826.0,-0.30000758173808406,-606953.0,-6582873.0,-0.2746814470362602,-0.4540184511747635,-0.4537159453181442,14499131.0,14508798.0,https://www.sedar.com/ModifyCompanyDocumentSearchForm.do?lang=EN&company_search=Bri-Chem Corp&document_selection=0&industry_group=A&FromDate=13&FromMonth=05&FromYear=2000&ToDate=13&ToMonth=11&ToYear=2020&Variable=Issuer,https://www.sedar.com/ModifyCompanyDocumentSearchForm.do?lang=EN&company_search=Bri-Chem Corp&document_selection=0&industry_group=A&FromDate=13&FromMonth=05&FromYear=2000&ToDate=13&ToMonth=11&ToYear=2020&Variable=Issuer,1620589694,15:48:14,20210509
46,2009-06-30,BRY.TO,CAD,2009-06-30,2009-06-30,Q2,10118467.0,8249080.0,1869387.0,0.18475002191537512,0.0,2165770.0,0.0,0.0,2568148.0,10817228.0,489750.0,145812.0,-552949.0,-0.05464750737438784,-698761.0,-0.06905799070155588,0.0,-1188511.0,-0.11745959145787598,-340868.0,-847643.0,-0.08377187967307696,-0.06,-0.06,14504183.0,14504183.0,https://www.sedar.com/ModifyCompanyDocumentSearchForm.do?lang=EN&company_search=Bri-Chem Corp&document_selection=0&industry_group=A&FromDate=13&FromMonth=05&FromYear=2000&ToDate=13&ToMonth=11&ToYear=2020&Variable=Issuer,https://www.sedar.com/ModifyCompanyDocumentSearchForm.do?lang=EN&company_search=Bri-Chem Corp&document_selection=0&industry_group=A&FromDate=13&FromMonth=05&FromYear=2000&ToDate=13&ToMonth=11&ToYear=2020&Variable=Issuer,1620589694,15:48:14,20210509
47,2009-03-31,BRY.TO,CAD,2009-03-31,2009-03-31,Q1,30337102.0,25520185.0,4816917.0,0.15877973446507843,0.0,2410378.0,0.0,0.0,2929247.0,28449432.0,681901.0,125637.0,2013307.0,0.06636451299797852,1887670.0,0.06222314840751763,0.0,1205769.0,0.039745688299429524,345786.0,859983.0,0.028347565960651088,0.06,0.06,14513408.0,14513408.0,https://www.sedar.com/ModifyCompanyDocumentSearchForm.do?lang=EN&company_search=Bri-Chem Corp&document_selection=0&industry_group=A&FromDate=13&FromMonth=05&FromYear=2000&ToDate=13&ToMonth=11&ToYear=2020&Variable=Issuer,https://www.sedar.com/ModifyCompanyDocumentSearchForm.do?lang=EN&company_search=Bri-Chem Corp&document_selection=0&industry_group=A&FromDate=13&FromMonth=05&FromYear=2000&ToDate=13&ToMonth=11&ToYear=2020&Variable=Issuer,1620589694,15:48:14,20210509
48,2008-12-31,BRY.TO,CAD,2008-12-31,2008-12-31,Q4,46239576.0,39267914.0,6971662.0,0.15077261954132104,0.0,0.0,0.0,0.0,4642153.0,43910067.0,0.0,145633.0,2475142.0,0.0535286482730724,2329509.0,0.05037911679812981,0.0,1712538.0,0.037036196006641584,477652.0,1234886.0,0.026706256995090095,0.0515976676704001,0.0515976676704001,23932981.0,23932981.0,https://www.sedar.com/ModifyCompanyDocumentSearchForm.do?lang=EN&company_search=Bri-Chem Corp&document_selection=0&industry_group=A&FromDate=13&FromMonth=05&FromYear=2000&ToDate=13&ToMonth=11&ToYear=2020&Variable=Issuer,https://www.sedar.com/ModifyCompanyDocumentSearchForm.do?lang=EN&company_search=Bri-Chem Corp&document_selection=0&industry_group=A&FromDate=13&FromMonth=05&FromYear=2000&ToDate=13&ToMonth=11&ToYear=2020&Variable=Issuer,1620589694,15:48:14,20210509
49,2008-09-30,BRY.TO,CAD,2008-09-30,2008-09-30,Q3,32184454.0,26798504.0,5385950.0,0.16734632192300047,0.0,0.0,0.0,0.0,2201019.0,28999523.0,0.0,99977.0,3284908.0,0.10206505289789909,3184931.0,0.09895867737883637,0.0,2762375.0,0.08582948152545947,878954.0,1883421.0,0.05851958837021128,0.14,0.14,13663524.0,13663524.0,https://www.sedar.com/ModifyCompanyDocumentSearchForm.do?lang=EN&company_search=Bri-Chem Corp&document_selection=0&industry_group=A&FromDate=13&FromMonth=05&FromYear=2000&ToDate=13&ToMonth=11&ToYear=2020&Variable=Issuer,https://www.sedar.com/ModifyCompanyDocumentSearchForm.do?lang=EN&company_search=Bri-Chem Corp&document_selection=0&industry_group=A&FromDate=13&FromMonth=05&FromYear=2000&ToDate=13&ToMonth=11&ToYear=2020&Variable=Issuer,1620589694,15:48:14,20210509
50,2008-06-30,BRY.TO,CAD,2008-06-30,2008-06-30,Q2,10658262.0,8653628.0,2004634.0,0.18808263486110588,0.0,0.0,0.0,0.0,1492618.0,10146246.0,0.0,74227.0,586243.0,0.05500362066535801,512016.0,0.048039352006921957,0.0,136903.0,0.012844777131581116,33197.0,103706.0,0.00973010421398911,0.01,0.01,12939278.0,12939278.0,https://www.sedar.com/ModifyCompanyDocumentSearchForm.do?lang=EN&company_search=Bri-Chem Corp&document_selection=0&industry_group=A&FromDate=13&FromMonth=05&FromYear=2000&ToDate=13&ToMonth=11&ToYear=2020&Variable=Issuer,https://www.sedar.com/ModifyCompanyDocumentSearchForm.do?lang=EN&company_search=Bri-Chem Corp&document_selection=0&industry_group=A&FromDate=13&FromMonth=05&FromYear=2000&ToDate=13&ToMonth=11&ToYear=2020&Variable=Issuer,1620589694,15:48:14,20210509
51,2008-03-31,BRY.TO,CAD,2008-03-31,2008-03-31,Q1,22200532.0,18123731.0,4076801.0,0.18363528405535506,0.0,0.0,0.0,0.0,1715703.0,19839434.0,0.0,97626.0,2458724.0,0.11075067930804541,2361098.0,0.10635321712110322,0.0,1885202.0,0.08491697406170266,620427.0,1264775.0,0.05697048160827858,0.1,0.1,12926838.0,12926838.0,https://www.sedar.com/ModifyCompanyDocumentSearchForm.do?lang=EN&company_search=Bri-Chem Corp&document_selection=0&industry_group=A&FromDate=13&FromMonth=05&FromYear=2000&ToDate=13&ToMonth=11&ToYear=2020&Variable=Issuer,https://www.sedar.com/ModifyCompanyDocumentSearchForm.do?lang=EN&company_search=Bri-Chem Corp&document_selection=0&industry_group=A&FromDate=13&FromMonth=05&FromYear=2000&ToDate=13&ToMonth=11&ToYear=2020&Variable=Issuer,1620589694,15:48:14,20210509
52,2007-12-31,BRY.TO,CAD,2007-12-31,2007-12-31,Q4,21357551.0,17310573.0,4046978.0,0.18948698752960955,0.0,0.0,0.0,0.0,2216810.0,19527383.0,0.0,127811.0,1957979.0,0.09167619452248996,1830168.0,0.08569184734710454,0.0,1358714.0,0.06361749996523478,931682.0,427032.0,0.019994427263687678,0.017842825346328566,0.017842825346328566,23932981.0,23932981.0,https://www.sedar.com/ModifyCompanyDocumentSearchForm.do?lang=EN&company_search=Bri-Chem Corp&document_selection=0&industry_group=A&FromDate=13&FromMonth=05&FromYear=2000&ToDate=13&ToMonth=11&ToYear=2020&Variable=Issuer,https://www.sedar.com/ModifyCompanyDocumentSearchForm.do?lang=EN&company_search=Bri-Chem Corp&document_selection=0&industry_group=A&FromDate=13&FromMonth=05&FromYear=2000&ToDate=13&ToMonth=11&ToYear=2020&Variable=Issuer,1620589694,15:48:14,20210509
53,2007-09-30,BRY.TO,CAD,2007-09-30,2007-09-30,Q3,18889017.0,15581714.0,3307303.0,0.17509132423354798,0.0,0.0,0.0,0.0,1618573.0,17200287.0,0.0,74759.0,1763489.0,0.09336054914874607,1688730.0,0.08940274658019526,0.0,1287949.0,0.06818507283888833,113175.0,1174774.0,0.062193495828819466,0.09,0.09,12797911.0,12797911.0,https://www.sedar.com/ModifyCompanyDocumentSearchForm.do?lang=EN&company_search=Bri-Chem Corp&document_selection=0&industry_group=A&FromDate=13&FromMonth=05&FromYear=2000&ToDate=13&ToMonth=11&ToYear=2020&Variable=Issuer,https://www.sedar.com/ModifyCompanyDocumentSearchForm.do?lang=EN&company_search=Bri-Chem Corp&document_selection=0&industry_group=A&FromDate=13&FromMonth=05&FromYear=2000&ToDate=13&ToMonth=11&ToYear=2020&Variable=Issuer,1620589694,15:48:14,20210509
54,2007-06-30,BRY.TO,CAD,2007-06-30,2007-06-30,Q2,6135841.0,4932110.0,1203731.0,0.19618027911740216,0.0,0.0,0.0,0.0,955889.0,5887999.0,0.0,0.0,336719.0,0.054877399854396484,247842.0,0.0403925069114405,0.0,-101791.0,-0.016589575903286934,0.0,-101791.0,-0.016589575903286934,-0.008334949157227744,-0.008315076124799252,12212552.0,12241740.0,https://www.sedar.com/ModifyCompanyDocumentSearchForm.do?lang=EN&company_search=Bri-Chem Corp&document_selection=0&industry_group=A&FromDate=13&FromMonth=05&FromYear=2000&ToDate=13&ToMonth=11&ToYear=2020&Variable=Issuer,https://www.sedar.com/ModifyCompanyDocumentSearchForm.do?lang=EN&company_search=Bri-Chem Corp&document_selection=0&industry_group=A&FromDate=13&FromMonth=05&FromYear=2000&ToDate=13&ToMonth=11&ToYear=2020&Variable=Issuer,1620589694,15:48:14,20210509
55,2007-03-31,BRY.TO,CAD,2007-03-31,2007-03-31,Q1,13136256.0,10797659.0,2338597.0,0.17802614382667328,0.0,0.0,0.0,0.0,1113776.0,11911435.0,0.0,0.0,1312997.0,0.09995214770479503,1224821.0,0.0932397328432089,0.0,0.0,0.0,0.0,900505.0,0.0685511153254017,0.07373602175859723,0.07366251336736106,12212552.0,12224739.0,https://www.sedar.com/ModifyCompanyDocumentSearchForm.do?lang=EN&company_search=Bri-Chem Corp&document_selection=0&industry_group=A&FromDate=13&FromMonth=05&FromYear=2000&ToDate=13&ToMonth=11&ToYear=2020&Variable=Issuer,https://www.sedar.com/ModifyCompanyDocumentSearchForm.do?lang=EN&company_search=Bri-Chem Corp&document_selection=0&industry_group=A&FromDate=13&FromMonth=05&FromYear=2000&ToDate=13&ToMonth=11&ToYear=2020&Variable=Issuer,1620589694,15:48:14,20210509
56,2006-12-31,BRY.TO,CAD,2006-12-31,2006-12-31,Q4,47997.0,0.0,0.0,0.0,0.0,0.0,0.0,0.0,378977.0,378977.0,0.0,28461.0,-302519.0,-6.3028730962351815,-330980.0,-6.8958476571452385,1672.0,0.0,0.0,0.0,-328848.0,-6.851428214263391,-0.013740369409059407,-0.013740369409059407,23932981.0,23932981.0,https://www.sedar.com/ModifyCompanyDocumentSearchForm.do?lang=EN&company_search=Bri-Chem Corp&document_selection=0&industry_group=A&FromDate=13&FromMonth=05&FromYear=2000&ToDate=13&ToMonth=11&ToYear=2020&Variable=Issuer,https://www.sedar.com/ModifyCompanyDocumentSearchForm.do?lang=EN&company_search=Bri-Chem Corp&document_selection=0&industry_group=A&FromDate=13&FromMonth=05&FromYear=2000&ToDate=13&ToMonth=11&ToYear=2020&Variable=Issuer,1620589694,15:48:14,20210509
57,2006-09-30,BRY.TO,CAD,2006-09-30,2006-09-30,Q3,78017.0,0.0,0.0,0.0,0.0,0.0,0.0,0.0,103852.0,103852.0,0.0,4646.0,-21189.0,-0.2715946524475435,-25835.0,-0.33114577592063266,-773.0,0.0,0.0,0.0,-26584.0,-0.3407462476126998,-0.015,-0.015,1719852.0,1719852.0,https://www.sedar.com/ModifyCompanyDocumentSearchForm.do?lang=EN&company_search=Bri-Chem Corp&document_selection=0&industry_group=A&FromDate=13&FromMonth=05&FromYear=2000&ToDate=13&ToMonth=11&ToYear=2020&Variable=Issuer,https://www.sedar.com/ModifyCompanyDocumentSearchForm.do?lang=EN&company_search=Bri-Chem Corp&document_selection=0&industry_group=A&FromDate=13&FromMonth=05&FromYear=2000&ToDate=13&ToMonth=11&ToYear=2020&Variable=Issuer,1620589694,15:48:14,20210509
58,2006-06-30,BRY.TO,CAD,2006-06-30,2006-06-30,Q2,83769.0,0.0,0.0,0.0,0.0,0.0,0.0,0.0,102529.0,102529.0,0.0,4619.0,-14141.0,-0.1688094641215724,-18760.0,-0.22394919361577673,-2076.0,0.0,0.0,0.0,-20765.0,-0.2478840621232198,-0.01,-0.01,1719852.0,1719852.0,https://www.sedar.com/ModifyCompanyDocumentSearchForm.do?lang=EN&company_search=Bri-Chem Corp&document_selection=0&industry_group=A&FromDate=13&FromMonth=05&FromYear=2000&ToDate=13&ToMonth=11&ToYear=2020&Variable=Issuer,https://www.sedar.com/ModifyCompanyDocumentSearchForm.do?lang=EN&company_search=Bri-Chem Corp&document_selection=0&industry_group=A&FromDate=13&FromMonth=05&FromYear=2000&ToDate=13&ToMonth=11&ToYear=2020&Variable=Issuer,1620589694,15:48:14,20210509
59,2006-03-31,BRY.TO,CAD,2006-03-31,2006-03-31,Q1,81774.0,0.0,0.0,0.0,0.0,0.0,0.0,0.0,62670.0,62670.0,0.0,4618.0,23722.0,0.29009220534644264,19104.0,0.233619487856776,-982.0,0.0,0.0,0.0,10657.0,0.13032259642429134,0.005,0.005,1719852.0,1719852.0,https://www.sedar.com/ModifyCompanyDocumentSearchForm.do?lang=EN&company_search=Bri-Chem Corp&document_selection=0&industry_group=A&FromDate=13&FromMonth=05&FromYear=2000&ToDate=13&ToMonth=11&ToYear=2020&Variable=Issuer,https://www.sedar.com/ModifyCompanyDocumentSearchForm.do?lang=EN&company_search=Bri-Chem Corp&document_selection=0&industry_group=A&FromDate=13&FromMonth=05&FromYear=2000&ToDate=13&ToMonth=11&ToYear=2020&Variable=Issuer,1620589694,15:48:14,20210509
60,2005-12-31,BRY.TO,CAD,2005-12-31,2005-12-31,Q4,76956.0,0.0,0.0,0.0,0.0,0.0,0.0,0.0,139113.0,139113.0,0.0,6143.0,-56014.0,-0.7278704714382245,-62157.0,-0.807695306408857,-5320.0,0.0,0.0,0.0,-48307.0,-0.6277223348406882,-0.0020184280428752273,-0.0020184280428752273,23932981.0,23932981.0,https://www.sedar.com/ModifyCompanyDocumentSearchForm.do?lang=EN&company_search=Bri-Chem Corp&document_selection=0&industry_group=A&FromDate=13&FromMonth=05&FromYear=2000&ToDate=13&ToMonth=11&ToYear=2020&Variable=Issuer,https://www.sedar.com/ModifyCompanyDocumentSearchForm.do?lang=EN&company_search=Bri-Chem Corp&document_selection=0&industry_group=A&FromDate=13&FromMonth=05&FromYear=2000&ToDate=13&ToMonth=11&ToYear=2020&Variable=Issuer,1620589694,15:48:14,20210509
61,2005-09-30,BRY.TO,CAD,2005-09-30,2005-09-30,Q3,73691.0,0.0,0.0,0.0,0.0,0.0,0.0,0.0,81203.0,81203.0,0.0,6355.0,-1157.0,-0.015700696150140452,-7512.0,-0.1019391784614132,2801.0,0.0,0.0,0.0,-10800.0,-0.14655792430554612,-0.005,-0.005,1719852.0,1719852.0,https://www.sedar.com/ModifyCompanyDocumentSearchForm.do?lang=EN&company_search=Bri-Chem Corp&document_selection=0&industry_group=A&FromDate=13&FromMonth=05&FromYear=2000&ToDate=13&ToMonth=11&ToYear=2020&Variable=Issuer,https://www.sedar.com/ModifyCompanyDocumentSearchForm.do?lang=EN&company_search=Bri-Chem Corp&document_selection=0&industry_group=A&FromDate=13&FromMonth=05&FromYear=2000&ToDate=13&ToMonth=11&ToYear=2020&Variable=Issuer,1620589694,15:48:14,20210509
62,2005-06-30,BRY.TO,CAD,2005-06-30,2005-06-30,Q2,57294.0,0.0,0.0,0.0,0.0,0.0,0.0,0.0,107569.0,107569.0,0.0,6356.0,-43919.0,-0.7665549621251789,-50275.0,-0.8774915348902154,384.0,0.0,0.0,0.0,-49400.0,-0.862219429608685,-0.03,-0.03,1719852.0,1719852.0,https://www.sedar.com/ModifyCompanyDocumentSearchForm.do?lang=EN&company_search=Bri-Chem Corp&document_selection=0&industry_group=A&FromDate=13&FromMonth=05&FromYear=2000&ToDate=13&ToMonth=11&ToYear=2020&Variable=Issuer,https://www.sedar.com/ModifyCompanyDocumentSearchForm.do?lang=EN&company_search=Bri-Chem Corp&document_selection=0&industry_group=A&FromDate=13&FromMonth=05&FromYear=2000&ToDate=13&ToMonth=11&ToYear=2020&Variable=Issuer,1620589694,15:48:14,20210509
63,2005-03-31,BRY.TO,CAD,2005-03-31,2005-03-31,Q1,61830.0,0.0,0.0,0.0,0.0,0.0,0.0,0.0,108147.0,108147.0,0.0,6356.0,-39961.0,-0.6463043829856057,-46317.0,-0.749102377486657,21.0,0.0,0.0,0.0,-45723.0,-0.7394953905870937,-0.025,-0.025,1719852.0,1719852.0,https://www.sedar.com/ModifyCompanyDocumentSearchForm.do?lang=EN&company_search=Bri-Chem Corp&document_selection=0&industry_group=A&FromDate=13&FromMonth=05&FromYear=2000&ToDate=13&ToMonth=11&ToYear=2020&Variable=Issuer,https://www.sedar.com/ModifyCompanyDocumentSearchForm.do?lang=EN&company_search=Bri-Chem Corp&document_selection=0&industry_group=A&FromDate=13&FromMonth=05&FromYear=2000&ToDate=13&ToMonth=11&ToYear=2020&Variable=Issuer,1620589694,15:48:14,20210509
64,2004-12-31,BRY.TO,CAD,2004-12-31,2004-12-31,Q4,84299.0,0.0,0.0,0.0,0.0,0.0,0.0,0.0,109624.0,109624.0,0.0,3691.0,-21634.0,-0.25663412377371025,-25325.0,-0.30041874755335174,-21852.0,0.0,0.0,0.0,-46655.0,-0.5534466601027296,-0.0019494019570733792,-0.0019494019570733792,23932981.0,23932981.0,https://www.sedar.com/ModifyCompanyDocumentSearchForm.do?lang=EN&company_search=Bri-Chem Corp&document_selection=0&industry_group=A&FromDate=13&FromMonth=05&FromYear=2000&ToDate=13&ToMonth=11&ToYear=2020&Variable=Issuer,https://www.sedar.com/ModifyCompanyDocumentSearchForm.do?lang=EN&company_search=Bri-Chem Corp&document_selection=0&industry_group=A&FromDate=13&FromMonth=05&FromYear=2000&ToDate=13&ToMonth=11&ToYear=2020&Variable=Issuer,1620589694,15:48:14,20210509
65,2004-09-30,BRY.TO,CAD,2004-09-30,2004-09-30,Q3,73844.0,0.0,0.0,0.0,0.0,0.0,0.0,0.0,100065.0,100065.0,0.0,8162.0,-18059.0,-0.24455609121932723,-26221.0,-0.3550863983532853,305446.0,0.0,0.0,0.0,280263.0,3.7953388223823197,0.17,0.15,1646518.0,1646518.0,https://www.sedar.com/ModifyCompanyDocumentSearchForm.do?lang=EN&company_search=Bri-Chem Corp&document_selection=0&industry_group=A&FromDate=13&FromMonth=05&FromYear=2000&ToDate=13&ToMonth=11&ToYear=2020&Variable=Issuer,https://www.sedar.com/ModifyCompanyDocumentSearchForm.do?lang=EN&company_search=Bri-Chem Corp&document_selection=0&industry_group=A&FromDate=13&FromMonth=05&FromYear=2000&ToDate=13&ToMonth=11&ToYear=2020&Variable=Issuer,1620589694,15:48:14,20210509
66,2004-06-30,BRY.TO,CAD,2004-06-30,2004-06-30,Q2,70301.0,0.0,0.0,0.0,0.0,0.0,0.0,0.0,132056.0,132056.0,0.0,8163.0,-53592.0,-0.7623220153340635,-61755.0,-0.878437006585966,-2490.0,0.0,0.0,0.0,-63530.0,-0.9036855805749563,-0.045,-0.045,1499852.0,1499852.0,https://www.sedar.com/ModifyCompanyDocumentSearchForm.do?lang=EN&company_search=Bri-Chem Corp&document_selection=0&industry_group=A&FromDate=13&FromMonth=05&FromYear=2000&ToDate=13&ToMonth=11&ToYear=2020&Variable=Issuer,https://www.sedar.com/ModifyCompanyDocumentSearchForm.do?lang=EN&company_search=Bri-Chem Corp&document_selection=0&industry_group=A&FromDate=13&FromMonth=05&FromYear=2000&ToDate=13&ToMonth=11&ToYear=2020&Variable=Issuer,1620589694,15:48:14,20210509
67,2004-03-31,BRY.TO,CAD,2004-03-31,2004-03-31,Q1,74441.0,0.0,0.0,0.0,0.0,0.0,0.0,0.0,138632.0,138632.0,0.0,8162.0,-56029.0,-0.752663182923389,-64191.0,-0.8623070619685388,0.0,0.0,0.0,0.0,-62943.0,-0.8455421071721229,-0.04,-0.04,1499852.0,1499852.0,https://www.sedar.com/ModifyCompanyDocumentSearchForm.do?lang=EN&company_search=Bri-Chem Corp&document_selection=0&industry_group=A&FromDate=13&FromMonth=05&FromYear=2000&ToDate=13&ToMonth=11&ToYear=2020&Variable=Issuer,https://www.sedar.com/ModifyCompanyDocumentSearchForm.do?lang=EN&company_search=Bri-Chem Corp&document_selection=0&industry_group=A&FromDate=13&FromMonth=05&FromYear=2000&ToDate=13&ToMonth=11&ToYear=2020&Variable=Issuer,1620589694,15:48:14,20210509
68,2003-12-31,BRY.TO,CAD,2003-12-31,2003-12-31,Q4,47774.0,0.0,0.0,0.0,0.0,0.0,0.0,0.0,257140.0,257140.0,0.0,10809.0,-198557.0,-4.1561728136643366,-209366.0,-4.382425587139449,0.0,0.0,0.0,0.0,-211718.0,-4.431657386863147,-0.008846286219004644,-0.008846286219004644,23932981.0,23932981.0,https://www.sedar.com/ModifyCompanyDocumentSearchForm.do?lang=EN&company_search=Bri-Chem Corp&document_selection=0&industry_group=A&FromDate=13&FromMonth=05&FromYear=2000&ToDate=13&ToMonth=11&ToYear=2020&Variable=Issuer,https://www.sedar.com/ModifyCompanyDocumentSearchForm.do?lang=EN&company_search=Bri-Chem Corp&document_selection=0&industry_group=A&FromDate=13&FromMonth=05&FromYear=2000&ToDate=13&ToMonth=11&ToYear=2020&Variable=Issuer,1620589694,15:48:14,20210509
69,2003-09-30,BRY.TO,CAD,2003-09-30,2003-09-30,Q3,66356.0,0.0,0.0,0.0,0.0,0.0,0.0,0.0,151500.0,151500.0,0.0,11309.0,-73835.0,-1.1127102296702633,-85144.0,-1.2831394297426004,0.0,0.0,0.0,0.0,-82610.0,-1.244951473868226,-0.055,-0.055,1499852.0,1499852.0,https://www.sedar.com/ModifyCompanyDocumentSearchForm.do?lang=EN&company_search=Bri-Chem Corp&document_selection=0&industry_group=A&FromDate=13&FromMonth=05&FromYear=2000&ToDate=13&ToMonth=11&ToYear=2020&Variable=Issuer,https://www.sedar.com/ModifyCompanyDocumentSearchForm.do?lang=EN&company_search=Bri-Chem Corp&document_selection=0&industry_group=A&FromDate=13&FromMonth=05&FromYear=2000&ToDate=13&ToMonth=11&ToYear=2020&Variable=Issuer,1620589694,15:48:14,20210509
70,2003-06-30,BRY.TO,CAD,2003-06-30,2003-06-30,Q2,59886.0,0.0,0.0,0.0,0.0,0.0,0.0,0.0,153456.0,153456.0,0.0,11058.0,-82512.0,-1.3778178539224526,-93570.0,-1.5624686905119727,0.0,0.0,0.0,0.0,-90243.0,-1.506913134956417,-0.06,-0.06,1499852.0,1499852.0,https://www.sedar.com/ModifyCompanyDocumentSearchForm.do?lang=EN&company_search=Bri-Chem Corp&document_selection=0&industry_group=A&FromDate=13&FromMonth=05&FromYear=2000&ToDate=13&ToMonth=11&ToYear=2020&Variable=Issuer,https://www.sedar.com/ModifyCompanyDocumentSearchForm.do?lang=EN&company_search=Bri-Chem Corp&document_selection=0&industry_group=A&FromDate=13&FromMonth=05&FromYear=2000&ToDate=13&ToMonth=11&ToYear=2020&Variable=Issuer,1620589694,15:48:14,20210509
71,2003-03-31,BRY.TO,CAD,2003-03-31,2003-03-31,Q1,66573.0,0.0,0.0,0.0,0.0,0.0,0.0,0.0,143295.0,143295.0,0.0,11058.0,-65664.0,-0.9863458158712992,-76722.0,-1.1524491911135144,0.0,0.0,0.0,0.0,-73933.0,-1.1105553302389857,-0.05,-0.05,1499852.0,1499852.0,https://www.sedar.com/ModifyCompanyDocumentSearchForm.do?lang=EN&company_search=Bri-Chem Corp&document_selection=0&industry_group=A&FromDate=13&FromMonth=05&FromYear=2000&ToDate=13&ToMonth=11&ToYear=2020&Variable=Issuer,https://www.sedar.com/ModifyCompanyDocumentSearchForm.do?lang=EN&company_search=Bri-Chem Corp&document_selection=0&industry_group=A&FromDate=13&FromMonth=05&FromYear=2000&ToDate=13&ToMonth=11&ToYear=2020&Variable=Issuer,1620589694,15:48:14,20210509
72,2002-12-31,BRY.TO,CAD,2002-12-31,2002-12-31,Q4,25491.0,0.0,0.0,0.0,0.0,0.0,0.0,0.0,262701.0,262701.0,0.0,15230.0,-221980.0,-8.708171511513868,-237210.0,-9.305637283747204,0.0,0.0,0.0,0.0,-234164.0,-9.186144129300537,-0.009784155178997552,-0.009784155178997552,23932981.0,23932981.0,https://www.sedar.com/ModifyCompanyDocumentSearchForm.do?lang=EN&company_search=Bri-Chem Corp&document_selection=0&industry_group=A&FromDate=13&FromMonth=05&FromYear=2000&ToDate=13&ToMonth=11&ToYear=2020&Variable=Issuer,https://www.sedar.com/ModifyCompanyDocumentSearchForm.do?lang=EN&company_search=Bri-Chem Corp&document_selection=0&industry_group=A&FromDate=13&FromMonth=05&FromYear=2000&ToDate=13&ToMonth=11&ToYear=2020&Variable=Issuer,1620589694,15:48:14,20210509
73,2002-09-30,BRY.TO,CAD,2002-09-30,2002-09-30,Q3,42963.0,0.0,0.0,0.0,0.0,194903.0,0.0,0.0,209535.0,209535.0,0.0,14632.0,-151940.0,-3.5365314340246257,-166572.0,-3.877103554221074,0.0,0.0,0.0,0.0,-162936.0,-3.7924725926960408,-0.11,-0.11,1499852.0,1499852.0,https://www.sedar.com/ModifyCompanyDocumentSearchForm.do?lang=EN&company_search=Bri-Chem Corp&document_selection=0&industry_group=A&FromDate=13&FromMonth=05&FromYear=2000&ToDate=13&ToMonth=11&ToYear=2020&Variable=Issuer,https://www.sedar.com/ModifyCompanyDocumentSearchForm.do?lang=EN&company_search=Bri-Chem Corp&document_selection=0&industry_group=A&FromDate=13&FromMonth=05&FromYear=2000&ToDate=13&ToMonth=11&ToYear=2020&Variable=Issuer,1620589694,15:48:14,20210509
74,2002-06-30,BRY.TO,CAD,2002-06-30,2002-06-30,Q2,92553.0,0.0,0.0,0.0,0.0,264305.0,0.0,0.0,278937.0,278937.0,0.0,14633.0,-171751.0,-1.8557042991583201,-186384.0,-2.0138083044309747,0.0,0.0,0.0,0.0,-182275.0,-1.9694121206227784,-0.12,-0.12,1499852.0,1499852.0,https://www.sedar.com/ModifyCompanyDocumentSearchForm.do?lang=EN&company_search=Bri-Chem Corp&document_selection=0&industry_group=A&FromDate=13&FromMonth=05&FromYear=2000&ToDate=13&ToMonth=11&ToYear=2020&Variable=Issuer,https://www.sedar.com/ModifyCompanyDocumentSearchForm.do?lang=EN&company_search=Bri-Chem Corp&document_selection=0&industry_group=A&FromDate=13&FromMonth=05&FromYear=2000&ToDate=13&ToMonth=11&ToYear=2020&Variable=Issuer,1620589694,15:48:14,20210509
75,2002-03-31,BRY.TO,CAD,2002-03-31,2002-03-31,Q1,65976.0,0.0,0.0,0.0,0.0,247757.0,0.0,0.0,262389.0,262389.0,0.0,14632.0,-181781.0,-2.7552594882987753,-196413.0,-2.9770371044016004,0.0,0.0,0.0,0.0,-191265.0,-2.8990087304474352,-0.13,-0.13,1499852.0,1499852.0,https://www.sedar.com/ModifyCompanyDocumentSearchForm.do?lang=EN&company_search=Bri-Chem Corp&document_selection=0&industry_group=A&FromDate=13&FromMonth=05&FromYear=2000&ToDate=13&ToMonth=11&ToYear=2020&Variable=Issuer,https://www.sedar.com/ModifyCompanyDocumentSearchForm.do?lang=EN&company_search=Bri-Chem Corp&document_selection=0&industry_group=A&FromDate=13&FromMonth=05&FromYear=2000&ToDate=13&ToMonth=11&ToYear=2020&Variable=Issuer,1620589694,15:48:14,20210509
76,2001-12-31,BRY.TO,CAD,2001-12-31,2001-12-31,Q4,-12559.0,0.0,0.0,0.0,0.0,314677.0,0.0,0.0,945943.0,945943.0,0.0,63323.0,-895179.0,71.27788836690819,-958502.0,76.31992993072697,0.0,0.0,0.0,0.0,-947649.0,75.455768771399,-0.03959594502665589,-0.03959594502665589,23932981.0,23932981.0,https://www.sedar.com/ModifyCompanyDocumentSearchForm.do?lang=EN&company_search=Bri-Chem Corp&document_selection=0&industry_group=A&FromDate=13&FromMonth=05&FromYear=2000&ToDate=13&ToMonth=11&ToYear=2020&Variable=Issuer,https://www.sedar.com/ModifyCompanyDocumentSearchForm.do?lang=EN&company_search=Bri-Chem Corp&document_selection=0&industry_group=A&FromDate=13&FromMonth=05&FromYear=2000&ToDate=13&ToMonth=11&ToYear=2020&Variable=Issuer,1620589694,15:48:14,20210509
77,2001-09-30,BRY.TO,CAD,2001-09-30,2001-09-30,Q3,10550.0,0.0,0.0,0.0,0.0,215252.0,0.0,0.0,278440.0,278440.0,0.0,63189.0,-204701.0,-19.402938388625593,-267890.0,-25.392417061611376,0.0,0.0,0.0,0.0,-253037.0,-23.984549763033176,-0.17,-0.17,1499852.0,1499852.0,https://www.sedar.com/ModifyCompanyDocumentSearchForm.do?lang=EN&company_search=Bri-Chem Corp&document_selection=0&industry_group=A&FromDate=13&FromMonth=05&FromYear=2000&ToDate=13&ToMonth=11&ToYear=2020&Variable=Issuer,https://www.sedar.com/ModifyCompanyDocumentSearchForm.do?lang=EN&company_search=Bri-Chem Corp&document_selection=0&industry_group=A&FromDate=13&FromMonth=05&FromYear=2000&ToDate=13&ToMonth=11&ToYear=2020&Variable=Issuer,1620589694,15:48:14,20210509
78,2001-06-30,BRY.TO,CAD,2001-06-30,2001-06-30,Q2,33451.0,0.0,0.0,0.0,0.0,189308.0,0.0,0.0,240633.0,240633.0,0.0,51325.0,-155857.0,-4.659262802307853,-207182.0,-6.193596603987922,0.0,0.0,0.0,0.0,-186256.0,-5.56802487220113,-0.15,-0.15,1499852.0,1499852.0,https://www.sedar.com/ModifyCompanyDocumentSearchForm.do?lang=EN&company_search=Bri-Chem Corp&document_selection=0&industry_group=A&FromDate=13&FromMonth=05&FromYear=2000&ToDate=13&ToMonth=11&ToYear=2020&Variable=Issuer,https://www.sedar.com/ModifyCompanyDocumentSearchForm.do?lang=EN&company_search=Bri-Chem Corp&document_selection=0&industry_group=A&FromDate=13&FromMonth=05&FromYear=2000&ToDate=13&ToMonth=11&ToYear=2020&Variable=Issuer,1620589694,15:48:14,20210509
79,2001-03-31,BRY.TO,CAD,2001-03-31,2001-03-31,Q1,35784.0,0.0,0.0,0.0,0.0,272532.0,0.0,0.0,311783.0,311783.0,0.0,39251.0,-236748.0,-6.616029510395707,-275999.0,-7.712916387212162,0.0,0.0,0.0,0.0,-247837.0,-6.925916610775766,-0.15,-0.15,1499852.0,1499852.0,https://www.sedar.com/ModifyCompanyDocumentSearchForm.do?lang=EN&company_search=Bri-Chem Corp&document_selection=0&industry_group=A&FromDate=13&FromMonth=05&FromYear=2000&ToDate=13&ToMonth=11&ToYear=2020&Variable=Issuer,https://www.sedar.com/ModifyCompanyDocumentSearchForm.do?lang=EN&company_search=Bri-Chem Corp&document_selection=0&industry_group=A&FromDate=13&FromMonth=05&FromYear=2000&ToDate=13&ToMonth=11&ToYear=2020&Variable=Issuer,1620589694,15:48:14,20210509
80,2000-12-31,BRY.TO,CAD,2000-12-31,2000-12-31,Q4,10530.0,0.0,0.0,0.0,0.0,373634.0,0.0,0.0,426053.0,426053.0,0.0,52418.0,-363105.0,-34.48290598290598,-415523.0,-39.46087369420703,0.0,0.0,0.0,0.0,-419626.0,-39.85052231718898,-0.01753337789387791,-0.01753337789387791,23932981.0,23932981.0,https://www.sedar.com/ModifyCompanyDocumentSearchForm.do?lang=EN&company_search=Bri-Chem Corp&document_selection=0&industry_group=A&FromDate=13&FromMonth=05&FromYear=2000&ToDate=13&ToMonth=11&ToYear=2020&Variable=Issuer,https://www.sedar.com/ModifyCompanyDocumentSearchForm.do?lang=EN&company_search=Bri-Chem Corp&document_selection=0&industry_group=A&FromDate=13&FromMonth=05&FromYear=2000&ToDate=13&ToMonth=11&ToYear=2020&Variable=Issuer,1620589694,15:48:14,20210509
81,2000-09-30,BRY.TO,CAD,2000-09-30,2000-09-30,Q3,31777.0,0.0,0.0,0.0,0.0,270752.0,0.0,0.0,301568.0,301568.0,0.0,30816.0,-238975.0,-7.520376372848286,-269791.0,-8.490134373918243,0.0,0.0,0.0,0.0,-213091.0,-6.705824967743966,-0.15,-0.15,1146200.0,1146200.0,https://www.sedar.com/ModifyCompanyDocumentSearchForm.do?lang=EN&company_search=Bri-Chem Corp&document_selection=0&industry_group=A&FromDate=13&FromMonth=05&FromYear=2000&ToDate=13&ToMonth=11&ToYear=2020&Variable=Issuer,https://www.sedar.com/ModifyCompanyDocumentSearchForm.do?lang=EN&company_search=Bri-Chem Corp&document_selection=0&industry_group=A&FromDate=13&FromMonth=05&FromYear=2000&ToDate=13&ToMonth=11&ToYear=2020&Variable=Issuer,1620589694,15:48:14,20210509
82,2000-06-30,BRY.TO,CAD,2000-06-30,2000-06-30,Q2,72665.0,0.0,0.0,0.0,0.0,199825.0,0.0,0.0,217338.0,217338.0,0.0,17513.0,-127160.0,-1.7499483933117732,-144673.0,-1.9909585082226657,0.0,0.0,0.0,0.0,-77637.0,-1.0684235876969654,-0.05,-0.05,1146200.0,1146200.0,https://www.sedar.com/ModifyCompanyDocumentSearchForm.do?lang=EN&company_search=Bri-Chem Corp&document_selection=0&industry_group=A&FromDate=13&FromMonth=05&FromYear=2000&ToDate=13&ToMonth=11&ToYear=2020&Variable=Issuer,https://www.sedar.com/ModifyCompanyDocumentSearchForm.do?lang=EN&company_search=Bri-Chem Corp&document_selection=0&industry_group=A&FromDate=13&FromMonth=05&FromYear=2000&ToDate=13&ToMonth=11&ToYear=2020&Variable=Issuer,1620589694,15:48:14,20210509
83,2000-03-31,BRY.TO,CAD,2000-03-31,2000-03-31,Q1,1.0,0.0,0.0,0.0,0.0,141918.0,0.0,0.0,156075.0,156075.0,0.0,14157.0,-141917.0,-141917.0,-156074.0,-156074.0,0.0,0.0,0.0,0.0,-132473.0,-132473.0,-0.15,-0.15,782500.0,782500.0,https://www.sedar.com/ModifyCompanyDocumentSearchForm.do?lang=EN&company_search=Bri-Chem Corp&document_selection=0&industry_group=A&FromDate=13&FromMonth=05&FromYear=2000&ToDate=13&ToMonth=11&ToYear=2020&Variable=Issuer,https://www.sedar.com/ModifyCompanyDocumentSearchForm.do?lang=EN&company_search=Bri-Chem Corp&document_selection=0&industry_group=A&FromDate=13&FromMonth=05&FromYear=2000&ToDate=13&ToMonth=11&ToYear=2020&Variable=Issuer,1620589694,15:48:14,20210509
84,1999-12-31,BRY.TO,CAD,1999-12-31,1999-12-31,Q4,5500.0,-3063.0,8563.0,1.5569090909090908,0.0,37244.0,0.0,0.0,147307.0,144244.0,0.0,12497.0,-126247.0,-22.954,-138744.0,-25.226181818181818,0.0,0.0,0.0,0.0,-131957.0,-23.99218181818182,-0.005513604845129823,-0.005513604845129823,23932981.0,23932981.0,https://www.sedar.com/ModifyCompanyDocumentSearchForm.do?lang=EN&company_search=Bri-Chem Corp&document_selection=0&industry_group=A&FromDate=13&FromMonth=05&FromYear=2000&ToDate=13&ToMonth=11&ToYear=2020&Variable=Issuer,https://www.sedar.com/ModifyCompanyDocumentSearchForm.do?lang=EN&company_search=Bri-Chem Corp&document_selection=0&industry_group=A&FromDate=13&FromMonth=05&FromYear=2000&ToDate=13&ToMonth=11&ToYear=2020&Variable=Issuer,1620589694,15:48:14,20210509
85,1999-09-30,BRY.TO,CAD,1999-09-30,1999-09-30,Q3,8500.0,3062.0,5438.0,0.6397647058823529,0.0,18993.0,0.0,0.0,30818.0,33880.0,0.0,11825.0,-13555.0,-1.5947058823529412,-25380.0,-2.9858823529411764,0.0,0.0,0.0,0.0,-22811.0,-2.6836470588235293,-0.1,-0.1,777500.0,777500.0,https://www.sedar.com/ModifyCompanyDocumentSearchForm.do?lang=EN&company_search=Bri-Chem Corp&document_selection=0&industry_group=A&FromDate=13&FromMonth=05&FromYear=2000&ToDate=13&ToMonth=11&ToYear=2020&Variable=Issuer,https://www.sedar.com/ModifyCompanyDocumentSearchForm.do?lang=EN&company_search=Bri-Chem Corp&document_selection=0&industry_group=A&FromDate=13&FromMonth=05&FromYear=2000&ToDate=13&ToMonth=11&ToYear=2020&Variable=Issuer,1620589694,15:48:14,20210509
86,1999-06-30,BRY.TO,CAD,1999-06-30,1999-06-30,Q2,15999.0,13731.0,2268.0,0.14175885992874554,0.0,10539.0,0.0,0.0,33851.0,47582.0,0.0,0.0,-8271.0,-0.5169698106131633,-31583.0,-1.9740608788049252,0.0,0.0,0.0,0.0,-26216.0,-1.6386024126507908,-0.05,-0.05,777500.0,777500.0,https://www.sedar.com/ModifyCompanyDocumentSearchForm.do?lang=EN&company_search=Bri-Chem Corp&document_selection=0&industry_group=A&FromDate=13&FromMonth=05&FromYear=2000&ToDate=13&ToMonth=11&ToYear=2020&Variable=Issuer,https://www.sedar.com/ModifyCompanyDocumentSearchForm.do?lang=EN&company_search=Bri-Chem Corp&document_selection=0&industry_group=A&FromDate=13&FromMonth=05&FromYear=2000&ToDate=13&ToMonth=11&ToYear=2020&Variable=Issuer,1620589694,15:48:14,20210509
87,1999-03-31,BRY.TO,CAD,1999-03-31,1999-03-31,Q1,1.0,0.0,0.0,0.0,0.0,9641.0,0.0,0.0,9641.0,9641.0,0.0,0.0,-9640.0,-9640.0,-9640.0,-9640.0,0.0,0.0,0.0,0.0,-9641.0,-9641.0,-0.0124,-0.0124,777500.0,777500.0,https://www.sedar.com/ModifyCompanyDocumentSearchForm.do?lang=EN&company_search=Bri-Chem Corp&document_selection=0&industry_group=A&FromDate=13&FromMonth=05&FromYear=2000&ToDate=13&ToMonth=11&ToYear=2020&Variable=Issuer,https://www.sedar.com/ModifyCompanyDocumentSearchForm.do?lang=EN&company_search=Bri-Chem Corp&document_selection=0&industry_group=A&FromDate=13&FromMonth=05&FromYear=2000&ToDate=13&ToMonth=11&ToYear=2020&Variable=Issuer,1620589694,15:48:14,20210509
88,1998-12-31,BRY.TO,CAD,1998-12-31,1998-12-31,Q4,99999.0,0.0,0.0,0.0,0.0,21499.0,0.0,0.0,33221.0,33221.0,0.0,11722.0,78500.0,0.7850078500785008,66778.0,0.6677866778667787,0.0,0.0,0.0,0.0,-23147.0,-0.23147231472314722,-0.0009671590847792843,-0.0009671590847792843,23932981.0,23932981.0,https://www.sedar.com/ModifyCompanyDocumentSearchForm.do?lang=EN&company_search=Bri-Chem Corp&document_selection=0&industry_group=A&FromDate=13&FromMonth=05&FromYear=2000&ToDate=13&ToMonth=11&ToYear=2020&Variable=Issuer,https://www.sedar.com/ModifyCompanyDocumentSearchForm.do?lang=EN&company_search=Bri-Chem Corp&document_selection=0&industry_group=A&FromDate=13&FromMonth=05&FromYear=2000&ToDate=13&ToMonth=11&ToYear=2020&Variable=Issuer,1620589694,15:48:14,20210509
89,1998-09-30,BRY.TO,CAD,1998-09-30,1998-09-30,Q3,1.0,0.0,0.0,0.0,0.0,3934.0,0.0,0.0,12653.0,12653.0,0.0,8719.0,-3933.0,-3933.0,-12652.0,-12652.0,0.0,0.0,0.0,0.0,-12653.0,-12653.0,-0.016274,-0.016274,777500.0,777500.0,https://www.sedar.com/ModifyCompanyDocumentSearchForm.do?lang=EN&company_search=Bri-Chem Corp&document_selection=0&industry_group=A&FromDate=13&FromMonth=05&FromYear=2000&ToDate=13&ToMonth=11&ToYear=2020&Variable=Issuer,https://www.sedar.com/ModifyCompanyDocumentSearchForm.do?lang=EN&company_search=Bri-Chem Corp&document_selection=0&industry_group=A&FromDate=13&FromMonth=05&FromYear=2000&ToDate=13&ToMonth=11&ToYear=2020&Variable=Issuer,1620589694,15:48:14,20210509
90,1998-06-30,BRY.TO,CAD,1998-06-30,1998-06-30,Q2,1.0,0.0,0.0,0.0,0.0,409.0,0.0,0.0,9129.0,9129.0,0.0,8720.0,-408.0,-408.0,-9128.0,-9128.0,0.0,0.0,0.0,0.0,-8361.0,-8361.0,-0.05,-0.05,777500.0,777500.0,https://www.sedar.com/ModifyCompanyDocumentSearchForm.do?lang=EN&company_search=Bri-Chem Corp&document_selection=0&industry_group=A&FromDate=13&FromMonth=05&FromYear=2000&ToDate=13&ToMonth=11&ToYear=2020&Variable=Issuer,https://www.sedar.com/ModifyCompanyDocumentSearchForm.do?lang=EN&company_search=Bri-Chem Corp&document_selection=0&industry_group=A&FromDate=13&FromMonth=05&FromYear=2000&ToDate=13&ToMonth=11&ToYear=2020&Variable=Issuer,1620589694,15:48:14,20210509
91,1998-03-31,BRY.TO,CAD,1998-03-31,1998-03-31,Q1,1.0,0.0,0.0,0.0,0.0,25915.0,0.0,0.0,34634.0,34634.0,0.0,8719.0,-25914.0,-25914.0,-34633.0,-34633.0,0.0,0.0,0.0,0.0,-33140.0,-33140.0,-0.05,-0.05,777500.0,777500.0,https://www.sedar.com/ModifyCompanyDocumentSearchForm.do?lang=EN&company_search=Bri-Chem Corp&document_selection=0&industry_group=A&FromDate=13&FromMonth=05&FromYear=2000&ToDate=13&ToMonth=11&ToYear=2020&Variable=Issuer,https://www.sedar.com/ModifyCompanyDocumentSearchForm.do?lang=EN&company_search=Bri-Chem Corp&document_selection=0&industry_group=A&FromDate=13&FromMonth=05&FromYear=2000&ToDate=13&ToMonth=11&ToYear=2020&Variable=Issuer,1620589694,15:48:14,20210509
