,date,symbol,reportedCurrency,fillingDate,acceptedDate,period,revenue,costOfRevenue,grossProfit,grossProfitRatio,researchAndDevelopmentExpenses,generalAndAdministrativeExpenses,sellingAndMarketingExpenses,otherExpenses,operatingExpenses,costAndExpenses,interestExpense,depreciationAndAmortization,ebitda,ebitdaratio,operatingIncome,operatingIncomeRatio,totalOtherIncomeExpensesNet,incomeBeforeTax,incomeBeforeTaxRatio,incomeTaxExpense,netIncome,netIncomeRatio,eps,epsdiluted,weightedAverageShsOut,weightedAverageShsOutDil,link,finalLink,timestamp,est_time,est_date
0,2020-09-30,RMS.AX,AUD,2020-09-30,2020-09-30,Q3,115094000.0,46568250.0,68525750.0,0.5953894208212418,0.0,2216750.0,0.0,386000.0,22031250.0,0.0,754000.0,6507500.0,44277750.0,0.3847094548803587,37770250.0,0.32816871426833716,357750.0,37371250.0,0.32470198272716216,9017500.0,28353750.0,0.2463529810415834,0.04854161040429446,0.04854161040429446,584112265.0,584112265.0,,,1620597333,17:55:33,20210509
1,2020-06-30,RMS.AX,AUD,2020-06-30,2020-06-30,Q2,115094000.0,46568250.0,68525750.0,0.5953894208212418,0.0,2216750.0,0.0,386000.0,22031250.0,0.0,754000.0,6507500.0,44277750.0,0.3847094548803587,37770250.0,0.32816871426833716,357750.0,37371250.0,0.32470198272716216,9017500.0,28353750.0,0.2463529810415834,0.04854161040429446,0.04854161040429446,584112265.0,584112265.0,,,1620597333,17:55:33,20210509
2,2020-03-31,RMS.AX,AUD,2020-03-31,2020-03-31,Q1,115094000.0,46568250.0,68525750.0,0.5953894208212418,0.0,2216750.0,0.0,386000.0,22031250.0,0.0,754000.0,6507500.0,44277750.0,0.3847094548803587,37770250.0,0.32816871426833716,357750.0,37371250.0,0.32470198272716216,9017500.0,28353750.0,0.2463529810415834,0.04854161040429446,0.04854161040429446,584112265.0,584112265.0,,,1620597333,17:55:33,20210509
3,2020-01-31,RMS.AX,AUD,2020-01-31,2020-01-31,Q1,115094000.0,46568250.0,68525750.0,0.5953894208212418,0.0,2216750.0,0.0,386000.0,22031250.0,0.0,754000.0,6507500.0,44277750.0,0.3847094548803587,37770250.0,0.32816871426833716,357750.0,37371250.0,0.32470198272716216,9017500.0,28353750.0,0.2463529810415834,0.04854161040429446,0.04854161040429446,584112265.0,584112265.0,,,1620597333,17:55:33,20210509
4,2019-06-30,RMS.AX,AUD,2019-06-30,2019-06-30,Q2,87947250.0,56964500.0,30982750.0,0.3522878771081529,0.0,1831250.0,0.0,776500.0,18431250.0,0.0,548250.0,3817250.0,10720250.0,0.12189408992322102,6903000.0,0.07849023136027562,776500.0,7602750.0,0.0864467052693518,2144750.0,5458000.0,0.06205992796818548,0.00935,0.009175,584112265.0,594877384.0,,,1620597333,17:55:33,20210509
5,2019-03-31,RMS.AX,AUD,2019-03-31,2019-03-31,Q1,87947250.0,56964500.0,30982750.0,0.3522878771081529,0.0,1831250.0,0.0,776500.0,18431250.0,0.0,548250.0,3817250.0,10720250.0,0.12189408992322102,6903000.0,0.07849023136027562,776500.0,7602750.0,0.0864467052693518,2144750.0,5458000.0,0.06205992796818548,0.00935,0.009175,584112265.0,594877384.0,,,1620597333,17:55:33,20210509
6,2019-01-31,RMS.AX,AUD,2019-01-31,2019-01-31,Q1,87947250.0,56964500.0,30982750.0,0.3522878771081529,0.0,1831250.0,0.0,776500.0,18431250.0,0.0,548250.0,3817250.0,10720250.0,0.12189408992322102,6903000.0,0.07849023136027562,776500.0,7602750.0,0.0864467052693518,2144750.0,5458000.0,0.06205992796818548,0.00935,0.009175,584112265.0,594877384.0,,,1620597333,17:55:33,20210509
7,2018-06-30,RMS.AX,AUD,2018-06-30,2018-06-30,Q2,85405500.0,50302250.0,35103250.0,0.41101861121356353,0.0,951000.0,0.0,-53000.0,2342250.0,0.0,442500.0,20195000.0,31810000.0,0.3724584482264023,11615000.0,0.13599826709052695,-53000.0,11374750.0,0.13318521640877928,3684750.0,7690000.0,0.09004103951150687,0.0146,0.014375,527021292.0,534956522.0,,,1620597333,17:55:33,20210509
8,2018-03-31,RMS.AX,AUD,2018-03-31,2018-03-31,Q1,85405500.0,50302250.0,35103250.0,0.41101861121356353,0.0,951000.0,0.0,-53000.0,2342250.0,0.0,442500.0,20195000.0,31810000.0,0.3724584482264023,11615000.0,0.13599826709052695,-53000.0,11374750.0,0.13318521640877928,3684750.0,7690000.0,0.09004103951150687,0.0146,0.014375,527021292.0,534956522.0,,,1620597333,17:55:33,20210509
9,2018-01-31,RMS.AX,AUD,2018-01-31,2018-01-31,Q1,85405500.0,50302250.0,35103250.0,0.41101861121356353,0.0,951000.0,0.0,-53000.0,2342250.0,0.0,442500.0,20195000.0,31810000.0,0.3724584482264023,11615000.0,0.13599826709052695,-53000.0,11374750.0,0.13318521640877928,3684750.0,7690000.0,0.09004103951150687,0.0146,0.014375,527021292.0,534956522.0,,,1620597333,17:55:33,20210509
10,2017-06-30,RMS.AX,AUD,2017-06-30,2017-06-30,Q2,49329000.0,27160750.0,22168250.0,0.44939589288248294,0.0,949000.0,0.0,436500.0,495000.0,0.0,170250.0,15008000.0,20722250.0,0.4200825072472582,5714250.0,0.11583956698899228,432500.0,6265000.0,0.12700439903505037,1854500.0,4418750.0,0.08957712501773804,0.008475,0.008375,521082000.0,527611940.0,,,1620597333,17:55:33,20210509
11,2017-03-31,RMS.AX,AUD,2017-03-31,2017-03-31,Q1,49329000.0,27160750.0,22168250.0,0.44939589288248294,0.0,949000.0,0.0,436500.0,495000.0,0.0,170250.0,15008000.0,20722250.0,0.4200825072472582,5714250.0,0.11583956698899228,432500.0,6265000.0,0.12700439903505037,1854500.0,4418750.0,0.08957712501773804,0.008475,0.008375,521082000.0,527611940.0,,,1620597333,17:55:33,20210509
12,2017-01-31,RMS.AX,AUD,2017-01-31,2017-01-31,Q1,49329000.0,27160750.0,22168250.0,0.44939589288248294,0.0,949000.0,0.0,436500.0,495000.0,0.0,170250.0,15008000.0,20722250.0,0.4200825072472582,5714250.0,0.11583956698899228,432500.0,6265000.0,0.12700439903505037,1854500.0,4418750.0,0.08957712501773804,0.008475,0.008375,521082000.0,527611940.0,,,1620597333,17:55:33,20210509
13,2016-06-30,RMS.AX,AUD,2016-06-30,2016-06-30,Q2,43423750.0,22739750.0,20684000.0,0.47632919773165605,0.0,640750.0,0.0,-287000.0,11216500.0,0.0,208500.0,2137500.0,8826750.0,0.20327009988773426,6689250.0,0.1540458850283543,-287000.0,6335750.0,0.14590517861769192,-605500.0,6885000.0,0.15855378681021332,0.01455,0.014525,473328000.0,474010327.0,,,1620597333,17:55:33,20210509
14,2016-03-31,RMS.AX,AUD,2016-03-31,2016-03-31,Q1,43423750.0,22739750.0,20684000.0,0.47632919773165605,0.0,640750.0,0.0,-287000.0,11216500.0,0.0,208500.0,2137500.0,8826750.0,0.20327009988773426,6689250.0,0.1540458850283543,-287000.0,6335750.0,0.14590517861769192,-605500.0,6885000.0,0.15855378681021332,0.01455,0.014525,473328000.0,474010327.0,,,1620597333,17:55:33,20210509
15,2016-01-31,RMS.AX,AUD,2016-01-31,2016-01-31,Q1,43423750.0,22739750.0,20684000.0,0.47632919773165605,0.0,640750.0,0.0,-287000.0,11216500.0,0.0,208500.0,2137500.0,8826750.0,0.20327009988773426,6689250.0,0.1540458850283543,-287000.0,6335750.0,0.14590517861769192,-605500.0,6885000.0,0.15855378681021332,0.01455,0.014525,473328000.0,474010327.0,,,1620597333,17:55:33,20210509
16,2015-09-30,RMS.AX,AUD,2015-09-30,2015-09-30,Q3,32958250.0,20543750.0,12414500.0,0.37667351876995897,0.0,605000.0,0.0,312000.0,549000.0,0.0,352500.0,6221750.0,11496500.0,0.34882009815448334,5274750.0,0.16004338822601322,74000.0,5134250.0,0.15578041916667298,1117250.0,4017000.0,0.12188147125530027,0.0087,0.0087,462021000.0,462021000.0,,,1620597333,17:55:33,20210509
17,2015-06-30,RMS.AX,AUD,2015-06-30,2015-06-30,Q2,32958250.0,20543750.0,12414500.0,0.37667351876995897,0.0,605000.0,0.0,312000.0,549000.0,0.0,352500.0,6221750.0,11496500.0,0.34882009815448334,5274750.0,0.16004338822601322,74000.0,5134250.0,0.15578041916667298,1117250.0,4017000.0,0.12188147125530027,0.0087,0.0087,462021000.0,462021000.0,,,1620597333,17:55:33,20210509
18,2015-03-31,RMS.AX,AUD,2015-03-31,2015-03-31,Q1,32958250.0,20543750.0,12414500.0,0.37667351876995897,0.0,605000.0,0.0,312000.0,549000.0,0.0,352500.0,6221750.0,11496500.0,0.34882009815448334,5274750.0,0.16004338822601322,74000.0,5134250.0,0.15578041916667298,1117250.0,4017000.0,0.12188147125530027,0.0087,0.0087,462021000.0,462021000.0,,,1620597333,17:55:33,20210509
19,2015-01-31,RMS.AX,AUD,2015-01-31,2015-01-31,Q1,32958250.0,20543750.0,12414500.0,0.37667351876995897,0.0,605000.0,0.0,312000.0,549000.0,0.0,352500.0,6221750.0,11496500.0,0.34882009815448334,5274750.0,0.16004338822601322,74000.0,5134250.0,0.15578041916667298,1117250.0,4017000.0,0.12188147125530027,0.0087,0.0087,462021000.0,462021000.0,,,1620597333,17:55:33,20210509
20,2014-09-30,RMS.AX,AUD,2014-09-30,2014-09-30,Q3,33258750.0,28983750.0,4275000.0,0.12853760288645846,0.0,918250.0,0.0,-778500.0,523000.0,0.0,424000.0,12494250.0,2543250.0,0.07646859848911941,-9951000.0,-0.2991994587890405,-15447000.0,-25641750.0,-0.7709775622956365,-4263750.0,-21378000.0,-0.6427782162588792,-0.059274,-0.059274,360893216.0,360893216.0,,,1620597333,17:55:33,20210509
21,2014-06-30,RMS.AX,AUD,2014-06-30,2014-06-30,Q2,33258750.0,28983750.0,4275000.0,0.12853760288645846,0.0,918250.0,0.0,-778500.0,523000.0,0.0,424000.0,12494250.0,2543250.0,0.07646859848911941,-9951000.0,-0.2991994587890405,-15447000.0,-25641750.0,-0.7709775622956365,-4263750.0,-21378000.0,-0.6427782162588792,-0.059274,-0.059274,360893216.0,360893216.0,,,1620597333,17:55:33,20210509
22,2014-03-31,RMS.AX,AUD,2014-03-31,2014-03-31,Q1,33258750.0,28983750.0,4275000.0,0.12853760288645846,0.0,918250.0,0.0,-778500.0,523000.0,0.0,424000.0,12494250.0,2543250.0,0.07646859848911941,-9951000.0,-0.2991994587890405,-15447000.0,-25641750.0,-0.7709775622956365,-4263750.0,-21378000.0,-0.6427782162588792,-0.059274,-0.059274,360893216.0,360893216.0,,,1620597333,17:55:33,20210509
23,2014-01-31,RMS.AX,AUD,2014-01-31,2014-01-31,Q1,33258750.0,28983750.0,4275000.0,0.12853760288645846,0.0,918250.0,0.0,-778500.0,523000.0,0.0,424000.0,12494250.0,2543250.0,0.07646859848911941,-9951000.0,-0.2991994587890405,-15447000.0,-25641750.0,-0.7709775622956365,-4263750.0,-21378000.0,-0.6427782162588792,-0.059274,-0.059274,360893216.0,360893216.0,,,1620597333,17:55:33,20210509
24,2013-09-30,RMS.AX,AUD,2013-09-30,2013-09-30,Q3,33897750.0,21046250.0,12851500.0,0.3791254581793777,0.0,5123750.0,0.0,-498750.0,606500.0,0.0,413000.0,8100250.0,7121250.0,0.2100803150651592,-979000.0,-0.028880972925931662,-15958500.0,-16943500.0,-0.49984143490349653,-4245500.0,-12698000.0,-0.3745971340280697,-0.03753847801160296,-0.03735751837930035,338266245.0,339904805.0,,,1620597333,17:55:33,20210509
25,2013-06-30,RMS.AX,AUD,2013-06-30,2013-06-30,Q2,33897750.0,21046250.0,12851500.0,0.3791254581793777,0.0,5123750.0,0.0,-498750.0,606500.0,0.0,413000.0,8100250.0,7121250.0,0.2100803150651592,-979000.0,-0.028880972925931662,-15958500.0,-16943500.0,-0.49984143490349653,-4245500.0,-12698000.0,-0.3745971340280697,-0.03753847801160296,-0.03735751837930035,338266245.0,339904805.0,,,1620597333,17:55:33,20210509
26,2013-03-31,RMS.AX,AUD,2013-03-31,2013-03-31,Q1,33897750.0,21046250.0,12851500.0,0.3791254581793777,0.0,5123750.0,0.0,-498750.0,606500.0,0.0,413000.0,8100250.0,7121250.0,0.2100803150651592,-979000.0,-0.028880972925931662,-15958500.0,-16943500.0,-0.49984143490349653,-4245500.0,-12698000.0,-0.3745971340280697,-0.03753847801160296,-0.03735751837930035,338266245.0,339904805.0,,,1620597333,17:55:33,20210509
27,2013-01-31,RMS.AX,AUD,2013-01-31,2013-01-31,Q1,33897750.0,21046250.0,12851500.0,0.3791254581793777,0.0,5123750.0,0.0,-498750.0,606500.0,0.0,413000.0,8100250.0,7121250.0,0.2100803150651592,-979000.0,-0.028880972925931662,-15958500.0,-16943500.0,-0.49984143490349653,-4245500.0,-12698000.0,-0.3745971340280697,-0.03753847801160296,-0.03735751837930035,338266245.0,339904805.0,,,1620597333,17:55:33,20210509
28,2012-09-30,RMS.AX,AUD,2012-09-30,2012-09-30,Q3,21082750.0,6851000.0,14231750.0,0.6750423924772622,0.0,3691750.0,0.0,-1082250.0,680000.0,0.0,467000.0,2786000.0,9860000.0,0.46768092397813377,7074000.0,0.3355349752759958,-6661000.0,1094000.0,0.05189076377607286,509250.0,584750.0,0.02773594526330768,0.001818,0.001818,319846258.0,319846258.0,,,1620597333,17:55:33,20210509
29,2012-06-30,RMS.AX,AUD,2012-06-30,2012-06-30,Q2,21082750.0,6851000.0,14231750.0,0.6750423924772622,0.0,3691750.0,0.0,-1082250.0,680000.0,0.0,467000.0,2786000.0,9860000.0,0.46768092397813377,7074000.0,0.3355349752759958,-6661000.0,1094000.0,0.05189076377607286,509250.0,584750.0,0.02773594526330768,0.001818,0.001818,319846258.0,319846258.0,,,1620597333,17:55:33,20210509
30,2012-03-31,RMS.AX,AUD,2012-03-31,2012-03-31,Q1,21082750.0,6851000.0,14231750.0,0.6750423924772622,0.0,3691750.0,0.0,-1082250.0,680000.0,0.0,467000.0,2786000.0,9860000.0,0.46768092397813377,7074000.0,0.3355349752759958,-6661000.0,1094000.0,0.05189076377607286,509250.0,584750.0,0.02773594526330768,0.001818,0.001818,319846258.0,319846258.0,,,1620597333,17:55:33,20210509
31,2012-01-31,RMS.AX,AUD,2012-01-31,2012-01-31,Q1,21082750.0,6851000.0,14231750.0,0.6750423924772622,0.0,3691750.0,0.0,-1082250.0,680000.0,0.0,467000.0,2786000.0,9860000.0,0.46768092397813377,7074000.0,0.3355349752759958,-6661000.0,1094000.0,0.05189076377607286,509250.0,584750.0,0.02773594526330768,0.001818,0.001818,319846258.0,319846258.0,,,1620597333,17:55:33,20210509
32,2011-09-30,RMS.AX,AUD,2011-09-30,2011-09-30,Q3,37315549.75,375544.25,36940005.5,0.9899359850647785,0.0,1638223.0,41183.25,-1542275.75,6556975.75,0.0,1674.25,5569932.75,28703623.5,0.7692134697814549,23133690.75,0.6199477404188585,-1615167.75,22651986.5,0.6070387988857112,7051731.0,15600255.5,0.4180631292990665,0.05329675,0.05279875,292613268.0,295467073.0,,,1620597333,17:55:33,20210509
33,2011-06-30,RMS.AX,AUD,2011-06-30,2011-06-30,Q2,37315549.75,375544.25,36940005.5,0.9899359850647785,0.0,1638223.0,41183.25,-1542275.75,6556975.75,0.0,1674.25,5569932.75,28703623.5,0.7692134697814549,23133690.75,0.6199477404188585,-1615167.75,22651986.5,0.6070387988857112,7051731.0,15600255.5,0.4180631292990665,0.05329675,0.05279875,292613268.0,295467073.0,,,1620597333,17:55:33,20210509
34,2011-03-31,RMS.AX,AUD,2011-03-31,2011-03-31,Q1,37315549.75,375544.25,36940005.5,0.9899359850647785,0.0,1638223.0,41183.25,-1542275.75,6556975.75,0.0,1674.25,5569932.75,28703623.5,0.7692134697814549,23133690.75,0.6199477404188585,-1615167.75,22651986.5,0.6070387988857112,7051731.0,15600255.5,0.4180631292990665,0.05329675,0.05279875,292613268.0,295467073.0,,,1620597333,17:55:33,20210509
35,2011-01-31,RMS.AX,AUD,2011-01-31,2011-01-31,Q1,37315549.75,375544.25,36940005.5,0.9899359850647785,0.0,1638223.0,41183.25,-1542275.75,6556975.75,0.0,1674.25,5569932.75,28703623.5,0.7692134697814549,23133690.75,0.6199477404188585,-1615167.75,22651986.5,0.6070387988857112,7051731.0,15600255.5,0.4180631292990665,0.05329675,0.05279875,292613268.0,295467073.0,,,1620597333,17:55:33,20210509
36,2010-09-30,RMS.AX,AUD,2010-09-30,2010-09-30,Q3,15468968.5,-2185134.75,17654103.25,1.141259241041185,0.0,484685.0,44551.75,1780152.0,7633938.5,0.0,0.0,4619144.0,9490928.0,0.6135462749180722,4871784.0,0.3149391635259972,1780152.0,7171728.75,0.4636203603362435,2122055.0,5049673.75,0.3264389445230301,0.0171845,0.0171845,292454104.0,292454104.0,,,1620597333,17:55:33,20210509
37,2010-06-30,RMS.AX,AUD,2010-06-30,2010-06-30,Q2,15468968.5,-2185134.75,17654103.25,1.141259241041185,0.0,484685.0,44551.75,1780152.0,7633938.5,0.0,0.0,4619144.0,9490928.0,0.6135462749180722,4871784.0,0.3149391635259972,1780152.0,7171728.75,0.4636203603362435,2122055.0,5049673.75,0.3264389445230301,0.0171845,0.0171845,292454104.0,292454104.0,,,1620597333,17:55:33,20210509
38,2010-03-31,RMS.AX,AUD,2010-03-31,2010-03-31,Q1,15468968.5,-2185134.75,17654103.25,1.141259241041185,0.0,484685.0,44551.75,1780152.0,7633938.5,0.0,0.0,4619144.0,9490928.0,0.6135462749180722,4871784.0,0.3149391635259972,1780152.0,7171728.75,0.4636203603362435,2122055.0,5049673.75,0.3264389445230301,0.0171845,0.0171845,292454104.0,292454104.0,,,1620597333,17:55:33,20210509
39,2010-01-31,RMS.AX,AUD,2010-01-31,2010-01-31,Q1,15468968.5,-2185134.75,17654103.25,1.141259241041185,0.0,484685.0,44551.75,1780152.0,7633938.5,0.0,0.0,4619144.0,9490928.0,0.6135462749180722,4871784.0,0.3149391635259972,1780152.0,7171728.75,0.4636203603362435,2122055.0,5049673.75,0.3264389445230301,0.0171845,0.0171845,292454104.0,292454104.0,,,1620597333,17:55:33,20210509
40,2009-09-30,RMS.AX,AUD,2009-09-30,2009-09-30,Q3,4998495.25,-248953.75,5247449.0,1.0498057390371633,0.0,354539.0,37329.5,9610.75,1968698.5,0.0,0.0,1269305.25,2886882.0,0.5775502137368241,1617576.75,0.32361274125448053,9610.75,1789401.5,0.35798803649958455,546062.5,1243339.0,0.24874265910325713,0.00647525,0.00647525,193579637.0,193579637.0,,,1620597333,17:55:33,20210509
41,2009-06-30,RMS.AX,AUD,2009-06-30,2009-06-30,Q2,4998495.25,-248953.75,5247449.0,1.0498057390371633,0.0,354539.0,37329.5,9610.75,1968698.5,0.0,0.0,1269305.25,2886882.0,0.5775502137368241,1617576.75,0.32361274125448053,9610.75,1789401.5,0.35798803649958455,546062.5,1243339.0,0.24874265910325713,0.00647525,0.00647525,193579637.0,193579637.0,,,1620597333,17:55:33,20210509
42,2009-03-31,RMS.AX,AUD,2009-03-31,2009-03-31,Q1,4998495.25,-248953.75,5247449.0,1.0498057390371633,0.0,354539.0,37329.5,9610.75,1968698.5,0.0,0.0,1269305.25,2886882.0,0.5775502137368241,1617576.75,0.32361274125448053,9610.75,1789401.5,0.35798803649958455,546062.5,1243339.0,0.24874265910325713,0.00647525,0.00647525,193579637.0,193579637.0,,,1620597333,17:55:33,20210509
43,2009-01-31,RMS.AX,AUD,2009-01-31,2009-01-31,Q1,4998495.25,-248953.75,5247449.0,1.0498057390371633,0.0,354539.0,37329.5,9610.75,1968698.5,0.0,0.0,1269305.25,2886882.0,0.5775502137368241,1617576.75,0.32361274125448053,9610.75,1789401.5,0.35798803649958455,546062.5,1243339.0,0.24874265910325713,0.00647525,0.00647525,193579637.0,193579637.0,,,1620597333,17:55:33,20210509
44,2008-09-30,RMS.AX,AUD,2008-09-30,2008-09-30,Q3,3741403.75,849673.25,2891730.5,0.7728998774858233,0.0,525211.5,46676.75,-676.0,2020302.0,0.0,0.0,205736.25,299540.25,0.08006092633012409,93804.0,0.02507187309041426,-676.0,259493.0,0.06935712297824045,106568.75,152924.25,0.0408734956765893,0.0008965,0.0008965,168888081.0,168888081.0,,,1620597333,17:55:33,20210509
45,2008-06-30,RMS.AX,AUD,2008-06-30,2008-06-30,Q2,3741403.75,849673.25,2891730.5,0.7728998774858233,0.0,525211.5,46676.75,-676.0,2020302.0,0.0,0.0,205736.25,299540.25,0.08006092633012409,93804.0,0.02507187309041426,-676.0,259493.0,0.06935712297824045,106568.75,152924.25,0.0408734956765893,0.0008965,0.0008965,168888081.0,168888081.0,,,1620597333,17:55:33,20210509
46,2008-03-31,RMS.AX,AUD,2008-03-31,2008-03-31,Q1,3741403.75,849673.25,2891730.5,0.7728998774858233,0.0,525211.5,46676.75,-676.0,2020302.0,0.0,0.0,205736.25,299540.25,0.08006092633012409,93804.0,0.02507187309041426,-676.0,259493.0,0.06935712297824045,106568.75,152924.25,0.0408734956765893,0.0008965,0.0008965,168888081.0,168888081.0,,,1620597333,17:55:33,20210509
47,2008-01-31,RMS.AX,AUD,2008-01-31,2008-01-31,Q1,3741403.75,849673.25,2891730.5,0.7728998774858233,0.0,525211.5,46676.75,-676.0,2020302.0,0.0,0.0,205736.25,299540.25,0.08006092633012409,93804.0,0.02507187309041426,-676.0,259493.0,0.06935712297824045,106568.75,152924.25,0.0408734956765893,0.0008965,0.0008965,168888081.0,168888081.0,,,1620597333,17:55:33,20210509
48,2007-09-30,RMS.AX,AUD,2007-09-30,2007-09-30,Q3,3620385.75,-376669.0,3997054.75,1.104041123242185,0.0,237343.5,21302.75,32975.0,1640262.75,0.0,0.0,91036.0,2098145.75,0.579536517621085,2007109.75,0.5543911308346079,32975.0,2108167.0,0.5823045237651816,388644.5,1719522.5,0.4749556038330998,0.0179315,0.01046,95751532.0,164388644.0,,,1620597333,17:55:33,20210509
49,2007-06-30,RMS.AX,AUD,2007-06-30,2007-06-30,Q2,3620385.75,-376669.0,3997054.75,1.104041123242185,0.0,237343.5,21302.75,32975.0,1640262.75,0.0,0.0,91036.0,2098145.75,0.579536517621085,2007109.75,0.5543911308346079,32975.0,2108167.0,0.5823045237651816,388644.5,1719522.5,0.4749556038330998,0.0179315,0.01046,95751532.0,164388644.0,,,1620597333,17:55:33,20210509
50,2007-03-31,RMS.AX,AUD,2007-03-31,2007-03-31,Q1,3620385.75,-376669.0,3997054.75,1.104041123242185,0.0,237343.5,21302.75,32975.0,1640262.75,0.0,0.0,91036.0,2098145.75,0.579536517621085,2007109.75,0.5543911308346079,32975.0,2108167.0,0.5823045237651816,388644.5,1719522.5,0.4749556038330998,0.0179315,0.01046,95751532.0,164388644.0,,,1620597333,17:55:33,20210509
51,2007-01-31,RMS.AX,AUD,2007-01-31,2007-01-31,Q1,3620385.75,-376669.0,3997054.75,1.104041123242185,0.0,237343.5,21302.75,32975.0,1640262.75,0.0,0.0,91036.0,2098145.75,0.579536517621085,2007109.75,0.5543911308346079,32975.0,2108167.0,0.5823045237651816,388644.5,1719522.5,0.4749556038330998,0.0179315,0.01046,95751532.0,164388644.0,,,1620597333,17:55:33,20210509
52,2006-09-30,RMS.AX,AUD,2006-09-30,2006-09-30,Q3,99925.75,-489265.0,589190.75,5.896285491977793,0.0,126687.0,14693.75,0.0,592581.5,0.0,0.0,16386.25,-144771.5,-1.4487907271148828,-161157.75,-1.6127749854266793,-68994.75,-216012.5,-2.1617300845878065,10828.75,-226841.25,-2.270098047800492,-0.00323775,-0.00323775,70549938.0,70549938.0,,,1620597333,17:55:33,20210509
53,2006-06-30,RMS.AX,AUD,2006-06-30,2006-06-30,Q2,99925.75,-489265.0,589190.75,5.896285491977793,0.0,126687.0,14693.75,0.0,592581.5,0.0,0.0,16386.25,-144771.5,-1.4487907271148828,-161157.75,-1.6127749854266793,-68994.75,-216012.5,-2.1617300845878065,10828.75,-226841.25,-2.270098047800492,-0.00323775,-0.00323775,70549938.0,70549938.0,,,1620597333,17:55:33,20210509
54,2006-03-31,RMS.AX,AUD,2006-03-31,2006-03-31,Q1,99925.75,-489265.0,589190.75,5.896285491977793,0.0,126687.0,14693.75,0.0,592581.5,0.0,0.0,16386.25,-144771.5,-1.4487907271148828,-161157.75,-1.6127749854266793,-68994.75,-216012.5,-2.1617300845878065,10828.75,-226841.25,-2.270098047800492,-0.00323775,-0.00323775,70549938.0,70549938.0,,,1620597333,17:55:33,20210509
55,2006-01-31,RMS.AX,AUD,2006-01-31,2006-01-31,Q1,99925.75,-489265.0,589190.75,5.896285491977793,0.0,126687.0,14693.75,0.0,592581.5,0.0,0.0,16386.25,-144771.5,-1.4487907271148828,-161157.75,-1.6127749854266793,-68994.75,-216012.5,-2.1617300845878065,10828.75,-226841.25,-2.270098047800492,-0.00323775,-0.00323775,70549938.0,70549938.0,,,1620597333,17:55:33,20210509
56,2005-09-30,RMS.AX,AUD,2005-09-30,2005-09-30,Q3,657.25,0.0,657.25,1.0,0.0,114706.25,9627.75,0.0,37131.0,0.0,0.0,953.75,-160807.75,-244.66755420311907,-161761.5,-246.11867630277672,150.0,-146270.25,-222.54887790034235,-146270.25,-146270.25,-222.54887790034235,-0.0024905,-0.0024905,59241363.0,59241363.0,,,1620597333,17:55:33,20210509
57,2005-06-30,RMS.AX,AUD,2005-06-30,2005-06-30,Q2,657.25,0.0,657.25,1.0,0.0,114706.25,9627.75,0.0,37131.0,0.0,0.0,953.75,-160807.75,-244.66755420311907,-161761.5,-246.11867630277672,150.0,-146270.25,-222.54887790034235,-146270.25,-146270.25,-222.54887790034235,-0.0024905,-0.0024905,59241363.0,59241363.0,,,1620597333,17:55:33,20210509
58,2005-03-31,RMS.AX,AUD,2005-03-31,2005-03-31,Q1,657.25,0.0,657.25,1.0,0.0,114706.25,9627.75,0.0,37131.0,0.0,0.0,953.75,-160807.75,-244.66755420311907,-161761.5,-246.11867630277672,150.0,-146270.25,-222.54887790034235,-146270.25,-146270.25,-222.54887790034235,-0.0024905,-0.0024905,59241363.0,59241363.0,,,1620597333,17:55:33,20210509
59,2005-01-31,RMS.AX,AUD,2005-01-31,2005-01-31,Q1,657.25,0.0,657.25,1.0,0.0,114706.25,9627.75,0.0,37131.0,0.0,0.0,953.75,-160807.75,-244.66755420311907,-161761.5,-246.11867630277672,150.0,-146270.25,-222.54887790034235,-146270.25,-146270.25,-222.54887790034235,-0.0024905,-0.0024905,59241363.0,59241363.0,,,1620597333,17:55:33,20210509
60,2004-09-30,RMS.AX,AUD,2004-09-30,2004-09-30,Q3,576.0,0.0,576.0,1.0,0.0,106378.25,11829.5,2875.0,17379.75,0.0,0.0,575.0,-135011.5,-234.39496527777777,-135586.5,-235.39322916666666,-6800.0,-115563.0,-200.63020833333334,-115563.0,-115563.0,-200.63020833333334,-0.00423375,-0.00423375,26676430.0,26676430.0,,,1620597333,17:55:33,20210509
61,2004-06-30,RMS.AX,AUD,2004-06-30,2004-06-30,Q2,576.0,0.0,576.0,1.0,0.0,106378.25,11829.5,2875.0,17379.75,0.0,0.0,575.0,-135011.5,-234.39496527777777,-135586.5,-235.39322916666666,-6800.0,-115563.0,-200.63020833333334,-115563.0,-115563.0,-200.63020833333334,-0.00423375,-0.00423375,26676430.0,26676430.0,,,1620597333,17:55:33,20210509
62,2004-03-31,RMS.AX,AUD,2004-03-31,2004-03-31,Q1,576.0,0.0,576.0,1.0,0.0,106378.25,11829.5,2875.0,17379.75,0.0,0.0,575.0,-135011.5,-234.39496527777777,-135586.5,-235.39322916666666,-6800.0,-115563.0,-200.63020833333334,-115563.0,-115563.0,-200.63020833333334,-0.00423375,-0.00423375,26676430.0,26676430.0,,,1620597333,17:55:33,20210509
63,2004-01-31,RMS.AX,AUD,2004-01-31,2004-01-31,Q1,576.0,0.0,576.0,1.0,0.0,106378.25,11829.5,2875.0,17379.75,0.0,0.0,575.0,-135011.5,-234.39496527777777,-135586.5,-235.39322916666666,-6800.0,-115563.0,-200.63020833333334,-115563.0,-115563.0,-200.63020833333334,-0.00423375,-0.00423375,26676430.0,26676430.0,,,1620597333,17:55:33,20210509
64,2003-09-30,RMS.AX,AUD,2003-09-30,2003-09-30,Q3,0.0,0.0,0.0,0.0,0.0,24673.25,0.0,0.0,10157.75,0.0,0.0,89.5,-34831.0,0.0,-34920.5,0.0,0.0,-24151.5,0.0,-24151.5,-24151.5,0.0,-0.001112,-0.001112,20001009.0,20001009.0,,,1620597333,17:55:33,20210509
65,2003-06-30,RMS.AX,AUD,2003-06-30,2003-06-30,Q2,0.0,0.0,0.0,0.0,0.0,24673.25,0.0,0.0,10157.75,0.0,0.0,89.5,-34831.0,0.0,-34920.5,0.0,0.0,-24151.5,0.0,-24151.5,-24151.5,0.0,-0.001112,-0.001112,20001009.0,20001009.0,,,1620597333,17:55:33,20210509
66,2003-03-31,RMS.AX,AUD,2003-03-31,2003-03-31,Q1,0.0,0.0,0.0,0.0,0.0,24673.25,0.0,0.0,10157.75,0.0,0.0,89.5,-34831.0,0.0,-34920.5,0.0,0.0,-24151.5,0.0,-24151.5,-24151.5,0.0,-0.001112,-0.001112,20001009.0,20001009.0,,,1620597333,17:55:33,20210509
67,2003-01-31,RMS.AX,AUD,2003-01-31,2003-01-31,Q1,0.0,0.0,0.0,0.0,0.0,24673.25,0.0,0.0,10157.75,0.0,0.0,89.5,-34831.0,0.0,-34920.5,0.0,0.0,-24151.5,0.0,-24151.5,-24151.5,0.0,-0.001112,-0.001112,20001009.0,20001009.0,,,1620597333,17:55:33,20210509
68,2002-09-30,RMS.AX,AUD,2002-09-30,2002-09-30,Q3,0.0,0.0,0.0,0.0,0.0,3025.0,0.0,-4705.5,0.0,0.0,0.0,0.0,-3025.0,0.0,-3025.0,0.0,-4705.5,-7730.5,0.0,-7730.5,-7730.5,0.0,-0.00091675,-0.00091675,8431633.0,8431633.0,,,1620597333,17:55:33,20210509
69,2002-06-30,RMS.AX,AUD,2002-06-30,2002-06-30,Q2,0.0,0.0,0.0,0.0,0.0,3025.0,0.0,-4705.5,0.0,0.0,0.0,0.0,-3025.0,0.0,-3025.0,0.0,-4705.5,-7730.5,0.0,-7730.5,-7730.5,0.0,-0.00091675,-0.00091675,8431633.0,8431633.0,,,1620597333,17:55:33,20210509
70,2002-03-31,RMS.AX,AUD,2002-03-31,2002-03-31,Q1,0.0,0.0,0.0,0.0,0.0,3025.0,0.0,-4705.5,0.0,0.0,0.0,0.0,-3025.0,0.0,-3025.0,0.0,-4705.5,-7730.5,0.0,-7730.5,-7730.5,0.0,-0.00091675,-0.00091675,8431633.0,8431633.0,,,1620597333,17:55:33,20210509
71,2002-01-31,RMS.AX,AUD,2002-01-31,2002-01-31,Q1,0.0,0.0,0.0,0.0,0.0,3025.0,0.0,-4705.5,0.0,0.0,0.0,0.0,-3025.0,0.0,-3025.0,0.0,-4705.5,-7730.5,0.0,-7730.5,-7730.5,0.0,-0.00091675,-0.00091675,8431633.0,8431633.0,,,1620597333,17:55:33,20210509
