,date,symbol,reportedCurrency,fillingDate,acceptedDate,period,revenue,costOfRevenue,grossProfit,grossProfitRatio,researchAndDevelopmentExpenses,generalAndAdministrativeExpenses,sellingAndMarketingExpenses,otherExpenses,operatingExpenses,costAndExpenses,interestExpense,depreciationAndAmortization,ebitda,ebitdaratio,operatingIncome,operatingIncomeRatio,totalOtherIncomeExpensesNet,incomeBeforeTax,incomeBeforeTaxRatio,incomeTaxExpense,netIncome,netIncomeRatio,eps,epsdiluted,weightedAverageShsOut,weightedAverageShsOutDil,link,finalLink,timestamp,est_time,est_date
0,2021-01-31,AVGO,USD,2021-03-12,2021-03-12,Q1,6655000000,4517000000,2138000000,0.32126220886551465,1211000000,339000000,0.0,565000.0,2115000000,6632000000,570000000.0,1395000000,3232000000,0.48564988730277986,1837000000.0,0.27603305785123966,117000.0,1384000000.0,0.20796393688955672,6000.0,1378000000.0,0.20706235912847484,3.265402843601896,3.265402843601896,422000000,422000000,https://www.sec.gov/Archives/edgar/data/1730168/000173016821000045/0001730168-21-000045-index.htm,https://www.sec.gov/Archives/edgar/data/1730168/000173016820000226/avgo-20201101.htm,1620588967,15:36:07,20210509
1,2020-10-31,AVGO,USD,2020-12-18 00:00:00,2020-12-18 16:23:01,Q4,6467000000,2720000000,3747000000,0.5794031235503324,1182000000,405000000,0.0,-169000000.0,2186000000,4906000000,420000000.0,1728000000,3289000000,0.5085820318540282,1561000000.0,0.2413793103448276,-57000000.0,1137000000.0,0.17581567960414413,-187000000.0,1324000000.0,0.20473171486005876,3.137440758293839,3.137440758293839,422000000,422000000,https://www.sec.gov/Archives/edgar/data/1730168/000173016820000226/0001730168-20-000226-index.htm,https://www.sec.gov/Archives/edgar/data/1730168/000173016818000084/avgo-11042018x10k.htm,1620588967,15:36:07,20210509
2,2020-08-02,AVGO,USD,2020-09-11 00:00:00,2020-09-11 16:17:04,Q3,5821000000,2490000000,3331000000,0.5722384470022333,1228000000,428000000,0.0,0.0,2323000000,4813000000,-464000000.0,1719000000,2727000000,0.46847620683731317,1008000000.0,0.1731661226593369,49000000.0,593000000.0,0.10187253049304243,-96000000.0,688000000.0,0.11819275038653153,1.63033,1.63033,422000000,422000000,https://www.sec.gov/Archives/edgar/data/1730168/000173016820000164/0001730168-20-000164-index.htm,https://www.sec.gov/Archives/edgar/data/1730168/000173016820000164/avgo-20200802.htm,1620588967,15:36:07,20210509
3,2020-04-30,AVGO,USD,2020-06-12,2020-06-12,Q2,5742000000,2553000000,3189000000,0.5553814002089864,1269000000,501000000,0.0,130000000.0,2369000000,4922000000,487000000.0,1730000000,2550000000,0.4440961337513062,820000000.0,0.14280738418669453,76000000.0,409000000.0,0.07122953674677812,-159000000.0,563000000.0,0.09804946011842564,1.223058,1.172932,399997500,415957500,https://www.sec.gov/Archives/edgar/data/1730168/000173016820000109/0001730168-20-000109-index.htm,https://www.sec.gov/ix?doc=/Archives/edgar/data/1730168/000173016820000109/avgo-20200503.htm,1620588967,15:36:07,20210509
4,2020-02-02,AVGO,USD,2020-03-13,2020-03-13 17:12:50,Q1,5858000000,2586000000,3272000000,0.5585524069648344,1289000000,601000000,0.0,660000000.0,2558000000,5144000000,406000000.0,1728000000,2442000000,0.4168658245134858,714000000.0,0.12188460225332878,-4000000.0,304000000.0,0.051894844656879484,-76000000.0,385000000.0,0.06572208945032434,0.91667,0.91667,420000000,420000000,https://www.sec.gov/Archives/edgar/data/1730168/000173016820000045/0001730168-20-000045-index.htm,https://www.sec.gov/Archives/edgar/data/1730168/000173016819000144/avgo-11032019x10k.htm,1620588967,15:36:07,20210509
5,2019-11-03,AVGO,USD,2019-12-20,2019-12-20 16:10:06,Q4,5776000000,2615000000,3161000000,0.5472645429362881,1177000000,409000000,0.0,512000000.0,2107000000,4722000000,361000000.0,1452000000,2506000000,0.43386426592797783,1054000000.0,0.1824792243767313,54000000.0,747000000.0,0.12932825484764543,-100000000.0,847000000.0,0.14664127423822715,2.03606,2.03606,416000000,416000000,https://www.sec.gov/Archives/edgar/data/1730168/000173016819000144/0001730168-19-000144-index.htm,https://www.sec.gov/Archives/edgar/data/1730168/000173016819000144/avgo-11032019x10k.htm,1620588967,15:36:07,20210509
6,2019-08-04,AVGO,USD,2019-09-13,2019-09-13 16:39:17,Q3,5515000000,2479000000,3036000000,0.5504986400725295,1235000000,410000000,0.0,524000000.0,2171000000,4650000000,362000000.0,1450000000,2315000000,0.4197642792384406,865000000.0,0.15684496826835903,41000000.0,544000000.0,0.09864007252946509,-171000000.0,715000000.0,0.12964641885766093,1.71053,1.71053,418000000,418000000,https://www.sec.gov/Archives/edgar/data/1730168/000173016819000118/0001730168-19-000118-index.htm,https://www.sec.gov/Archives/edgar/data/1730168/000173016819000118/avgo-08042019x10q.htm,1620588967,15:36:07,20210509
7,2019-05-05,AVGO,USD,2019-06-14,2019-06-14 17:01:50,Q2,5517000000,2418000000,3099000000,0.5617183251767265,1151000000,419000000,0.0,549000000.0,2129000000,4547000000,376000000.0,1447000000,2417000000,0.4381004168932391,970000000.0,0.17582019213340583,63000000.0,657000000.0,0.11908646003262642,-36000000.0,691000000.0,0.12524922965379737,1.63744,1.63744,422000000,422000000,https://www.sec.gov/Archives/edgar/data/1730168/000173016819000101/0001730168-19-000101-index.htm,https://www.sec.gov/Archives/edgar/data/1730168/000173016819000101/avgo-05052019x10q.htm,1620588967,15:36:07,20210509
8,2019-02-03,AVGO,USD,2019-03-15,2019-03-15 16:58:40,Q1,5789000000,2525000000,3264000000,0.5638279495595094,1133000000,471000000,0.0,1049000000.0,2709000000,5234000000,345000000.0,1459000000,2014000000,0.3479011919157022,555000000.0,0.0958714803938504,68000000.0,278000000.0,0.04802211089998273,-203000000.0,471000000.0,0.08136120228018656,1.12411,1.12411,419000000,419000000,https://www.sec.gov/Archives/edgar/data/1730168/000173016819000036/0001730168-19-000036-index.htm,https://www.sec.gov/Archives/edgar/data/1730168/000173016818000084/avgo-11042018x10k.htm,1620588967,15:36:07,20210509
9,2018-11-04,AVGO,USD,2018-12-21,2018-12-21 17:17:50,Q4,5444000000,2508000000,2936000000,0.5393093313739897,948000000,237000000,0.0,98000000.0,1390000000,3898000000,148000000.0,968000000,2514000000,0.4617927994121969,1546000000.0,0.28398236590742104,24000000.0,1422000000.0,0.26120499632623073,281000000.0,1115000000.0,0.20481263776634828,2.62353,2.62353,425000000,425000000,https://www.sec.gov/Archives/edgar/data/1730168/000173016818000084/0001730168-18-000084-index.htm,https://www.sec.gov/Archives/edgar/data/1730168/000173016818000084/avgo-11042018x10k.htm,1620588967,15:36:07,20210509
10,2018-08-05,AVGO,USD,2018-09-13,2018-09-13 16:08:44,Q3,5063000000,2442000000,2621000000,0.5176772664428204,959000000,234000000,0.0,87000000.0,1282000000,3724000000,149000000.0,965000000,2304000000,0.45506616630456254,1339000000.0,0.26446770689314636,39000000.0,1229000000.0,0.24274145763381394,32000000.0,1196000000.0,0.23622358285601422,2.71202,2.71202,441000000,441000000,https://www.sec.gov/Archives/edgar/data/1730168/000173016818000039/0001730168-18-000039-index.htm,https://www.sec.gov/Archives/edgar/data/1730168/000173016818000039/avgo-08052018x10q.htm,1620588967,15:36:07,20210509
11,2018-04-30,AVGO,USD,2018-06-14,2018-06-14,Q2,5014000000,2463000000,2551000000,0.5087754287993618,936000000,294000000,0.0,46000000.0,1297000000,3760000000,148000000.0,964000000,2218000000,0.4423613881132828,1254000000.0,0.2500997207818109,-7000000.0,1099000000.0,0.21918627842042282,-2637000000.0,3718000000.0,0.741523733546071,8.85213,8.350877,419947500,446880000,https://www.sec.gov/Archives/edgar/data/1730168/000173016818000019/0001730168-18-000019-index.htm,https://www.sec.gov/Archives/edgar/data/1730168/000173016818000019/avgo-05062018x10q.htm,1620588967,15:36:07,20210509
12,2018-01-31,AVGO,USD,2018-01-31,2018-01-31,Q1,5327000000,2699000000,2628000000,0.4933358363056129,925000000,291000000,0.0,35000000.0,1555000000,4254000000,183000000.0,1184000000,2257000000,0.4236906326262437,1073000000.0,0.20142669419936174,-95000000.0,795000000.0,0.14923972217007697,-5786000000.0,6230000000.0,1.1695137976346912,15.238095,14.656642,408975000,424935000,,,1620588967,15:36:07,20210509
13,2017-10-31,AVGO,USD,2017-10-31,2017-10-31,Q4,4844000000,2461000000,2383000000,0.4919488026424443,828000000,182000000,0.0,-28000000.0,1451000000,3912000000,119000000.0,1219000000,2151000000,0.4440545004128819,932000000.0,0.19240297274979357,-212000000.0,645000000.0,0.13315441783649876,89000000.0,532000000.0,0.10982658959537572,1.56391,1.503759,406980000,422940000,,,1620588967,15:36:07,20210509
14,2017-07-31,AVGO,USD,2017-07-31,2017-07-31,Q3,4463000000,2314000000,2149000000,0.4815146762267533,827000000,200000000,0.0,12000000.0,1468000000,3782000000,112000000.0,1211000000,1892000000,0.4239300918664575,681000000.0,0.15258794532825454,-21000000.0,548000000.0,0.12278736276047501,39000000.0,481000000.0,0.10777503921129285,1.182957,1.142857,405982500,443887500,,,1620588967,15:36:07,20210509
15,2017-04-30,AVGO,USD,2017-04-30,2017-04-30,Q2,4190000000,2214000000,1976000000,0.47159904534606206,829000000,204000000,0.0,3000000.0,1475000000,3689000000,112000000.0,1193000000,1694000000,0.40429594272076375,501000000.0,0.11957040572792363,-24000000.0,365000000.0,0.08711217183770883,-103000000.0,440000000.0,0.10501193317422435,1.092732,1.052632,401992500,440895000,,,1620588967,15:36:07,20210509
16,2017-01-31,AVGO,USD,2017-01-31,2017-01-31,Q1,4139000000,2138000000,2001000000,0.4834501087219135,808000000,201000000,0.0,31000000.0,1449000000,3587000000,111000000.0,1114000000,1666000000,0.4025126842232423,552000000.0,0.1333655472336313,-174000000.0,267000000.0,0.0645083353467021,10000000.0,239000000.0,0.0577434162841266,0.601504,0.571429,398002500,437902500,,,1620588967,15:36:07,20210509
17,2016-10-31,AVGO,USD,2016-10-31,2016-10-31,Q4,4136000000,1965000000,2171000000,0.5249032882011605,806000000,224000000,0.0,9000000.0,1386000000,3351000000,106000000.0,700000000,1485000000,0.35904255319148937,785000000.0,0.18979690522243714,-454000000.0,235000000.0,0.056818181818181816,841000000.0,-632000000.0,-0.1528046421663443,-1.5919194972355513,-1.504950023514844,397005000,419947500,,,1620588967,15:36:07,20210509
18,2016-07-31,AVGO,USD,2016-07-31,2016-07-31,Q3,3792000000,2010000000,1782000000,0.4699367088607595,814000000,230000000,0.0,4000000.0,1772000000,3782000000,139000000.0,1058000000,1068000000,0.28164556962025317,10000000.0,0.0026371308016877636,-291000000.0,-420000000.0,-0.11075949367088607,-117000000.0,-298000000.0,-0.07858649789029536,-0.7544112807270702,-0.7129996829783288,395010000,417952500,,,1620588967,15:36:07,20210509
19,2016-04-30,AVGO,USD,2016-04-30,2016-04-30,Q2,3541000000,2495000000,1046000000,0.2953967805704603,787000000,238000000,0.0,-6000000.0,1760000000,4255000000,256000000.0,1040000000,326000000,0.09206438859079356,-714000000.0,-0.2016379553798362,-346000000.0,-1316000000.0,-0.37164642756283534,-99000000.0,-1186000000.0,-0.33493363456650665,-3.0330929364226895,-2.8649938098257692,391020000,413962500,,,1620588967,15:36:07,20210509
20,2016-01-31,AVGO,USD,2016-01-31,2016-01-31,Q1,1771000000,830000000,941000000,0.5313382269904009,267000000,114000000,0.0,3000000.0,435000000,1265000000,84000000.0,244000000,750000000,0.4234895539243365,506000000.0,0.2857142857142857,-28000000.0,394000000.0,0.2224731789949181,17000000.0,377000000.0,0.21287408243929984,1.363409,1.303258,276307500,288277500,,,1620588967,15:36:07,20210509
21,2015-10-31,AVGO,USD,2015-10-31,2015-10-31,Q4,1840000000,843000000,997000000,0.5418478260869565,287000000,118000000,0.0,4000000.0,468000000,1311000000,41000000.0,250000000,779000000,0.42336956521739133,529000000.0,0.2875,-11000000.0,485000000.0,0.26358695652173914,15000000.0,429000000.0,0.23315217391304346,1.553885,1.493734,275310000,286282500,,,1620588967,15:36:07,20210509
22,2015-07-31,AVGO,USD,2015-07-31,2015-07-31,Q3,1735000000,851000000,884000000,0.5095100864553314,276000000,143000000,0.0,11000000.0,487000000,1338000000,43000000.0,256000000,653000000,0.37636887608069164,397000000.0,0.22881844380403457,-87000000.0,267000000.0,0.15389048991354468,23000000.0,240000000.0,0.138328530259366,0.912281,0.842105,264337500,286282500,,,1620588967,15:36:07,20210509
23,2015-04-30,AVGO,USD,2015-04-30,2015-04-30,Q2,1614000000,768000000,846000000,0.5241635687732342,251000000,108000000,0.0,-1000000.0,418000000,1186000000,53000000.0,230000000,658000000,0.4076827757125155,428000000.0,0.265179677819083,-11000000.0,364000000.0,0.2255266418835192,25000000.0,344000000.0,0.21313506815365552,1.333333,1.213033,257355000,283290000,,,1620588967,15:36:07,20210509
24,2015-01-31,AVGO,USD,2015-01-31,2015-01-31,Q1,1635000000,809000000,826000000,0.5051987767584097,235000000,117000000,0.0,4000000.0,411000000,1220000000,54000000.0,226000000,641000000,0.39204892966360855,415000000.0,0.25382262996941896,-10000000.0,351000000.0,0.21467889908256882,13000000.0,351000000.0,0.21467889908256882,1.383459,1.263158,254362500,277305000,,,1620588967,15:36:07,20210509
25,2014-10-31,AVGO,USD,2014-10-31,2014-10-31,Q4,1590000000,802000000,788000000,0.49559748427672956,234000000,129000000,0.0,10000000.0,454000000,1256000000,54000000.0,250000000,584000000,0.3672955974842767,334000000.0,0.21006289308176102,-23000000.0,263000000.0,0.16540880503144653,126000000.0,135000000.0,0.08490566037735849,0.531328,0.501253,253365000,271320000,,,1620588967,15:36:07,20210509
26,2014-07-31,AVGO,USD,2014-07-31,2014-07-31,Q3,1269000000,876000000,393000000,0.30969267139479906,240000000,137000000,0.0,-2000000.0,468000000,1344000000,55000000.0,257000000,182000000,0.1434200157604413,-75000000.0,-0.0591016548463357,-89000000.0,-219000000.0,-0.17257683215130024,-99000000.0,-164000000.0,-0.12923561859732072,-0.651629,-0.651629,251370000,251370000,,,1620588967,15:36:07,20210509
27,2014-04-30,AVGO,USD,2014-04-30,2014-04-30,Q2,701000000,344000000,357000000,0.5092724679029957,114000000,67000000,0.0,0.0,189000000,533000000,1000000.0,61000000,229000000,0.32667617689015693,168000000.0,0.2396576319543509,-8000000.0,159000000.0,0.2268188302425107,1000000.0,158000000.0,0.2253922967189729,0.631579,0.611529,250372500,257355000,,,1620588967,15:36:07,20210509
28,2014-01-31,AVGO,USD,2014-01-31,2014-01-31,Q1,709000000,370000000,339000000,0.4781382228490832,107000000,74000000,0.0,0.0,188000000,558000000,0.0,57000000,208000000,0.2933709449929478,151000000.0,0.21297602256699577,-12000000.0,139000000.0,0.19605077574047955,5000000.0,134000000.0,0.18899858956276447,0.541353,0.531328,248377500,254362500,,,1620588967,15:36:07,20210509
29,2013-10-31,AVGO,USD,2013-10-31,2013-10-31,Q4,738000000,392000000,346000000,0.46883468834688347,109000000,60000000,0.0,7000000.0,176000000,568000000,-1000000.0,58000000,228000000,0.3089430894308943,170000000.0,0.23035230352303523,6000000.0,180000000.0,0.24390243902439024,8000000.0,172000000.0,0.23306233062330622,0.691729,0.681704,247380000,252367500,,,1620588967,15:36:07,20210509
30,2013-07-31,AVGO,USD,2013-07-31,2013-07-31,Q3,644000000,340000000,304000000,0.4720496894409938,101000000,57000000,0.0,5000000.0,164000000,504000000,1000000.0,46000000,186000000,0.2888198757763975,140000000.0,0.21739130434782608,5000000.0,144000000.0,0.2236024844720497,2000000.0,142000000.0,0.2204968944099379,0.571429,0.561404,247380000,251370000,,,1620588967,15:36:07,20210509
31,2013-04-30,AVGO,USD,2013-04-30,2013-04-30,Q2,562000000,290000000,272000000,0.48398576512455516,95000000,52000000,0.0,1000000.0,153000000,443000000,1000000.0,42000000,161000000,0.28647686832740216,119000000.0,0.2117437722419929,0.0,118000000.0,0.2099644128113879,5000000.0,113000000.0,0.20106761565836298,0.461153,0.451128,245385000,250372500,,,1620588967,15:36:07,20210509
32,2013-01-31,AVGO,USD,2013-01-31,2013-01-31,Q1,576000000,300000000,276000000,0.4791666666666667,93000000,53000000,0.0,2000000.0,151000000,451000000,0.0,41000000,166000000,0.2881944444444444,125000000.0,0.2170138888888889,1000000.0,126000000.0,0.21875,1000000.0,125000000.0,0.2170138888888889,0.511278,0.501253,245385000,250372500,,,1620588967,15:36:07,20210509
33,2012-10-31,AVGO,USD,2012-10-31,2012-10-31,Q4,618000000,319000000,299000000,0.48381877022653724,80000000,49000000,0.0,0.0,134000000,453000000,0.0,40000000,205000000,0.33171521035598706,165000000.0,0.2669902912621359,0.0,165000000.0,0.2669902912621359,6000000.0,159000000.0,0.25728155339805825,0.6479613668317135,0.6479613668317135,245385000,245385000,,,1620588967,15:36:07,20210509
34,2012-07-31,AVGO,USD,2012-07-31,2012-07-31,Q3,606000000,311000000,295000000,0.4867986798679868,89000000,49000000,0.0,0.0,144000000,455000000,0.0,40000000,191000000,0.31518151815181517,151000000.0,0.24917491749174916,-1000000.0,150000000.0,0.24752475247524752,5000000.0,145000000.0,0.23927392739273928,0.591479,0.581454,244387500,249375000,,,1620588967,15:36:07,20210509
35,2012-04-30,AVGO,USD,2012-04-30,2012-04-30,Q2,577000000,299000000,278000000,0.48180242634315423,84000000,51000000,0.0,0.0,140000000,439000000,0.0,38000000,176000000,0.3050259965337955,138000000.0,0.2391681109185442,2000000.0,140000000.0,0.24263431542461006,6000000.0,134000000.0,0.2322357019064125,0.551378,0.541353,243390000,249375000,,,1620588967,15:36:07,20210509
36,2012-01-31,AVGO,USD,2012-01-31,2012-01-31,Q1,563000000,293000000,270000000,0.47957371225577267,82000000,50000000,0.0,0.0,137000000,430000000,1000000.0,37000000,170000000,0.3019538188277087,133000000.0,0.23623445825932504,-2000000.0,130000000.0,0.23090586145648312,5000000.0,125000000.0,0.22202486678507993,0.511278,0.501253,244387500,249375000,,,1620588967,15:36:07,20210509
37,2011-10-31,AVGO,USD,2011-10-31,2011-10-31,Q4,623000000,319000000,304000000,0.48796147672552165,83000000,55000000,0.0,0.0,144000000,463000000,0.0,39000000,199000000,0.31942215088282505,160000000.0,0.2568218298555377,-2000000.0,159000000.0,0.2552166934189406,5000000.0,154000000.0,0.24719101123595505,0.6301467955603294,0.6301467955603294,244387500,244387500,,,1620588967,15:36:07,20210509
38,2011-07-31,AVGO,USD,2011-07-31,2011-07-31,Q3,603000000,306000000,297000000,0.4925373134328358,85000000,60000000,0.0,0.0,150000000,456000000,0.0,39000000,186000000,0.30845771144278605,147000000.0,0.24378109452736318,-2000000.0,145000000.0,0.24046434494195687,1000000.0,144000000.0,0.23880597014925373,0.591479,0.571429,245385000,252367500,,,1620588967,15:36:07,20210509
39,2011-04-30,AVGO,USD,2011-04-30,2011-04-30,Q2,560000000,285000000,275000000,0.49107142857142855,76000000,55000000,0.0,0.0,136000000,421000000,1000000.0,38000000,177000000,0.31607142857142856,139000000.0,0.24821428571428572,-1000000.0,137000000.0,0.24464285714285713,2000000.0,135000000.0,0.24107142857142858,0.551378,0.541353,244387500,251370000,,,1620588967,15:36:07,20210509
40,2011-01-31,AVGO,USD,2011-01-31,2011-01-31,Q1,550000000,279000000,271000000,0.49272727272727274,73000000,50000000,0.0,0.0,129000000,408000000,3000000.0,41000000,183000000,0.3327272727272727,142000000.0,0.2581818181818182,-19000000.0,120000000.0,0.21818181818181817,1000000.0,119000000.0,0.21636363636363637,0.491228,0.481203,241395000,249375000,,,1620588967,15:36:07,20210509
41,2010-10-31,AVGO,USD,2010-10-31,2010-10-31,Q4,572000000,296000000,276000000,0.4825174825174825,75000000,51000000,0.0,0.0,131000000,427000000,7000000.0,40000000,185000000,0.32342657342657344,145000000.0,0.2534965034965035,0.0,138000000.0,0.24125874125874125,-26000000.0,164000000.0,0.2867132867132867,0.6793844114418277,0.6793844114418277,241395000,241395000,,,1620588967,15:36:07,20210509
42,2010-07-31,AVGO,USD,2010-07-31,2010-07-31,Q3,550000000,287000000,263000000,0.4781818181818182,71000000,51000000,0.0,0.0,127000000,414000000,8000000.0,40000000,176000000,0.32,136000000.0,0.24727272727272728,-1000000.0,127000000.0,0.2309090909090909,4000000.0,123000000.0,0.22363636363636363,0.511278,0.501253,238402500,246382500,,,1620588967,15:36:07,20210509
43,2010-04-30,AVGO,USD,2010-04-30,2010-04-30,Q2,515000000,282000000,233000000,0.4524271844660194,70000000,48000000,0.0,0.0,124000000,406000000,8000000.0,40000000,149000000,0.28932038834951457,109000000.0,0.21165048543689322,-2000000.0,99000000.0,0.19223300970873786,9000000.0,90000000.0,0.17475728155339806,0.380952,0.370927,237405000,245385000,,,1620588967,15:36:07,20210509
44,2010-01-31,AVGO,USD,2010-01-31,2010-01-31,Q1,456000000,262000000,194000000,0.42543859649122806,64000000,46000000,0.0,0.0,115000000,377000000,11000000.0,39000000,118000000,0.25877192982456143,79000000.0,0.17324561403508773,-25000000.0,42000000.0,0.09210526315789473,4000000.0,38000000.0,0.08333333333333333,0.16142050040355124,0.156128024980484,235410000,243390000,,,1620588967,15:36:07,20210509
45,2009-10-31,AVGO,USD,2009-10-31,2009-10-31,Q4,428000000,250000000,178000000,0.4158878504672897,65000000,47000000,0.0,0.0,171000000,421000000,19000000.0,40000000,47000000,0.10981308411214953,7000000.0,0.016355140186915886,-10000000.0,-22000000.0,-0.0514018691588785,-1000000.0,-21000000.0,-0.04906542056074766,-0.08920606601248884,-0.08920606601248884,235410000,235410000,,,1620588967,15:36:07,20210509
46,2009-07-31,AVGO,USD,2009-07-31,2009-07-31,Q3,363000000,222000000,141000000,0.3884297520661157,59000000,40000000,0.0,0.0,104000000,326000000,20000000.0,40000000,77000000,0.21212121212121213,37000000.0,0.10192837465564739,-9000000.0,8000000.0,0.02203856749311295,6000000.0,2000000.0,0.005509641873278237,0.009413204372433431,0.009197305189579454,212467500,217455000,,,1620588967,15:36:07,20210509
47,2009-04-30,AVGO,USD,2009-04-30,2009-04-30,Q2,325000000,227000000,98000000,0.30153846153846153,59000000,42000000,0.0,0.0,106000000,333000000,20000000.0,39000000,31000000,0.09538461538461539,-8000000.0,-0.024615384615384615,-5000000.0,-33000000.0,-0.10153846153846154,-2000000.0,-31000000.0,-0.09538461538461539,-0.140351,-0.140351,213465000,213465000,,,1620588967,15:36:07,20210509
48,2009-01-31,AVGO,USD,2009-01-31,2009-01-31,Q1,368000000,225000000,143000000,0.38858695652173914,62000000,40000000,0.0,0.0,102000000,327000000,18000000.0,41000000,82000000,0.22282608695652173,41000000.0,0.11141304347826086,-10000000.0,11000000.0,0.029891304347826088,5000000.0,6000000.0,0.016304347826086956,0.028107652308340947,0.027465925086689325,213465000,218452500,,,1620588967,15:36:07,20210509
49,2008-10-31,AVGO,USD,2008-10-31,2008-10-31,Q4,447000000,279000000,168000000,0.37583892617449666,69000000,48000000,0.0,0.0,124000000,403000000,21000000.0,42000000,86000000,0.19239373601789708,44000000.0,0.09843400447427293,-7000000.0,16000000.0,0.035794183445190156,-9000000.0,18000000.0,0.040268456375838924,0.08432295692502284,0.08432295692502284,213465000,213465000,,,1620588967,15:36:07,20210509
50,2008-07-31,AVGO,USD,2008-07-31,2008-07-31,Q3,439000000,268000000,171000000,0.3895216400911162,68000000,50000000,0.0,0.0,125000000,393000000,20000000.0,40000000,86000000,0.1958997722095672,46000000.0,0.10478359908883828,-2000000.0,24000000.0,0.05466970387243736,5000000.0,44000000.0,0.10022779043280182,0.210526,0.200501,213465000,218452500,,,1620588967,15:36:07,20210509
