,date,symbol,reportedCurrency,fillingDate,acceptedDate,period,revenue,costOfRevenue,grossProfit,grossProfitRatio,researchAndDevelopmentExpenses,generalAndAdministrativeExpenses,sellingAndMarketingExpenses,otherExpenses,operatingExpenses,costAndExpenses,interestExpense,depreciationAndAmortization,ebitda,ebitdaratio,operatingIncome,operatingIncomeRatio,totalOtherIncomeExpensesNet,incomeBeforeTax,incomeBeforeTaxRatio,incomeTaxExpense,netIncome,netIncomeRatio,eps,epsdiluted,weightedAverageShsOut,weightedAverageShsOutDil,link,finalLink,timestamp,est_time,est_date
0,2021-03-31,EVH,USD,2021-05-06,2021-05-06,Q1,215071000.0,157832000.0,57239000.0,0.26614001887748695,0.0,58591000.0,0.0,172425.0,231016000.0,388848000.0,6337000.0,15347000.0,15335810.0,0.0713058013400226,-11190.0,-5.2029329849212586e-05,0.0,-10579.0,-4.918840754913493e-05,611.0,-9807.0,-4.559889524854583e-05,-0.11634970162180118,-0.11634970162180118,84289000,84289000,https://www.sec.gov/Archives/edgar/data/1628908/000162890821000054/0001628908-21-000054-index.htm,https://www.sec.gov/Archives/edgar/data/1628908/000162890821000054/evh-20210331.htm,1620591849,16:24:09,20210509
1,2020-12-31,EVH,USD,2021-02-26,2021-02-26,Q4,271923000.0,176743000.0,95180000.0,0.3500255587059572,0.0,86448000.0,0.0,-289000.0,101313000.0,278056000.0,8340000.0,14865000.0,8732000.0,0.032112031714860455,-6133000.0,-0.022554178940361793,133000.0,-14225000.0,-0.052312603200170636,-422000.0,-14625000.0,-0.05378360785957789,-0.17,-0.17,84289000,84289000,https://www.sec.gov/Archives/edgar/data/1628908/000162890821000026/0001628908-21-000026-index.htm,https://www.sec.gov/ix?doc=/Archives/edgar/data/1628908/000162890821000026/evh-20201231.htm,1620591849,16:24:09,20210509
2,2020-09-30,EVH,USD,2020-11-06,2020-11-05 18:20:15,Q3,264593000.0,183165000.0,81428000.0,0.3077481263676666,0.0,77083000.0,0.0,-111000.0,91777000.0,274942000.0,7419000.0,14694000.0,4345000.0,0.016421447279406486,-10349000.0,-0.03911290170185908,-21187000.0,-37667000.0,-0.1423582634461229,503000.0,-37348000.0,-0.14115263820282473,-0.44,-0.44,85172000,85172000,https://www.sec.gov/Archives/edgar/data/1628908/000162890820000139/0001628908-20-000139-index.htm,https://www.sec.gov/Archives/edgar/data/1628908/000162890820000139/evh-20200930.htm,1620591849,16:24:09,20210509
3,2020-06-30,EVH,USD,2020-08-07,2020-08-07 19:59:44,Q2,238632000.0,165812000.0,72820000.0,0.3051560561869322,0.0,68655000.0,0.0,352000.0,84433000.0,250245000.0,6293000.0,15778000.0,4165000.0,0.01745365248583593,-11613000.0,-0.04866488987227195,-190361000.0,-207425000.0,-0.8692254182171713,-3904000.0,-203521000.0,-0.8528655000167622,-2.38,-2.38,85349000,85349000,https://www.sec.gov/Archives/edgar/data/1628908/000162890820000108/0001628908-20-000108-index.htm,https://www.sec.gov/Archives/edgar/data/1628908/000162890820000108/evh-20200630.htm,1620591849,16:24:09,20210509
4,2020-03-31,EVH,USD,2020-05-28,2020-05-27 20:51:32,Q1,247285000.0,175653000.0,71632000.0,0.28967385809895463,0.0,78365000.0,0.0,-71000.0,94503000.0,270156000.0,6285000.0,16138000.0,-6733000.0,-0.027227692743191055,-22871000.0,-0.09248842428776513,-50245000.0,-78482000.0,-0.3173746891238854,270000.0,-78752000.0,-0.3184665466971308,-0.92,-0.92,84793000,84793000,https://www.sec.gov/Archives/edgar/data/1628908/000162890820000068/0001628908-20-000068-index.htm,https://www.sec.gov/Archives/edgar/data/1628908/000162890820000032/evh12311910-k.htm,1620591849,16:24:09,20210509
5,2019-12-31,EVH,USD,2020-03-02,2020-03-02 06:11:06,Q4,236525000.0,155472000.0,81053000.0,0.3426825916922101,0.0,83598000.0,0.0,-248000.0,99545000.0,255017000.0,3722000.0,15947000.0,-2545000.0,-0.010759961949054011,-18492000.0,-0.07818201035831307,-199629000.0,-220882000.0,-0.9338632279885847,-21589000.0,-198096000.0,-0.8375266885107282,-2.36,-2.36,83944000,83944000,https://www.sec.gov/Archives/edgar/data/1628908/000162890820000032/0001628908-20-000032-index.htm,https://www.sec.gov/Archives/edgar/data/1628908/000162890820000032/evh12311910-k.htm,1620591849,16:24:09,20210509
6,2019-09-30,EVH,USD,2019-11-05,2019-11-05 17:10:51,Q3,220143000.0,131763000.0,88380000.0,0.40146631961952006,0.0,93610000.0,0.0,-84000.0,109018000.0,240781000.0,3630000.0,15408000.0,-5230000.0,-0.02375728503745293,-20638000.0,-0.09374815460859533,-3443000.0,-26587000.0,-0.12077149852595813,-849000.0,-25521000.0,-0.1159291914800834,-0.3,-0.3,83819000,83819000,https://www.sec.gov/Archives/edgar/data/1628908/000162890819000072/0001628908-19-000072-index.htm,https://www.sec.gov/Archives/edgar/data/1628908/000162890819000072/evh09301910-q.htm,1620591849,16:24:09,20210509
7,2019-06-30,EVH,USD,2019-08-09,2019-08-09 16:41:27,Q2,191959000.0,108383000.0,83576000.0,0.4353846394282112,0.0,103017000.0,0.0,-587000.0,118309000.0,226692000.0,3620000.0,15292000.0,-19441000.0,-0.10127683515750759,-34733000.0,-0.18093967982746315,7009000.0,-30502000.0,-0.1588985147870118,1398000.0,-31615000.0,-0.16469662792575498,-0.38,-0.38,82289000,82289000,https://www.sec.gov/Archives/edgar/data/1628908/000162890819000059/0001628908-19-000059-index.htm,https://www.sec.gov/Archives/edgar/data/1628908/000162890819000059/evh06301910-q.htm,1620591849,16:24:09,20210509
8,2019-03-31,EVH,USD,2019-05-09,2019-05-09 16:38:58,Q1,197756000.0,117441000.0,80315000.0,0.40613179878233785,0.0,112595000.0,0.0,427000.0,126861000.0,244302000.0,3562000.0,14266000.0,-32280000.0,-0.16323145694694471,-46546000.0,-0.2353708610611056,-97000.0,-49145000.0,-0.24851331944416352,-496000.0,-46739000.0,-0.23634681122190984,-0.59,-0.59,79335000,79335000,https://www.sec.gov/Archives/edgar/data/1628908/000162890819000028/0001628908-19-000028-index.htm,https://www.sec.gov/Archives/edgar/data/1628908/000162890819000006/evh12311810-k.htm,1620591849,16:24:09,20210509
9,2018-12-31,EVH,USD,2019-02-28,2019-02-28 17:20:17,Q4,193104000.0,112880000.0,80224000.0,0.41544452730135056,0.0,81643000.0,0.0,173000.0,96276000.0,209156000.0,2923000.0,14633000.0,-1419000.0,-0.007348371861794681,-16052000.0,-0.08312619106802552,924000.0,-17529000.0,-0.09077491921451653,11000.0,-16687000.0,-0.08641457452978706,-0.21,-0.21,78723000,78723000,https://www.sec.gov/Archives/edgar/data/1628908/000162890819000006/0001628908-19-000006-index.htm,https://www.sec.gov/Archives/edgar/data/1628908/000162890819000006/evh12311810-k.htm,1620591849,16:24:09,20210509
10,2018-09-30,EVH,USD,2018-11-08,2018-11-08 16:18:39,Q3,149947000.0,73967000.0,75980000.0,0.506712371704669,0.0,76558000.0,0.0,-124000.0,86910000.0,160877000.0,853000.0,10352000.0,-578000.0,-0.0038546953256817407,-10930000.0,-0.07289242198910281,-1605000.0,-12420000.0,-0.08282926634077374,135000.0,-12429000.0,-0.08288928754826705,-0.16,-0.16,77999000,77999000,https://www.sec.gov/Archives/edgar/data/1628908/000162890818000083/0001628908-18-000083-index.htm,https://www.sec.gov/Archives/edgar/data/1628908/000162890818000083/evh09301810-q.htm,1620591849,16:24:09,20210509
11,2018-06-30,EVH,USD,2018-08-09,2018-08-09 16:14:14,Q2,144298000.0,69003000.0,75295000.0,0.5218021039792652,0.0,75831000.0,0.0,78000.0,85865000.0,154868000.0,855000.0,10034000.0,-536000.0,-0.0037145351979930422,-10570000.0,-0.0732511885126613,407000.0,-10140000.0,-0.07027124423068927,-109000.0,-9916000.0,-0.06871890116287128,-0.13,-0.13,77209000,77209000,https://www.sec.gov/Archives/edgar/data/1628908/000162890818000064/0001628908-18-000064-index.htm,https://www.sec.gov/Archives/edgar/data/1628908/000162890818000064/evh06301810-q.htm,1620591849,16:24:09,20210509
12,2018-03-31,EVH,USD,2018-05-10,2018-05-10 17:17:22,Q1,139714000.0,71975000.0,67739000.0,0.4848404597964413,0.0,72275000.0,0.0,-18000.0,81771000.0,153746000.0,853000.0,9496000.0,-4536000.0,-0.0324663240620124,-14032000.0,-0.1004337432182888,-249000.0,-14062000.0,-0.1006484675837783,3000.0,-13626000.0,-0.0975278068053309,-0.18,-0.18,75375000,75375000,https://www.sec.gov/Archives/edgar/data/1628908/000162890818000030/0001628908-18-000030-index.htm,https://www.sec.gov/Archives/edgar/data/1628908/000162890818000015/evh12311710-k.htm,1620591849,16:24:09,20210509
13,2017-12-31,EVH,USD,2018-03-01,2018-03-01 15:52:55,Q4,113729000.0,65548000.0,48181000.0,0.4236474426047886,0.0,55196000.0,0.0,150000.0,66328000.0,131876000.0,855000.0,11132000.0,-7015000.0,-0.06168171706424922,-18147000.0,-0.1595635238153857,-259000.0,-18418000.0,-0.16194638130995612,-4628000.0,-13159000.0,-0.1157048773839566,-0.18,-0.18,74689000,74689000,https://www.sec.gov/Archives/edgar/data/1628908/000162890818000015/0001628908-18-000015-index.htm,https://www.sec.gov/Archives/edgar/data/1628908/000162890818000015/evh12311710-k.htm,1620591849,16:24:09,20210509
14,2017-09-30,EVH,USD,2017-11-09,2017-11-09 17:06:23,Q3,107912000.0,68281000.0,39631000.0,0.36725294684557785,0.0,45834000.0,0.0,15000.0,53551000.0,121832000.0,880000.0,7717000.0,-6203000.0,-0.05748202238861294,-13920000.0,-0.12899399510712434,-454000.0,-14843000.0,-0.13754726073096596,-1714000.0,-12588000.0,-0.11665060419601156,-0.18,-0.18,70328000,70328000,https://www.sec.gov/Archives/edgar/data/1628908/000162890817000052/0001628908-17-000052-index.htm,https://www.sec.gov/Archives/edgar/data/1628908/000162890817000052/evh09301710-q.htm,1620591849,16:24:09,20210509
15,2017-06-30,EVH,USD,2017-08-07,2017-08-07 16:05:09,Q2,107071000.0,67994000.0,39077000.0,0.3649634354773935,0.0,51090000.0,0.0,3000.0,57994000.0,125988000.0,947000.0,6904000.0,-12013000.0,-0.11219657983954572,-18917000.0,-0.1766771581473975,-752000.0,-20398000.0,-0.190509101437364,-700000.0,-16905000.0,-0.15788588880275706,-0.28,-0.28,59478000,59478000,https://www.sec.gov/Archives/edgar/data/1628908/000162890817000044/0001628908-17-000044-index.htm,https://www.sec.gov/Archives/edgar/data/1628908/000162890817000044/evh06301710-q.htm,1620591849,16:24:09,20210509
16,2017-03-31,EVH,USD,2017-05-10,2017-05-10 17:02:16,Q1,106238000.0,67528000.0,38710000.0,0.36437056420489844,0.0,53550000.0,0.0,2000.0,60165000.0,127693000.0,954000.0,6615000.0,-14840000.0,-0.1396863645776464,-21455000.0,-0.20195222048607842,-520000.0,-22744000.0,-0.21408535552250607,405000.0,-18012000.0,-0.16954385436472824,-0.34,-0.34,52599000,52599000,https://www.sec.gov/Archives/edgar/data/1628908/000162890817000021/0001628908-17-000021-index.htm,https://www.sec.gov/Archives/edgar/data/1628908/000162890817000006/evh12311610-k.htm,1620591849,16:24:09,20210509
17,2016-12-31,EVH,USD,2017-03-03,2017-03-02 21:47:55,Q4,88011000.0,59883000.0,28128000.0,0.31959641408460304,0.0,57591000.0,0.0,0.0,64087000.0,123970000.0,0.0,6496000.0,-29463000.0,-0.3347649725602482,-35959000.0,-0.40857392825896766,1707000.0,-34334000.0,-0.39011032711820115,-9141000.0,-17407000.0,-0.1977820954198907,-0.33,-0.33,52177000,52177000,https://www.sec.gov/Archives/edgar/data/1628908/000162890817000006/0001628908-17-000006-index.htm,https://www.sec.gov/Archives/edgar/data/1628908/000162890817000006/evh12311610-k.htm,1620591849,16:24:09,20210509
18,2016-09-30,EVH,USD,2016-11-10,2016-11-03 16:55:47,Q3,60210000.0,33905000.0,26305000.0,0.4368875602059459,0.0,38398000.0,0.0,1000.0,42144000.0,76049000.0,0.0,3745000.0,-12094000.0,-0.20086364391297126,-15839000.0,-0.2630626141836904,-447000.0,-16031000.0,-0.2662514532469689,-256000.0,-11208000.0,-0.1861484803188839,-0.26,-0.26,43110000,43110000,https://www.sec.gov/Archives/edgar/data/1628908/000162890816000072/0001628908-16-000072-index.htm,https://www.sec.gov/Archives/edgar/data/1628908/000162890816000072/evh09301610-q.htm,1620591849,16:24:09,20210509
19,2016-06-30,EVH,USD,2016-08-09,2016-08-09 17:19:21,Q2,56518000.0,32779000.0,23739000.0,0.42002547860858486,0.0,32756000.0,0.0,1000.0,36368000.0,69147000.0,0.0,3612000.0,-9017000.0,-0.1595420927845996,-12629000.0,-0.22345093598499594,-13000.0,-12370000.0,-0.21886832513535512,-371000.0,-8387000.0,-0.14839520152871652,-0.2,-0.2,42594000,42594000,https://www.sec.gov/Archives/edgar/data/1628908/000162890816000060/0001628908-16-000060-index.htm,https://www.sec.gov/Archives/edgar/data/1628908/000162890816000060/evh06301610-q.htm,1620591849,16:24:09,20210509
20,2016-03-31,EVH,USD,2016-05-16,2016-05-06 16:28:02,Q1,49449000.0,28562000.0,20887000.0,0.42239479059232743,0.0,32095000.0,0.0,0.0,35466000.0,64028000.0,0.0,3371000.0,-11208000.0,-0.2266577686100831,-14579000.0,-0.2948290157536047,-160600000.0,-174900000.0,-3.536977491961415,-988000.0,-122812000.0,-2.4836093753159822,-2.91,-2.91,42185000,42185000,https://www.sec.gov/Archives/edgar/data/1628908/000162890816000051/0001628908-16-000051-index.htm,https://www.sec.gov/Archives/edgar/data/1628908/000162890816000030/evh12311510-k.htm,1620591849,16:24:09,20210509
21,2015-12-31,EVH,USD,2016-02-29,2016-02-29 17:43:13,Q4,46058000.0,24749000.0,21309000.0,0.4626557818402883,0.0,32370000.0,0.0,0.0,35496000.0,60245000.0,0.0,3126000.0,-11061000.0,-0.24015371922358766,-14187000.0,-0.3080246645533892,0.0,-13961000.0,-0.30311780798124105,-5694000.0,-4119000.0,-0.08943071779061183,-0.1,-0.1,41482000,41482000,https://www.sec.gov/Archives/edgar/data/1628908/000162890816000030/0001628908-16-000030-index.htm,https://www.sec.gov/Archives/edgar/data/1628908/000162890816000030/evh12311510-k.htm,1620591849,16:24:09,20210509
22,2015-09-30,EVH,USD,2015-11-06,2015-11-03 17:14:30,Q3,40406000.0,24762000.0,15644000.0,0.38717022224422115,0.0,29834000.0,0.0,0.0,32890000.0,57652000.0,0.0,3056000.0,-14190000.0,-0.35118546750482604,-17246000.0,-0.4268177993367322,0.0,-17192000.0,-0.4254813641538385,-104000.0,-11980000.0,-0.29649062020492006,-0.29,-0.29,41468000,41468000,https://www.sec.gov/Archives/edgar/data/1628908/000162890815000019/0001628908-15-000019-index.htm,https://www.sec.gov/Archives/edgar/data/1628908/000162890815000019/evh09301510-q.htm,1620591849,16:24:09,20210509
23,2015-06-30,EVH,USD,2015-06-30,2015-06-30,Q2,10414000.0,7887000.0,2527000.0,0.24265411945458037,0.0,13082000.0,0.0,0.0,14066000.0,21953000.0,0.0,-499000.0,-12038000.0,-1.1559439216439409,-11539000.0,-1.1080276550797004,397287000.0,385761000.0,37.04253888995583,29273000.0,359912000.0,34.56039946226234,25.69,9.73,13976000,36643000,,,1620591849,16:24:09,20210509
24,2015-03-31,EVH,USD,2015-03-31,2015-03-31,Q1,37041000.0,26454000.0,10587000.0,0.28581841742933506,0.0,28451000.0,0.0,1000.0,29934000.0,56388000.0,0.0,1483000.0,-17864000.0,-0.48227639642558245,-19347000.0,-0.5223131124969628,1000.0,-19315000.0,-0.521449204935072,0.0,-19315000.0,-0.521449204935072,-0.346449,-0.346449,55751344,55751344,,,1620591849,16:24:09,20210509
25,2014-12-31,EVH,USD,2014-12-31,2014-12-31,Q4,0.0,0.0,0.0,0.0,0.0,0.0,0.0,0.0,0.0,0.0,0.0,0.0,0.0,0.0,0.0,0.0,-10698000.0,-10698000.0,0.0,0.0,-10698000.0,0.0,-0.1918877507240005,-0.1918877507240005,55751344,55751344,,,1620591849,16:24:09,20210509
26,2014-09-30,EVH,USD,2014-09-30,2014-09-30,Q3,0.0,0.0,0.0,0.0,0.0,0.0,0.0,0.0,0.0,0.0,0.0,0.0,0.0,0.0,0.0,0.0,-3167000.0,-3167000.0,0.0,0.0,-3167000.0,0.0,-0.0932,-0.0932,55751344,55751344,,,1620591849,16:24:09,20210509
27,2014-06-30,EVH,USD,2014-06-30,2014-06-30,Q2,0.0,0.0,0.0,0.0,0.0,0.0,0.0,0.0,0.0,0.0,0.0,-656000.0,0.0,0.0,0.0,0.0,-5939000.0,-5939000.0,0.0,0.0,-5939000.0,0.0,-0.129324,-0.129324,55751344,55751344,,,1620591849,16:24:09,20210509
28,2014-03-31,EVH,USD,2014-03-31,2014-03-31,Q1,20076000.0,14821000.0,5255000.0,0.26175532974696153,0.0,16243000.0,0.0,-9000.0,16899000.0,31720000.0,0.0,656000.0,-10988000.0,-0.5473201833034469,-11644000.0,-0.5799960151424587,-9000.0,-11626000.0,-0.5790994221956565,0.0,-11626000.0,-0.5790994221956565,-0.208533,-0.208533,55751344,55751344,,,1620591849,16:24:09,20210509
