,date,symbol,reportedCurrency,fillingDate,acceptedDate,period,revenue,costOfRevenue,grossProfit,grossProfitRatio,researchAndDevelopmentExpenses,generalAndAdministrativeExpenses,sellingAndMarketingExpenses,otherExpenses,operatingExpenses,costAndExpenses,interestExpense,depreciationAndAmortization,ebitda,ebitdaratio,operatingIncome,operatingIncomeRatio,totalOtherIncomeExpensesNet,incomeBeforeTax,incomeBeforeTaxRatio,incomeTaxExpense,netIncome,netIncomeRatio,eps,epsdiluted,weightedAverageShsOut,weightedAverageShsOutDil,link,finalLink,timestamp,est_time,est_date
0,2020-12-31,THR,USD,2021-02-04,2021-02-04 14:48:20,Q3,202858.0,112848.0,90010.0,0.4437093927772136,0.0,64681.0,0.0,2188.0,64681.0,177529.0,6689.0,15617.0,22068.0,0.10878545583610211,6451.0,0.031800569856747084,8692.0,1235.0,0.0060880024450600916,-0.693,1928.0,0.009504185193583689,5.813371302768971e-05,5.769405596215701e-05,33164921.0,33417654.0,https://www.sec.gov/Archives/edgar/data/1489096/000148909621000029/0001489096-21-000029-index.htm,https://www.sec.gov/Archives/edgar/data/1489096/000148909621000029/thr-20201231.htm,1620598789,18:19:49,20210509
1,2020-09-30,THR,USD,2020-11-05,2020-11-05 16:17:34,Q2,66406000.0,37475000.0,28931000.0,0.4356684636930398,0.0,0.0,23788000.0,582000.0,25885000.0,63360000.0,2433000.0,4881000.0,7927000.0,0.11937174351715206,3046000.0,0.04586934915519682,582000.0,1212000.0,0.01825136282866006,-626000.0,1838000.0,0.027678221847423426,0.055420002357310004,0.05500086870251275,33164921.0,33417654.0,https://www.sec.gov/Archives/edgar/data/1489096/000148909620000214/0001489096-20-000214-index.htm,https://www.sec.gov/Archives/edgar/data/1489096/000148909620000214/thr-20200930.htm,1620598789,18:19:49,20210509
2,2020-06-30,THR,USD,2020-08-06,2020-08-06 15:27:50,Q1,56848000.0,32729000.0,24119000.0,0.4242717421896988,0.0,0.0,27841000.0,732000.0,30874000.0,63603000.0,2580000.0,5762000.0,-993000.0,-0.017467632986208837,-6755000.0,-0.11882564030396847,732000.0,-8578000.0,-0.15089361103292992,-2493000.0,-6085000.0,-0.10703982549957781,-0.18,-0.18,32986451.0,32986451.0,https://www.sec.gov/Archives/edgar/data/1489096/000148909620000185/0001489096-20-000185-index.htm,https://www.sec.gov/Archives/edgar/data/1489096/000148909620000185/thr-20200630.htm,1620598789,18:19:49,20210509
3,2020-03-31,THR,USD,2020-06-01,2020-06-01 15:55:29,Q4,88371000.0,52787000.0,35584000.0,0.4026660329746184,0.0,498000.0,28800000.0,-479000.0,33717000.0,86504000.0,2963000.0,7196000.0,9063000.0,0.1025562684591099,1867000.0,0.021126840253024182,-1059000.0,-2076000.0,-0.02349186950470177,892000.0,-2968000.0,-0.0335856785597085,-0.09023196424771228,-0.08915858091261378,32893000.0,33289000.0,https://www.sec.gov/Archives/edgar/data/1489096/000148909620000088/0001489096-20-000088-index.htm,https://www.sec.gov/Archives/edgar/data/1489096/000148909620000088/tgh03312020-10k.htm,1620598789,18:19:49,20210509
4,2019-12-31,THR,USD,2020-02-06,2020-02-06 15:03:53,Q3,100468000.0,56988000.0,43480000.0,0.4327746148027233,0.0,0.0,26554000.0,-62000.0,31014000.0,88002000.0,3595000.0,7123000.0,19589000.0,0.19497750527531155,12466000.0,0.12407930883465382,-62000.0,8866000.0,0.08824700402118088,2344000.0,6522000.0,0.0649161922204085,0.19892786967558745,0.19609766842518148,32785753.0,33258937.0,https://www.sec.gov/Archives/edgar/data/1489096/000148909620000028/0001489096-20-000028-index.htm,https://www.sec.gov/Archives/edgar/data/1489096/000148909620000028/tgh12312019-10q.htm,1620598789,18:19:49,20210509
5,2019-09-30,THR,USD,2019-11-05,2019-11-05 16:28:15,Q2,102935000.0,57503000.0,45432000.0,0.4413659105260601,0.0,28130000.0,0.0,-172000.0,32591000.0,90094000.0,3951000.0,7071000.0,19912000.0,0.19344246369067858,12841000.0,0.12474862777480934,-172000.0,8783000.0,0.08532569097002964,1862000.0,6912000.0,0.06714917180745131,0.21120161158563064,0.20791479776721405,32727023.0,33244387.0,https://www.sec.gov/Archives/edgar/data/1489096/000148909619000245/0001489096-19-000245-index.htm,https://www.sec.gov/Archives/edgar/data/1489096/000148909619000245/tgh9302019-10q.htm,1620598789,18:19:49,20210509
6,2019-06-30,THR,USD,2019-08-08,2019-08-08 16:50:03,Q1,91712000.0,54570000.0,37142000.0,0.40498517096999304,0.0,0.0,27718000.0,233000.0,32151000.0,86721000.0,3770000.0,6885000.0,11876000.0,0.12949232379623168,4991000.0,0.0544203593859037,233000.0,1505000.0,0.01641006629448709,44000.0,1471000.0,0.016039340544312632,0.05,0.04,32635295.0,33051923.0,https://www.sec.gov/Archives/edgar/data/1489096/000148909619000206/0001489096-19-000206-index.htm,https://www.sec.gov/Archives/edgar/data/1489096/000148909619000130/tgh03312019-10k.htm,1620598789,18:19:49,20210509
7,2019-03-31,THR,USD,2019-06-12,2019-06-12 15:58:04,Q4,114230000.0,69261000.0,44969000.0,0.39367066444891885,0.0,0.0,26648000.0,-192000.0,31259000.0,100520000.0,4241000.0,6939000.0,20649000.0,0.18076687385100237,13710000.0,0.12002101024249322,36000.0,9596000.0,0.08400595290203974,2847000.0,6768000.0,0.05924888383086755,0.21,0.2,32606000.0,33167000.0,https://www.sec.gov/Archives/edgar/data/1489096/000148909619000130/0001489096-19-000130-index.htm,https://www.sec.gov/Archives/edgar/data/1489096/000148909619000130/tgh03312019-10k.htm,1620598789,18:19:49,20210509
8,2018-12-31,THR,USD,2019-02-06,2019-02-06 15:33:59,Q3,119356000.0,68473000.0,50883000.0,0.4263128791179329,0.0,0.0,28109000.0,-155000.0,32996000.0,101469000.0,3885000.0,2313000.0,20200000.0,0.1692415965682496,17887000.0,0.14986259593149903,-155000.0,13871000.0,0.11621535574248466,4154000.0,9719000.0,0.08142866718053554,0.3,0.29,32595000.0,33116000.0,https://www.sec.gov/Archives/edgar/data/1489096/000148909619000037/0001489096-19-000037-index.htm,https://www.sec.gov/Archives/edgar/data/1489096/000148909619000037/tgh12312018-10q.htm,1620598789,18:19:49,20210509
9,2018-09-30,THR,USD,2018-11-05,2018-11-05 16:58:29,Q2,90154000.0,49795000.0,40359000.0,0.44766732479978705,0.0,0.0,26191000.0,346000.0,31687000.0,81482000.0,3985000.0,2274000.0,10946000.0,0.1214144685759922,8672000.0,0.09619096213146394,346000.0,5081000.0,0.056359118841094125,1756000.0,3227000.0,0.035794307518246554,0.09907282328380204,0.09748361175724254,32572000.0,33103000.0,https://www.sec.gov/Archives/edgar/data/1489096/000148909618000091/0001489096-18-000091-index.htm,https://www.sec.gov/Archives/edgar/data/1489096/000148909618000091/tgh9302018-10q.htm,1620598789,18:19:49,20210509
10,2018-06-30,THR,USD,2018-08-08,2018-08-08 16:17:59,Q1,88902000.0,49173000.0,39729000.0,0.4468853344131741,0.0,0.0,25712000.0,-118000.0,31489000.0,80662000.0,3603000.0,8056000.0,16296000.0,0.18330296281298508,8240000.0,0.09268632876650694,-118000.0,4594000.0,0.05167487795550156,1216000.0,3042000.0,0.03421745292569346,0.09359712008861266,0.09236094243381103,32501000.0,32936000.0,https://www.sec.gov/Archives/edgar/data/1489096/000148909618000081/0001489096-18-000081-index.htm,https://www.sec.gov/Archives/edgar/data/1489096/000148909618000054/tgh03312018-10k.htm,1620598789,18:19:49,20210509
11,2018-03-31,THR,USD,2018-05-30,2018-05-30 16:26:03,Q4,102582000.0,55759000.0,46823000.0,0.4564446004172272,0.0,0.0,27526000.0,5693000.0,33270000.0,89029000.0,4608000.0,7932000.0,21485000.0,0.2094422023356924,13553000.0,0.1321186952876723,-32000.0,8966000.0,0.08740324813320076,2372000.0,6057000.0,0.05904544656957361,0.19,0.18,32469000.0,32967000.0,https://www.sec.gov/Archives/edgar/data/1489096/000148909618000054/0001489096-18-000054-index.htm,https://www.sec.gov/Archives/edgar/data/1489096/000148909618000054/tgh03312018-10k.htm,1620598789,18:19:49,20210509
12,2017-12-31,THR,USD,2018-02-08,2018-02-08 17:15:34,Q3,92660000.0,50446000.0,42214000.0,0.45557953809626595,0.0,0.0,27251000.0,-5492000.0,32004000.0,82450000.0,2787000.0,6944000.0,17154000.0,0.18512842650550398,10210000.0,0.11018778329376214,-5868000.0,1716000.0,0.0185193179365422,883000.0,599000.0,0.0064644938484783076,0.018460305719921105,0.018198942699155375,32448000.0,32914000.0,https://www.sec.gov/Archives/edgar/data/1489096/000148909618000023/0001489096-18-000023-index.htm,https://www.sec.gov/Archives/edgar/data/1489096/000148909618000023/tgh12312017-10q.htm,1620598789,18:19:49,20210509
13,2017-09-30,THR,USD,2017-10-23,2017-10-23 16:49:47,Q2,61631000.0,30671000.0,30960000.0,0.5023445993087894,0.0,0.0,20521000.0,-103000.0,23543000.0,54214000.0,787000.0,4892000.0,12309000.0,0.19972091966705066,7417000.0,0.12034528078402103,-103000.0,6766000.0,0.10978241469390404,1688000.0,4778000.0,0.07752592039720271,0.14743208211590525,0.14571728571454276,32408143.0,32789521.0,https://www.sec.gov/Archives/edgar/data/1489096/000148909617000122/0001489096-17-000122-index.htm,https://www.sec.gov/Archives/edgar/data/1489096/000148909617000122/tgh09302017-10q.htm,1620598789,18:19:49,20210509
14,2017-06-30,THR,USD,2017-08-02,2017-08-02 16:27:13,Q1,51736000.0,27922000.0,23814000.0,0.4602984382248338,0.0,0.0,19317000.0,32000.0,22256000.0,50178000.0,802000.0,4652000.0,6210000.0,0.12003247255296119,1558000.0,0.030114427091387043,32000.0,941000.0,0.018188495438379464,227000.0,479000.0,0.009258543374052883,0.014797646204219937,0.014576459662782279,32370013.0,32861203.0,https://www.sec.gov/Archives/edgar/data/1489096/000148909617000096/0001489096-17-000096-index.htm,https://www.sec.gov/Archives/edgar/data/1489096/000148909617000034/tgh03312017-10k.htm,1620598789,18:19:49,20210509
15,2017-03-31,THR,USD,2017-05-30,2017-05-30 15:48:22,Q4,67582000.0,39308000.0,28274000.0,0.4183658370572046,0.0,0.0,20026000.0,375000.0,22994000.0,62302000.0,847000.0,4630000.0,9910000.0,0.14663667840549258,5280000.0,0.07812731200615548,-254000.0,4379000.0,0.06479535971116569,1030000.0,3251000.0,0.04810452487348702,0.10051323274795944,0.09923990353795903,32344000.0,32759000.0,https://www.sec.gov/Archives/edgar/data/1489096/000148909617000034/0001489096-17-000034-index.htm,https://www.sec.gov/Archives/edgar/data/1489096/000148909617000034/tgh03312017-10k.htm,1620598789,18:19:49,20210509
16,2016-12-31,THR,USD,2017-02-08,2017-02-08 15:01:55,Q3,64340000.0,35721000.0,28619000.0,0.4448088281007149,0.0,0.0,18357000.0,-6000.0,21320000.0,57041000.0,862000.0,4448000.0,11747000.0,0.1825769350326391,7299000.0,0.1134442026732981,-6000.0,6562000.0,0.10198943114703139,1245000.0,5358000.0,0.08327634442026732,0.17,0.16,32330392.0,32651930.0,https://www.sec.gov/Archives/edgar/data/1489096/000148909617000003/0001489096-17-000003-index.htm,https://www.sec.gov/Archives/edgar/data/1489096/000148909617000003/tgh12312016-10q.htm,1620598789,18:19:49,20210509
17,2016-09-30,THR,USD,2016-11-02,2016-11-02 15:32:47,Q2,68812000.0,39888000.0,28924000.0,0.4203336627332442,0.0,0.0,20224000.0,-427000.0,23249000.0,63137000.0,895000.0,4524000.0,10199000.0,0.14821542754170783,5675000.0,0.0824710806254723,-427000.0,4482000.0,0.065133988257862,808000.0,3506000.0,0.050950415625181655,0.10861765874667552,0.10750995026668202,32278361.0,32610935.0,https://www.sec.gov/Archives/edgar/data/1489096/000148909616000191/0001489096-16-000191-index.htm,https://www.sec.gov/Archives/edgar/data/1489096/000148909616000191/tgh9302016-10q.htm,1620598789,18:19:49,20210509
18,2016-06-30,THR,USD,2016-08-05,2016-08-05 16:39:36,Q1,63396000.0,37282000.0,26114000.0,0.4119187330430942,0.0,0.0,19108000.0,277000.0,21924000.0,59206000.0,914000.0,4230000.0,8420000.0,0.13281595053315667,4190000.0,0.06609249794939744,277000.0,3659000.0,0.05771657517824468,1015000.0,2526000.0,0.039844785159947,0.07836932241250931,0.0772618829142962,32232000.0,32694000.0,https://www.sec.gov/Archives/edgar/data/1489096/000148909616000171/0001489096-16-000171-index.htm,https://www.sec.gov/Archives/edgar/data/1489096/000148909616000154/tgh03312016-10k.htm,1620598789,18:19:49,20210509
19,2016-03-31,THR,USD,2016-05-31,2016-05-31 17:04:44,Q4,72344000.0,40249000.0,32095000.0,0.4436442552250359,0.0,0.0,21708000.0,538000.0,24841000.0,65090000.0,915000.0,4438000.0,11692000.0,0.16161672011500608,7254000.0,0.1002709277894504,-1725000.0,4728000.0,0.06535441778170961,1254000.0,3204000.0,0.044288399867300675,0.09944442720134082,0.09826110957769804,32219000.0,32607000.0,https://www.sec.gov/Archives/edgar/data/1489096/000148909616000154/0001489096-16-000154-index.htm,https://www.sec.gov/Archives/edgar/data/1489096/000148909616000154/tgh03312016-10k.htm,1620598789,18:19:49,20210509
20,2015-12-31,THR,USD,2016-02-04,2016-02-04 15:30:16,Q3,74427000.0,39298000.0,35129000.0,0.47199269082456635,0.0,0.0,20167000.0,-377000.0,23302000.0,62600000.0,918000.0,4647000.0,16474000.0,0.22134440458435783,11827000.0,0.1589073857605439,-377000.0,10623000.0,0.14273046071990003,1954000.0,8480000.0,0.11393714646566434,0.26327227569077927,0.26014663926128173,32210000.0,32597000.0,https://www.sec.gov/Archives/edgar/data/1489096/000148909616000116/0001489096-16-000116-index.htm,https://www.sec.gov/Archives/edgar/data/1489096/000148909616000116/tgh12312015-10q.htm,1620598789,18:19:49,20210509
21,2015-09-30,THR,USD,2015-11-05,2015-11-05 16:13:06,Q2,69934000.0,36580000.0,33354000.0,0.47693539623073183,0.0,0.0,19005000.0,-119000.0,22033000.0,58613000.0,1291000.0,4312000.0,15633000.0,0.22353933708925558,11321000.0,0.16188120227643207,-119000.0,10022000.0,0.14330654617210511,3041000.0,6896000.0,0.09860725827208511,0.21460577796181649,0.21195385307270387,32133338.0,32535384.0,https://www.sec.gov/Archives/edgar/data/1489096/000148909615000079/0001489096-15-000079-index.htm,https://www.sec.gov/Archives/edgar/data/1489096/000148909615000079/tgh9302015-10q.htm,1620598789,18:19:49,20210509
22,2015-06-30,THR,USD,2015-08-05,2015-08-05 16:52:52,Q1,65223000.0,34486000.0,30737000.0,0.4712601382947733,0.0,0.0,19849000.0,-168000.0,22665000.0,57151000.0,1018000.0,4012000.0,12084000.0,0.18527206660227222,8072000.0,0.12376002330466247,-168000.0,6993000.0,0.1072167793569753,2467000.0,4429000.0,0.0679054934608957,0.13796100671850478,0.13631045964416352,32103274.0,32492004.0,https://www.sec.gov/Archives/edgar/data/1489096/000148909615000073/0001489096-15-000073-index.htm,https://www.sec.gov/Archives/edgar/data/1489096/000148909615000044/tgh03312015-10k.htm,1620598789,18:19:49,20210509
23,2015-03-31,THR,USD,2015-06-01,2015-06-01 15:39:38,Q4,74256000.0,40151000.0,34105000.0,0.4592894850247791,0.0,0.0,18895000.0,1263000.0,21495000.0,61646000.0,985000.0,3464000.0,16074000.0,0.21646735617323853,12610000.0,0.16981792717086835,940000.0,12660000.0,0.1704912734324499,2159000.0,10501000.0,0.14141618185735833,0.33,0.32,32074000.0,32469000.0,https://www.sec.gov/Archives/edgar/data/1489096/000148909615000044/0001489096-15-000044-index.htm,https://www.sec.gov/Archives/edgar/data/1489096/000148909615000044/tgh03312015-10k.htm,1620598789,18:19:49,20210509
24,2014-12-31,THR,USD,2015-02-04,2015-02-04 14:41:37,Q3,87622000.0,42089000.0,45533000.0,0.5196525986624364,0.0,0.0,19631000.0,-496000.0,22314000.0,64403000.0,1094000.0,3545000.0,26764000.0,0.3054484033690169,23219000.0,0.2649905274930953,-496000.0,21767000.0,0.24841934673940336,6164000.0,15603000.0,0.1780717171486613,0.49,0.48,32067000.0,32455000.0,https://www.sec.gov/Archives/edgar/data/1489096/000148909615000014/0001489096-15-000014-index.htm,https://www.sec.gov/Archives/edgar/data/1489096/000148909615000014/tgh12312014-10q.htm,1620598789,18:19:49,20210509
25,2014-09-30,THR,USD,2014-11-04,2014-11-04 16:59:38,Q2,79033000.0,37812000.0,41221000.0,0.5215669403919881,0.0,0.0,20008000.0,-855000.0,22749000.0,60561000.0,1188000.0,3576000.0,22048000.0,0.27897207495603105,18472000.0,0.23372515278428,-855000.0,16548000.0,0.20938089152632444,4800000.0,11748000.0,0.14864676780585326,0.37,0.36,32033333.0,32439602.0,https://www.sec.gov/Archives/edgar/data/1489096/000148909614000058/0001489096-14-000058-index.htm,https://www.sec.gov/Archives/edgar/data/1489096/000148909614000058/tgh9302014-10q.htm,1620598789,18:19:49,20210509
26,2014-06-30,THR,USD,2014-08-07,2014-08-07 16:49:59,Q1,67667000.0,33822000.0,33845000.0,0.5001699499017246,0.0,0.0,18334000.0,17000.0,21085000.0,54907000.0,1298000.0,3558000.0,16318000.0,0.24115152142107674,12760000.0,0.18857049965271108,17000.0,11587000.0,0.17123560967679963,53000.0,11534000.0,0.17045236230363398,0.36107463876726975,0.3566488085613772,31943534.0,32339937.0,https://www.sec.gov/Archives/edgar/data/1489096/000148909614000052/0001489096-14-000052-index.htm,https://www.sec.gov/Archives/edgar/data/1489096/000148909614000021/tgh03312014-10k.htm,1620598789,18:19:49,20210509
27,2014-03-31,THR,USD,2014-05-30,2014-05-30 14:17:18,Q4,67475000.0,34730000.0,32745000.0,0.48529084846239345,0.0,0.0,15653000.0,-246000.0,18394000.0,53124000.0,1326000.0,3545000.0,17896000.0,0.26522415709522046,14351000.0,0.21268618006669138,-246000.0,12884000.0,0.19094479436828454,3302000.0,9582000.0,0.14200815116709892,0.3007061038757257,0.29649111949996904,31865000.0,32318000.0,https://www.sec.gov/Archives/edgar/data/1489096/000148909614000021/0001489096-14-000021-index.htm,https://www.sec.gov/Archives/edgar/data/1489096/000148909614000021/tgh03312014-10k.htm,1620598789,18:19:49,20210509
28,2013-12-31,THR,USD,2014-02-06,2014-02-06 16:19:06,Q3,71465000.0,35409000.0,36056000.0,0.5045266913873925,0.0,0.0,15516000.0,-118000.0,18298000.0,53707000.0,1369000.0,3557000.0,21315000.0,0.2982578884768768,17758000.0,0.24848527251101937,-118000.0,16337000.0,0.2286014132792276,3754000.0,12583000.0,0.17607220317638006,0.4,0.39,31689887.0,32224559.0,https://www.sec.gov/Archives/edgar/data/1489096/000148909614000007/0001489096-14-000007-index.htm,https://www.sec.gov/Archives/edgar/data/1489096/000148909614000007/tgh12312013-10q.htm,1620598789,18:19:49,20210509
29,2013-09-30,THR,USD,2013-11-07,2013-11-07 13:04:54,Q2,72783000.0,37428000.0,35355000.0,0.48575903713779317,0.0,0.0,18123000.0,-262000.0,20902000.0,58330000.0,1323000.0,3543000.0,17996000.0,0.2472555404421362,14453000.0,0.19857659068738578,-262000.0,12917000.0,0.17747276149650332,2345000.0,10572000.0,0.14525369935287086,0.34,0.33,31486481.0,32105711.0,https://www.sec.gov/Archives/edgar/data/1489096/000148909613000051/0001489096-13-000051-index.htm,https://www.sec.gov/Archives/edgar/data/1489096/000148909613000051/tgh9302013-10q.htm,1620598789,18:19:49,20210509
30,2013-06-30,THR,USD,2013-08-08,2013-08-08 14:52:30,Q1,65600000.0,34586000.0,31014000.0,0.47277439024390244,0.0,0.0,16171000.0,30000.0,18959000.0,53545000.0,6001000.0,3533000.0,15588000.0,0.23762195121951218,12055000.0,0.18376524390243903,-15455000.0,-9375000.0,-0.14291158536585366,-2437000.0,-6938000.0,-0.10576219512195122,-0.22,-0.22,31342078.0,31342078.0,https://www.sec.gov/Archives/edgar/data/1489096/000148909613000041/0001489096-13-000041-index.htm,https://www.sec.gov/Archives/edgar/data/1489096/000148909613000025/tgh03312013-10k.htm,1620598789,18:19:49,20210509
31,2013-03-31,THR,USD,2013-06-10,2013-06-10 16:46:07,Q4,72085000.0,40182000.0,31903000.0,0.4425747381563432,0.0,0.0,17239000.0,180000.0,20045000.0,60227000.0,3049000.0,3525000.0,15383000.0,0.2134008462232087,11858000.0,0.1645002427689533,-188000.0,8640000.0,0.11985850038149407,2991000.0,5649000.0,0.07836581813137268,0.1811738293778063,0.1766085162258488,31180000.0,31986000.0,https://www.sec.gov/Archives/edgar/data/1489096/000148909613000025/0001489096-13-000025-index.htm,https://www.sec.gov/Archives/edgar/data/1489096/000148909613000025/tgh03312013-10k.htm,1620598789,18:19:49,20210509
32,2012-12-31,THR,USD,2013-02-14,2013-02-14 17:13:04,Q3,76750000.0,41799000.0,34951000.0,0.45538762214983713,0.0,0.0,16885000.0,-274000.0,19698000.0,61497000.0,3116000.0,3450000.0,18703000.0,0.24368729641693812,15253000.0,0.19873615635179154,-274000.0,11899000.0,0.1550358306188925,4161000.0,7738000.0,0.10082084690553746,0.25,0.24,30947000.0,31871000.0,https://www.sec.gov/Archives/edgar/data/1489096/000148909613000010/0001489096-13-000010-index.htm,https://www.sec.gov/Archives/edgar/data/1489096/000148909613000010/tgh12312012-10q.htm,1620598789,18:19:49,20210509
33,2012-09-30,THR,USD,2012-11-13,2012-11-13 14:21:44,Q2,67358000.0,34719000.0,32639000.0,0.48456011164226964,0.0,14494000.0,0.0,0.0,17292000.0,52011000.0,4693000.0,3439000.0,18786000.0,0.278897829508002,15347000.0,0.22784227560200718,93000.0,10777000.0,0.15999584310698062,3790000.0,6987000.0,0.10372932688025178,0.23,0.22,30726000.0,31641000.0,https://www.sec.gov/Archives/edgar/data/1489096/000148909612000020/0001489096-12-000020-index.htm,https://www.sec.gov/Archives/edgar/data/1489096/000148909612000020/tgh9302012-10q.htm,1620598789,18:19:49,20210509
34,2012-06-30,THR,USD,2012-08-13,2012-08-13 09:03:50,Q1,67213000.0,33874000.0,33339000.0,0.4960201151562942,0.0,16015000.0,0.0,0.0,18809000.0,52683000.0,4367000.0,3417000.0,17947000.0,0.26701679734575157,14530000.0,0.21617841786559147,44000.0,10234000.0,0.15226221117938493,3634000.0,6600000.0,0.09819528960171395,0.22,0.21,30341000.0,31410000.0,https://www.sec.gov/Archives/edgar/data/1489096/000110465912057204/0001104659-12-057204-index.htm,https://www.sec.gov/Archives/edgar/data/1489096/000110465912042562/a12-8967_110k.htm,1620598789,18:19:49,20210509
35,2012-03-31,THR,USD,2012-06-08,2012-06-08 14:40:18,Q4,69037000.0,34553000.0,34484000.0,0.4995002679722468,0.0,16677000.0,0.0,0.0,19484000.0,54037000.0,3561000.0,3348000.0,18348000.0,0.26577052884685026,15000000.0,0.21727479467531904,-899000.0,10423000.0,0.15097701232672336,4174000.0,6249000.0,0.09051667946173791,0.20595893345637917,0.20595893345637917,30341000.0,30341000.0,https://www.sec.gov/Archives/edgar/data/1489096/000110465912042562/0001104659-12-042562-index.htm,https://www.sec.gov/Archives/edgar/data/1489096/000110465912042562/a12-8967_110k.htm,1620598789,18:19:49,20210509
36,2011-12-31,THR,USD,2012-02-09,2012-02-09 17:20:14,Q3,68837000.0,35146000.0,33691000.0,0.4894315557040545,0.0,15300000.0,0.0,0.0,18109000.0,53255000.0,4203000.0,3285000.0,18867000.0,0.2740822522771184,15582000.0,0.22636082339439545,-444000.0,11007000.0,0.15989947266731555,4074000.0,6933000.0,0.10071618461002077,0.23,0.22,29586956.0,31216493.0,https://www.sec.gov/Archives/edgar/data/1489096/000110465912008229/0001104659-12-008229-index.htm,https://www.sec.gov/Archives/edgar/data/1489096/000110465912008229/a11-31749_110q.htm,1620598789,18:19:49,20210509
37,2011-09-30,THR,USD,2011-11-14,2011-11-14 14:19:40,Q2,68023000.0,36072000.0,31951000.0,0.4697087749731708,0.0,14687000.0,0.0,0.0,17565000.0,53637000.0,5030000.0,3392000.0,17778000.0,0.26135277773694193,14386000.0,0.21148729106331682,-3509000.0,5923000.0,0.08707348984902165,2109000.0,3814000.0,0.056069270687855575,0.13,0.12,29523641.0,31262300.0,https://www.sec.gov/Archives/edgar/data/1489096/000110465911063798/0001104659-11-063798-index.htm,https://www.sec.gov/Archives/edgar/data/1489096/000110465911063798/a11-25994_110q.htm,1620598789,18:19:49,20210509
38,2011-06-30,THR,USD,2011-08-12,2011-08-12 15:33:59,Q1,64618000.0,32629000.0,31989000.0,0.4950478194930205,0.0,29616000.0,0.0,0.0,32501000.0,65130000.0,6790000.0,3946000.0,3434000.0,0.05314308706552354,-512000.0,-0.007923488811167168,-644000.0,-7855000.0,-0.1215605558822619,-2889000.0,-4966000.0,-0.0768516512426878,-0.18,-0.18,27738534.0,27738534.0,https://www.sec.gov/Archives/edgar/data/1489096/000110465911046543/0001104659-11-046543-index.htm,https://www.sec.gov/Archives/edgar/data/1489096/000110465911046543/a11-20532_110q.htm,1620598789,18:19:49,20210509
39,2010-12-31,THR,USD,2010-12-31,2010-12-31,Q3,64941000.0,35333000.0,29608000.0,0.4559215287722702,0.0,0.0,0.0,0.0,18405000.0,53738000.0,5580000.0,4228000.0,15431000.0,0.2376156819266719,11203000.0,0.17251043254646525,-1029000.0,4601000.0,0.07084892440830907,1592000.0,3009000.0,0.04633436503903543,0.12,0.11,24908772.0,27557174.0,,,1620598789,18:19:49,20210509
40,2010-09-30,THR,USD,2010-09-30,2010-09-30,Q2,63451000.0,38119000.0,25332000.0,0.39923720666340956,0.0,0.0,0.0,0.0,20271000.0,58390000.0,5687000.0,0.0,11363000.0,0.17908307197680098,5061000.0,0.0797623362909962,-938000.0,-1562000.0,-0.024617421317236925,235000.0,-1797000.0,-0.028321066649855793,-0.07,-0.07,24875669.0,24875669.0,,,1620598789,18:19:49,20210509
41,2010-03-31,THR,USD,2010-03-31,2010-03-31,Q4,49808000.0,27435000.0,22373000.0,0.4491848699004176,0.0,0.0,0.0,0.0,14196000.0,41631000.0,1787000.0,1201000.0,9378000.0,0.18828300674590429,8177000.0,0.16417041439126245,-405000.0,5937000.0,0.11919771924188885,1725000.0,4212000.0,0.08456472855766142,0.0,0.0,0.0,0.0,,,1620598789,18:19:49,20210509
