,date,symbol,reportedCurrency,fillingDate,acceptedDate,period,revenue,costOfRevenue,grossProfit,grossProfitRatio,researchAndDevelopmentExpenses,generalAndAdministrativeExpenses,sellingAndMarketingExpenses,otherExpenses,operatingExpenses,costAndExpenses,interestExpense,depreciationAndAmortization,ebitda,ebitdaratio,operatingIncome,operatingIncomeRatio,totalOtherIncomeExpensesNet,incomeBeforeTax,incomeBeforeTaxRatio,incomeTaxExpense,netIncome,netIncomeRatio,eps,epsdiluted,weightedAverageShsOut,weightedAverageShsOutDil,link,finalLink,timestamp,est_time,est_date
0,2021-03-31,CLNC,USD,2021-05-06,2021-05-06 16:46:29,Q3,0.0,0.0,0.0,0.0,0.0,0.0,0.0,0.0,0.0,0.0,0.0,9539000.0,9539000.0,0.0,0.0,0.0,0.0,0.0,0.0,0.0,0.0,0.0,0.0,0.0,128581000,128581000,https://www.sec.gov/Archives/edgar/data/1717547/000171754721000020/0001717547-21-000020-index.htm,https://www.sec.gov/Archives/edgar/data/1717547/000171754721000020/clnc-20210331.htm,1620590373,15:59:33,20210509
1,2020-12-31,CLNC,USD,2021-02-25,2021-02-25 17:12:32,Q4,102877000.0,52321000.0,50556000.0,0.49142179495902877,0.0,16793000.0,0.0,10311000.0,26233000.0,78554000.0,11759000.0,13012000.0,37335000.0,0.3629091050477755,24323000.0,0.23642796737851998,-7923000.0,4641000.0,0.045112124187136095,646000.0,-52475000.0,-0.510075138271917,-0.41,-0.41,128581000,128581000,https://www.sec.gov/Archives/edgar/data/1717547/000171754721000010/0001717547-21-000010-index.htm,https://www.sec.gov/Archives/edgar/data/1717547/000171754721000010/clnc-20201231.htm,1620590373,15:59:33,20210509
2,2020-09-30,CLNC,USD,2020-11-09,2020-11-06 18:08:05,Q3,0.0,0.0,0.0,0.0,0.0,0.0,0.0,0.0,39664000.0,0.0,75000.0,14770000.0,14770000.0,0.0,0.0,0.0,0.0,0.0,0.0,0.0,0.0,0.0,0.0,0.0,128539000,128539000,https://www.sec.gov/Archives/edgar/data/1717547/000171754720000031/0001717547-20-000031-index.htm,https://www.sec.gov/Archives/edgar/data/1717547/000171754720000031/clnc-20200930.htm,1620590373,15:59:33,20210509
3,2020-06-30,CLNC,USD,2020-08-07,2020-08-07 18:15:45,Q2,-33199000.0,26424000.0,6775000.0,-0.20407241181963312,0.0,6751000.0,0.0,4577000.0,30833000.0,73079000.0,16745000.0,14020000.0,-92258000.0,2.77893912467243,-106278000.0,3.201241001234977,0.0,-238482000.0,7.183409138829483,2102000.0,-227059000.0,6.839332510015362,-1.76646,-1.76646,128539000,128539000,https://www.sec.gov/Archives/edgar/data/1717547/000171754720000026/0001717547-20-000026-index.htm,https://www.sec.gov/Archives/edgar/data/1717547/000171754720000026/clnc-20200630.htm,1620590373,15:59:33,20210509
4,2020-03-31,CLNC,USD,2020-05-08,2020-05-08 16:55:15,Q1,88967000.0,33611000.0,55356000.0,0.6222082345139209,0.0,7038000.0,0.0,69932000.0,96617000.0,132683000.0,-34714000.0,17976000.0,-25740000.0,-0.28932075938269247,-43716000.0,-0.4913732057954073,24000.0,-78430000.0,-0.8815628266660672,1711000.0,-78772000.0,-0.8854069486438791,-0.61307,-0.61307,128487000,128487000,https://www.sec.gov/Archives/edgar/data/1717547/000171754720000017/0001717547-20-000017-index.htm,https://www.sec.gov/Archives/edgar/data/1717547/000171754720000006/clnc1231201910-k.htm,1620590373,15:59:33,20210509
5,2019-12-31,CLNC,USD,2020-02-28,2020-02-28 16:28:03,Q4,143990000.0,39223000.0,104767000.0,0.7275991388290853,0.0,9541000.0,0.0,0.0,41504000.0,69034000.0,24225000.0,20367000.000000004,95323000.0,0.6620112507813043,74956000.0,0.5205639280505591,0.0,37808000.0,0.26257378984651714,2628000.0,33952000.0,0.2357941523716925,0.26413,0.26413,128541000,128541000,https://www.sec.gov/Archives/edgar/data/1717547/000171754720000006/0001717547-20-000006-index.htm,https://www.sec.gov/Archives/edgar/data/1717547/000171754720000006/clnc1231201910-k.htm,1620590373,15:59:33,20210509
6,2019-09-30,CLNC,USD,2019-11-08,2019-11-08 16:13:15,Q3,131949000.0,42544000.0,89405000.0,0.6775723953951905,0.0,7732000.0,0.0,110314000.0,155948000.0,459246000.0,23167000.0,25933999.999999996,-301363000.0,-2.283935459912542,-327297000.0,-2.4804810949685105,0.0,-400949000.0,-3.038666454463467,1046000.0,-356031000.0,-2.6982470499965894,-2.76979,-2.76979,128541000,128541000,https://www.sec.gov/Archives/edgar/data/1717547/000171754719000017/0001717547-19-000017-index.htm,https://www.sec.gov/Archives/edgar/data/1717547/000171754719000017/clnc0930201910-q.htm,1620590373,15:59:33,20210509
7,2019-06-30,CLNC,USD,2019-08-09,2019-08-08 19:21:53,Q2,145417000.0,40548000.0,104869000.0,0.7211605245604021,0.0,8010000.0,0.0,110258000.0,159499000.0,198197000.0,21046000.0,29256999.999999996,-23523000.000000004,-0.1617623799143154,-52780000.0,-0.36295618806604457,0.0,-110923000.0,-0.7627925208194365,-133000.0,-107341000.0,-0.7381599125274212,-0.83512,-0.83512,128534000,128534000,https://www.sec.gov/Archives/edgar/data/1717547/000171754719000014/0001717547-19-000014-index.htm,https://www.sec.gov/Archives/edgar/data/1717547/000171754719000014/clnc0630201910-q.htm,1620590373,15:59:33,20210509
8,2019-03-31,CLNC,USD,2019-05-09,2019-05-09 16:55:40,Q1,136194000.0,40067000.0,96127000.0,0.705809360177394,0.0,6653000.0,0.0,98974000.0,46025000.0,74382000.0,19292000.0,27662000.0,89474000.0,0.6569599248131343,61812000.0,0.45385259262522576,177000.0,14588000.0,0.10711191388754276,-369000.0,14908000.0,0.10946150344361719,0.11652,0.11652,127943000,127943000,https://www.sec.gov/Archives/edgar/data/1717547/000171754719000009/0001717547-19-000009-index.htm,https://www.sec.gov/Archives/edgar/data/1717547/000171754719000003/clnc1231201810-k.htm,1620590373,15:59:33,20210509
9,2018-12-31,CLNC,USD,2019-03-01,2019-02-28 20:50:05,Q4,134289000.0,34540000.0,99749000.0,0.7427935273924149,0.0,9725000.0,0.0,0.0,117002000.0,144366000.00000003,16808000.0,18297000.00000001,8220000.000000011,0.06121126823492625,-10077000.0,-0.0750396532850792,0.0,-92254000.0,-0.686981063229304,38181000.0,-127089000.0,-0.946384290597145,-0.99326,-0.99326,127952000,127952000,https://www.sec.gov/Archives/edgar/data/1717547/000171754719000003/0001717547-19-000003-index.htm,https://www.sec.gov/Archives/edgar/data/1717547/000171754719000003/clnc1231201810-k.htm,1620590373,15:59:33,20210509
10,2018-09-30,CLNC,USD,2018-11-09,2018-11-09 17:09:14,Q3,131834000.0,36725000.0,95109000.0,0.7214299801265227,0.0,6797000.0,0.0,0.0,85649000.0,138497000.00000003,13148000.0,30488999.99999999,23825999.99999999,0.18072727824385204,-6663000.0,-0.050540831651925903,0.0,-61122000.0,-0.4636285025107332,-2456000.0,-52703000.0,-0.3997678899221749,-0.41211,-0.41211,127887000,127887000,https://www.sec.gov/Archives/edgar/data/1717547/000171754718000014/0001717547-18-000014-index.htm,https://www.sec.gov/Archives/edgar/data/1717547/000171754718000014/clnc0930201810-q.htm,1620590373,15:59:33,20210509
11,2018-06-30,CLNC,USD,2018-08-09,2018-08-09 16:57:13,Q2,117700000.0,31700000.0,86000000.0,0.7306711979609176,0.0,6900000.0,0.0,83817000.0,44632000.0,61400000.0,9703000.0,23400000.000000004,79600000.0,0.6762956669498725,56200000.0,0.47748513169073914,0.0,16000000.0,0.13593882752761258,200000.0,16000000.0,0.13593882752761258,0.10753,0.10753,148800000,148800000,https://www.sec.gov/Archives/edgar/data/1717547/000171754718000010/0001717547-18-000010-index.htm,https://www.sec.gov/Archives/edgar/data/1717547/000171754718000010/clnc0630201810-q.htm,1620590373,15:59:33,20210509
12,2018-03-31,CLNC,USD,2018-05-15,2018-05-14 20:45:17,Q1,92000000.0,50700000.0,41300000.0,0.4489130434782609,0.0,3200000.0,0.0,93815000.0,60444000.0,72700000.0,7415000.0,18800000.0,38100000.0,0.4141304347826087,19300000.0,0.20978260869565218,0.0,-3000000.0,-0.03260869565217391,-500000.0,-4700000.0,-0.051086956521739134,-0.04762,-0.04762,98700000,98700000,https://www.sec.gov/Archives/edgar/data/1717547/000171754718000003/0001717547-18-000003-index.htm,https://www.sec.gov/Archives/edgar/data/1717547/000171754718000003/clnc0331201810-q.htm,1620590373,15:59:33,20210509
13,2017-12-31,CLNC,USD,2018-03-23,2018-03-23,Q4,38315000.0,6845000.0,31470000.0,0.8213493409891688,0.0,3459000.0,0.0,3000.0,5415000.0,12260000.0,1336000.0,1570000.0,27625000.0,0.7209969985645308,26055000.0,0.6800208795510897,3000.0,24722000.0,0.6452303275479577,2081000.0,25763000.0,0.6723998434033668,0.20145160255637337,0.20145160255637337,127886796,127886796,https://www.sec.gov/Archives/edgar/data/1717547/000119312518094233/0001193125-18-094233-index.htm,https://www.sec.gov/Archives/edgar/data/1717547/000119312518094233/d556995d10k.htm,1620590373,15:59:33,20210509
14,2017-09-30,CLNC,USD,2017-09-30,2017-09-30,Q1,42693000.0,6933000.0,35760000.0,0.8376080387885602,0.0,3629000.0,0.0,-80000.0,6058000.0,12991000.0,1717000.0,2537000.0,32239000.0,0.7551355023071697,29702000.0,0.695711240718619,-80000.0,27905000.0,0.6536200313868784,-535000.0,19875000.0,0.4655329913568969,0.155411,0.155411,127886796,127886796,,,1620590373,15:59:33,20210509
15,2017-06-30,CLNC,USD,2017-06-30,2017-06-30,Q2,42666000.0,7504000.0,35162000.0,0.8241222519101861,0.0,4438000.0,0.0,0.0,6793000.0,14297000.0,1066000.0,2678000.0,31047000.0,0.7276754324286318,28369000.0,0.6649088267004172,-313000.0,26990000.0,0.6325880091876436,885000.0,21462000.0,0.5030234847419491,0.16782,0.16782,127886796,127886796,,,1620590373,15:59:33,20210509
16,2017-03-31,CLNC,USD,2017-03-31,2017-03-31,Q1,40290000.0,7715000.0,32575000.0,0.8085132787292132,0.0,3713000.0,0.0,0.0,5837000.0,13552000.0,976000.0,2352000.0,29090000.0,0.7220153884338546,26738000.0,0.663638620004964,6038000.0,25762000.0,0.6394142467113427,-223000.0,20811000.0,0.516530156366344,0.16273,0.16273,127886796,127886796,,,1620590373,15:59:33,20210509
