,date,symbol,reportedCurrency,fillingDate,acceptedDate,period,revenue,costOfRevenue,grossProfit,grossProfitRatio,researchAndDevelopmentExpenses,generalAndAdministrativeExpenses,sellingAndMarketingExpenses,otherExpenses,operatingExpenses,costAndExpenses,interestExpense,depreciationAndAmortization,ebitda,ebitdaratio,operatingIncome,operatingIncomeRatio,totalOtherIncomeExpensesNet,incomeBeforeTax,incomeBeforeTaxRatio,incomeTaxExpense,netIncome,netIncomeRatio,eps,epsdiluted,weightedAverageShsOut,weightedAverageShsOutDil,link,finalLink,timestamp,est_time,est_date
0,2020-12-31,SUNTECK.NS,INR,2020-12-31,2020-12-31,Q4,2046474000,1330519000.0,715955000.0,0.34984808016129204,0.0,0.0,0.0,40088000.0,280155000.0,1610674000,182134000.0,11606000.0,447406000.0,0.2186228605885049,435800000.0,0.21295164267906652,0.0,305162000.0,0.1491159917008474,83685000.0,221477000.0,0.1082237057494989,1.58,1.58,140175316,140175316,https://www.nseindia.com/companies-listing/corporate-filings-annual-reports,https://www.nseindia.com/companies-listing/corporate-filings-annual-reports,1620598442,18:14:02,20210509
1,2020-09-30,SUNTECK.NS,INR,2020-09-30,2020-09-30,Q3,1427462000,903622000.0,523840000.0,0.36697299122498533,0.0,0.0,0.0,53076000.0,226147000.0,1129769000,189875000.0,12257000.0,309950000.0,0.21713362597393135,297693000.0,0.2085470576449671,0.0,152667000.0,0.10694995733686781,13917000.0,138750000.0,0.09720048589734788,0.99,0.99,140151515,140151515,https://www.nseindia.com/companies-listing/corporate-filings-annual-reports,https://www.nseindia.com/companies-listing/corporate-filings-annual-reports,1620598442,18:14:02,20210509
2,2020-06-30,SUNTECK.NS,INR,2020-06-30,2020-06-30,Q2,607242000,378324000.0,228918000.0,0.3769798531722114,0.0,0.0,0.0,81831000.0,140221000.0,518545000,106154000.0,12100000.0,100797000.0,0.16599148280257295,88697000.0,0.14606532486224602,0.0,65802000.0,0.10836206981730513,35164000.0,30638000.0,0.0504543493368377,0.22,0.22,139263636,139263636,https://www.nseindia.com/companies-listing/corporate-filings-annual-reports,https://www.nseindia.com/companies-listing/corporate-filings-annual-reports,1620598442,18:14:02,20210509
3,2020-03-31,SUNTECK.NS,INR,2020-03-31,2020-03-31,Q1,1045693000,502752000.0,542941000.0,0.5192164430669423,0.0,0.0,0.0,0.0,337029000.0,839781000,104354000.0,10811000.0,216723000.0,0.2072529891660363,205912000.0,0.196914390743746,0.0,33299000.0,0.03184395420070709,23794000.0,49701000.0,0.047529246155420375,0.3546233517347279,0.3546233517347279,140151515,140151515,https://www.nseindia.com/companies-listing/corporate-filings-annual-reports,https://www.nseindia.com/companies-listing/corporate-filings-annual-reports,1620598442,18:14:02,20210509
4,2019-12-31,SUNTECK.NS,INR,2019-12-31,2019-12-31,Q4,1939157000,1208992000.0,730165000.0,0.37653733039666204,0.0,0.0,0.0,54315000.0,237663000.0,1446655000,110367000.0,9383000.0,501885000.0,0.2588160731699393,492502000.0,0.25397737264182324,0.0,433984000.0,0.22380034210742092,97577000.0,330233000.0,0.17029719615276123,2.35,2.35,140524681,140524681,https://www.nseindia.com/companies-listing/corporate-filings-annual-reports,https://www.nseindia.com/companies-listing/corporate-filings-annual-reports,1620598442,18:14:02,20210509
5,2019-09-30,SUNTECK.NS,INR,2019-09-30,2019-09-30,Q3,1347456000,762245000.0,585211000.0,0.4343080590386625,0.0,0.0,0.0,61940000.0,178768000.0,941013000,114217000.0,7677000.0,414120000.0,0.30733471074380164,406443000.0,0.30163730763750357,0.0,357331000.0,0.2651893642538235,54978200.0,290841000.0,0.21584452479338842,2.07,2.07,140502899,140502899,https://www.nseindia.com/companies-listing/corporate-filings-annual-reports,https://www.nseindia.com/companies-listing/corporate-filings-annual-reports,1620598442,18:14:02,20210509
6,2019-06-30,SUNTECK.NS,INR,2019-06-30,2019-06-30,Q2,1746039000,892563000.0,853476000.0,0.48880695104748517,0.0,0.0,0.0,45834000.0,252124000.0,1144687000,91456000.0,7155000.0,608507000.0,0.3485071066568387,601352000.0,0.3444092600451651,0.0,564710000.0,0.32342347450429226,201786000.0,332063000.0,0.1901807462490815,2.37,2.36,140110970,140704661,https://www.nseindia.com/companies-listing/corporate-filings-annual-reports,https://www.nseindia.com/companies-listing/corporate-filings-annual-reports,1620598442,18:14:02,20210509
7,2019-03-31,SUNTECK.NS,INR,2019-03-31,2019-03-31,Q1,2706644000,1561487000.0,1145157000.0,0.4230911047038325,0.0,0.0,0.0,-409227000.0,9975000.0,1571462000,65974000.0,5867000.0,1141049000.0,0.42157335800349066,1135182000.0,0.4194057290134942,0.0,928312000.0,0.34297528599993204,294033000.0,645179000.0,0.23836862180619248,4.6034393563280425,4.6034393563280425,140151515,140151515,https://www.nseindia.com/companies-listing/corporate-filings-annual-reports,https://www.nseindia.com/companies-listing/corporate-filings-annual-reports,1620598442,18:14:02,20210509
8,2018-12-31,SUNTECK.NS,INR,2018-12-31,2018-12-31,Q4,1947378000,926488000.0,1020890000.0,0.5242382321254528,0.0,0.0,0.0,103904000.0,213745000.0,1140233000,109379000.0,7022000.0,814167000.0,0.418083700236934,807145000.0,0.4144778260820447,0.0,778679000.0,0.3998602223091767,288671000.0,438778000.0,0.22531732411478408,3.13,3.12,140184665,140633974,https://www.nseindia.com/companies-listing/corporate-filings-annual-reports,https://www.nseindia.com/companies-listing/corporate-filings-annual-reports,1620598442,18:14:02,20210509
9,2018-09-30,SUNTECK.NS,INR,2018-09-30,2018-09-30,Q3,1803124000,854824000.0,948300000.0,0.5259205689680798,0.0,0.0,0.0,172392000.0,173100000.0,1027924000,103524000.0,4915000.0,780115000.0,0.4326463404624418,775200000.0,0.4299205157271491,0.0,851475000.0,0.472222098979327,304827000.0,508999000.0,0.2822872969357626,3.63,3.62,140220110,140607459,https://www.nseindia.com/companies-listing/corporate-filings-annual-reports,https://www.nseindia.com/companies-listing/corporate-filings-annual-reports,1620598442,18:14:02,20210509
10,2018-06-30,SUNTECK.NS,INR,2018-06-30,2018-06-30,Q2,2110775000,834569000.0,1276206000.0,0.6046148926342221,0.0,0.0,0.0,138885000.0,164264000.0,998833000,103052000.0,3659000.0,1115601000.0,0.5285267259655814,1111942000.0,0.526793239449965,0.0,1137072000.0,0.5386988191541021,396763000.0,682500000.0,0.3233409529675119,4.86,4.86,140432099,140432099,https://www.nseindia.com/companies-listing/corporate-filings-annual-reports,https://www.nseindia.com/companies-listing/corporate-filings-annual-reports,1620598442,18:14:02,20210509
11,2018-03-31,SUNTECK.NS,INR,2018-03-31,2018-03-31,Q1,2066813000,884369000.0,1182444000.0,0.5721098135148173,0.0,0.0,0.0,49926000.0,112970000.0,997339000,98472000.0,4376000.0,1073850000.0,0.5195680499396897,1069474000.0,0.5174507805011871,0.0,1015458000.0,0.4913158568288471,399525000.0,590103000.0,0.28551349348005844,4.21,4.2,140166983,140500714,https://www.nseindia.com/companies-listing/corporate-filings-annual-reports,https://www.nseindia.com/companies-listing/corporate-filings-annual-reports,1620598442,18:14:02,20210509
12,2017-12-31,SUNTECK.NS,INR,2017-12-31,2017-12-31,Q4,2014967000,992040000.0,1022927000.0,0.5076643935111592,0.0,0.0,0.0,34103000.0,137642000.0,1129682000,97258000.0,5384000.0,890669000.0,0.4420265939839213,885285000.0,0.4393545899262866,0.0,815082000.0,0.4045138208218795,230250000.0,556668000.0,0.2762665592041954,4.23,4.22,131600000,131911848,https://www.nseindia.com/companies-listing/corporate-filings-annual-reports,https://www.nseindia.com/companies-listing/corporate-filings-annual-reports,1620598442,18:14:02,20210509
13,2017-09-30,SUNTECK.NS,INR,2017-09-30,2017-09-30,Q3,3467339000,2450857000.0,1016482000.0,0.29315910558500335,0.0,0.0,0.0,43394000.0,27382000.0,2478239000,122031000.0,3444000.0,992544000.0,0.2862552522265634,989100000.0,0.2852619833249648,0.0,868045000.0,0.2503490428827409,225490000.0,645252000.0,0.18609429305874042,5.38,5.37,119935316,120158659,https://www.nseindia.com/companies-listing/corporate-filings-annual-reports,https://www.nseindia.com/companies-listing/corporate-filings-annual-reports,1620598442,18:14:02,20210509
14,2017-06-30,SUNTECK.NS,INR,2017-06-30,2017-06-30,Q2,1333744000,566848000.0,766896000.0,0.5749949015703163,0.0,0.0,0.0,20761000.0,63181000.0,630029000,102801000.0,3645000.0,707360000.0,0.5303566501517533,703715000.0,0.5276237418874986,0.0,621675000.0,0.466112687292314,223337000.0,396457000.0,0.2972511966314375,1.455,1.455,125985470,125985470,https://www.nseindia.com/companies-listing/corporate-filings-annual-reports,https://www.nseindia.com/companies-listing/corporate-filings-annual-reports,1620598442,18:14:02,20210509
15,2017-03-31,SUNTECK.NS,INR,2017-03-31,2017-03-31,Q1,1379169000,524575000.0,854594000.0,0.6196441480340698,0.0,0.0,0.0,-75764000.0,135566000.0,660141000,153632000.0,5530000.0,724558000.0,0.5253583861006157,719028000.0,0.5213487252106159,0.0,489632000.0,0.3550195806315252,227805000.0,289730000.0,0.21007577751530088,2.165,2.165,133824480,133824480,https://www.nseindia.com/companies-listing/corporate-filings-annual-reports,https://www.nseindia.com/companies-listing/corporate-filings-annual-reports,1620598442,18:14:02,20210509
16,2016-12-31,SUNTECK.NS,INR,2016-12-31,2016-12-31,Q4,836695000,443748000.0,392947000.0,0.4696418647177287,0.0,0.0,0.0,63212000.0,56686000.0,500434000,42076000.0,5747000.0,342008000.0,0.4087606594995787,336261000.0,0.4018919678018872,0.0,357397000.0,0.4271532637340967,111189000.0,206098000.0,0.24632392926932753,1.72,1.72,119824419,119824419,https://www.nseindia.com/companies-listing/corporate-filings-annual-reports,https://www.nseindia.com/companies-listing/corporate-filings-annual-reports,1620598442,18:14:02,20210509
17,2016-09-30,SUNTECK.NS,INR,2016-09-30,2016-09-30,Q3,1420933000,674063000.0,746870000.0,0.5256194345546201,0.0,0.0,0.0,695904000.0,129200000.0,803263000,142760000.0,6458000.0,624128000.0,0.43923816253123826,617670000.0,0.4346932613993763,0.0,1170814000.0,0.8239755146794395,148152000.0,972874000.0,0.6846726763330854,8.11,8.11,119959803,119959803,https://www.nseindia.com/companies-listing/corporate-filings-annual-reports,https://www.nseindia.com/companies-listing/corporate-filings-annual-reports,1620598442,18:14:02,20210509
18,2016-06-30,SUNTECK.NS,INR,2016-06-30,2016-06-30,Q2,5245112000,3774805000.0,1470307000.0,0.28031946696276455,0.0,0.0,0.0,38025000.0,324998000.0,4099803000,116773000.0,4966000.0,1150275000.0,0.21930418263709145,1145309000.0,0.2183573963720889,0.0,1066561000.0,0.203343798950337,384880000.0,601219000.0,0.11462462574679054,5.015,5.015,119884148,119884148,https://www.nseindia.com/companies-listing/corporate-filings-annual-reports,https://www.nseindia.com/companies-listing/corporate-filings-annual-reports,1620598442,18:14:02,20210509
19,2016-03-31,SUNTECK.NS,INR,2016-03-31,2016-03-31,Q1,826721000,869406000.0,-42685000.0,-0.05163168711088747,0.0,0.0,0.0,-50861000.0,137766000.0,1007172000,50461000.0,5455000.0,-174996000.0,-0.21167479718066917,-180451000.0,-0.21827315382093837,0.0,-281772000.0,-0.34083082442565266,-254784000.0,36979000.0,0.04472972139331165,0.115,0.115,119932414,119932414,https://www.nseindia.com/companies-listing/corporate-filings-annual-reports,https://www.nseindia.com/companies-listing/corporate-filings-annual-reports,1620598442,18:14:02,20210509
20,2015-12-31,SUNTECK.NS,INR,2015-12-31,2015-12-31,Q4,70865000,19631000.0,51234000.0,0.7229803146828476,0.0,0.0,0.0,33450000.0,41419000.0,61050000,19943000.0,5790000.0,15605000.0,0.22020743667536866,9815000.0,0.13850278698934593,0.0,23322000.0,0.3291046355746843,7301000.0,14399000.0,0.20318916249206237,0.12,0.12,119991667,119991667,https://www.nseindia.com/companies-listing/corporate-filings-annual-reports,https://www.nseindia.com/companies-listing/corporate-filings-annual-reports,1620598442,18:14:02,20210509
21,2015-09-30,SUNTECK.NS,INR,2015-09-30,2015-09-30,Q3,109609000,35986000.0,73623000.0,0.6716875439060661,0.0,0.0,0.0,71555000.0,42462000.0,78448000,27465000.0,4940000.0,36101000.0,0.32936164001131296,31161000.0,0.28429234825607386,0.0,75251000.0,0.6865403388407886,56279000.0,12681000.0,0.11569305440246695,0.105,0.105,120771429,120771429,https://www.nseindia.com/companies-listing/corporate-filings-annual-reports,https://www.nseindia.com/companies-listing/corporate-filings-annual-reports,1620598442,18:14:02,20210509
22,2015-06-30,SUNTECK.NS,INR,2015-06-30,2015-06-30,Q2,235946000,129258000.0,106688000.0,0.45217125952548465,0.0,0.0,0.0,10115000.0,35476000.0,164734000,44356000.0,4884000.0,76096000.0,0.3225144736507506,71212000.0,0.3018148220355505,0.0,36971000.0,0.15669263306010697,28549000.0,8239000.0,0.03491900689140735,0.07,0.07,117700000,117700000,https://www.nseindia.com/companies-listing/corporate-filings-annual-reports,https://www.nseindia.com/companies-listing/corporate-filings-annual-reports,1620598442,18:14:02,20210509
23,2015-03-31,SUNTECK.NS,INR,2015-03-31,2015-03-31,Q1,1402851044,724220902.0,678630142.0,0.4837506768109872,0.0,0.0,0.0,-130072329.0,24137891.0,748358793,-36314757.0,3997291.0,658489542.0,0.4693937712178086,654492251.0,0.46654436606029287,0.0,636296179.0,0.4535735862488334,198162364.0,397435062.0,0.2833052473388614,2.8357528778764896,2.8357528778764896,140151515,140151515,https://www.nseindia.com/companies-listing/corporate-filings-annual-reports,https://www.nseindia.com/companies-listing/corporate-filings-annual-reports,1620598442,18:14:02,20210509
24,2014-12-31,SUNTECK.NS,INR,2014-12-31,2014-12-31,Q4,645615000,248882000.0,396733000.0,0.6145040000619564,0.0,0.0,0.0,15022000.0,70192000.0,319074000,68132000.0,5154000.0,331695000.0,0.5137659440998118,326541000.0,0.5057828582049674,0.0,273431000.0,0.4235202094127305,112807000.0,126505000.0,0.19594495171270804,1.055,1.055,119909953,119909953,https://www.nseindia.com/companies-listing/corporate-filings-annual-reports,https://www.nseindia.com/companies-listing/corporate-filings-annual-reports,1620598442,18:14:02,20210509
25,2014-09-30,SUNTECK.NS,INR,2014-09-30,2014-09-30,Q3,795190000,318481000.0,476709000.0,0.5994906877601579,0.0,0.0,0.0,31675000.0,111842000.0,430323000,67652000.0,5826000.0,370693000.0,0.4661690916636276,364867000.0,0.45884254077641823,0.0,328890000.0,0.41359926558432575,130868000.0,149220000.0,0.18765326525735987,1.245,1.245,119855422,119855422,https://www.nseindia.com/companies-listing/corporate-filings-annual-reports,https://www.nseindia.com/companies-listing/corporate-filings-annual-reports,1620598442,18:14:02,20210509
26,2014-06-30,SUNTECK.NS,INR,2014-06-30,2014-06-30,Q2,184801000,155750000.0,29051000.0,0.15720153029474948,0.0,0.0,0.0,83450000.0,37704000.0,193454000,29713000.0,4716000.0,-3937000.0,-0.021303997272742032,-8653000.0,-0.04682333970054275,0.0,45084000.0,0.2439597188326903,27971000.0,8419000.0,0.045557112786186224,0.07,0.07,120271429,120271429,https://www.nseindia.com/companies-listing/corporate-filings-annual-reports,https://www.nseindia.com/companies-listing/corporate-filings-annual-reports,1620598442,18:14:02,20210509
27,2014-03-31,SUNTECK.NS,INR,2014-03-31,2014-03-31,Q1,8906817322,6038855212.0,2867962110.0,0.3219962873737268,0.0,0.0,0.0,0.0,227174035.0,6266029247,86756371.0,3476462.0,2644264537.0,0.2968809667251869,2640788075.0,0.2964906519949843,0.0,2590571628.0,0.29085267322158287,837214610.0,1436670383.0,0.1613000840885552,10.250837338433337,10.250837338433337,140151515,140151515,https://www.nseindia.com/companies-listing/corporate-filings-annual-reports,https://www.nseindia.com/companies-listing/corporate-filings-annual-reports,1620598442,18:14:02,20210509
28,2013-12-31,SUNTECK.NS,INR,2013-12-31,2013-12-31,Q4,156507000,50057000.0,106450000.0,0.6801612707418837,0.0,0.0,0.0,21131000.0,40238000.0,90295000,32322000.0,3589000.0,69801000.0,0.44599283099158504,66212000.0,0.4230609493505083,0.0,55021000.0,0.3515561604273291,29746000.0,25282000.0,0.16153910048751813,0.21,0.21,120390476,120390476,https://www.nseindia.com/companies-listing/corporate-filings-annual-reports,https://www.nseindia.com/companies-listing/corporate-filings-annual-reports,1620598442,18:14:02,20210509
29,2013-09-30,SUNTECK.NS,INR,2013-09-30,2013-09-30,Q3,36316000,8153000.0,28163000.0,0.7754984029078092,0.0,0.0,0.0,27055000.0,39474000.0,47627000,23295000.0,3533000.0,-7778000.0,-0.21417556999669568,-11311000.0,-0.31146051327238683,0.0,-7551000.0,-0.2079248815948893,-1408000.0,-6168000.0,-0.16984249366670337,-0.05,-0.05,123360000,123360000,https://www.nseindia.com/companies-listing/corporate-filings-annual-reports,https://www.nseindia.com/companies-listing/corporate-filings-annual-reports,1620598442,18:14:02,20210509
30,2013-06-30,SUNTECK.NS,INR,2013-06-30,2013-06-30,Q2,155920000,48903000.0,107017000.0,0.6863583889173935,0.0,0.0,0.0,41515000.0,31329000.0,80232000,27384000.0,3470000.0,79158000.0,0.507683427398666,75688000.0,0.48542842483324783,0.0,89819000.0,0.5760582349923038,34613000.0,53878000.0,0.34554899948691636,0.45,0.45,119728889,119728889,https://www.nseindia.com/companies-listing/corporate-filings-annual-reports,https://www.nseindia.com/companies-listing/corporate-filings-annual-reports,1620598442,18:14:02,20210509
31,2013-03-31,SUNTECK.NS,INR,2013-03-31,2013-03-31,Q1,173084809,70723046.0,102361763.0,0.5913965736877579,0.0,0.0,0.0,-91798846.0,69151235.0,139874281,34482157.0,3192328.0,36402856.0,0.21031802970068852,33210528.0,0.1918743082762393,0.0,82468643.0,0.476463783716571,8211092.0,76532818.0,0.4421694684944882,0.5460719992930508,0.5460719992930508,140151515,140151515,https://www.nseindia.com/companies-listing/corporate-filings-annual-reports,https://www.nseindia.com/companies-listing/corporate-filings-annual-reports,1620598442,18:14:02,20210509
32,2012-12-31,SUNTECK.NS,INR,2012-12-31,2012-12-31,Q4,41651000,8507000.0,33144000.0,0.7957552039566878,0.0,0.0,0.0,31685000.0,36067000.0,44574000,28949000.0,3622000.0,699000.0,0.016782310148615878,-2923000.0,-0.07017838707353966,0.0,-187000.0,-0.004489688122734148,15809000.0,-18583000.0,-0.4461597560682817,-0.155,-0.155,119890323,119890323,https://www.nseindia.com/companies-listing/corporate-filings-annual-reports,https://www.nseindia.com/companies-listing/corporate-filings-annual-reports,1620598442,18:14:02,20210509
33,2012-09-30,SUNTECK.NS,INR,2012-09-30,2012-09-30,Q3,49155000,0.0,0.0,0.0,0.0,0.0,0.0,30835000.0,41662000.0,41662000,24586000.0,3595000.0,11088000.0,0.2255721696673787,7493000.0,0.15243617129488354,0.0,13742000.0,0.2795646424575323,20079000.0,-8867000.0,-0.18038856677855764,-0.075,-0.075,118226667,118226667,https://www.nseindia.com/companies-listing/corporate-filings-annual-reports,https://www.nseindia.com/companies-listing/corporate-filings-annual-reports,1620598442,18:14:02,20210509
34,2012-06-30,SUNTECK.NS,INR,2012-06-30,2012-06-30,Q2,38227000,8216000.0,30011000.0,0.785073377455725,0.0,0.0,0.0,30554000.0,27190000.0,35406000,22117000.0,3668000.0,6489000.0,0.16974913019593482,2821000.0,0.07379600805713239,0.0,11258000.0,0.2945038846888325,17794000.0,-8853000.0,-0.23159023726685327,-0.075,-0.075,118040000,118040000,https://www.nseindia.com/companies-listing/corporate-filings-annual-reports,https://www.nseindia.com/companies-listing/corporate-filings-annual-reports,1620598442,18:14:02,20210509
35,2012-03-31,SUNTECK.NS,INR,2012-03-31,2012-03-31,Q1,38833539,4914935.0,33918604.0,0.873435820515869,0.0,0.0,0.0,-95070770.0,21119597.0,26034532,33853450.0,3687752.0,16486759.0,0.4245494854331973,12799007.0,0.3295864175551963,0.0,13344241.0,0.343626703710934,5364744.0,15844497.0,0.40801063740289034,0.1130526273654623,0.1130526273654623,140151515,140151515,https://www.nseindia.com/companies-listing/corporate-filings-annual-reports,https://www.nseindia.com/companies-listing/corporate-filings-annual-reports,1620598442,18:14:02,20210509
36,2011-12-31,SUNTECK.NS,INR,2011-12-31,2011-12-31,Q4,46373000,8498000.0,37875000.0,0.8167468138787657,0.0,0.0,0.0,24482000.0,36595000.0,45093000,2800000.0,3631000.0,4911000.0,0.10590214133224074,1280000.0,0.027602268561447395,0.0,22962000.0,0.4951588208655899,19639000.0,629000.0,0.013563927285273758,0.005,0.005,125800000,125800000,https://www.nseindia.com/companies-listing/corporate-filings-annual-reports,https://www.nseindia.com/companies-listing/corporate-filings-annual-reports,1620598442,18:14:02,20210509
37,2011-09-30,SUNTECK.NS,INR,2011-09-30,2011-09-30,Q3,45697000,0.0,0.0,0.0,0.0,0.0,0.0,34037000.0,34386000.0,34386000,6603000.0,3797000.0,15108000.0,0.33061251285642385,11311000.0,0.2475217191500536,0.0,38745000.0,0.8478674748889424,28486000.0,7919000.0,0.1732936516620347,0.065,0.065,121830769,121830769,https://www.nseindia.com/companies-listing/corporate-filings-annual-reports,https://www.nseindia.com/companies-listing/corporate-filings-annual-reports,1620598442,18:14:02,20210509
