,date,symbol,reportedCurrency,fillingDate,acceptedDate,period,revenue,costOfRevenue,grossProfit,grossProfitRatio,researchAndDevelopmentExpenses,generalAndAdministrativeExpenses,sellingAndMarketingExpenses,otherExpenses,operatingExpenses,costAndExpenses,interestExpense,depreciationAndAmortization,ebitda,ebitdaratio,operatingIncome,operatingIncomeRatio,totalOtherIncomeExpensesNet,incomeBeforeTax,incomeBeforeTaxRatio,incomeTaxExpense,netIncome,netIncomeRatio,eps,epsdiluted,weightedAverageShsOut,weightedAverageShsOutDil,link,finalLink,timestamp,est_time,est_date
0,2021-03-31,0762.HK,CNY,2021-03-31,2021-03-31,Q1,82272000000.0,22840000000.0,59432000000.0,0.7223842862699339,0.0,28010000000.0,7785000000.0,648000000.0,56353000000.0,79193000000.0,186000000.0,0.0,25459000000.0,0.30944914430182807,3079000000.0,0.05730989887203423,1586000000.0,4715000000.0,0.05730989887203423,852000000.0,3863000000.0,0.04695400622325943,0.12625,0.12625,30598124345.0,30598124345.0,https://www1.hkexnews.hk/search/titlesearch.xhtml,https://www1.hkexnews.hk/search/titlesearch.xhtml,1620584902,14:28:22,20210509
1,2020-12-31,0762.HK,CNY,2020-12-31,2020-12-31,Q4,78483000000.0,24541000000.0,53942000000.0,0.6873080794566976,0.0,-14270000000.0,0.0,1698000000.0,54083000000.0,78624000000.0,461000000.0,0.0,23288000000.0,0.2967266796631118,-141000000.0,-0.0017965674095026948,2515000000.0,2246000000.0,0.028617662423709594,546000000.0,1669000000.0,0.021265751818865232,0.054545827096513816,0.054545827096513816,30598124345.0,30598124345.0,https://www1.hkexnews.hk/search/titlesearch.xhtml,https://www1.hkexnews.hk/search/titlesearch.xhtml,1620584902,14:28:22,20210509
2,2020-09-30,0762.HK,CNY,2020-09-30,2020-09-30,Q3,74958000000.0,8507000000.0,66451000000.0,0.8865097788094667,0.0,42084000000.0,21452000000.0,682000000.0,0.0,73269000000.0,464000000.0,0.0,25633000000.0,0.34196483364017183,1689000000.0,0.022532618266229088,2423000000.0,4045000000.0,0.0539635529229702,766000000.0,3255000000.0,0.043424317617866005,0.10637906962202065,0.10637906962202065,30598124345.0,30598124345.0,https://www1.hkexnews.hk/search/titlesearch.xhtml,https://www1.hkexnews.hk/search/titlesearch.xhtml,1620584902,14:28:22,20210509
3,2019-12-31,0762.HK,CNY,2019-12-31,2019-12-31,Q4,73395000000.0,47709000000.0,25686000000.0,0.3499693439607603,0.0,14003000000.0,0.0,286000000.0,0.0,70194000000.0,401000000.0,0.0,22805000000.0,0.3107159888275768,3201000000.0,0.04361332515838954,-1243000000.0,1828000000.0,0.024906328768989714,298000000.0,1488000000.0,0.020273860617208258,0.04863043182720944,0.04863043182720944,30598124345.0,30598124345.0,https://www1.hkexnews.hk/search/titlesearch.xhtml,https://www1.hkexnews.hk/search/titlesearch.xhtml,1620584902,14:28:22,20210509
4,2019-09-30,0762.HK,CNY,2019-09-30,2019-09-30,Q3,72166000000.0,6820000000.0,65346000000.0,0.9054956627774853,0.0,12332000000.0,0.0,414000000.0,0.0,69091000000.0,475000000.0,0.0,24787000000.0,0.34347199512235677,3075000000.0,0.04261009339578195,691000000.0,3599000000.0,0.049871130449242025,648000000.0,2965000000.0,0.041085829892193,0.09690136449440591,0.09690136449440591,30598124345.0,30598124345.0,https://www1.hkexnews.hk/search/titlesearch.xhtml,https://www1.hkexnews.hk/search/titlesearch.xhtml,1620584902,14:28:22,20210509
5,2019-06-30,0762.HK,CNY,2019-06-30,2019-06-30,Q2,71807000000.0,32505000000.0,39302000000.0,0.5473282549055106,0.0,14280000000.0,0.0,347000000.0,0.0,68759000000.0,548000000.0,0.0,25782000000.0,0.359045775481499,3048000000.0,0.042447115183756455,1104000000.0,3936000000.0,0.05481359756012645,728000000.0,3202000000.0,0.04459175289317197,0.1046469373055945,0.1046469373055945,30598124345.0,30598124345.0,https://www1.hkexnews.hk/search/titlesearch.xhtml,https://www1.hkexnews.hk/search/titlesearch.xhtml,1620584902,14:28:22,20210509
6,2019-03-31,0762.HK,CNY,2019-03-31,2019-03-31,Q1,73147000000.0,20074000000.0,53073000000.0,0.7255663253448535,0.0,11585000000.0,0.0,98000000.0,0.0,68629000000.0,592000000.0,0.0,25889000000.0,0.35393112499487334,4518000000.0,0.06176603278329938,585000000.0,4804000000.0,0.06567596757214923,1121000000.0,3675000000.0,0.050241294926654544,0.120105,0.120105,30598124345.0,30598124345.0,https://www1.hkexnews.hk/search/titlesearch.xhtml,https://www1.hkexnews.hk/search/titlesearch.xhtml,1620584902,14:28:22,20210509
7,2018-12-31,0762.HK,CNY,2018-12-31,2018-12-31,Q4,71165000000.0,50382000000.0,20783000000.0,0.2920396262207546,0.0,13986000000.0,0.0,472000000.0,0.0,66705000000.0,116000000.0,0.0,20048000000.0,0.2817115154921661,4460000000.0,0.06267125693810159,-3037000000.0,1576000000.0,0.02214571769830675,147000000.0,1369000000.0,0.019236984472704277,0.044741304550705456,0.044741304550705456,30598124345.0,30598124345.0,https://www1.hkexnews.hk/search/titlesearch.xhtml,https://www1.hkexnews.hk/search/titlesearch.xhtml,1620584902,14:28:22,20210509
8,2018-09-30,0762.HK,CNY,2018-09-30,2018-09-30,Q3,70607000000.0,9454000000.0,61153000000.0,0.8661039273726401,0.0,10858000000.0,0.0,42000000.0,0.0,72891000000.0,394000000.0,0.0,22855000000.0,0.3236931182460663,-2284000000.0,-0.032348067472063674,5858000000.0,3686000000.0,0.05220445564887334,807000000.0,2916000000.0,0.04129902134349286,0.09529995914525721,0.09529995914525721,30598124345.0,30598124345.0,https://www1.hkexnews.hk/search/titlesearch.xhtml,https://www1.hkexnews.hk/search/titlesearch.xhtml,1620584902,14:28:22,20210509
9,2018-06-30,0762.HK,CNY,2018-06-30,2018-06-30,Q2,74170000000.0,37315000000.0,36855000000.0,0.4968990157745719,0.0,13220000000.0,0.0,-58000000.0,0.0,66954000000.0,383000000.0,0.0,22800000000.0,0.3074019145206957,7216000000.0,0.09729000943777807,-3389000000.0,3788000000.0,0.051071861938789265,864000000.0,2887000000.0,0.038924093299177565,0.09435218863249574,0.09435218863249574,30598124345.0,30598124345.0,https://www1.hkexnews.hk/search/titlesearch.xhtml,https://www1.hkexnews.hk/search/titlesearch.xhtml,1620584902,14:28:22,20210509
10,2018-03-31,0762.HK,CNY,2018-03-31,2018-03-31,Q1,74935000000.0,24618000000.0,50317000000.0,0.6714752785747647,0.0,11920000000.0,0.0,124000000.0,0.0,71043000000.0,674000000.0,0.0,24722000000.0,0.3299125909121238,3892000000.0,0.05193834656702476,358000000.0,4031000000.0,0.05379328751584707,1006000000.0,3025000000.0,0.04036831920998198,0.098862,0.098862,30598124345.0,30598124345.0,https://www1.hkexnews.hk/search/titlesearch.xhtml,https://www1.hkexnews.hk/search/titlesearch.xhtml,1620584902,14:28:22,20210509
11,2017-12-31,0762.HK,CNY,2017-12-31,2017-12-31,Q4,69051000000.0,51849000000.0,17202000000.0,0.24912021549289656,0.0,13001000000.0,0.0,524000000.0,0.0,65051000000.0,496000000.0,0.0,17034000000.0,0.24668723117695615,4000000000.0,0.05792819799858076,-6668000000.0,-2947000000.0,-0.04267859987545437,-727000000.0,-2242000000.0,-0.03246875497820451,-0.07327246515900777,-0.07327246515900777,30598124345.0,30598124345.0,https://www1.hkexnews.hk/search/titlesearch.xhtml,https://www1.hkexnews.hk/search/titlesearch.xhtml,1620584902,14:28:22,20210509
12,2017-09-30,0762.HK,CNY,2017-09-30,2017-09-30,Q3,67618000000.0,6472000000.0,61146000000.0,0.9042858410482416,0.0,10630000000.0,0.0,238000000.0,0.0,68483000000.0,1945000000.0,0.0,23201000000.0,0.34311869620515245,-865000000.0,-0.01279245171404064,4300000000.0,2123000000.0,0.031396965305096274,476000000.0,1655000000.0,0.024475731314147122,0.05408828271104276,0.05408828271104276,30598124345.0,30598124345.0,https://www1.hkexnews.hk/search/titlesearch.xhtml,https://www1.hkexnews.hk/search/titlesearch.xhtml,1620584902,14:28:22,20210509
13,2017-06-30,0762.HK,CNY,2017-06-30,2017-06-30,Q2,69155000000.0,37444000000.0,31711000000.0,0.45854963487817224,0.0,11001000000.0,0.0,149000000.0,0.0,62864000000.0,1259000000.0,0.0,23350000000.0,0.3376473140047719,6291000000.0,0.09096956113079314,-3036000000.0,2241000000.0,0.03240546598221387,683000000.0,1553000000.0,0.02245679994215892,0.06485132758424042,0.06485132758424042,23947081083.0,23947081083.0,https://www1.hkexnews.hk/search/titlesearch.xhtml,https://www1.hkexnews.hk/search/titlesearch.xhtml,1620584902,14:28:22,20210509
14,2017-03-31,0762.HK,CNY,2017-03-31,2017-03-31,Q1,69005000000.0,24207000000.0,44798000000.0,0.649199333381639,0.0,9832000000.0,0.0,163000000.0,0.0,67054000000.0,1537000000.0,0.0,21737000000.0,0.31500615897398737,1951000000.0,0.028273313528005217,476000000.0,1176000000.0,0.017042243315701762,311000000.0,862000000.0,0.012491848416781392,0.035996,0.035996,23947081083.0,23947081083.0,https://www1.hkexnews.hk/search/titlesearch.xhtml,https://www1.hkexnews.hk/search/titlesearch.xhtml,1620584902,14:28:22,20210509
15,2016-12-31,0762.HK,CNY,2016-12-31,2016-12-31,Q4,67058000000.0,57804000000.0,9254000000.0,0.13799994035014465,0.0,11123000000.0,0.0,456000000.0,0.0,64169000000.0,1126000000.0,0.0,19199000000.0,0.2863043932118465,2889000000.0,0.043082108025888036,-3141000000.0,-1315000000.0,-0.01960988994601688,-356000000.0,-964000000.0,-0.014375615139133288,-0.04025542806903269,-0.04025542806903269,23947081083.0,23947081083.0,https://www1.hkexnews.hk/search/titlesearch.xhtml,https://www1.hkexnews.hk/search/titlesearch.xhtml,1620584902,14:28:22,20210509
16,2016-09-30,0762.HK,CNY,2016-09-30,2016-09-30,Q3,66884000000.0,23031000000.0,43853000000.0,0.655657556366246,0.0,9554000000.0,0.0,202000000.0,0.0,65921000000.0,1314000000.0,0.0,21091000000.0,0.3153370013755158,963000000.0,0.014398062316847078,339000000.0,275000000.0,0.004111596196399737,115000000.0,160000000.0,0.002392201423359847,0.006681398849631982,0.006681398849631982,23947081083.0,23947081083.0,https://www1.hkexnews.hk/search/titlesearch.xhtml,https://www1.hkexnews.hk/search/titlesearch.xhtml,1620584902,14:28:22,20210509
17,2016-06-30,0762.HK,CNY,2016-06-30,2016-06-30,Q2,69915000000.0,25152000000.0,44763000000.0,0.6402488736322678,0.0,9194000000.0,0.0,384000000.0,0.0,67746000000.0,1137000000.0,0.0,21443000000.0,0.30670099406422086,2169000000.0,0.03102338553958378,-77000000.0,1163000000.0,0.01663448473145963,214000000.0,949000000.0,0.013573625116212544,0.03962904692687969,0.03962904692687969,23947081083.0,23947081083.0,https://www1.hkexnews.hk/search/titlesearch.xhtml,https://www1.hkexnews.hk/search/titlesearch.xhtml,1620584902,14:28:22,20210509
18,2016-03-31,0762.HK,CNY,2016-03-31,2016-03-31,Q1,70340000000.0,27055000000.0,43285000000.0,0.6153682115439295,0.0,9077000000.0,0.0,192000000.0,0.0,69140000000.0,1331000000.0,0.0,20764000000.0,0.29519476826841057,1200000000.0,0.017059994313335228,559000000.0,661000000.0,0.009397213534262155,181000000.0,480000000.0,0.0068239977253340914,0.020044,0.020044,23947081083.0,23947081083.0,https://www1.hkexnews.hk/search/titlesearch.xhtml,https://www1.hkexnews.hk/search/titlesearch.xhtml,1620584902,14:28:22,20210509
19,2015-12-31,0762.HK,CNY,2015-12-31,2015-12-31,Q4,65136000000.0,55798000000.0,9338000000.0,0.14336158192090395,0.0,10652000000.0,0.0,9432000000.0,0.0,64588000000.0,-1252000000.0,0.0,20949000000.0,0.3216193809874724,548000000.0,0.008413166298206829,1772000000.0,3476000000.0,0.05336526651928273,1095000000.0,2381000000.0,0.036554286416113975,0.09942756663108593,0.09942756663108593,23947081083.0,23947081083.0,https://www1.hkexnews.hk/search/titlesearch.xhtml,https://www1.hkexnews.hk/search/titlesearch.xhtml,1620584902,14:28:22,20210509
20,2015-09-30,0762.HK,CNY,2015-09-30,2015-09-30,Q3,67228000000.0,21896000000.0,45332000000.0,0.6743023740108288,0.0,8729000000.0,0.0,198000000.0,0.0,62913000000.0,2555000000.0,0.0,23652000000.0,0.3518176950080324,4315000000.0,0.06418456595466175,-210000000.0,1627000000.0,0.024201225679776284,436000000.0,1191000000.0,0.017715832688760636,0.04973466268694807,0.04973466268694807,23947081083.0,23947081083.0,https://www1.hkexnews.hk/search/titlesearch.xhtml,https://www1.hkexnews.hk/search/titlesearch.xhtml,1620584902,14:28:22,20210509
21,2015-06-30,0762.HK,CNY,2015-06-30,2015-06-30,Q2,70382000000.0,23546000000.0,46836000000.0,0.6654542354579296,0.0,9100000000.0,0.0,401000000.0,0.0,64447000000.0,1596000000.0,0.0,25329000000.0,0.35987894632150264,5935000000.0,0.0843255377795459,122000000.0,4551000000.0,0.06466141911284135,725000000.0,3826000000.0,0.05436048989798528,0.15976949095920157,0.15976949095920157,23947000000.0,23947000000.0,https://www1.hkexnews.hk/search/titlesearch.xhtml,https://www1.hkexnews.hk/search/titlesearch.xhtml,1620584902,14:28:22,20210509
22,2015-03-31,0762.HK,CNY,2015-03-31,2015-03-31,Q1,74303000000.0,27246000000.0,47057000000.0,0.6333122484960231,0.0,8825000000.0,0.0,140000000.0,0.0,68317000000.0,1634000000.0,0.0,25376000000.0,0.34152053079956396,5986000000.0,0.08056202306770925,-41000000.0,4381000000.0,0.05896128016365423,1217000000.0,3164000000.0,0.042582399095595067,0.13212510961707102,0.127093793934525,23947000000.0,24895000000.0,https://www1.hkexnews.hk/search/titlesearch.xhtml,https://www1.hkexnews.hk/search/titlesearch.xhtml,1620584902,14:28:22,20210509
23,2014-12-31,0762.HK,CNY,2014-12-31,2014-12-31,Q4,69342000000.0,58985000000.0,10357000000.0,0.14936113755011393,0.0,11172000000.0,0.0,194000000.0,0.0,66240000000.0,557000000.0,0.0,21150000000.0,0.305009950679242,3102000000.0,0.044734792766288826,-472000000.0,1864000000.0,0.026881255227711922,372000000.0,1492000000.0,0.021516541201580572,0.06230425523030025,0.06230425523030025,23947000000.0,23947000000.0,https://www1.hkexnews.hk/search/titlesearch.xhtml,https://www1.hkexnews.hk/search/titlesearch.xhtml,1620584902,14:28:22,20210509
24,2014-09-30,0762.HK,CNY,2014-09-30,2014-09-30,Q3,65770000000.0,19855000000.0,45915000000.0,0.6981146419340125,0.0,8864000000.0,0.0,172000000.0,0.0,59712000000.0,1075000000.0,0.0,24562000000.0,0.373452942070853,6058000000.0,0.09210886422381025,172000000.0,5230000000.0,0.07951953778318382,1356000000.0,3874000000.0,0.058902235061578226,0.16177391740092706,0.16177391740092706,23947000000.0,23947000000.0,https://www1.hkexnews.hk/search/titlesearch.xhtml,https://www1.hkexnews.hk/search/titlesearch.xhtml,1620584902,14:28:22,20210509
25,2014-06-30,0762.HK,CNY,2014-06-30,2014-06-30,Q2,73098000000.0,24033000000.0,49065000000.0,0.6712221948616925,0.0,8708000000.0,0.0,443000000.0,0.0,68073000000.0,1081000000.0,0.0,24192000000.0,0.33095296724944595,5025000000.0,0.06874333087088566,443000000.0,4445000000.0,0.060808777257927715,1058000000.0,3387000000.0,0.046335057046704424,0.1424066599394551,0.1424066599394551,23784000000.0,23784000000.0,https://www1.hkexnews.hk/search/titlesearch.xhtml,https://www1.hkexnews.hk/search/titlesearch.xhtml,1620584902,14:28:22,20210509
26,2014-03-31,0762.HK,CNY,2014-03-31,2014-03-31,Q1,76471000000.0,27249000000.0,49222000000.0,0.6436688417831596,0.0,8261000000.0,0.0,161000000.0,0.0,70689000000.0,1628000000.0,0.0,24236000000.0,0.31693060114291693,5782000000.0,0.07561036209805024,161000000.0,4392000000.0,0.05743353689633979,1090000000.0,3302000000.0,0.04317976749355965,0.13883282879246553,0.13329027570338675,23784000000.0,24773000000.0,https://www1.hkexnews.hk/search/titlesearch.xhtml,https://www1.hkexnews.hk/search/titlesearch.xhtml,1620584902,14:28:22,20210509
27,2013-12-31,0762.HK,CNY,2013-12-31,2013-12-31,Q4,74868000000.0,63537000000.0,11331000000.0,0.1513463696105145,0.0,11693000000.0,0.0,163000000.0,0.0,72018000000.0,1607000000.0,0.0,21303000000.0,0.2845407917935567,2850000000.0,0.038066997916332744,1681000000.0,2558000000.0,0.03416680023508041,524000000.0,2034000000.0,0.027167815355024844,0.0855196770938446,0.0855196770938446,23784000000.0,23784000000.0,https://www1.hkexnews.hk/search/titlesearch.xhtml,https://www1.hkexnews.hk/search/titlesearch.xhtml,1620584902,14:28:22,20210509
28,2013-09-30,0762.HK,CNY,2013-09-30,2013-09-30,Q3,75863000000.0,30177000000.0,45686000000.0,0.602217154607648,0.0,7970000000.0,0.0,316000000.0,0.0,71217000000.0,953000000.0,0.0,22169000000.0,0.29222414088554366,4646000000.0,0.06124197566666227,316000000.0,4064000000.0,0.05357025163782081,1007000000.0,3057000000.0,0.0402963236360281,0.12853178607467206,0.12853178607467206,23784000000.0,23784000000.0,https://www1.hkexnews.hk/search/titlesearch.xhtml,https://www1.hkexnews.hk/search/titlesearch.xhtml,1620584902,14:28:22,20210509
29,2013-06-30,0762.HK,CNY,2013-06-30,2013-06-30,Q2,73707000000.0,29227000000.0,44480000000.0,0.6034704980531022,0.0,7528000000.0,0.0,109000000.0,0.0,68802000000.0,506000000.0,0.0,22119000000.0,0.30009361390369976,4905000000.0,0.0665472750213684,109000000.0,4564000000.0,0.06192084876606021,1146000000.0,3418000000.0,0.04637280041244386,0.1450456185020157,0.1450456185020157,23565000000.0,23565000000.0,https://www1.hkexnews.hk/search/titlesearch.xhtml,https://www1.hkexnews.hk/search/titlesearch.xhtml,1620584902,14:28:22,20210509
30,2013-03-31,0762.HK,CNY,2013-03-31,2013-03-31,Q1,70600000000.0,28496000000.0,42104000000.0,0.5963739376770538,0.0,7406000000.0,0.0,106000000.0,0.0,67234000000.0,969000000.0,0.0,20354000000.0,0.288300283286119,3366000000.0,0.0476770538243626,106000000.0,2528000000.0,0.035807365439093485,629000000.0,1899000000.0,0.026898016997167137,0.08058561425843412,0.07701666869448838,23565000000.0,24657000000.0,https://www1.hkexnews.hk/search/titlesearch.xhtml,https://www1.hkexnews.hk/search/titlesearch.xhtml,1620584902,14:28:22,20210509
31,2012-12-31,0762.HK,CNY,2012-12-31,2012-12-31,Q4,63734000000.0,64998000000.0,-1264000000.0,-0.01983242853108231,0.0,-2610000000.0,0.0,0.0,0.0,61412000000.0,141000000.0,0.0,17957000000.0,0.28174914488342173,2322000000.0,0.03643267329839646,480000000.0,2260000000.0,0.035459880126776915,617000000.0,1643000000.0,0.02577901904791791,0.06972204540632293,0.06972204540632293,23565000000.0,23565000000.0,https://www1.hkexnews.hk/search/titlesearch.xhtml,https://www1.hkexnews.hk/search/titlesearch.xhtml,1620584902,14:28:22,20210509
32,2012-09-30,0762.HK,CNY,2012-09-30,2012-09-30,Q3,63502000000.0,19247000000.0,44255000000.0,0.6969071840257,0.0,12119000000.0,0.0,0.0,0.0,60089000000.0,941000000.0,0.0,18802000000.0,0.2960851626720418,3413000000.0,0.053746338697993765,164000000.0,2696000000.0,0.04245535573682719,673000000.0,2023000000.0,0.03185726433813108,0.08584765542117548,0.08584765542117548,23565000000.0,23565000000.0,https://www1.hkexnews.hk/search/titlesearch.xhtml,https://www1.hkexnews.hk/search/titlesearch.xhtml,1620584902,14:28:22,20210509
33,2012-06-30,0762.HK,CNY,2012-06-30,2012-06-30,Q2,60497000000.0,17608000000.0,42889000000.0,0.708944245169182,0.0,11668000000.0,0.0,0.0,0.0,56785000000.0,1091000000.0,0.0,18970000000.0,0.3135692678975817,3712000000.0,0.061358414466833065,546000000.0,3237000000.0,0.05350678546043605,814000000.0,2423000000.0,0.04005157280526307,0.1028219817525992,0.1028219817525992,23565000000.0,23565000000.0,https://www1.hkexnews.hk/search/titlesearch.xhtml,https://www1.hkexnews.hk/search/titlesearch.xhtml,1620584902,14:28:22,20210509
34,2012-03-31,0762.HK,CNY,2012-03-31,2012-03-31,Q1,61193000000.0,20989000000.0,40204000000.0,0.6570032520059484,0.0,11223000000.0,0.0,0.0,0.0,59038000000.0,956000000.0,0.0,17190000000.0,0.28091448368277416,2155000000.0,0.03521644632556011,78000000.0,1328000000.0,0.02170182864053078,321000000.0,1007000000.0,0.016456130603173566,0.04273286653935922,0.04234650967199327,23565000000.0,23780000000.0,https://www1.hkexnews.hk/search/titlesearch.xhtml,https://www1.hkexnews.hk/search/titlesearch.xhtml,1620584902,14:28:22,20210509
35,2011-12-31,0762.HK,CNY,2011-12-31,2011-12-31,Q4,53234000000.0,37665000000.0,15569000000.0,0.2924634632002104,0.0,11578000000.0,0.0,0.0,0.0,9905000000.0,468000000.0,0.0,58459000000.0,1.0981515572754255,43329000000.0,0.8139347033850547,-42975000000.0,-64000000.0,-0.0012022391704549723,-28000000.0,-36000000.0,-0.0006762595333809219,-0.001527689369828135,-0.001527689369828135,23565000000.0,23565000000.0,https://www1.hkexnews.hk/search/titlesearch.xhtml,https://www1.hkexnews.hk/search/titlesearch.xhtml,1620584902,14:28:22,20210509
36,2011-09-30,0762.HK,CNY,2011-09-30,2011-09-30,Q3,54533000000.0,7489000000.0,47044000000.0,0.8626703097207196,0.0,11120000000.0,0.0,0.0,0.0,52566000000.0,113000000.0,0.0,16617000000.0,0.30471457649496636,1967000000.0,0.03606990262776667,239000000.0,2153000000.0,0.03948068142225808,542000000.0,1611000000.0,0.02954174536519172,0.0,0.0,0.0,0.0,https://www1.hkexnews.hk/search/titlesearch.xhtml,https://www1.hkexnews.hk/search/titlesearch.xhtml,1620584902,14:28:22,20210509
37,2011-06-30,0762.HK,CNY,2011-06-30,2011-06-30,Q2,52374000000.0,7199000000.0,45175000000.0,0.8625463016000305,0.0,10346000000.0,0.0,0.0,0.0,49337000000.0,357000000.0,0.0,17392000000.0,0.33207316607476994,3037000000.0,0.057986787337228396,535000000.0,3276000000.0,0.06255012028869286,790000000.0,2486000000.0,0.04746630007255508,0.0,0.0,0.0,0.0,https://www1.hkexnews.hk/search/titlesearch.xhtml,https://www1.hkexnews.hk/search/titlesearch.xhtml,1620584902,14:28:22,20210509
38,2011-03-31,0762.HK,CNY,2011-03-31,2011-03-31,Q1,49026000000.0,6835000000.0,42191000000.0,0.8605841798229511,0.0,9937000000.0,0.0,0.0,0.0,48382000000.0,536000000.0,0.0,14760000000.0,0.301064741157753,644000000.0,0.013135887080324725,66000000.0,233000000.0,0.004752580263533635,67000000.0,166000000.0,0.0033859584710153796,0.0070452423393599865,0.006988885146513977,23562000000.0,23752000000.0,https://www1.hkexnews.hk/search/titlesearch.xhtml,https://www1.hkexnews.hk/search/titlesearch.xhtml,1620584902,14:28:22,20210509
39,2010-12-31,0762.HK,CNY,2010-12-31,2010-12-31,Q4,46189000000.0,32351000000.0,13838000000.0,0.29959514170040485,0.0,9458000000.0,0.0,0.0,0.0,46021000000.0,442000000.0,0.0,14138000000.0,0.3060901946350863,168000000.0,0.003637229643421594,717000000.0,523000000.0,0.011323042282794606,-60000000.0,583000000.0,0.012622052869730888,0.0,0.0,0.0,0.0,https://www1.hkexnews.hk/search/titlesearch.xhtml,https://www1.hkexnews.hk/search/titlesearch.xhtml,1620584902,14:28:22,20210509
40,2010-09-30,0762.HK,CNY,2010-09-30,2010-09-30,Q3,42996000000.0,104000000.0,42892000000.0,0.9975811703414271,0.0,15774000000.0,0.0,0.0,0.0,41690000000.0,443000000.0,0.0,15230000000.0,0.3542189971160108,1306000000.0,0.030374918597078797,96000000.0,981000000.0,0.022816075914038517,239000000.0,742000000.0,0.017257419294818124,0.0,0.0,0.0,0.0,https://www1.hkexnews.hk/search/titlesearch.xhtml,https://www1.hkexnews.hk/search/titlesearch.xhtml,1620584902,14:28:22,20210509
41,2010-06-30,0762.HK,CNY,2010-06-30,2010-06-30,Q2,41698000000.0,9930000000.0,31768000000.0,0.7618590819703583,0.0,5805000000.0,0.0,0.0,0.0,39895000000.0,400000000.0,0.0,15298000000.0,0.36687610916590724,1803000000.0,0.04323948390810111,364000000.0,1789000000.0,0.042903736390234544,392000000.0,1397000000.0,0.03350280588997074,0.0,0.0,0.0,0.0,https://www1.hkexnews.hk/search/titlesearch.xhtml,https://www1.hkexnews.hk/search/titlesearch.xhtml,1620584902,14:28:22,20210509
42,2010-03-31,0762.HK,CNY,2010-03-31,2010-03-31,Q1,40415000000.0,9308000000.0,31107000000.0,0.769689471730793,0.0,5767000000.0,0.0,0.0,0.0,38533000000.0,464000000.0,0.0,15068000000.0,0.37283186935543733,1882000000.0,0.04656686873685513,44000000.0,1480000000.0,0.03662006680687863,351000000.0,1129000000.0,0.027935172584436473,0.04791613615143027,0.047689448339951,23562000000.0,23674000000.0,https://www1.hkexnews.hk/search/titlesearch.xhtml,https://www1.hkexnews.hk/search/titlesearch.xhtml,1620584902,14:28:22,20210509
43,2009-12-31,0762.HK,CNY,2009-12-31,2009-12-31,Q4,39017000000.0,-1419000000.0,40436000000.0,1.0363687623343671,0.0,32432000000.0,0.0,0.0,0.0,39439000000.0,447000000.0,0.0,12018000000.0,0.3080195812081913,-422000000.0,-0.01081579824179204,871000000.0,28000000.0,0.0007176359022989979,-190000000.0,218000000.0,0.005587308096470769,0.0,0.0,0.0,0.0,https://www1.hkexnews.hk/search/titlesearch.xhtml,https://www1.hkexnews.hk/search/titlesearch.xhtml,1620584902,14:28:22,20210509
44,2009-09-30,0762.HK,CNY,2009-09-30,2009-09-30,Q3,38609000000.0,10329000000.0,28280000000.0,0.7324717034888238,0.0,5474000000.0,0.0,0.0,0.0,36684000000.0,226000000.0,0.0,13754000000.0,0.3562381828071175,1925000000.0,0.04985884120282836,1906000000.0,3619000000.0,0.09373462146131731,897000000.0,2722000000.0,0.07050169649563573,0.0,0.0,0.0,0.0,https://www1.hkexnews.hk/search/titlesearch.xhtml,https://www1.hkexnews.hk/search/titlesearch.xhtml,1620584902,14:28:22,20210509
45,2009-06-30,0762.HK,CNY,2009-06-30,2009-06-30,Q2,38402000000.0,7944000000.0,30458000000.0,0.7931357741784282,0.0,5343000000.0,0.0,0.0,0.0,33578000000.0,184000000.0,0.0,16554000000.0,0.43107129836987657,4824000000.0,0.12561845737201188,-646000000.0,4019000000.0,0.10465600749960939,969000000.0,3050000000.0,0.07942294672152492,0.12832379670144733,0.12832379670144733,23768000000.0,23768000000.0,https://www1.hkexnews.hk/search/titlesearch.xhtml,https://www1.hkexnews.hk/search/titlesearch.xhtml,1620584902,14:28:22,20210509
46,2009-03-31,0762.HK,CNY,2009-03-31,2009-03-31,Q1,37917000000.0,8402000000.0,29515000000.0,0.7784107392462484,0.0,5203000000.0,0.0,0.0,0.0,33223000000.0,179000000.0,0.0,16373000000.0,0.4318115884695519,4694000000.0,0.12379671387504286,70000000.0,4611000000.0,0.12160772212991534,1045000000.0,3566000000.0,0.09404752485692433,0.15003365870077415,0.14972498635428474,23768000000.0,23817000000.0,https://www1.hkexnews.hk/search/titlesearch.xhtml,https://www1.hkexnews.hk/search/titlesearch.xhtml,1620584902,14:28:22,20210509
47,2008-12-31,0762.HK,CNY,2008-12-31,2008-12-31,Q4,96427463000.0,8701150000.0,87726313000.0,0.909764814615106,0.0,28085553000.0,4577714000.0,0.0,0.0,78645139000.0,0.0,0.0,49741151000.0,0.5158400880048042,17782324000.0,0.18441140570088418,-14563105000.0,925410000.0,0.009596954759662192,-104430000.0,26921569000.0,0.27918985071711366,1.9719717256830758,1.9719717256830758,13652107000.0,13652107000.0,https://www1.hkexnews.hk/search/titlesearch.xhtml,https://www1.hkexnews.hk/search/titlesearch.xhtml,1620584902,14:28:22,20210509
48,2008-09-30,0762.HK,CNY,2008-09-30,2008-09-30,Q3,17360430270.45,2722709503.22,14637720767.23,0.8431657821376437,0.0,0.0,0.0,0.0,0.0,15364491319.3,0.0,0.0,7138401557.52,0.41118805503747263,1995938951.15,0.11497059232151527,40498492.45,2086971161.71,0.12021425328739295,540436713.19,2573269315.68,0.14822612548146816,0.1884888036462064,0.1884888036462064,13652107000.0,13652107000.0,https://www1.hkexnews.hk/search/titlesearch.xhtml,https://www1.hkexnews.hk/search/titlesearch.xhtml,1620584902,14:28:22,20210509
49,2008-06-30,0762.HK,CNY,2008-06-30,2008-06-30,Q2,17559056792.46,2576570248.39,14982486544.07,0.8532626052273833,0.0,0.0,0.0,0.0,0.0,15106184840.35,0.0,0.0,7860723721.24,0.4476734607188843,2452871952.11,0.13969269426608855,75806681.46,2564312846.83,0.1460393275754502,682500071.09,2208587697.53,0.12578054297759236,0.185849,0.184341,13652107000.0,13787149000.0,https://www1.hkexnews.hk/search/titlesearch.xhtml,https://www1.hkexnews.hk/search/titlesearch.xhtml,1620584902,14:28:22,20210509
50,2008-03-31,0762.HK,CNY,2008-03-31,2008-03-31,Q1,25474297900.08,6384184461.04,19090113439.04,0.7493872260550132,0.0,0.0,0.0,0.0,0.0,22783334788.32,0.0,0.0,8360247734.56,0.328183636987842,2690963111.76,0.10563443680822894,68983408.96,2790167088.96,0.1095287139965195,768804523.2,2021046964.56,0.07933670919949683,0.147912,0.14693,13645328000.0,13788198000.0,https://www1.hkexnews.hk/search/titlesearch.xhtml,https://www1.hkexnews.hk/search/titlesearch.xhtml,1620584902,14:28:22,20210509
51,2007-12-31,0762.HK,CNY,2007-12-31,2007-12-31,Q4,25672672301.16,6199689591.2,19472982709.96,0.7585101574751191,0.0,0.0,0.0,0.0,0.0,23637523837.56,0.0,0.0,5007268486.64,0.19504274537145674,2035148463.6,0.0792729498404435,2936265790.84,5022062557.0,0.19561900288709258,812717937.36,4209327708.88,0.16396141622895272,0.3279049803073685,0.3279049803073685,12837035000.0,12837035000.0,https://www1.hkexnews.hk/search/titlesearch.xhtml,https://www1.hkexnews.hk/search/titlesearch.xhtml,1620584902,14:28:22,20210509
52,2007-09-30,0762.HK,CNY,2007-09-30,2007-09-30,Q3,24910332400.0,6348130024.0,18562202376.0,0.7451607661405594,0.0,0.0,0.0,0.0,0.0,22105074336.0,0.0,0.0,7290489664.0,0.2926693047259377,2805258064.0,0.11261423649248455,1109040696.0,3947033792.0,0.15844966372267277,969854968.0,2976819016.0,0.11950137670583633,0.229677,0.228628,12837035000.0,12952238000.0,https://www1.hkexnews.hk/search/titlesearch.xhtml,https://www1.hkexnews.hk/search/titlesearch.xhtml,1620584902,14:28:22,20210509
53,2007-06-30,0762.HK,CNY,2007-06-30,2007-06-30,Q2,25276429102.5,6523582498.5,18752846604.0,0.7419104386918809,0.0,0.0,0.0,0.0,0.0,22427283600.0,0.0,0.0,10200908824.5,0.40357396937414175,2849145502.5,0.11271946250580947,-1778572702.5,1191346794.0,0.047132717567378545,1021332534.0,169428790.5,0.0067030350613585055,0.013350756537764717,0.013240250845270588,12690576000.0,12796494000.0,https://www1.hkexnews.hk/search/titlesearch.xhtml,https://www1.hkexnews.hk/search/titlesearch.xhtml,1620584902,14:28:22,20210509
54,2007-03-31,0762.HK,CNY,2007-03-31,2007-03-31,Q1,23815726375.2,6036785428.8,17778940946.4,0.7465210452247101,0.0,0.0,0.0,0.0,0.0,21163778270.4,0.0,0.0,8123987896.8,0.34111862761657114,2651948104.8,0.11135281213012045,160206600.0,2812563907.2,0.1180969189387733,855240736.8,1957222800.0,0.08218194856479843,0.154725,0.131794,12685184000.0,13718072000.0,https://www1.hkexnews.hk/search/titlesearch.xhtml,https://www1.hkexnews.hk/search/titlesearch.xhtml,1620584902,14:28:22,20210509
55,2006-12-31,0762.HK,CNY,2006-12-31,2006-12-31,Q4,23980671085.0,6119858945.0,17860812140.0,0.7448003467747825,0.0,0.0,0.0,0.0,0.0,21554869270.0,37477592.5,0.0,8056634992.5,0.33596370026272765,2425801815.0,0.10115654421853724,-2155632505.0,306741302.5,0.01279118926291716,769063005.0,-460220867.5,-0.01919132562507268,-0.03657206893959477,-0.03657206893959477,12583944000.0,12583944000.0,https://www1.hkexnews.hk/search/titlesearch.xhtml,https://www1.hkexnews.hk/search/titlesearch.xhtml,1620584902,14:28:22,20210509
56,2006-09-30,0762.HK,CNY,2006-09-30,2006-09-30,Q3,23510901781.3,5783358633.3,17727543148.0,0.7540137470226709,0.0,0.0,0.0,0.0,0.0,21106631974.7,0.0,0.0,8579500363.2,0.3649158353434119,2404269806.6,0.10226191359926048,-404886673.7,2122367785.8,0.09027164527938608,729212990.1,1392499319.8,0.05922781409037913,0.11065682744614884,0.11026921855235172,12583944000.0,12628178000.0,https://www1.hkexnews.hk/search/titlesearch.xhtml,https://www1.hkexnews.hk/search/titlesearch.xhtml,1620584902,14:28:22,20210509
57,2006-06-30,0762.HK,CNY,2006-06-30,2006-06-30,Q2,23879328786.06,6023811545.84,17855517240.22,0.7477394946981712,0.0,0.0,0.0,0.0,0.0,21666753135.72,0.0,0.0,7826707821.24,0.3277607964344871,2212575650.34,0.09265652607587664,-687609.56,2035556165.94,0.08524344147932221,623262097.92,1412054204.22,0.05913291017812497,0.113056,0.112016,12579578000.0,12620661000.0,https://www1.hkexnews.hk/search/titlesearch.xhtml,https://www1.hkexnews.hk/search/titlesearch.xhtml,1620584902,14:28:22,20210509
58,2006-03-31,0762.HK,CNY,2006-03-31,2006-03-31,Q1,22900229000.0,1001620000.0,21898609000.0,0.9562615727554515,0.0,6933145000.0,5107605000.0,0.0,0.0,18486721000.0,217933000.0,0.0,9880088000.0,0.4314405764239301,4413508000.0,0.19272767971010246,-2187089000.0,2030715000.0,0.08867662415078906,641730000.0,1387668000.0,0.06059624993269718,0.11,0.11,12576865470.0,12576865470.0,https://www1.hkexnews.hk/search/titlesearch.xhtml,https://www1.hkexnews.hk/search/titlesearch.xhtml,1620584902,14:28:22,20210509
59,2005-12-31,0762.HK,CNY,2005-12-31,2005-12-31,Q4,21795695906.66,5125761582.27,16669934324.39,0.7648268903997808,0.0,0.0,0.0,0.0,0.0,20008053054.53,264767813.89,0.0,7067916322.73,0.32428036952792555,1787642852.13,0.08201815898815872,18070308.85,1577114625.32,0.07235899381575098,440871653.94,1136000747.89,0.052120416469146925,0.09037926449455487,0.09037926449455487,12569263030.0,12569263030.0,https://www1.hkexnews.hk/search/titlesearch.xhtml,https://www1.hkexnews.hk/search/titlesearch.xhtml,1620584902,14:28:22,20210509
60,2005-09-30,0762.HK,CNY,2005-09-30,2005-09-30,Q3,23017260955.5,5480850482.82,17536410472.68,0.7618808557014537,0.0,0.0,0.0,0.0,0.0,20668358558.25,0.0,0.0,7671255071.94,0.3332827084322101,2348902397.25,0.10204960537186451,8051530.05,2213005517.19,0.09614547627836664,692601516.09,1520412093.09,0.06605530067324086,0.121218,0.121137,12569263030.0,12569263030.0,https://www1.hkexnews.hk/search/titlesearch.xhtml,https://www1.hkexnews.hk/search/titlesearch.xhtml,1620584902,14:28:22,20210509
61,2005-06-30,0762.HK,CNY,2005-06-30,2005-06-30,Q2,21621973163.95,5164563943.85,16457409220.1,0.76114280113617,0.0,0.0,0.0,0.0,0.0,19583801574.3,342798191.5,0.0,7019672524.4,0.32465457574907164,2038171589.65,0.09426390340027864,4511591.75,1695365120.0,0.07840936195530283,530844646.9,1164520473.1,0.05385819620947397,0.092467,0.09197,12567704710.0,12567704710.0,https://www1.hkexnews.hk/search/titlesearch.xhtml,https://www1.hkexnews.hk/search/titlesearch.xhtml,1620584902,14:28:22,20210509
62,2005-03-31,0762.HK,CNY,2005-03-31,2005-03-31,Q1,20855060513.5,5256045779.5,15599014734.0,0.7479726430859488,0.0,0.0,0.0,0.0,0.0,18998983389.4,0.0,6466377534.7,8322454658.799999,0.3990616403828062,1856077124.1,0.08899888460637718,2615895.4,1533113380.0,0.07351277542482207,470198920.0,1062914460.0,0.050966740629304286,0.085017,0.084023,12566069460.0,12598013460.0,https://www1.hkexnews.hk/search/titlesearch.xhtml,https://www1.hkexnews.hk/search/titlesearch.xhtml,1620584902,14:28:22,20210509
63,2004-12-31,0762.HK,CNY,2004-12-31,2004-12-31,Q4,20124315100.4,5318752765.75,14805562334.65,0.735705153729963,0.0,0.0,0.0,0.0,0.0,19249140804.25,0.0,6908902599.25,7784076895.4,0.386799593256482,875174296.15,0.043488401557209,56730161.95,670720547.45,0.03332886332298923,285836241.35,384884306.1,0.019125336896178388,0.03064196226860978,0.03064196226860978,12560693820.0,12560693820.0,https://www1.hkexnews.hk/search/titlesearch.xhtml,https://www1.hkexnews.hk/search/titlesearch.xhtml,1620584902,14:28:22,20210509
64,2004-09-30,0762.HK,CNY,2004-09-30,2004-09-30,Q3,19835283493.15,4492907965.45,15342375527.7,0.7734890974963076,0.0,0.0,0.0,0.0,0.0,17701275760.95,0.0,5975276285.95,8109284018.15,0.40883126379063317,2134007732.2,0.10758644981993663,-3220200.35,1723568777.05,0.08689408334623623,531366170.35,1192202606.7,0.060105145818143725,0.095033,0.095033,12560693820.0,12560693820.0,https://www1.hkexnews.hk/search/titlesearch.xhtml,https://www1.hkexnews.hk/search/titlesearch.xhtml,1620584902,14:28:22,20210509
65,2004-06-30,0762.HK,CNY,2004-06-30,2004-06-30,Q2,19686028448.65,4291020443.25,15395008005.4,0.7820271135723028,0.0,0.0,0.0,0.0,0.0,17212542063.1,0.0,6201468456.55,8674954842.1,0.4406655646530318,2473486385.55,0.12564679523866193,21241732.9,2036168277.35,0.10343215152112782,631217215.65,1404959339.85,0.07136834854804587,0.112003,0.110513,12559962330.0,12559962330.0,https://www1.hkexnews.hk/search/titlesearch.xhtml,https://www1.hkexnews.hk/search/titlesearch.xhtml,1620584902,14:28:22,20210509
66,2004-03-31,0762.HK,CNY,2004-03-31,2004-03-31,Q1,19592965486.35,4335416161.7,15257549324.65,0.7787258817599413,0.0,0.0,0.0,0.0,0.0,17094346637.4,499238670.2,6098173700.85,8596792549.8,0.4387693407508527,2498618848.95,0.1275263231944513,2839405.45,2025241119.35,0.10336572688605726,627930790.1,1397310329.25,0.07131693924656154,0.11101,0.11101,12558240690.0,12558240690.0,https://www1.hkexnews.hk/search/titlesearch.xhtml,https://www1.hkexnews.hk/search/titlesearch.xhtml,1620584902,14:28:22,20210509
67,2003-12-31,0762.HK,CNY,2003-12-31,2003-12-31,Q4,18087699802.95,4224853190.3,13862846612.65,0.7664239656603018,0.0,0.0,0.0,0.0,0.0,16207549818.65,466672428.1,5155656654.45,7035806638.75,0.3889829395334447,1880149984.3,0.10394632843217345,-632814898.6,826217317.05,0.04567840720771187,394329675.25,431887641.8,0.023877422032930997,0.03440514434893789,0.03440514434893789,12552996070.0,12552996070.0,https://www1.hkexnews.hk/search/titlesearch.xhtml,https://www1.hkexnews.hk/search/titlesearch.xhtml,1620584902,14:28:22,20210509
68,2003-09-30,0762.HK,CNY,2003-09-30,2003-09-30,Q3,17581399870.8,3710084710.7,13871315160.1,0.7889767175558142,0.0,0.0,0.0,0.0,0.0,15225612221.95,450000234.0,5782569232.1,8138356880.950001,0.46289584110230947,2355787648.85,0.1339931783681572,-12408946.85,1927815572.0,0.10965085750662011,527881069.2,1399934502.8,0.07962588377988467,0.112417,0.112417,12552996070.0,12552996070.0,https://www1.hkexnews.hk/search/titlesearch.xhtml,https://www1.hkexnews.hk/search/titlesearch.xhtml,1620584902,14:28:22,20210509
69,2003-06-30,0762.HK,CNY,2003-06-30,2003-06-30,Q2,15982814602.45,2881847525.05,13100967077.4,0.819690861920638,0.0,0.0,0.0,0.0,0.0,14218326929.95,0.0,7204283547.55,8968771220.05,0.5611509263628184,1764487672.5,0.1103990577622994,-16481796.65,1334934469.0,0.0835231154339592,235554758.25,1099379710.75,0.06878511314155371,0.087583,0.087583,12552996070.0,12552996070.0,https://www1.hkexnews.hk/search/titlesearch.xhtml,https://www1.hkexnews.hk/search/titlesearch.xhtml,1620584902,14:28:22,20210509
70,2003-03-31,0762.HK,CNY,2003-03-31,2003-03-31,Q1,15984445398.0,3076441997.1,12908003400.9,0.8075352681623268,0.0,0.0,0.0,0.0,0.0,13470818263.1,0.0,4079381260.35,6593008395.25,0.41246400679468853,2513627134.9,0.15725457294968204,6498347.75,2016507671.1,0.12615437200919769,730612962.7,1285894708.4,0.0804466264785698,0.101987,0.101987,12552996070.0,12552996070.0,https://www1.hkexnews.hk/search/titlesearch.xhtml,https://www1.hkexnews.hk/search/titlesearch.xhtml,1620584902,14:28:22,20210509
71,2002-12-31,0762.HK,CNY,2002-12-31,2002-12-31,Q4,11336377968.48,0.0,0.0,0.0,0.0,0.0,0.0,0.0,0.0,0.0,0.0,0.0,-21908747268.96,-1.9326055755970495,-21908747268.96,-1.9326055755970495,0.0,0.0,0.0,0.0,1162353440.52,0.10253305277504347,0.09266420008229621,0.09266420008229621,12543716338.0,12543716338.0,https://www1.hkexnews.hk/search/titlesearch.xhtml,https://www1.hkexnews.hk/search/titlesearch.xhtml,1620584902,14:28:22,20210509
72,2002-09-30,0762.HK,CNY,2002-09-30,2002-09-30,Q3,11269632531.96,0.0,0.0,0.0,0.0,0.0,0.0,0.0,0.0,0.0,0.0,0.0,11269632531.96,1.0,11269632531.96,1.0,0.0,0.0,0.0,0.0,1154850847.02,0.10247457880679894,0.092066,0.092066,12543716338.0,12543716338.0,https://www1.hkexnews.hk/search/titlesearch.xhtml,https://www1.hkexnews.hk/search/titlesearch.xhtml,1620584902,14:28:22,20210509
73,2002-06-30,0762.HK,CNY,2002-06-30,2002-06-30,Q2,8983419413.7,1584207838.8,7399211574.9,0.8236520231501121,0.0,3013357950.0,0.0,0.0,0.0,7267996163.7,380129525.1,0.0,4364805588.3,0.4858735173427985,1715423250.0,0.19095437616815764,21048036.6,1488102801.3,0.16564993047420182,363843338.1,1124259463.2,0.12514827722342214,0.089367,0.089367,12552996070.0,12552996070.0,https://www1.hkexnews.hk/search/titlesearch.xhtml,https://www1.hkexnews.hk/search/titlesearch.xhtml,1620584902,14:28:22,20210509
74,2002-03-31,0762.HK,CNY,2002-03-31,2002-03-31,Q1,8986663800.0,0.0,0.0,0.0,0.0,0.0,0.0,0.0,0.0,0.0,0.0,0.0,8986663800.0,1.0,8986663800.0,1.0,0.0,0.0,0.0,0.0,1124366400.0,0.125114995400184,0.089371,0.089371,12580943571.0,12580943571.0,https://www1.hkexnews.hk/search/titlesearch.xhtml,https://www1.hkexnews.hk/search/titlesearch.xhtml,1620584902,14:28:22,20210509
75,2001-12-31,0762.HK,CNY,2001-12-31,2001-12-31,Q4,7916228622.48,0.0,0.0,0.0,0.0,0.0,0.0,0.0,0.0,0.0,0.0,0.0,-16213116309.36,-2.048085910924683,-16213116309.36,-2.048085910924683,0.0,0.0,0.0,0.0,1136797529.76,0.14360342329323272,0.09283677497755925,0.09283677497755925,12245120859.0,12245120859.0,https://www1.hkexnews.hk/search/titlesearch.xhtml,https://www1.hkexnews.hk/search/titlesearch.xhtml,1620584902,14:28:22,20210509
76,2001-09-30,0762.HK,CNY,2001-09-30,2001-09-30,Q3,7876168899.6,0.0,0.0,0.0,0.0,0.0,0.0,0.0,0.0,0.0,0.0,0.0,7876168899.6,1.0,7876168899.6,1.0,0.0,0.0,0.0,0.0,1130716370.4,0.14356172205212928,0.09234,0.09234,12245120859.0,12245120859.0,https://www1.hkexnews.hk/search/titlesearch.xhtml,https://www1.hkexnews.hk/search/titlesearch.xhtml,1620584902,14:28:22,20210509
77,2001-06-30,0762.HK,CNY,2001-06-30,2001-06-30,Q2,6800046886.1,1125784006.1,5674262880.0,0.8344446700211406,0.0,2424499109.5,0.0,0.0,0.0,5486757590.6,0.0,0.0,3216854037.8,0.47306350848485806,1313289295.5,0.19312944711962196,32909732.7,1519303726.2,0.2234254780368668,424709979.2,1094593747.0,0.1609685587958905,0.087379,0.087379,12552996070.0,12552996070.0,https://www1.hkexnews.hk/search/titlesearch.xhtml,https://www1.hkexnews.hk/search/titlesearch.xhtml,1620584902,14:28:22,20210509
78,2001-03-31,0762.HK,CNY,2001-03-31,2001-03-31,Q1,6800869469.1,0.0,0.0,0.0,0.0,0.0,0.0,0.0,0.0,0.0,0.0,0.0,6800869469.1,1.0,6800869469.1,1.0,0.0,0.0,0.0,0.0,1094726157.0,0.1609685587958905,0.08739,0.08739,12526963103.0,12526963103.0,https://www1.hkexnews.hk/search/titlesearch.xhtml,https://www1.hkexnews.hk/search/titlesearch.xhtml,1620584902,14:28:22,20210509
79,2000-12-31,0762.HK,CNY,2000-12-31,2000-12-31,Q4,6581324521.8,0.0,0.0,0.0,0.0,0.0,0.0,0.0,0.0,0.0,0.0,0.0,-11866543570.8,-1.80306312680574,-11866543570.8,-1.80306312680574,0.0,0.0,0.0,0.0,1529074536.0,0.23233538035316276,0.13620204176967982,0.13620204176967982,11226516990.0,11226516990.0,https://www1.hkexnews.hk/search/titlesearch.xhtml,https://www1.hkexnews.hk/search/titlesearch.xhtml,1620584902,14:28:22,20210509
80,2000-09-30,0762.HK,CNY,2000-09-30,2000-09-30,Q3,6588202328.4,0.0,0.0,0.0,0.0,0.0,0.0,0.0,0.0,0.0,0.0,0.0,6588202328.4,1.0,6588202328.4,1.0,0.0,0.0,0.0,0.0,1530020507.4,0.23223641763466885,0.136286,0.136286,11226516990.0,11226516990.0,https://www1.hkexnews.hk/search/titlesearch.xhtml,https://www1.hkexnews.hk/search/titlesearch.xhtml,1620584902,14:28:22,20210509
81,2000-06-30,0762.HK,CNY,2000-06-30,2000-06-30,Q2,5252408647.68,0.0,0.0,0.0,0.0,0.0,0.0,0.0,0.0,0.0,0.0,0.0,5252408647.68,1.0,5252408647.68,1.0,0.0,0.0,0.0,0.0,85611903.36,0.016299551139802297,0.008526,0.008526,10040776699.0,10040776699.0,https://www1.hkexnews.hk/search/titlesearch.xhtml,https://www1.hkexnews.hk/search/titlesearch.xhtml,1620584902,14:28:22,20210509
82,2000-03-31,0762.HK,CNY,2000-03-31,2000-03-31,Q1,5252408647.68,0.0,0.0,0.0,0.0,0.0,0.0,0.0,0.0,0.0,0.0,0.0,5252408647.68,1.0,5252408647.68,1.0,0.0,0.0,0.0,0.0,85611903.36,0.016299551139802297,0.008526,0.008526,10040776699.0,10040776699.0,https://www1.hkexnews.hk/search/titlesearch.xhtml,https://www1.hkexnews.hk/search/titlesearch.xhtml,1620584902,14:28:22,20210509
