,date,symbol,reportedCurrency,fillingDate,acceptedDate,period,revenue,costOfRevenue,grossProfit,grossProfitRatio,researchAndDevelopmentExpenses,generalAndAdministrativeExpenses,sellingAndMarketingExpenses,otherExpenses,operatingExpenses,costAndExpenses,interestExpense,depreciationAndAmortization,ebitda,ebitdaratio,operatingIncome,operatingIncomeRatio,totalOtherIncomeExpensesNet,incomeBeforeTax,incomeBeforeTaxRatio,incomeTaxExpense,netIncome,netIncomeRatio,eps,epsdiluted,weightedAverageShsOut,weightedAverageShsOutDil,link,finalLink,timestamp,est_time,est_date
0,2021-03-31,MSF.DE,USD,2021-03-31,2021-03-31,Q1,41706000000,13045000000.0,28661000000.0,0.6872152687862658,5204000000.0,1327000000.0,5082000000.0,6000000.0,11613000000.0,24658000000.0,633000000.0,2936000000.0,19984000000,0.47916366949599576,17048000000,0.41327386946722294,302000000.0,17236000000.0,0.41327386946722294,1779000000.0,15457000000.0,0.3706181364791637,2.05,2.03,7539000000,7597000000,https://www.bundesanzeiger.de/pub/de/suche;wwwsid=627BFD7A56A5CB624C47FDDEAB2FC509.web07-pub?0,https://www.bundesanzeiger.de/pub/de/suche;wwwsid=627BFD7A56A5CB624C47FDDEAB2FC509.web07-pub?0,1620595325,17:22:05,20210509
1,2020-12-31,MSF.DE,USD,2020-12-31,2020-12-31,Q4,43076000000,14194000000.0,28882000000.0,0.6704893676293063,4899000000.0,1139000000.0,4947000000.0,70000000.0,10985000000.0,25179000000.0,571000000.0,2761000000.0,20658000000,0.4795709908069459,17897000000,0.4154749744637385,466000000.0,18337000000.0,0.42568947906026555,2874000000.0,15463000000.0,0.3589701922184047,2.05,2.03,7555000000,7616000000,,,1620595325,17:22:05,20210509
2,2020-09-30,MSF.DE,USD,2020-09-30,2020-09-30,Q3,37154000000,11002000000.0,26152000000.0,0.7038811433493029,4926000000.0,1119000000.0,4231000000.0,0.0,10276000000.0,21278000000.0,589000000.0,2645000000.0,18521000000,0.4984927598643484,15876000000,0.4273025784572321,837000000.0,16124000000.0,0.4339774990579749,2231000000.0,13893000000.0,0.37393012865371156,1.84,1.82,7566000000,7637000000,https://www.bundesanzeiger.de/pub/de/suche;wwwsid=627BFD7A56A5CB624C47FDDEAB2FC509.web07-pub?0,https://www.bundesanzeiger.de/pub/de/suche;wwwsid=627BFD7A56A5CB624C47FDDEAB2FC509.web07-pub?0,1620595325,17:22:05,20210509
3,2020-06-30,MSF.DE,USD,2020-06-30,2020-06-30,Q2,38033000000,12339000000.0,25694000000.0,0.675571214471643,5214000000.0,1656000000.0,5417000000.0,0.0,12287000000.0,24626000000.0,686000000.0,3504000000.0,16911000000,0.4446401808955381,13407000000,0.352509662661373,701000000.0,13422000000.0,0.3529040570031289,2220000000.0,11202000000.0,0.294533694423264,1.48,1.46,7580000000,7650000000,https://www.bundesanzeiger.de/pub/de/suche;wwwsid=627BFD7A56A5CB624C47FDDEAB2FC509.web07-pub?0,https://www.bundesanzeiger.de/pub/de/suche;wwwsid=627BFD7A56A5CB624C47FDDEAB2FC509.web07-pub?0,1620595325,17:22:05,20210509
4,2020-03-31,MSF.DE,USD,2020-03-31,2020-03-31,Q1,35021000000,10975000000.0,24046000000.0,0.6866166014676908,4887000000.0,1273000000.0,4911000000.0,-3000000.0,11071000000.0,22046000000.0,614000000.0,3118000000.0,16093000000,0.45952428542874274,12975000000,0.3704919905199737,482000000.0,12843000000.0,0.36672282344878787,2091000000.0,10752000000.0,0.30701579052568456,1.41,1.4,7602000000,7675000000,https://www.bundesanzeiger.de/pub/de/suche;wwwsid=627BFD7A56A5CB624C47FDDEAB2FC509.web07-pub?0,https://www.bundesanzeiger.de/pub/de/suche;wwwsid=627BFD7A56A5CB624C47FDDEAB2FC509.web07-pub?0,1620595325,17:22:05,20210509
5,2019-12-31,MSF.DE,USD,2019-12-31,2019-12-31,Q4,36906000000,12358000000.0,24548000000.0,0.6651492982170921,4603000000.0,1121000000.0,4933000000.0,-19000000.0,10657000000.0,23015000000.0,654000000.0,3203000000.0,17094000000,0.4631767192326451,13891000000,0.37638866309001245,848000000.0,14085000000.0,0.3816452609331816,2436000000.0,11649000000.0,0.3156397333766867,1.53,1.51,7621000000,7691000000,https://www.bundesanzeiger.de/pub/de/suche;wwwsid=627BFD7A56A5CB624C47FDDEAB2FC509.web07-pub?0,https://www.bundesanzeiger.de/pub/de/suche;wwwsid=627BFD7A56A5CB624C47FDDEAB2FC509.web07-pub?0,1620595325,17:22:05,20210509
6,2019-09-30,MSF.DE,USD,2019-09-30,2019-09-30,Q3,33055000000,10406000000.0,22649000000.0,0.6851913477537438,4565000000.0,1061000000.0,4337000000.0,-18000000.0,9963000000.0,20369000000.0,637000000.0,2971000000.0,15657000000,0.4736651036151868,12686000000,0.38378460142187265,637000000.0,12686000000.0,0.38378460142187265,2008000000.0,10678000000.0,0.3230373619724701,1.4,1.38,7634000000,7710000000,https://www.bundesanzeiger.de/pub/de/suche;wwwsid=627BFD7A56A5CB624C47FDDEAB2FC509.web07-pub?0,https://www.bundesanzeiger.de/pub/de/suche;wwwsid=627BFD7A56A5CB624C47FDDEAB2FC509.web07-pub?0,1620595325,17:22:05,20210509
7,2019-06-30,MSF.DE,USD,2019-06-30,2019-06-30,Q2,33717000000,10412000000.0,23305000000.0,0.6911943529970045,4513000000.0,1425000000.0,4962000000.0,-121000000.0,10900000000.0,21312000000.0,669000000.0,2924000000.0,15329000000,0.45463712667200523,12405000000,0.3679152949550672,860000000.0,12596000000.0,0.37358009312809565,-591000000.0,13187000000.0,0.39110834297238783,1.72,1.71,7655000000,7730000000,https://www.bundesanzeiger.de/pub/de/suche;wwwsid=627BFD7A56A5CB624C47FDDEAB2FC509.web07-pub?0,https://www.bundesanzeiger.de/pub/de/suche;wwwsid=627BFD7A56A5CB624C47FDDEAB2FC509.web07-pub?0,1620595325,17:22:05,20210509
8,2019-03-31,MSF.DE,USD,2019-03-31,2019-03-31,Q1,30571000000,10170000000.0,20401000000.0,0.6673317850250237,4316000000.0,1179000000.0,4565000000.0,16000000.0,10060000000.0,20230000000.0,671000000.0,2926000000.0,13267000000,0.43397337345850645,10341000000,0.3382617513329626,816000000.0,10486000000.0,0.3430048084786235,1677000000.0,8809000000.0,0.2881488992836348,1.15,1.14,7672000000,7744000000,https://www.bundesanzeiger.de/pub/de/suche;wwwsid=627BFD7A56A5CB624C47FDDEAB2FC509.web07-pub?0,https://www.bundesanzeiger.de/pub/de/suche;wwwsid=627BFD7A56A5CB624C47FDDEAB2FC509.web07-pub?0,1620595325,17:22:05,20210509
9,2018-12-31,MSF.DE,USD,2018-12-31,2018-12-31,Q4,32471000000,12423000000.0,20048000000.0,0.6174124603492347,4070000000.0,1132000000.0,4588000000.0,34000000.0,9790000000.0,22213000000.0,672000000.0,2995000000.0,13253000000,0.4081488097071233,10258000000,0.3159126605278556,799000000.0,10385000000.0,0.3198238428135875,1965000000.0,8420000000.0,0.2593083058729328,1.09,1.08,7692000000,7768000000,https://www.bundesanzeiger.de/pub/de/suche;wwwsid=627BFD7A56A5CB624C47FDDEAB2FC509.web07-pub?0,https://www.bundesanzeiger.de/pub/de/suche;wwwsid=627BFD7A56A5CB624C47FDDEAB2FC509.web07-pub?0,1620595325,17:22:05,20210509
10,2018-09-30,MSF.DE,USD,2018-09-30,2018-09-30,Q3,29084000000,9905000000.0,19179000000.0,0.6594347407509283,3977000000.0,1149000000.0,4098000000.0,14000000.0,9224000000.0,19129000000.0,674000000.0,2837000000.0,12792000000,0.43982945949663044,9955000000,0.34228441754916794,940000000.0,10221000000.0,0.3514303397056801,1397000000.0,8824000000.0,0.3033970568009902,1.15,1.14,7673000000,7766000000,https://www.bundesanzeiger.de/pub/de/suche;wwwsid=627BFD7A56A5CB624C47FDDEAB2FC509.web07-pub?0,https://www.bundesanzeiger.de/pub/de/suche;wwwsid=627BFD7A56A5CB624C47FDDEAB2FC509.web07-pub?0,1620595325,17:22:05,20210509
11,2018-06-30,MSF.DE,USD,2018-06-30,2018-06-30,Q2,30085000000,9742000000.0,20343000000.0,0.6761841449227189,3933000000.0,1271000000.0,4760000000.0,-61000000.0,9964000000.0,19706000000.0,672000000.0,2516000000.0,12895000000,0.42861891307960776,10379000000,0.3449891972743892,973000000.0,10680000000.0,0.35499418314774805,1807000000.0,8873000000.0,0.2949310287518697,1.15,1.14,7683000000,7775000000,https://www.bundesanzeiger.de/pub/de/suche;wwwsid=627BFD7A56A5CB624C47FDDEAB2FC509.web07-pub?0,https://www.bundesanzeiger.de/pub/de/suche;wwwsid=627BFD7A56A5CB624C47FDDEAB2FC509.web07-pub?0,1620595325,17:22:05,20210509
12,2018-03-31,MSF.DE,USD,2018-03-31,2018-03-31,Q1,26819000000,9269000000.0,17550000000.0,0.6543868153174988,3715000000.0,1208000000.0,4335000000.0,7000000.0,9258000000.0,18527000000.0,691000000.0,2710000000.0,11002000000,0.4102315522577277,8292000000,0.30918378761325926,1040000000.0,8641000000.0,0.3221969499235616,1217000000.0,7424000000.0,0.2768186733286103,0.96,0.95,7698000000,7794000000,https://www.bundesanzeiger.de/pub/de/suche;wwwsid=627BFD7A56A5CB624C47FDDEAB2FC509.web07-pub?0,https://www.bundesanzeiger.de/pub/de/suche;wwwsid=627BFD7A56A5CB624C47FDDEAB2FC509.web07-pub?0,1620595325,17:22:05,20210509
13,2017-12-31,MSF.DE,USD,2017-12-31,2017-12-31,Q4,28918000000,11064000000.0,17854000000.0,0.6174009267584204,3504000000.0,1109000000.0,4562000000.0,34000000.0,9175000000.0,20239000000.0,698000000.0,2536000000.0,11215000000,0.38782073449062865,8679000000,0.3001244899370634,1188000000.0,9169000000.0,0.3170689535929179,15471000000.0,-6302000000.0,-0.2179265509371326,-0.82,-0.82,7710000000,7710000000,https://www.bundesanzeiger.de/pub/de/suche;wwwsid=627BFD7A56A5CB624C47FDDEAB2FC509.web07-pub?0,https://www.bundesanzeiger.de/pub/de/suche;wwwsid=627BFD7A56A5CB624C47FDDEAB2FC509.web07-pub?0,1620595325,17:22:05,20210509
14,2017-09-30,MSF.DE,USD,2017-09-30,2017-09-30,Q3,24538000000,8278000000.0,16260000000.0,0.6626456923954682,3574000000.0,1166000000.0,3812000000.0,-39000000.0,8552000000.0,16830000000.0,672000000.0,2499000000.0,10207000000,0.4159670714809683,7708000000,0.3141250305648382,948000000.0,7984000000.0,0.3253728910261635,1408000000.0,6576000000.0,0.2679925014263591,0.85,0.84,7708000000,7799000000,https://www.bundesanzeiger.de/pub/de/suche;wwwsid=627BFD7A56A5CB624C47FDDEAB2FC509.web07-pub?0,https://www.bundesanzeiger.de/pub/de/suche;wwwsid=627BFD7A56A5CB624C47FDDEAB2FC509.web07-pub?0,1620595325,17:22:05,20210509
15,2017-06-30,MSF.DE,USD,2017-06-30,2017-06-30,Q2,23317000000,8456000000.0,14861000000.0,0.6373461422996097,3514000000.0,1355000000.0,4356000000.0,-23000000.0,9225000000.0,17681000000.0,655000000.0,2343000000.0,7979000000,0.3421966805335163,5636000000,0.24171205558176437,564000000.0,5545000000.0,0.23780932366942575,-968000000.0,6513000000.0,0.2793240982973796,0.84,0.83,7715000000,7806000000,https://www.bundesanzeiger.de/pub/de/suche;wwwsid=627BFD7A56A5CB624C47FDDEAB2FC509.web07-pub?0,https://www.bundesanzeiger.de/pub/de/suche;wwwsid=627BFD7A56A5CB624C47FDDEAB2FC509.web07-pub?0,1620595325,17:22:05,20210509
16,2017-03-31,MSF.DE,USD,2017-03-31,2017-03-31,Q1,22090000000,8060000000.0,14030000000.0,0.6351290176550475,3355000000.0,1202000000.0,3879000000.0,-39000000.0,8436000000.0,16496000000.0,609000000.0,2453000000.0,8047000000,0.3642824807605251,5594000000,0.25323675871435036,931000000.0,5916000000.0,0.26781349026708917,1115000000.0,4801000000.0,0.21733816206428247,0.62,0.61,7725000000,7813000000,https://www.bundesanzeiger.de/pub/de/suche;wwwsid=627BFD7A56A5CB624C47FDDEAB2FC509.web07-pub?0,https://www.bundesanzeiger.de/pub/de/suche;wwwsid=627BFD7A56A5CB624C47FDDEAB2FC509.web07-pub?0,1620595325,17:22:05,20210509
17,2016-12-31,MSF.DE,USD,2016-12-31,2016-12-31,Q4,24090000000,9901000000.0,14189000000.0,0.5889995848899958,3062000000.0,879000000.0,4071000000.0,-174000000.0,8012000000.0,17913000000.0,521000000.0,2166000000.0,8343000000,0.34632627646326275,6177000000,0.2564134495641345,707000000.0,6363000000.0,0.26413449564134495,1163000000.0,5200000000.0,0.21585720215857201,0.67,0.66,7755000000,7830000000,https://www.bundesanzeiger.de/pub/de/suche;wwwsid=627BFD7A56A5CB624C47FDDEAB2FC509.web07-pub?0,https://www.bundesanzeiger.de/pub/de/suche;wwwsid=627BFD7A56A5CB624C47FDDEAB2FC509.web07-pub?0,1620595325,17:22:05,20210509
18,2016-09-30,MSF.DE,USD,2016-09-30,2016-09-30,Q3,20453000000,7844000000.0,12609000000.0,0.6164865789859678,3106000000.0,1045000000.0,3233000000.0,-15000000.0,7384000000.0,15228000000.0,437000000.0,1816000000.0,7041000000,0.34425267686891897,5225000000,0.25546374614970907,537000000.0,5325000000.0,0.26035300444922505,635000000.0,4690000000.0,0.2293062142472987,0.6021312106817307,0.595479939055358,7789000000,7876000000,https://www.bundesanzeiger.de/pub/de/suche;wwwsid=627BFD7A56A5CB624C47FDDEAB2FC509.web07-pub?0,https://www.bundesanzeiger.de/pub/de/suche;wwwsid=627BFD7A56A5CB624C47FDDEAB2FC509.web07-pub?0,1620595325,17:22:05,20210509
19,2016-06-30,MSF.DE,USD,2016-06-30,2016-06-30,Q2,20614000000,7979000000.0,12635000000.0,0.6129329581837586,3146000000.0,1301000000.0,3998000000.0,-39000000.0,8445000000.0,16424000000.0,345000000.0,1910000000.0,6100000000,0.2959153973028039,4190000000,0.20325992044241778,-498000000.0,3347000000.0,0.16236538274958767,225000000.0,3122000000.0,0.15145047055399244,0.4,0.39,7842000000,7929000000,https://www.bundesanzeiger.de/pub/de/suche;wwwsid=627BFD7A56A5CB624C47FDDEAB2FC509.web07-pub?0,https://www.bundesanzeiger.de/pub/de/suche;wwwsid=627BFD7A56A5CB624C47FDDEAB2FC509.web07-pub?0,1620595325,17:22:05,20210509
20,2016-03-31,MSF.DE,USD,2016-03-31,2016-03-31,Q1,20531000000,7722000000.0,12809000000.0,0.6238858311821148,2980000000.0,1140000000.0,3406000000.0,-49000000.0,7526000000.0,15248000000.0,340000000.0,1707000000.0,6990000000,0.34046076664556035,5283000000,0.2573182017437046,93000000.0,5036000000.0,0.24528761385222347,1280000000.0,3756000000.0,0.18294286688422387,0.48,0.47,7895000000,7985000000,https://www.bundesanzeiger.de/pub/de/suche;wwwsid=627BFD7A56A5CB624C47FDDEAB2FC509.web07-pub?0,https://www.bundesanzeiger.de/pub/de/suche;wwwsid=627BFD7A56A5CB624C47FDDEAB2FC509.web07-pub?0,1620595325,17:22:05,20210509
21,2015-12-31,MSF.DE,USD,2015-12-31,2015-12-31,Q4,23796000000,9872000000.0,13924000000.0,0.5851403597243234,2900000000.0,1038000000.0,3960000000.0,-14000000.0,7898000000.0,17770000000.0,309000000.0,1544000000.0,7570000000,0.31812069255337033,6026000000,0.253235837955959,138000000.0,5855000000.0,0.24604975626155656,857000000.0,4998000000.0,0.21003530005042864,0.63,0.62,7964000000,8028000000,https://www.bundesanzeiger.de/pub/de/suche;wwwsid=627BFD7A56A5CB624C47FDDEAB2FC509.web07-pub?0,https://www.bundesanzeiger.de/pub/de/suche;wwwsid=627BFD7A56A5CB624C47FDDEAB2FC509.web07-pub?0,1620595325,17:22:05,20210509
22,2015-09-30,MSF.DE,USD,2015-09-30,2015-09-30,Q3,20379000000,7207000000.0,13172000000.0,0.6463516364885421,2962000000.0,1084000000.0,3333000000.0,-93000000.0,7379000000.0,14586000000.0,249000000.0,1461000000.0,7254000000,0.35595465920800823,5793000000,0.28426321213013395,-31000000.0,5513000000.0,0.27052357819323813,893000000.0,4620000000.0,0.2267039599587811,0.58,0.57,7996000000,8066000000,https://www.bundesanzeiger.de/pub/de/suche;wwwsid=627BFD7A56A5CB624C47FDDEAB2FC509.web07-pub?0,https://www.bundesanzeiger.de/pub/de/suche;wwwsid=627BFD7A56A5CB624C47FDDEAB2FC509.web07-pub?0,1620595325,17:22:05,20210509
23,2015-06-30,MSF.DE,USD,2015-06-30,2015-06-30,Q2,22180000000,7468000000.0,14712000000.0,0.6633002705139766,3094000000.0,1272000000.0,3961000000.0,4000000.0,8327000000.0,15795000000.0,247000000.0,1493000000.0,7878000000,0.3551848512173129,6385000000,0.2878719567177638,-7894000000.0,-1756000000.0,-0.07917042380522994,1439000000.0,-3195000000.0,-0.14404869251577998,-0.4,-0.4,8061000000,8061000000,https://www.bundesanzeiger.de/pub/de/suche;wwwsid=627BFD7A56A5CB624C47FDDEAB2FC509.web07-pub?0,https://www.bundesanzeiger.de/pub/de/suche;wwwsid=627BFD7A56A5CB624C47FDDEAB2FC509.web07-pub?0,1620595325,17:22:05,20210509
24,2015-03-31,MSF.DE,USD,2015-03-31,2015-03-31,Q1,21729000000,7161000000.0,14568000000.0,0.6704404252381609,2984000000.0,1091000000.0,3709000000.0,-27000000.0,7784000000.0,14945000000.0,211000000.0,1515000000.0,8299000000,0.3819319803028211,6784000000,0.31220948962216394,-56000000.0,6517000000.0,0.2999217635418105,1532000000.0,4985000000.0,0.22941690827925815,0.6103832496632791,0.6051960665290761,8167000000,8237000000,https://www.bundesanzeiger.de/pub/de/suche;wwwsid=627BFD7A56A5CB624C47FDDEAB2FC509.web07-pub?0,https://www.bundesanzeiger.de/pub/de/suche;wwwsid=627BFD7A56A5CB624C47FDDEAB2FC509.web07-pub?0,1620595325,17:22:05,20210509
25,2014-12-31,MSF.DE,USD,2014-12-31,2014-12-31,Q4,26470000000,10136000000.0,16334000000.0,0.6170759350207783,2903000000.0,1097000000.0,4315000000.0,-209000000.0,8315000000.0,18451000000.0,162000000.0,1521000000.0,9540000000,0.36040800906686815,8019000000,0.3029467321496033,-7000000.0,7850000000.0,0.2965621458254628,1987000000.0,5863000000.0,0.22149603324518322,0.7125668449197861,0.7066409545618898,8228000000,8297000000,https://www.bundesanzeiger.de/pub/de/suche;wwwsid=627BFD7A56A5CB624C47FDDEAB2FC509.web07-pub?0,https://www.bundesanzeiger.de/pub/de/suche;wwwsid=627BFD7A56A5CB624C47FDDEAB2FC509.web07-pub?0,1620595325,17:22:05,20210509
26,2014-09-30,MSF.DE,USD,2014-09-30,2014-09-30,Q3,23201000000,8273000000.0,14928000000.0,0.6434205422180078,3065000000.0,1151000000.0,3728000000.0,-35000000.0,7944000000.0,16217000000.0,161000000.0,1428000000.0,8412000000,0.3625705788543597,6984000000,0.3010215076936339,-927000000.0,5896000000.0,0.25412697728546185,1356000000.0,4540000000.0,0.19568122063704152,0.55,0.54,8249000000,8351000000,https://www.bundesanzeiger.de/pub/de/suche;wwwsid=627BFD7A56A5CB624C47FDDEAB2FC509.web07-pub?0,https://www.bundesanzeiger.de/pub/de/suche;wwwsid=627BFD7A56A5CB624C47FDDEAB2FC509.web07-pub?0,1620595325,17:22:05,20210509
27,2014-06-30,MSF.DE,USD,2014-06-30,2014-06-30,Q2,23382000000,7595000000.0,15787000000.0,0.675177486955778,3123000000.0,1373000000.0,4682000000.0,-66000000.0,9178000000.0,16773000000.0,169000000.0,1742000000.0,8351000000,0.35715507655461465,6609000000,0.28265332306902746,137000000.0,6577000000.0,0.2812847489521854,1965000000.0,4612000000.0,0.19724574458985544,0.56,0.55,8246000000,8345000000,https://www.bundesanzeiger.de/pub/de/suche;wwwsid=627BFD7A56A5CB624C47FDDEAB2FC509.web07-pub?0,https://www.bundesanzeiger.de/pub/de/suche;wwwsid=627BFD7A56A5CB624C47FDDEAB2FC509.web07-pub?0,1620595325,17:22:05,20210509
28,2014-03-31,MSF.DE,USD,2014-03-31,2014-03-31,Q1,20403000000,5941000000.0,14462000000.0,0.7088173307846886,2743000000.0,1203000000.0,3542000000.0,-72000000.0,7488000000.0,13429000000.0,175000000.0,1255000000.0,8229000000,0.4033230407293045,6974000000,0.3418124785570749,158000000.0,6957000000.0,0.34097926775474197,1297000000.0,5660000000.0,0.2774101847767485,0.6832448092708836,0.6764670730249791,8284000000,8367000000,https://www.bundesanzeiger.de/pub/de/suche;wwwsid=627BFD7A56A5CB624C47FDDEAB2FC509.web07-pub?0,https://www.bundesanzeiger.de/pub/de/suche;wwwsid=627BFD7A56A5CB624C47FDDEAB2FC509.web07-pub?0,1620595325,17:22:05,20210509
29,2013-12-31,MSF.DE,USD,2013-12-31,2013-12-31,Q4,24519000000,8284000000.0,16235000000.0,0.6621395652351237,2748000000.0,1235000000.0,4283000000.0,-111000000.0,8266000000.0,16550000000.0,135000000.0,1261000000.0,9230000000,0.37644275867694443,7969000000,0.32501325502671397,44000000.0,7878000000.0,0.32130184754680047,1320000000.0,6558000000.0,0.26746604673926344,0.79,0.78,8326000000,8395000000,https://www.bundesanzeiger.de/pub/de/suche;wwwsid=627BFD7A56A5CB624C47FDDEAB2FC509.web07-pub?0,https://www.bundesanzeiger.de/pub/de/suche;wwwsid=627BFD7A56A5CB624C47FDDEAB2FC509.web07-pub?0,1620595325,17:22:05,20210509
30,2013-09-30,MSF.DE,USD,2013-09-30,2013-09-30,Q3,18529000000,5114000000.0,13415000000.0,0.7240002158778132,2767000000.0,1010000000.0,3304000000.0,80000000.0,7081000000.0,12195000000.0,118000000.0,954000000.0,7288000000,0.39332937557342545,6334000000,0.3418425171353014,192000000.0,6408000000.0,0.34583625667871987,1164000000.0,5244000000.0,0.2830158130498138,0.63,0.62,8339000000,8434000000,https://www.bundesanzeiger.de/pub/de/suche;wwwsid=627BFD7A56A5CB624C47FDDEAB2FC509.web07-pub?0,https://www.bundesanzeiger.de/pub/de/suche;wwwsid=627BFD7A56A5CB624C47FDDEAB2FC509.web07-pub?0,1620595325,17:22:05,20210509
31,2013-06-30,MSF.DE,USD,2013-06-30,2013-06-30,Q2,19896000000,5602000000.0,14294000000.0,0.7184358665058304,2783000000.0,1210000000.0,4228000000.0,105000000.0,8221000000.0,13823000000.0,120000000.0,983000000.0,7056000000,0.3546441495778046,6073000000,0.30523723361479693,192000000.0,6145000000.0,0.3088560514676317,1180000000.0,4965000000.0,0.24954764776839566,0.5949670461354104,0.5881307746979388,8345000000,8442000000,https://www.bundesanzeiger.de/pub/de/suche;wwwsid=627BFD7A56A5CB624C47FDDEAB2FC509.web07-pub?0,https://www.bundesanzeiger.de/pub/de/suche;wwwsid=627BFD7A56A5CB624C47FDDEAB2FC509.web07-pub?0,1620595325,17:22:05,20210509
32,2013-03-31,MSF.DE,USD,2013-03-31,2013-03-31,Q1,20489000000,4787000000.0,15702000000.0,0.7663624383815706,2640000000.0,1656000000.0,3794000000.0,-80000000.0,8090000000.0,12877000000.0,109000000.0,1053000000.0,8665000000,0.4229098540680365,7612000000,0.37151642344672753,100000000.0,7603000000.0,0.3710771633559471,1548000000.0,6055000000.0,0.29552442774171506,0.7239359158297465,0.7183533040692847,8364000000,8429000000,https://www.bundesanzeiger.de/pub/de/suche;wwwsid=627BFD7A56A5CB624C47FDDEAB2FC509.web07-pub?0,https://www.bundesanzeiger.de/pub/de/suche;wwwsid=627BFD7A56A5CB624C47FDDEAB2FC509.web07-pub?0,1620595325,17:22:05,20210509
33,2012-12-31,MSF.DE,USD,2012-12-31,2012-12-31,Q4,21456000000,5692000000.0,15764000000.0,0.7347129008202834,2528000000.0,1156000000.0,4309000000.0,-33000000.0,7993000000.0,13685000000.0,105000000.0,1009000000.0,8780000000,0.4092095451155854,7771000000,0.36218307233407904,104000000.0,7770000000.0,0.36213646532438476,1393000000.0,6377000000.0,0.29721290082028334,0.7597998331943286,0.755210800568451,8393000000,8444000000,https://www.bundesanzeiger.de/pub/de/suche;wwwsid=627BFD7A56A5CB624C47FDDEAB2FC509.web07-pub?0,https://www.bundesanzeiger.de/pub/de/suche;wwwsid=627BFD7A56A5CB624C47FDDEAB2FC509.web07-pub?0,1620595325,17:22:05,20210509
34,2012-09-30,MSF.DE,USD,2012-09-30,2012-09-30,Q3,16008000000,4168000000.0,11840000000.0,0.7396301849075462,2460000000.0,1127000000.0,2945000000.0,202000000.0,6532000000.0,10700000000.0,95000000.0,710000000.0,6018000000,0.3759370314842579,5308000000,0.331584207896052,321000000.0,5534000000.0,0.34570214892553724,1068000000.0,4466000000.0,0.27898550724637683,0.5319199618866127,0.5257829055804097,8396000000,8494000000,https://www.bundesanzeiger.de/pub/de/suche;wwwsid=627BFD7A56A5CB624C47FDDEAB2FC509.web07-pub?0,https://www.bundesanzeiger.de/pub/de/suche;wwwsid=627BFD7A56A5CB624C47FDDEAB2FC509.web07-pub?0,1620595325,17:22:05,20210509
35,2012-06-30,MSF.DE,USD,2012-06-30,2012-06-30,Q2,18059000000,4163000000.0,13896000000.0,0.7694778226922864,2594000000.0,1136000000.0,3781000000.0,167000000.0,7511000000.0,11674000000.0,0.0,797000000.0,7182000000,0.39769643944847444,6385000000,0.3535633202281411,-5646000000.0,359000000.0,0.019879284567251784,851000000.0,-492000000.0,-0.027244033445927237,-0.06,-0.06,8388000000,8388000000,https://www.bundesanzeiger.de/pub/de/suche;wwwsid=627BFD7A56A5CB624C47FDDEAB2FC509.web07-pub?0,https://www.bundesanzeiger.de/pub/de/suche;wwwsid=627BFD7A56A5CB624C47FDDEAB2FC509.web07-pub?0,1620595325,17:22:05,20210509
36,2012-03-31,MSF.DE,USD,2012-03-31,2012-03-31,Q1,17407000000,3952000000.0,13455000000.0,0.7729648991784914,2517000000.0,1150000000.0,3414000000.0,0.0,7081000000.0,11033000000.0,0.0,766000000.0,7140000000,0.4101798127190211,6374000000,0.36617452748894125,-11000000.0,6363000000.0,0.36554259780548054,1255000000.0,5108000000.0,0.2934451657379215,0.61,0.6,8401000000,8498000000,https://www.bundesanzeiger.de/pub/de/suche;wwwsid=627BFD7A56A5CB624C47FDDEAB2FC509.web07-pub?0,https://www.bundesanzeiger.de/pub/de/suche;wwwsid=627BFD7A56A5CB624C47FDDEAB2FC509.web07-pub?0,1620595325,17:22:05,20210509
37,2011-12-31,MSF.DE,USD,2011-12-31,2011-12-31,Q4,20885000000,5638000000.0,15247000000.0,0.7300454871917644,2371000000.0,1120000000.0,3762000000.0,0.0,7253000000.0,12891000000.0,95000000.0,678000000.0,8672000000,0.4152262389274599,7994000000,0.38276274838400764,158000000.0,8239000000.0,0.3944936557337802,1615000000.0,6624000000.0,0.31716542973425904,0.79,0.78,8402000000,8465000000,https://www.bundesanzeiger.de/pub/de/suche;wwwsid=627BFD7A56A5CB624C47FDDEAB2FC509.web07-pub?0,https://www.bundesanzeiger.de/pub/de/suche;wwwsid=627BFD7A56A5CB624C47FDDEAB2FC509.web07-pub?0,1620595325,17:22:05,20210509
38,2011-09-30,MSF.DE,USD,2011-09-30,2011-09-30,Q3,17372000000,3777000000.0,13595000000.0,0.7825811650932535,2329000000.0,1163000000.0,2900000000.0,0.0,6392000000.0,10169000000.0,94000000.0,726000000.0,7929000000,0.4564241307851715,7203000000,0.4146327423440018,-14000000.0,7306000000.0,0.4205618236242229,1568000000.0,5738000000.0,0.33030163481464425,0.6837464251668256,0.6758539458186101,8392000000,8490000000,https://www.bundesanzeiger.de/pub/de/suche;wwwsid=627BFD7A56A5CB624C47FDDEAB2FC509.web07-pub?0,https://www.bundesanzeiger.de/pub/de/suche;wwwsid=627BFD7A56A5CB624C47FDDEAB2FC509.web07-pub?0,1620595325,17:22:05,20210509
39,2011-06-30,MSF.DE,USD,2011-06-30,2011-06-30,Q2,17367000000,3708000000.0,13659000000.0,0.7864916220418035,2393000000.0,1179000000.0,3916000000.0,0.0,7488000000.0,11196000000.0,94000000.0,689000000.0,6860000000,0.39500201531640466,6171000000,0.35532907237864914,-27000000.0,6319000000.0,0.36385098174699143,445000000.0,5874000000.0,0.33822767317325964,0.7763679619349723,0.7763679619349723,7566000000,7566000000,https://www.bundesanzeiger.de/pub/de/suche;wwwsid=627BFD7A56A5CB624C47FDDEAB2FC509.web07-pub?0,https://www.bundesanzeiger.de/pub/de/suche;wwwsid=627BFD7A56A5CB624C47FDDEAB2FC509.web07-pub?0,1620595325,17:22:05,20210509
40,2011-03-31,MSF.DE,USD,2011-03-31,2011-03-31,Q1,16428000000,3897000000.0,12531000000.0,0.7627830533235939,2269000000.0,1160000000.0,3393000000.0,0.0,6822000000.0,10719000000.0,84000000.0,720000000.0,6429000000,0.39134404674945217,5709000000,0.3475164353542732,184000000.0,6025000000.0,0.3667518870221573,793000000.0,5232000000.0,0.31848064280496713,0.62,0.61,8420000000,8510000000,https://www.bundesanzeiger.de/pub/de/suche;wwwsid=627BFD7A56A5CB624C47FDDEAB2FC509.web07-pub?0,https://www.bundesanzeiger.de/pub/de/suche;wwwsid=627BFD7A56A5CB624C47FDDEAB2FC509.web07-pub?0,1620595325,17:22:05,20210509
41,2010-12-31,MSF.DE,USD,2010-12-31,2010-12-31,Q4,19953000000,4833000000.0,15120000000.0,0.7577807848443843,2185000000.0,945000000.0,3825000000.0,0.0,6955000000.0,11788000000.0,72000000.0,663000000.0,8828000000,0.44243973337342757,8165000000,0.4092116473713226,199000000.0,8497000000.0,0.4258507492607628,1863000000.0,6634000000.0,0.33248133112815115,0.78,0.77,8497000000,8570000000,https://www.bundesanzeiger.de/pub/de/suche;wwwsid=627BFD7A56A5CB624C47FDDEAB2FC509.web07-pub?0,https://www.bundesanzeiger.de/pub/de/suche;wwwsid=627BFD7A56A5CB624C47FDDEAB2FC509.web07-pub?0,1620595325,17:22:05,20210509
42,2010-09-30,MSF.DE,USD,2010-09-30,2010-09-30,Q3,16195000000,3139000000.0,13056000000.0,0.8061747452917567,2196000000.0,938000000.0,2806000000.0,0.0,5940000000.0,9079000000.0,45000000.0,694000000.0,7810000000,0.4822476072861994,7116000000,0.43939487496140783,-51000000.0,7230000000.0,0.4464340845940105,1820000000.0,5410000000.0,0.3340537202840383,0.63,0.62,8614000000,8695000000,https://www.bundesanzeiger.de/pub/de/suche;wwwsid=627BFD7A56A5CB624C47FDDEAB2FC509.web07-pub?0,https://www.bundesanzeiger.de/pub/de/suche;wwwsid=627BFD7A56A5CB624C47FDDEAB2FC509.web07-pub?0,1620595325,17:22:05,20210509
43,2010-06-30,MSF.DE,USD,2010-06-30,2010-06-30,Q2,16039000000,3170000000.0,12869000000.0,0.8023567554086913,2350000000.0,928000000.0,3602000000.0,0.0,6880000000.0,10050000000.0,0.0,0.0,7052000000,0.43967828418230565,5989000000,0.37340233181619803,676000000.0,6024000000.0,0.37558451275017146,1506000000.0,4518000000.0,0.28168838456262857,0.5971451229183188,0.5971451229183188,7566000000,7566000000,https://www.bundesanzeiger.de/pub/de/suche;wwwsid=627BFD7A56A5CB624C47FDDEAB2FC509.web07-pub?0,https://www.bundesanzeiger.de/pub/de/suche;wwwsid=627BFD7A56A5CB624C47FDDEAB2FC509.web07-pub?0,1620595325,17:22:05,20210509
44,2010-03-31,MSF.DE,USD,2010-03-31,2010-03-31,Q1,14503000000,2755000000.0,11748000000.0,0.8100393022133352,2220000000.0,1152000000.0,3203000000.0,0.0,6575000000.0,9330000000.0,0.0,0.0,5865000000,0.40439908984348066,5173000000,0.3566848238295525,2000000.0,5341000000.0,0.3682686340757085,1335000000.0,4006000000.0,0.27621871336964765,0.46,0.45,8767000000,8876000000,https://www.bundesanzeiger.de/pub/de/suche;wwwsid=627BFD7A56A5CB624C47FDDEAB2FC509.web07-pub?0,https://www.bundesanzeiger.de/pub/de/suche;wwwsid=627BFD7A56A5CB624C47FDDEAB2FC509.web07-pub?0,1620595325,17:22:05,20210509
45,2009-12-31,MSF.DE,USD,2009-12-31,2009-12-31,Q4,19022000000,3628000000.0,15394000000.0,0.8092734728209442,2079000000.0,1183000000.0,3619000000.0,0.0,6881000000.0,10509000000.0,0.0,615000000.0,9128000000,0.47986541898853957,8513000000,0.4475344338134791,211000000.0,8883000000.0,0.46698559562611713,2221000000.0,6662000000.0,0.3502260540426874,0.75,0.74,8856000000,8951000000,https://www.bundesanzeiger.de/pub/de/suche;wwwsid=627BFD7A56A5CB624C47FDDEAB2FC509.web07-pub?0,https://www.bundesanzeiger.de/pub/de/suche;wwwsid=627BFD7A56A5CB624C47FDDEAB2FC509.web07-pub?0,1620595325,17:22:05,20210509
46,2009-09-30,MSF.DE,USD,2009-09-30,2009-09-30,Q3,12920000000,2842000000.0,10078000000.0,0.780030959752322,2065000000.0,741000000.0,2790000000.0,0.0,5596000000.0,8438000000.0,0.0,0.0,5010000000,0.3877708978328173,4482000000,0.34690402476780186,118000000.0,4765000000.0,0.3688080495356037,1191000000.0,3574000000.0,0.27662538699690403,0.40094233789544537,0.3978626294111099,8914000000,8983000000,https://www.bundesanzeiger.de/pub/de/suche;wwwsid=627BFD7A56A5CB624C47FDDEAB2FC509.web07-pub?0,https://www.bundesanzeiger.de/pub/de/suche;wwwsid=627BFD7A56A5CB624C47FDDEAB2FC509.web07-pub?0,1620595325,17:22:05,20210509
47,2009-06-30,MSF.DE,USD,2009-06-30,2009-06-30,Q2,13099000000,2586000000.0,10513000000.0,0.802580349645011,2225000000.0,1399000000.0,3192000000.0,0.0,6526000000.0,9112000000.0,0.0,0.0,3481000000,0.26574547675395066,3987000000,0.304374379723643,-5000000.0,4142000000.0,0.3162073440720666,1097000000.0,3045000000.0,0.23246049316741735,0.40245836637589216,0.40245836637589216,7566000000,7566000000,https://www.bundesanzeiger.de/pub/de/suche;wwwsid=627BFD7A56A5CB624C47FDDEAB2FC509.web07-pub?0,https://www.bundesanzeiger.de/pub/de/suche;wwwsid=627BFD7A56A5CB624C47FDDEAB2FC509.web07-pub?0,1620595325,17:22:05,20210509
48,2009-03-31,MSF.DE,USD,2009-03-31,2009-03-31,Q1,13648000000,2814000000.0,10834000000.0,0.7938159437280188,2212000000.0,913000000.0,2981000000.0,0.0,6396000000.0,9210000000.0,0.0,0.0,5654000000,0.41427315357561545,4438000000,0.3251758499413834,-552000000.0,4050000000.0,0.29674677608440797,1073000000.0,2977000000.0,0.21812719812426729,0.3348329771679226,0.33434411500449235,8891000000,8904000000,https://www.bundesanzeiger.de/pub/de/suche;wwwsid=627BFD7A56A5CB624C47FDDEAB2FC509.web07-pub?0,https://www.bundesanzeiger.de/pub/de/suche;wwwsid=627BFD7A56A5CB624C47FDDEAB2FC509.web07-pub?0,1620595325,17:22:05,20210509
49,2008-12-31,MSF.DE,USD,2008-12-31,2008-12-31,Q4,16629000000,3907000000.0,12722000000.0,0.7650490107643274,2290000000.0,4493000000.0,0.0,0.0,6783000000.0,10690000000.0,0.0,632000000.0,6571000000,0.39515304588369715,5939000000,0.35714715256479646,-476000000.0,5638000000.0,0.33904624451259846,1464000000.0,4174000000.0,0.25100727644476517,0.46883073121419744,0.46825218757011444,8903000000,8914000000,https://www.bundesanzeiger.de/pub/de/suche;wwwsid=627BFD7A56A5CB624C47FDDEAB2FC509.web07-pub?0,https://www.bundesanzeiger.de/pub/de/suche;wwwsid=627BFD7A56A5CB624C47FDDEAB2FC509.web07-pub?0,1620595325,17:22:05,20210509
50,2008-09-30,MSF.DE,USD,2008-09-30,2008-09-30,Q3,15061000000,2848000000.0,12213000000.0,0.8109023305225417,2283000000.0,3931000000.0,0.0,0.0,6214000000.0,9062000000.0,0.0,585000000.0,6584000000,0.4371555673594051,5999000000,0.3983135249983401,-215000000.0,5991000000.0,0.3977823517694708,1618000000.0,4373000000.0,0.29035256623066197,0.48139586085424924,0.47620603288685615,9084000000,9183000000,https://www.bundesanzeiger.de/pub/de/suche;wwwsid=627BFD7A56A5CB624C47FDDEAB2FC509.web07-pub?0,https://www.bundesanzeiger.de/pub/de/suche;wwwsid=627BFD7A56A5CB624C47FDDEAB2FC509.web07-pub?0,1620595325,17:22:05,20210509
51,2008-06-30,MSF.DE,USD,2008-06-30,2008-06-30,Q2,15837000000,2866000000.0,12971000000.0,0.819031382206226,2407000000.0,4880000000.0,0.0,0.0,7287000000.0,10153000000.0,0.0,608000000.0,6292000000,0.39729746795478943,5684000000,0.3589063585274989,67000000.0,5968000000.0,0.376839047799457,1671000000.0,4297000000.0,0.2713266401464924,0.5679355009251916,0.5679355009251916,7566000000,7566000000,https://www.bundesanzeiger.de/pub/de/suche;wwwsid=627BFD7A56A5CB624C47FDDEAB2FC509.web07-pub?0,https://www.bundesanzeiger.de/pub/de/suche;wwwsid=627BFD7A56A5CB624C47FDDEAB2FC509.web07-pub?0,1620595325,17:22:05,20210509
52,2008-03-31,MSF.DE,USD,2008-03-31,2008-03-31,Q1,14454000000,2514000000.0,11940000000.0,0.8260689082606891,2035000000.0,5496000000.0,0.0,0.0,7531000000.0,10045000000.0,0.0,532000000.0,4941000000,0.34184308841843086,4409000000,0.30503666805036667,175000000.0,4810000000.0,0.3327798533277985,422000000.0,4388000000.0,0.30358378303583783,0.47147308477490063,0.46542214679677557,9307000000,9428000000,https://www.bundesanzeiger.de/pub/de/suche;wwwsid=627BFD7A56A5CB624C47FDDEAB2FC509.web07-pub?0,https://www.bundesanzeiger.de/pub/de/suche;wwwsid=627BFD7A56A5CB624C47FDDEAB2FC509.web07-pub?0,1620595325,17:22:05,20210509
53,2007-12-31,MSF.DE,USD,2007-12-31,2007-12-31,Q4,16367000000,3543000000.0,12824000000.0,0.7835278303904197,1885000000.0,4458000000.0,0.0,0.0,6343000000.0,9886000000.0,0.0,481000000.0,6962000000,0.425368118775585,6481000000,0.3959797152807478,133000000.0,6820000000.0,0.4166921243966518,2113000000.0,4707000000.0,0.28759088409604694,0.502830894135242,0.4953172682310849,9361000000,9503000000,https://www.bundesanzeiger.de/pub/de/suche;wwwsid=627BFD7A56A5CB624C47FDDEAB2FC509.web07-pub?0,https://www.bundesanzeiger.de/pub/de/suche;wwwsid=627BFD7A56A5CB624C47FDDEAB2FC509.web07-pub?0,1620595325,17:22:05,20210509
54,2007-09-30,MSF.DE,USD,2007-09-30,2007-09-30,Q3,13762000000,2675000000.0,11087000000.0,0.8056241825316087,1837000000.0,3332000000.0,0.0,0.0,5169000000.0,7844000000.0,0.0,435000000.0,6353000000,0.4616334835053045,5918000000,0.4300247057113792,59000000.0,6216000000.0,0.4516785350966429,1927000000.0,4289000000.0,0.3116552826624037,0.46,0.45,9380000000,9513000000,https://www.bundesanzeiger.de/pub/de/suche;wwwsid=627BFD7A56A5CB624C47FDDEAB2FC509.web07-pub?0,https://www.bundesanzeiger.de/pub/de/suche;wwwsid=627BFD7A56A5CB624C47FDDEAB2FC509.web07-pub?0,1620595325,17:22:05,20210509
55,2007-06-30,MSF.DE,USD,2007-06-30,2007-06-30,Q2,13371000000,3237000000.0,10134000000.0,0.7579089073367736,1948000000.0,4197000000.0,0.0,0.0,6145000000.0,9382000000.0,0.0,381000000.0,4370000000,0.3268267145314487,3989000000,0.29833221150250544,-1024000000.0,4284000000.0,0.3203948844514247,1249000000.0,3035000000.0,0.22698377084735621,0.401136664023262,0.401136664023262,7566000000,7566000000,https://www.bundesanzeiger.de/pub/de/suche;wwwsid=627BFD7A56A5CB624C47FDDEAB2FC509.web07-pub?0,https://www.bundesanzeiger.de/pub/de/suche;wwwsid=627BFD7A56A5CB624C47FDDEAB2FC509.web07-pub?0,1620595325,17:22:05,20210509
56,2007-03-31,MSF.DE,USD,2007-03-31,2007-03-31,Q1,14398000000,2140000000.0,12258000000.0,0.8513682455896653,1750000000.0,3919000000.0,0.0,0.0,5669000000.0,7809000000.0,0.0,445000000.0,7034000000,0.48854007501041813,6589000000,0.45763300458397,382000000.0,6971000000.0,0.4841644672871232,2045000000.0,4926000000.0,0.3421308515071538,0.51,0.5,9725000000,9862000000,https://www.bundesanzeiger.de/pub/de/suche;wwwsid=627BFD7A56A5CB624C47FDDEAB2FC509.web07-pub?0,https://www.bundesanzeiger.de/pub/de/suche;wwwsid=627BFD7A56A5CB624C47FDDEAB2FC509.web07-pub?0,1620595325,17:22:05,20210509
57,2006-12-31,MSF.DE,USD,2006-12-31,2006-12-31,Q4,12542000000,3620000000.0,8922000000.0,0.7113697974804656,1637000000.0,3813000000.0,0.0,0.0,5450000000.0,9070000000.0,0.0,365000000.0,3837000000,0.3059320682506777,3472000000,0.2768298516982937,333000000.0,3805000000.0,0.30338064104608514,1179000000.0,2626000000.0,0.2093764949768777,0.27,0.26,9806000000,9942000000,https://www.bundesanzeiger.de/pub/de/suche;wwwsid=627BFD7A56A5CB624C47FDDEAB2FC509.web07-pub?0,https://www.bundesanzeiger.de/pub/de/suche;wwwsid=627BFD7A56A5CB624C47FDDEAB2FC509.web07-pub?0,1620595325,17:22:05,20210509
58,2006-09-30,MSF.DE,USD,2006-09-30,2006-09-30,Q3,10811000000,1696000000.0,9115000000.0,0.8431227453519563,1786000000.0,2855000000.0,0.0,0.0,4641000000.0,6337000000.0,0.0,249000000.0,4723000000,0.43686985477754137,4474000000,0.4138377578392378,567000000.0,5041000000.0,0.46628434002404956,1563000000.0,3478000000.0,0.3217093700860235,0.35028703796958405,0.34745254745254744,9929000000,10010000000,https://www.bundesanzeiger.de/pub/de/suche;wwwsid=627BFD7A56A5CB624C47FDDEAB2FC509.web07-pub?0,https://www.bundesanzeiger.de/pub/de/suche;wwwsid=627BFD7A56A5CB624C47FDDEAB2FC509.web07-pub?0,1620595325,17:22:05,20210509
59,2006-06-30,MSF.DE,USD,2006-06-30,2006-06-30,Q2,11804000000,2130000000.0,9674000000.0,0.8195526940020332,1861000000.0,3932000000.0,0.0,0.0,5793000000.0,7923000000.0,0.0,261000000.0,4142000000,0.35089800067773635,3881000000,0.3287868519146052,377000000.0,4258000000.0,0.36072517790579467,1430000000.0,2828000000.0,0.23957980345645544,0.3737774253238171,0.3737774253238171,7566000000,7566000000,https://www.bundesanzeiger.de/pub/de/suche;wwwsid=627BFD7A56A5CB624C47FDDEAB2FC509.web07-pub?0,https://www.bundesanzeiger.de/pub/de/suche;wwwsid=627BFD7A56A5CB624C47FDDEAB2FC509.web07-pub?0,1620595325,17:22:05,20210509
60,2006-03-31,MSF.DE,USD,2006-03-31,2006-03-31,Q1,10900000000,2028000000.0,8872000000.0,0.8139449541284404,1617000000.0,3367000000.0,0.0,0.0,4984000000.0,7012000000.0,0.0,177000000.0,4065000000,0.37293577981651377,3888000000,0.356697247706422,427000000.0,4315000000.0,0.3958715596330275,1338000000.0,2977000000.0,0.2731192660550459,0.2889449674851985,0.285837734037446,10303000000,10415000000,https://www.bundesanzeiger.de/pub/de/suche;wwwsid=627BFD7A56A5CB624C47FDDEAB2FC509.web07-pub?0,https://www.bundesanzeiger.de/pub/de/suche;wwwsid=627BFD7A56A5CB624C47FDDEAB2FC509.web07-pub?0,1620595325,17:22:05,20210509
61,2005-12-31,MSF.DE,USD,2005-12-31,2005-12-31,Q4,11837000000,2239000000.0,9598000000.0,0.8108473430767931,1591000000.0,3350000000.0,0.0,0.0,4941000000.0,7180000000.0,0.0,231000000.0,4888000000,0.41294246853087774,4657000000,0.39342738869646027,480000000.0,5137000000.0,0.4339782039368083,1484000000.0,3653000000.0,0.30860860015206554,0.35,0.34,10560000000,10638000000,https://www.bundesanzeiger.de/pub/de/suche;wwwsid=627BFD7A56A5CB624C47FDDEAB2FC509.web07-pub?0,https://www.bundesanzeiger.de/pub/de/suche;wwwsid=627BFD7A56A5CB624C47FDDEAB2FC509.web07-pub?0,1620595325,17:22:05,20210509
62,2005-09-30,MSF.DE,USD,2005-09-30,2005-09-30,Q3,9741000000,1253000000.0,8488000000.0,0.8713684426650241,1515000000.0,2927000000.0,0.0,0.0,4442000000.0,5695000000.0,0.0,234000000.0,4280000000,0.43937994045785855,4046000000,0.41535776614310643,506000000.0,4552000000.0,0.467303151627143,1411000000.0,3141000000.0,0.32245149368647985,0.29366118175018696,0.2915893056071296,10696000000,10772000000,https://www.bundesanzeiger.de/pub/de/suche;wwwsid=627BFD7A56A5CB624C47FDDEAB2FC509.web07-pub?0,https://www.bundesanzeiger.de/pub/de/suche;wwwsid=627BFD7A56A5CB624C47FDDEAB2FC509.web07-pub?0,1620595325,17:22:05,20210509
63,2005-06-30,MSF.DE,USD,2005-06-30,2005-06-30,Q2,10161000000,1410000000.0,8751000000.0,0.8612341304989667,1691000000.0,4071000000.0,0.0,0.0,5762000000.0,7172000000.0,0.0,282000000.0,3271000000,0.3219171341403405,2989000000,0.29416396024013386,872000000.0,3861000000.0,0.3799822852081488,161000000.0,3700000000.0,0.36413738805235707,0.4890298704731694,0.4890298704731694,7566000000,7566000000,https://www.bundesanzeiger.de/pub/de/suche;wwwsid=627BFD7A56A5CB624C47FDDEAB2FC509.web07-pub?0,https://www.bundesanzeiger.de/pub/de/suche;wwwsid=627BFD7A56A5CB624C47FDDEAB2FC509.web07-pub?0,1620595325,17:22:05,20210509
64,2005-03-31,MSF.DE,USD,2005-03-31,2005-03-31,Q1,9620000000,1399000000.0,8221000000.0,0.8545738045738046,1508000000.0,3384000000.0,0.0,0.0,4892000000.0,6291000000.0,0.0,282000000.0,3611000000,0.37536382536382534,3329000000,0.34604989604989606,496000000.0,3825000000.0,0.3976091476091476,1262000000.0,2563000000.0,0.2664241164241164,0.24,0.23,10856000000,10931000000,https://www.bundesanzeiger.de/pub/de/suche;wwwsid=627BFD7A56A5CB624C47FDDEAB2FC509.web07-pub?0,https://www.bundesanzeiger.de/pub/de/suche;wwwsid=627BFD7A56A5CB624C47FDDEAB2FC509.web07-pub?0,1620595325,17:22:05,20210509
65,2004-12-31,MSF.DE,USD,2004-12-31,2004-12-31,Q4,10818000000,1922000000.0,8896000000.0,0.8223331484562766,1437000000.0,2710000000.0,0.0,0.0,4147000000.0,6069000000.0,0.0,108000000.0,4857000000,0.4489739323349972,4749000000,0.4389905712701054,420000000.0,5169000000.0,0.47781475318912925,1706000000.0,3463000000.0,0.3201146237751895,0.3183782292911648,0.3160825118656444,10877000000,10956000000,https://www.bundesanzeiger.de/pub/de/suche;wwwsid=627BFD7A56A5CB624C47FDDEAB2FC509.web07-pub?0,https://www.bundesanzeiger.de/pub/de/suche;wwwsid=627BFD7A56A5CB624C47FDDEAB2FC509.web07-pub?0,1620595325,17:22:05,20210509
66,2004-09-30,MSF.DE,USD,2004-09-30,2004-09-30,Q3,9189000000,1469000000.0,7720000000.0,0.8401349439547284,1548000000.0,2678000000.0,0.0,0.0,4226000000.0,5695000000.0,0.0,183000000.0,3677000000,0.40015235607791927,3494000000,0.38023724017847427,279000000.0,3773000000.0,0.4105996299923822,1245000000.0,2528000000.0,0.2751115464141909,0.23250252920077255,0.2315018315018315,10873000000,10920000000,https://www.bundesanzeiger.de/pub/de/suche;wwwsid=627BFD7A56A5CB624C47FDDEAB2FC509.web07-pub?0,https://www.bundesanzeiger.de/pub/de/suche;wwwsid=627BFD7A56A5CB624C47FDDEAB2FC509.web07-pub?0,1620595325,17:22:05,20210509
67,2004-06-30,MSF.DE,USD,2004-06-30,2004-06-30,Q2,9292000000,1481000000.0,7811000000.0,0.8406155832974602,1659000000.0,3019000000.0,0.0,0.0,4678000000.0,6159000000.0,0.0,309000000.0,3442000000,0.3704261730520878,3133000000,0.3371717606543263,571000000.0,3704000000.0,0.39862247094274644,1014000000.0,2690000000.0,0.2894963409384417,0.3555379328575205,0.3555379328575205,7566000000,7566000000,https://www.bundesanzeiger.de/pub/de/suche;wwwsid=627BFD7A56A5CB624C47FDDEAB2FC509.web07-pub?0,https://www.bundesanzeiger.de/pub/de/suche;wwwsid=627BFD7A56A5CB624C47FDDEAB2FC509.web07-pub?0,1620595325,17:22:05,20210509
68,2004-03-31,MSF.DE,USD,2004-03-31,2004-03-31,Q1,9175000000,1411000000.0,7764000000.0,0.8462125340599455,1538000000.0,4948000000.0,0.0,0.0,6486000000.0,7897000000.0,0.0,249000000.0,1527000000,0.16643051771117165,1278000000,0.139291553133515,1001000000.0,2279000000.0,0.2483923705722071,964000000.0,1315000000.0,0.14332425068119892,0.12192860454334724,0.12113117170228445,10785000000,10856000000,https://www.bundesanzeiger.de/pub/de/suche;wwwsid=627BFD7A56A5CB624C47FDDEAB2FC509.web07-pub?0,https://www.bundesanzeiger.de/pub/de/suche;wwwsid=627BFD7A56A5CB624C47FDDEAB2FC509.web07-pub?0,1620595325,17:22:05,20210509
69,2003-12-31,MSF.DE,USD,2003-12-31,2003-12-31,Q4,10153000000,2344000000.0,7809000000.0,0.7691322761745297,2971000000.0,3363000000.0,0.0,0.0,6334000000.0,8678000000.0,0.0,300000000.0,1775000000,0.17482517482517482,1475000000,0.14527725795331428,837000000.0,2312000000.0,0.2277159460258052,763000000.0,1549000000.0,0.1525657441150399,0.14329324699352453,0.14212313056243692,10810000000,10899000000,https://www.bundesanzeiger.de/pub/de/suche;wwwsid=627BFD7A56A5CB624C47FDDEAB2FC509.web07-pub?0,https://www.bundesanzeiger.de/pub/de/suche;wwwsid=627BFD7A56A5CB624C47FDDEAB2FC509.web07-pub?0,1620595325,17:22:05,20210509
70,2003-09-30,MSF.DE,USD,2003-09-30,2003-09-30,Q3,8215000000,1480000000.0,6735000000.0,0.819841752891053,1611000000.0,1976000000.0,0.0,0.0,3587000000.0,5067000000.0,0.0,328000000.0,3476000000,0.4231284236153378,3148000000,0.38320146074254413,753000000.0,3901000000.0,0.47486305538648815,1287000000.0,2614000000.0,0.31819841752891054,0.24179076866154842,0.2401469912723932,10811000000,10885000000,https://www.bundesanzeiger.de/pub/de/suche;wwwsid=627BFD7A56A5CB624C47FDDEAB2FC509.web07-pub?0,https://www.bundesanzeiger.de/pub/de/suche;wwwsid=627BFD7A56A5CB624C47FDDEAB2FC509.web07-pub?0,1620595325,17:22:05,20210509
71,2003-06-30,MSF.DE,USD,2003-06-30,2003-06-30,Q2,8065000000,1238000000.0,6827000000.0,0.84649721016739,1336000000.0,3298000000.0,0.0,0.0,4634000000.0,5872000000.0,0.0,472000000.0,2665000000,0.3304401735895846,2193000000,0.27191568505889646,265000000.0,2867000000.0,0.355486670799752,946000000.0,1921000000.0,0.23818970861748295,0.25389902194025904,0.25389902194025904,7566000000,7566000000,https://www.bundesanzeiger.de/pub/de/suche;wwwsid=627BFD7A56A5CB624C47FDDEAB2FC509.web07-pub?0,https://www.bundesanzeiger.de/pub/de/suche;wwwsid=627BFD7A56A5CB624C47FDDEAB2FC509.web07-pub?0,1620595325,17:22:05,20210509
72,2003-03-31,MSF.DE,USD,2003-03-31,2003-03-31,Q1,7835000000,1215000000.0,6620000000.0,0.8449266113592853,1111000000.0,1794000000.0,0.0,0.0,2905000000.0,4120000000.0,0.0,375000000.0,4090000000,0.5220165922144224,3715000000,0.47415443522654754,46000000.0,4168000000.0,0.5319719208679005,1374000000.0,2794000000.0,0.35660497766432675,0.2607559496033598,0.25717967599410896,10715000000,10864000000,https://www.bundesanzeiger.de/pub/de/suche;wwwsid=627BFD7A56A5CB624C47FDDEAB2FC509.web07-pub?0,https://www.bundesanzeiger.de/pub/de/suche;wwwsid=627BFD7A56A5CB624C47FDDEAB2FC509.web07-pub?0,1620595325,17:22:05,20210509
73,2002-12-31,MSF.DE,USD,2002-12-31,2002-12-31,Q4,8541000000,2034000000.0,6507000000.0,0.761854583772392,1118000000.0,2130000000.0,0.0,0.0,3248000000.0,5282000000.0,0.0,295000000.0,3554000000,0.4161105256995668,3259000000,0.38157124458494324,-92000000.0,3622000000.0,0.4240721227022597,1070000000.0,2552000000.0,0.29879405221870975,0.24,0.235,10702000000,10882000000,https://www.bundesanzeiger.de/pub/de/suche;wwwsid=627BFD7A56A5CB624C47FDDEAB2FC509.web07-pub?0,https://www.bundesanzeiger.de/pub/de/suche;wwwsid=627BFD7A56A5CB624C47FDDEAB2FC509.web07-pub?0,1620595325,17:22:05,20210509
74,2002-09-30,MSF.DE,USD,2002-09-30,2002-09-30,Q3,7746000000,1199000000.0,6547000000.0,0.8452104311902917,1094000000.0,1403000000.0,0.0,0.0,2497000000.0,3696000000.0,0.0,297000000.0,4347000000,0.5611928737412858,4050000000,0.52285050348567,-407000000.0,4069000000.0,0.5253033823909115,1343000000.0,2726000000.0,0.35192357345726827,0.255,0.25,10738000000,10916000000,https://www.bundesanzeiger.de/pub/de/suche;wwwsid=627BFD7A56A5CB624C47FDDEAB2FC509.web07-pub?0,https://www.bundesanzeiger.de/pub/de/suche;wwwsid=627BFD7A56A5CB624C47FDDEAB2FC509.web07-pub?0,1620595325,17:22:05,20210509
75,2002-06-30,MSF.DE,USD,2002-06-30,2002-06-30,Q2,7253000000,1368000000.0,5885000000.0,0.8113883910106163,1184000000.0,1827000000.0,0.0,0.0,3011000000.0,4379000000.0,0.0,359000000.0,3233000000,0.44574658761891633,2874000000,0.39624982765752104,-1094000000.0,2243000000.0,0.309251344271336,718000000.0,1525000000.0,0.21025782434854542,0.20155960877610363,0.20155960877610363,7566000000,7566000000,https://www.bundesanzeiger.de/pub/de/suche;wwwsid=627BFD7A56A5CB624C47FDDEAB2FC509.web07-pub?0,https://www.bundesanzeiger.de/pub/de/suche;wwwsid=627BFD7A56A5CB624C47FDDEAB2FC509.web07-pub?0,1620595325,17:22:05,20210509
76,2002-03-31,MSF.DE,USD,2002-03-31,2002-03-31,Q1,7245000000,1395000000.0,5850000000.0,0.8074534161490683,1066000000.0,1486000000.0,0.0,0.0,2552000000.0,3947000000.0,0.0,148000000.0,3446000000,0.4756383712905452,3298000000,0.4552104899930987,295000000.0,4026000000.0,0.5556935817805383,1288000000.0,2738000000.0,0.37791580400276054,0.255,0.245,10830000000,11128000000,https://www.bundesanzeiger.de/pub/de/suche;wwwsid=627BFD7A56A5CB624C47FDDEAB2FC509.web07-pub?0,https://www.bundesanzeiger.de/pub/de/suche;wwwsid=627BFD7A56A5CB624C47FDDEAB2FC509.web07-pub?0,1620595325,17:22:05,20210509
77,2001-12-31,MSF.DE,USD,2001-12-31,2001-12-31,Q4,7741000000,1544000000.0,6197000000.0,0.8005425655600051,1044000000.0,2312000000.0,0.0,0.0,3356000000.0,4900000000.0,0.0,295000000.0,3136000000,0.4051156181371916,2841000000,0.36700684666063815,99000000.0,3357000000.0,0.4336649011755587,1074000000.0,2283000000.0,0.29492313654566593,0.21,0.205,10790000000,11112000000,https://www.bundesanzeiger.de/pub/de/suche;wwwsid=627BFD7A56A5CB624C47FDDEAB2FC509.web07-pub?0,https://www.bundesanzeiger.de/pub/de/suche;wwwsid=627BFD7A56A5CB624C47FDDEAB2FC509.web07-pub?0,1620595325,17:22:05,20210509
78,2001-09-30,MSF.DE,USD,2001-09-30,2001-09-30,Q3,6126000000,884000000.0,5242000000.0,0.8556970290564806,1013000000.0,1332000000.0,0.0,0.0,2345000000.0,3229000000.0,0.0,282000000.0,3179000000,0.518935683969964,2897000000,0.47290238328436174,-1459000000.0,1887000000.0,0.3080313418217434,604000000.0,1283000000.0,0.20943519425399934,0.12,0.115,10796000000,11134000000,https://www.bundesanzeiger.de/pub/de/suche;wwwsid=627BFD7A56A5CB624C47FDDEAB2FC509.web07-pub?0,https://www.bundesanzeiger.de/pub/de/suche;wwwsid=627BFD7A56A5CB624C47FDDEAB2FC509.web07-pub?0,1620595325,17:22:05,20210509
79,2001-06-30,MSF.DE,USD,2001-06-30,2001-06-30,Q2,6455000000,1717000000.0,4738000000.0,0.734004647560031,1364000000.0,1595000000.0,0.0,0.0,1987000000.0,3704000000.0,0.0,564000000.0,3315000000,0.5135553834237025,2751000000,0.4261812548412084,-3105000000.0,98000000.0,0.015182029434546863,33000000.0,65000000.0,0.010069713400464756,0.00859106529209622,0.00859106529209622,7566000000,7566000000,https://www.bundesanzeiger.de/pub/de/suche;wwwsid=627BFD7A56A5CB624C47FDDEAB2FC509.web07-pub?0,https://www.bundesanzeiger.de/pub/de/suche;wwwsid=627BFD7A56A5CB624C47FDDEAB2FC509.web07-pub?0,1620595325,17:22:05,20210509
80,2001-03-31,MSF.DE,USD,2001-03-31,2001-03-31,Q1,6456000000,469000000.0,5987000000.0,0.9273543990086741,1069000000.0,1437000000.0,0.0,0.0,2989000000.0,3458000000.0,0.0,483000000.0,3481000000,0.5391883519206939,2998000000,0.46437422552664187,164000000.0,3658000000.0,0.5666047087980174,1207000000.0,2451000000.0,0.37964684014869887,0.23,0.22,10672000000,11126000000,https://www.bundesanzeiger.de/pub/de/suche;wwwsid=627BFD7A56A5CB624C47FDDEAB2FC509.web07-pub?0,https://www.bundesanzeiger.de/pub/de/suche;wwwsid=627BFD7A56A5CB624C47FDDEAB2FC509.web07-pub?0,1620595325,17:22:05,20210509
81,2000-12-31,MSF.DE,USD,2000-12-31,2000-12-31,Q4,6585000000,660000000.0,5925000000.0,0.8997722095671982,990000000.0,1502000000.0,0.0,0.0,2731000000.0,3391000000.0,0.0,239000000.0,3433000000,0.521336370539104,3194000000,0.485041761579347,293000000.0,3917000000.0,0.5948367501898254,1293000000.0,2624000000.0,0.3984813971146545,0.245,0.235,10660000000,11140000000,https://www.bundesanzeiger.de/pub/de/suche;wwwsid=627BFD7A56A5CB624C47FDDEAB2FC509.web07-pub?0,https://www.bundesanzeiger.de/pub/de/suche;wwwsid=627BFD7A56A5CB624C47FDDEAB2FC509.web07-pub?0,1620595325,17:22:05,20210509
82,2000-09-30,MSF.DE,USD,2000-09-30,2000-09-30,Q3,5800000000,609000000.0,5191000000.0,0.895,956000000.0,1208000000.0,0.0,0.0,2414000000.0,3023000000.0,0.0,250000000.0,3027000000,0.521896551724138,2777000000,0.47879310344827586,644000000.0,3852000000.0,0.6641379310344827,1271000000.0,2206000000.0,0.3803448275862069,0.21,0.2,10598000000,11114000000,https://www.bundesanzeiger.de/pub/de/suche;wwwsid=627BFD7A56A5CB624C47FDDEAB2FC509.web07-pub?0,https://www.bundesanzeiger.de/pub/de/suche;wwwsid=627BFD7A56A5CB624C47FDDEAB2FC509.web07-pub?0,1620595325,17:22:05,20210509
83,2000-06-30,MSF.DE,USD,2000-06-30,2000-06-30,Q2,5804000000,1074000000.0,4730000000.0,0.8149552033080634,1040000000.0,1353000000.0,0.0,0.0,2101000000.0,3175000000.0,0.0,-292000000.0,2337000000,0.40265334252239837,2629000000,0.4529634734665748,1022000000.0,3651000000.0,0.6290489317711923,1242000000.0,2409000000.0,0.4150585802894555,0.3183980967486122,0.3183980967486122,7566000000,7566000000,https://www.bundesanzeiger.de/pub/de/suche;wwwsid=627BFD7A56A5CB624C47FDDEAB2FC509.web07-pub?0,https://www.bundesanzeiger.de/pub/de/suche;wwwsid=627BFD7A56A5CB624C47FDDEAB2FC509.web07-pub?0,1620595325,17:22:05,20210509
84,2000-03-31,MSF.DE,USD,2000-03-31,2000-03-31,Q1,5656000000,477000000.0,5179000000.0,0.9156647807637907,990000000.0,1218000000.0,0.0,0.0,2483000000.0,2960000000.0,0.0,275000000.0,2971000000,0.5252828854314003,2696000000,0.4766619519094767,917000000.0,3613000000.0,0.6387906647807637,1228000000.0,2385000000.0,0.4216760961810467,0.23,0.215,10418000000,11086000000,https://www.bundesanzeiger.de/pub/de/suche;wwwsid=627BFD7A56A5CB624C47FDDEAB2FC509.web07-pub?0,https://www.bundesanzeiger.de/pub/de/suche;wwwsid=627BFD7A56A5CB624C47FDDEAB2FC509.web07-pub?0,1620595325,17:22:05,20210509
85,1999-12-31,MSF.DE,USD,1999-12-31,1999-12-31,Q4,6112000000,431000000.0,5681000000.0,0.9294829842931938,911000000.0,1533000000.0,0.0,0.0,2769000000.0,3200000000.0,0.0,325000000.0,3237000000,0.5296138743455497,2912000000,0.47643979057591623,779000000.0,3691000000.0,0.6038939790575916,1255000000.0,2436000000.0,0.39856020942408377,0.235,0.22,10326000000,11040909091,https://www.bundesanzeiger.de/pub/de/suche;wwwsid=627BFD7A56A5CB624C47FDDEAB2FC509.web07-pub?0,https://www.bundesanzeiger.de/pub/de/suche;wwwsid=627BFD7A56A5CB624C47FDDEAB2FC509.web07-pub?0,1620595325,17:22:05,20210509
86,1999-09-30,MSF.DE,USD,1999-09-30,1999-09-30,Q3,5384000000,272000000.0,5112000000.0,0.9494799405646359,834000000.0,1046000000.0,0.0,0.0,2320000000.0,2592000000.0,0.0,440000000.0,3232000000,0.600297176820208,2792000000,0.5185735512630015,528000000.0,3320000000.0,0.6166419019316494,1129000000.0,2191000000.0,0.40694650817236255,0.215,0.2,10258000000,11054000000,https://www.bundesanzeiger.de/pub/de/suche;wwwsid=627BFD7A56A5CB624C47FDDEAB2FC509.web07-pub?0,https://www.bundesanzeiger.de/pub/de/suche;wwwsid=627BFD7A56A5CB624C47FDDEAB2FC509.web07-pub?0,1620595325,17:22:05,20210509
87,1999-06-30,MSF.DE,USD,1999-06-30,1999-06-30,Q2,6525000000,1228000000.0,5297000000.0,0.8118007662835249,1081000000.0,762000000.0,0.0,0.0,2339000000.0,3567000000.0,0.0,496000000.0,3454000000,0.5293486590038314,2958000000,0.4533333333333333,430000000.0,3388000000.0,0.5192337164750958,1186000000.0,2202000000.0,0.3374712643678161,0.29103885804916735,0.29103885804916735,7566000000,7566000000,https://www.bundesanzeiger.de/pub/de/suche;wwwsid=627BFD7A56A5CB624C47FDDEAB2FC509.web07-pub?0,https://www.bundesanzeiger.de/pub/de/suche;wwwsid=627BFD7A56A5CB624C47FDDEAB2FC509.web07-pub?0,1620595325,17:22:05,20210509
88,1999-03-31,MSF.DE,USD,1999-03-31,1999-03-31,Q1,4331000000,192000000.0,4139000000.0,0.9556684368506119,611000000.0,1140000000.0,0.0,0.0,1909000000.0,2101000000.0,0.0,158000000.0,2388000000,0.5513738166705149,2230000000,0.5148926344954976,719000000.0,2949000000.0,0.6809051027476334,1032000000.0,1917000000.0,0.4426229508196721,0.19,0.175,10110000000,11024000000,https://www.bundesanzeiger.de/pub/de/suche;wwwsid=627BFD7A56A5CB624C47FDDEAB2FC509.web07-pub?0,https://www.bundesanzeiger.de/pub/de/suche;wwwsid=627BFD7A56A5CB624C47FDDEAB2FC509.web07-pub?0,1620595325,17:22:05,20210509
89,1998-12-31,MSF.DE,USD,1998-12-31,1998-12-31,Q4,4938000000,256000000.0,4682000000.0,0.9481571486431754,667000000.0,1089000000.0,0.0,0.0,1933000000.0,2189000000.0,0.0,177000000.0,2926000000,0.5925475901174565,2749000000,0.5567031186715269,302000000.0,3051000000.0,0.6178614823815309,1068000000.0,1983000000.0,0.40157958687727824,0.2,0.185,9996000000,10920000000,https://www.bundesanzeiger.de/pub/de/suche;wwwsid=627BFD7A56A5CB624C47FDDEAB2FC509.web07-pub?0,https://www.bundesanzeiger.de/pub/de/suche;wwwsid=627BFD7A56A5CB624C47FDDEAB2FC509.web07-pub?0,1620595325,17:22:05,20210509
90,1998-09-30,MSF.DE,USD,1998-09-30,1998-09-30,Q3,3953000000,128000000.0,3825000000.0,0.9676195294712876,611000000.0,929000000.0,0.0,0.0,1719000000.0,1847000000.0,0.0,179000000.0,2285000000,0.5780419934227169,2106000000,0.5327599291677207,397000000.0,2503000000.0,0.6331899822919301,820000000.0,1683000000.0,0.42575259296736656,0.17,0.155,9916000000,10868000000,https://www.bundesanzeiger.de/pub/de/suche;wwwsid=627BFD7A56A5CB624C47FDDEAB2FC509.web07-pub?0,https://www.bundesanzeiger.de/pub/de/suche;wwwsid=627BFD7A56A5CB624C47FDDEAB2FC509.web07-pub?0,1620595325,17:22:05,20210509
91,1998-06-30,MSF.DE,USD,1998-06-30,1998-06-30,Q2,3995000000,66000000.0,3929000000.0,0.983479349186483,711000000.0,1047000000.0,0.0,0.0,2006000000.0,2072000000.0,0.0,248000000.0,2171000000,0.5434292866082603,1923000000,0.481351689612015,165000000.0,2088000000.0,0.5226533166458073,731000000.0,1357000000.0,0.3396745932415519,0.17935500925191647,0.17935500925191647,7566000000,7566000000,https://www.bundesanzeiger.de/pub/de/suche;wwwsid=627BFD7A56A5CB624C47FDDEAB2FC509.web07-pub?0,https://www.bundesanzeiger.de/pub/de/suche;wwwsid=627BFD7A56A5CB624C47FDDEAB2FC509.web07-pub?0,1620595325,17:22:05,20210509
92,1998-03-31,MSF.DE,USD,1998-03-31,1998-03-31,Q1,3774000000,38000000.0,3736000000.0,0.9899311075781664,597000000.0,933000000.0,0.0,0.0,1809000000.0,1847000000.0,0.0,279000000.0,2206000000,0.584525702172761,1927000000,0.5105988341282459,130000000.0,2057000000.0,0.545045045045045,720000000.0,1337000000.0,0.354266030736619,0.14,0.125,9732000000,10740000000,https://www.bundesanzeiger.de/pub/de/suche;wwwsid=627BFD7A56A5CB624C47FDDEAB2FC509.web07-pub?0,https://www.bundesanzeiger.de/pub/de/suche;wwwsid=627BFD7A56A5CB624C47FDDEAB2FC509.web07-pub?0,1620595325,17:22:05,20210509
93,1997-12-31,MSF.DE,USD,1997-12-31,1997-12-31,Q4,3585000000,44000000.0,3541000000.0,0.9877266387726639,627000000.0,982000000.0,0.0,0.0,1878000000.0,1922000000.0,0.0,269000000.0,1932000000,0.5389121338912134,1663000000,0.46387726638772664,107000000.0,1770000000.0,0.49372384937238495,637000000.0,1133000000.0,0.31603905160390516,0.12,0.105,9696000000,10672000000,https://www.bundesanzeiger.de/pub/de/suche;wwwsid=627BFD7A56A5CB624C47FDDEAB2FC509.web07-pub?0,https://www.bundesanzeiger.de/pub/de/suche;wwwsid=627BFD7A56A5CB624C47FDDEAB2FC509.web07-pub?0,1620595325,17:22:05,20210509
94,1997-09-30,MSF.DE,USD,1997-09-30,1997-09-30,Q3,3130000000,25000000.0,3105000000.0,0.9920127795527156,567000000.0,883000000.0,0.0,0.0,1678000000.0,1703000000.0,0.0,228000000.0,1655000000,0.5287539936102237,1427000000,0.45591054313099044,-225000000.0,1202000000.0,0.3840255591054313,539000000.0,663000000.0,0.21182108626198082,0.07,0.065,9640000000,10664000000,https://www.bundesanzeiger.de/pub/de/suche;wwwsid=627BFD7A56A5CB624C47FDDEAB2FC509.web07-pub?0,https://www.bundesanzeiger.de/pub/de/suche;wwwsid=627BFD7A56A5CB624C47FDDEAB2FC509.web07-pub?0,1620595325,17:22:05,20210509
95,1997-06-30,MSF.DE,USD,1997-06-30,1997-06-30,Q2,3175000000,99000000.0,3076000000.0,0.9688188976377953,516000000.0,838000000.0,0.0,0.0,1497000000.0,1596000000.0,0.0,143000000.0,1722000000,0.5423622047244094,1579000000,0.4973228346456693,47000000.0,1626000000.0,0.5121259842519685,569000000.0,1057000000.0,0.33291338582677166,0.13970393867301084,0.13970393867301084,7566000000,7566000000,https://www.bundesanzeiger.de/pub/de/suche;wwwsid=627BFD7A56A5CB624C47FDDEAB2FC509.web07-pub?0,https://www.bundesanzeiger.de/pub/de/suche;wwwsid=627BFD7A56A5CB624C47FDDEAB2FC509.web07-pub?0,1620595325,17:22:05,20210509
96,1997-03-31,MSF.DE,USD,1997-03-31,1997-03-31,Q1,3208000000,189000000.0,3019000000.0,0.9410847880299252,492000000.0,851000000.0,0.0,0.0,1451000000.0,1640000000.0,0.0,108000000.0,1676000000,0.5224438902743143,1568000000,0.48877805486284287,35000000.0,1603000000.0,0.49968827930174564,561000000.0,1042000000.0,0.3248129675810474,0.11,0.1,9409090909,10350000000,https://www.bundesanzeiger.de/pub/de/suche;wwwsid=627BFD7A56A5CB624C47FDDEAB2FC509.web07-pub?0,https://www.bundesanzeiger.de/pub/de/suche;wwwsid=627BFD7A56A5CB624C47FDDEAB2FC509.web07-pub?0,1620595325,17:22:05,20210509
97,1996-12-31,MSF.DE,USD,1996-12-31,1996-12-31,Q4,2680000000,152000000.0,2528000000.0,0.9432835820895522,485000000.0,818000000.0,0.0,0.0,1447000000.0,1599000000.0,0.0,144000000.0,1225000000,0.457089552238806,1081000000,0.4033582089552239,59000000.0,1140000000.0,0.4253731343283582,399000000.0,741000000.0,0.2764925373134328,0.08,0.07,9250000000,10571428571,https://www.bundesanzeiger.de/pub/de/suche;wwwsid=627BFD7A56A5CB624C47FDDEAB2FC509.web07-pub?0,https://www.bundesanzeiger.de/pub/de/suche;wwwsid=627BFD7A56A5CB624C47FDDEAB2FC509.web07-pub?0,1620595325,17:22:05,20210509
98,1996-09-30,MSF.DE,USD,1996-09-30,1996-09-30,Q3,2295000000,88000000.0,2207000000.0,0.9616557734204793,432000000.0,711000000.0,0.0,0.0,1305000000.0,1393000000.0,0.0,162000000.0,1064000000,0.4636165577342048,902000000,0.3930283224400871,43000000.0,945000000.0,0.4117647058823529,331000000.0,614000000.0,0.26753812636165575,0.065,0.06,9446153846,10233333333,https://www.bundesanzeiger.de/pub/de/suche;wwwsid=627BFD7A56A5CB624C47FDDEAB2FC509.web07-pub?0,https://www.bundesanzeiger.de/pub/de/suche;wwwsid=627BFD7A56A5CB624C47FDDEAB2FC509.web07-pub?0,1620595325,17:22:05,20210509
99,1996-06-30,MSF.DE,USD,1996-06-30,1996-06-30,Q2,2255000000,97000000.0,2158000000.0,0.9569844789356985,453000000.0,751000000.0,0.0,0.0,1348000000.0,1445000000.0,0.0,144000000.0,954000000,0.42305986696230596,810000000,0.35920177383592017,50000000.0,860000000.0,0.38137472283813745,301000000.0,559000000.0,0.24789356984478936,0.07388316151202749,0.07388316151202749,7566000000,7566000000,https://www.bundesanzeiger.de/pub/de/suche;wwwsid=627BFD7A56A5CB624C47FDDEAB2FC509.web07-pub?0,https://www.bundesanzeiger.de/pub/de/suche;wwwsid=627BFD7A56A5CB624C47FDDEAB2FC509.web07-pub?0,1620595325,17:22:05,20210509
100,1996-03-31,MSF.DE,USD,1996-03-31,1996-03-31,Q1,2205000000,106000000.0,2099000000.0,0.9519274376417234,364000000.0,772000000.0,0.0,0.0,1325000000.0,1431000000.0,0.0,189000000.0,963000000,0.43673469387755104,774000000,0.3510204081632653,90000000.0,864000000.0,0.39183673469387753,302000000.0,562000000.0,0.254875283446712,0.055,0.055,10218181818,10218181818,https://www.bundesanzeiger.de/pub/de/suche;wwwsid=627BFD7A56A5CB624C47FDDEAB2FC509.web07-pub?0,https://www.bundesanzeiger.de/pub/de/suche;wwwsid=627BFD7A56A5CB624C47FDDEAB2FC509.web07-pub?0,1620595325,17:22:05,20210509
101,1995-12-31,MSF.DE,USD,1995-12-31,1995-12-31,Q4,2195000000,252000000.0,1943000000.0,0.8851936218678815,313000000.0,766000000.0,0.0,0.0,1157000000.0,1409000000.0,0.0,78000000.0,864000000,0.39362186788154896,786000000,0.3580865603644647,99000000.0,885000000.0,0.4031890660592255,310000000.0,575000000.0,0.2619589977220957,0.06,0.06,9583333333,9583333333,https://www.bundesanzeiger.de/pub/de/suche;wwwsid=627BFD7A56A5CB624C47FDDEAB2FC509.web07-pub?0,https://www.bundesanzeiger.de/pub/de/suche;wwwsid=627BFD7A56A5CB624C47FDDEAB2FC509.web07-pub?0,1620595325,17:22:05,20210509
102,1995-09-30,MSF.DE,USD,1995-09-30,1995-09-30,Q3,2016000000,253000000.0,1763000000.0,0.8745039682539683,302000000.0,684000000.0,0.0,0.0,1055000000.0,1308000000.0,0.0,69000000.0,777000000,0.3854166666666667,708000000,0.35119047619047616,62000000.0,770000000.0,0.3819444444444444,271000000.0,499000000.0,0.24751984126984128,0.05,0.05,9980000000,9980000000,https://www.bundesanzeiger.de/pub/de/suche;wwwsid=627BFD7A56A5CB624C47FDDEAB2FC509.web07-pub?0,https://www.bundesanzeiger.de/pub/de/suche;wwwsid=627BFD7A56A5CB624C47FDDEAB2FC509.web07-pub?0,1620595325,17:22:05,20210509
103,1995-06-30,MSF.DE,USD,1995-06-30,1995-06-30,Q2,1621000000,168000000.0,1453000000.0,0.8963602714373843,264000000.0,591000000.0,0.0,0.0,921000000.0,1089000000.0,0.0,66000000.0,598000000,0.3689080814312153,532000000,0.3281924737816163,15000000.0,547000000.0,0.337446020974707,179000000.0,368000000.0,0.2270203578038248,0.04863864657679091,0.04863864657679091,7566000000,7566000000,https://www.bundesanzeiger.de/pub/de/suche;wwwsid=627BFD7A56A5CB624C47FDDEAB2FC509.web07-pub?0,https://www.bundesanzeiger.de/pub/de/suche;wwwsid=627BFD7A56A5CB624C47FDDEAB2FC509.web07-pub?0,1620595325,17:22:05,20210509
104,1995-03-31,MSF.DE,USD,1995-03-31,1995-03-31,Q1,1587000000,165000000.0,1422000000.0,0.8960302457466919,219000000.0,584000000.0,0.0,0.0,873000000.0,1038000000.0,0.0,70000000.0,619000000,0.39004410838059234,549000000,0.34593572778827975,43000000.0,592000000.0,0.37303087586641465,196000000.0,396000000.0,0.2495274102079395,0.04,0.04,9900000000,9900000000,https://www.bundesanzeiger.de/pub/de/suche;wwwsid=627BFD7A56A5CB624C47FDDEAB2FC509.web07-pub?0,https://www.bundesanzeiger.de/pub/de/suche;wwwsid=627BFD7A56A5CB624C47FDDEAB2FC509.web07-pub?0,1620595325,17:22:05,20210509
105,1994-12-31,MSF.DE,USD,1994-12-31,1994-12-31,Q4,1482000000,156000000.0,1326000000.0,0.8947368421052632,199000000.0,541000000.0,0.0,0.0,806000000.0,962000000.0,0.0,66000000.0,586000000,0.39541160593792174,520000000,0.3508771929824561,37000000.0,557000000.0,0.3758434547908232,184000000.0,373000000.0,0.2516869095816464,0.04,0.04,9325000000,9325000000,https://www.bundesanzeiger.de/pub/de/suche;wwwsid=627BFD7A56A5CB624C47FDDEAB2FC509.web07-pub?0,https://www.bundesanzeiger.de/pub/de/suche;wwwsid=627BFD7A56A5CB624C47FDDEAB2FC509.web07-pub?0,1620595325,17:22:05,20210509
106,1994-09-30,MSF.DE,USD,1994-09-30,1994-09-30,Q3,1247000000,119000000.0,1128000000.0,0.9045709703287891,178000000.0,446000000.0,0.0,0.0,691000000.0,810000000.0,0.0,67000000.0,504000000,0.4041700080192462,437000000,0.3504410585404972,34000000.0,471000000.0,0.3777064955894146,155000000.0,316000000.0,0.25340817963111467,0.035,0.035,9028571429,9028571429,https://www.bundesanzeiger.de/pub/de/suche;wwwsid=627BFD7A56A5CB624C47FDDEAB2FC509.web07-pub?0,https://www.bundesanzeiger.de/pub/de/suche;wwwsid=627BFD7A56A5CB624C47FDDEAB2FC509.web07-pub?0,1620595325,17:22:05,20210509
107,1994-06-30,MSF.DE,USD,1994-06-30,1994-06-30,Q2,1293000000,135000000.0,1158000000.0,0.8955916473317865,170000000.0,424000000.0,0.0,0.0,670000000.0,805000000.0,0.0,76000000.0,564000000,0.4361948955916473,488000000,0.3774168600154679,52000000.0,540000000.0,0.4176334106728538,178000000.0,362000000.0,0.279969064191802,0.04784562516521279,0.04784562516521279,7566000000,7566000000,https://www.bundesanzeiger.de/pub/de/suche;wwwsid=627BFD7A56A5CB624C47FDDEAB2FC509.web07-pub?0,https://www.bundesanzeiger.de/pub/de/suche;wwwsid=627BFD7A56A5CB624C47FDDEAB2FC509.web07-pub?0,1620595325,17:22:05,20210509
108,1994-03-31,MSF.DE,USD,1994-03-31,1994-03-31,Q1,1244000000,135000000.0,1109000000.0,0.8914790996784566,156000000.0,400000000.0,0.0,0.0,629000000.0,764000000.0,0.0,73000000.0,553000000,0.4445337620578778,480000000,0.3858520900321543,-98000000.0,382000000.0,0.3070739549839228,126000000.0,256000000.0,0.2057877813504823,0.03,0.03,8533333333,8533333333,https://www.bundesanzeiger.de/pub/de/suche;wwwsid=627BFD7A56A5CB624C47FDDEAB2FC509.web07-pub?0,https://www.bundesanzeiger.de/pub/de/suche;wwwsid=627BFD7A56A5CB624C47FDDEAB2FC509.web07-pub?0,1620595325,17:22:05,20210509
109,1993-12-31,MSF.DE,USD,1993-12-31,1993-12-31,Q4,1129000000,138000000.0,991000000.0,0.8777679362267493,0.0,529000000.0,0.0,0.0,576000000.0,714000000.0,0.0,47000000.0,462000000,0.4092116917626218,415000000,0.3675819309123118,23000000.0,438000000.0,0.3879539415411869,149000000.0,289000000.0,0.25597874224977857,0.03,0.03,9633333333,9633333333,https://www.bundesanzeiger.de/pub/de/suche;wwwsid=627BFD7A56A5CB624C47FDDEAB2FC509.web07-pub?0,https://www.bundesanzeiger.de/pub/de/suche;wwwsid=627BFD7A56A5CB624C47FDDEAB2FC509.web07-pub?0,1620595325,17:22:05,20210509
110,1993-09-30,MSF.DE,USD,1993-09-30,1993-09-30,Q3,983000000,118000000.0,865000000.0,0.8799593082400814,0.0,481000000.0,0.0,0.0,522000000.0,640000000.0,0.0,41000000.0,384000000,0.3906408952187182,343000000,0.34893184130213634,19000000.0,362000000.0,0.36826042726347913,123000000.0,239000000.0,0.24313326551373346,0.025,0.025,9560000000,9560000000,https://www.bundesanzeiger.de/pub/de/suche;wwwsid=627BFD7A56A5CB624C47FDDEAB2FC509.web07-pub?0,https://www.bundesanzeiger.de/pub/de/suche;wwwsid=627BFD7A56A5CB624C47FDDEAB2FC509.web07-pub?0,1620595325,17:22:05,20210509
111,1993-06-30,MSF.DE,USD,1993-06-30,1993-06-30,Q2,1039000000,141000000.0,898000000.0,0.8642925890279115,0.0,486000000.0,0.0,0.0,525000000.0,666000000.0,0.0,39000000.0,412000000,0.3965351299326275,373000000,0.3589990375360924,17000000.0,390000000.0,0.3753609239653513,125000000.0,265000000.0,0.2550529355149182,0.035025112344699974,0.035025112344699974,7566000000,7566000000,https://www.bundesanzeiger.de/pub/de/suche;wwwsid=627BFD7A56A5CB624C47FDDEAB2FC509.web07-pub?0,https://www.bundesanzeiger.de/pub/de/suche;wwwsid=627BFD7A56A5CB624C47FDDEAB2FC509.web07-pub?0,1620595325,17:22:05,20210509
112,1993-03-31,MSF.DE,USD,1993-03-31,1993-03-31,Q1,958000000,123700000.0,834300000.0,0.8708768267223382,0.0,459000000.0,0.0,0.0,496300000.0,620000000.0,0.0,38000000.0,376000000,0.3924843423799583,338000000,0.35281837160751567,19000000.0,357000000.0,0.37265135699373697,114000000.0,243000000.0,0.2536534446764092,0.025,0.025,9720000000,9720000000,https://www.bundesanzeiger.de/pub/de/suche;wwwsid=627BFD7A56A5CB624C47FDDEAB2FC509.web07-pub?0,https://www.bundesanzeiger.de/pub/de/suche;wwwsid=627BFD7A56A5CB624C47FDDEAB2FC509.web07-pub?0,1620595325,17:22:05,20210509
113,1992-12-31,MSF.DE,USD,1992-12-31,1992-12-31,Q4,938000000,121000000.0,817000000.0,0.8710021321961621,0.0,455000000.0,0.0,0.0,491000000.0,612000000.0,0.0,36000000.0,362000000,0.3859275053304904,326000000,0.34754797441364604,21000000.0,347000000.0,0.3699360341151386,111000000.0,236000000.0,0.2515991471215352,0.025,0.025,9440000000,9440000000,https://www.bundesanzeiger.de/pub/de/suche;wwwsid=627BFD7A56A5CB624C47FDDEAB2FC509.web07-pub?0,https://www.bundesanzeiger.de/pub/de/suche;wwwsid=627BFD7A56A5CB624C47FDDEAB2FC509.web07-pub?0,1620595325,17:22:05,20210509
114,1992-09-30,MSF.DE,USD,1992-09-30,1992-09-30,Q3,818000000,97000000.0,721000000.0,0.8814180929095354,0.0,394000000.0,0.0,0.0,432000000.0,529000000.0,0.0,38000000.0,327000000,0.39975550122249387,289000000,0.3533007334963325,18000000.0,307000000.0,0.3753056234718826,98000000.0,209000000.0,0.2555012224938875,0.025,0.025,8360000000,8360000000,https://www.bundesanzeiger.de/pub/de/suche;wwwsid=627BFD7A56A5CB624C47FDDEAB2FC509.web07-pub?0,https://www.bundesanzeiger.de/pub/de/suche;wwwsid=627BFD7A56A5CB624C47FDDEAB2FC509.web07-pub?0,1620595325,17:22:05,20210509
115,1992-06-30,MSF.DE,USD,1992-06-30,1992-06-30,Q2,815400000,97400000.0,718000000.0,0.8805494235957813,0.0,382700000.0,0.0,0.0,422000000.0,519400000.0,0.0,39300000.0,335300000,0.41120922246750063,296000000,0.36301201864115773,13000000.0,309000000.0,0.3789551140544518,98900000.0,210100000.0,0.25766494971792986,0.02776896642876024,0.02776896642876024,7566000000,7566000000,https://www.bundesanzeiger.de/pub/de/suche;wwwsid=627BFD7A56A5CB624C47FDDEAB2FC509.web07-pub?0,https://www.bundesanzeiger.de/pub/de/suche;wwwsid=627BFD7A56A5CB624C47FDDEAB2FC509.web07-pub?0,1620595325,17:22:05,20210509
116,1992-03-31,MSF.DE,USD,1992-03-31,1992-03-31,Q1,680900000,82600000.0,598300000.0,0.8786899691584668,0.0,319800000.0,0.0,0.0,347300000.0,429900000.0,0.0,27500000.0,278500000,0.40901747686885004,251000000,0.3686297547363783,11900000.0,262900000.0,0.3861066235864297,84100000.0,178800000.0,0.26259362608312525,0.02,0.02,8940000000,8940000000,https://www.bundesanzeiger.de/pub/de/suche;wwwsid=627BFD7A56A5CB624C47FDDEAB2FC509.web07-pub?0,https://www.bundesanzeiger.de/pub/de/suche;wwwsid=627BFD7A56A5CB624C47FDDEAB2FC509.web07-pub?0,1620595325,17:22:05,20210509
117,1991-12-31,MSF.DE,USD,1991-12-31,1991-12-31,Q4,681900000,90300000.0,591600000.0,0.8675758908930928,0.0,320700000.0,0.0,0.0,345500000.0,435800000.0,0.0,24800000.0,270900000,0.39727232732072154,246100000,0.36090335826367503,11600000.0,257700000.0,0.37791465024197096,82500000.0,175200000.0,0.25692916849978004,0.02,0.02,8760000000,8760000000,https://www.bundesanzeiger.de/pub/de/suche;wwwsid=627BFD7A56A5CB624C47FDDEAB2FC509.web07-pub?0,https://www.bundesanzeiger.de/pub/de/suche;wwwsid=627BFD7A56A5CB624C47FDDEAB2FC509.web07-pub?0,1620595325,17:22:05,20210509
118,1991-09-30,MSF.DE,USD,1991-09-30,1991-09-30,Q3,580500000,83800000.0,496700000.0,0.8556416881998278,0.0,273100000.0,0.0,0.0,293800000.0,377600000.0,0.0,20700000.0,223600000,0.3851851851851852,202900000,0.34952627045650303,8800000.0,211700000.0,0.36468561584840653,67700000.0,144000000.0,0.24806201550387597,0.02,0.02,7200000000,7200000000,https://www.bundesanzeiger.de/pub/de/suche;wwwsid=627BFD7A56A5CB624C47FDDEAB2FC509.web07-pub?0,https://www.bundesanzeiger.de/pub/de/suche;wwwsid=627BFD7A56A5CB624C47FDDEAB2FC509.web07-pub?0,1620595325,17:22:05,20210509
119,1991-06-30,MSF.DE,USD,1991-06-30,1991-06-30,Q2,526600000,69300000.0,457300000.0,0.8684010634257501,0.0,235100000.0,0.0,0.0,263300000.0,332600000.0,0.0,28200000.0,222200000,0.42195214584124574,194000000,0.3684010634257501,6600000.0,200600000.0,0.38093429548044055,62200000.0,138400000.0,0.2628180782377516,0.0182923605604018,0.0182923605604018,7566000000,7566000000,https://www.bundesanzeiger.de/pub/de/suche;wwwsid=627BFD7A56A5CB624C47FDDEAB2FC509.web07-pub?0,https://www.bundesanzeiger.de/pub/de/suche;wwwsid=627BFD7A56A5CB624C47FDDEAB2FC509.web07-pub?0,1620595325,17:22:05,20210509
120,1991-03-31,MSF.DE,USD,1991-03-31,1991-03-31,Q1,486900000,76400000.0,410500000.0,0.8430889299650852,0.0,217900000.0,0.0,0.0,237000000.0,313400000.0,0.0,19100000.0,192600000,0.3955637707948244,173500000,0.3563360032860957,6000000.0,179500000.0,0.3686588621893613,55700000.0,123800000.0,0.25426165537071266,0.015,0.015,8253333333,8253333333,https://www.bundesanzeiger.de/pub/de/suche;wwwsid=627BFD7A56A5CB624C47FDDEAB2FC509.web07-pub?0,https://www.bundesanzeiger.de/pub/de/suche;wwwsid=627BFD7A56A5CB624C47FDDEAB2FC509.web07-pub?0,1620595325,17:22:05,20210509
121,1990-12-31,MSF.DE,USD,1990-12-31,1990-12-31,Q4,460500000,78100000.0,382400000.0,0.8304017372421281,0.0,207600000.0,0.0,0.0,223100000.0,301200000.0,0.0,15500000.0,174800000,0.3795874049945711,159300000,0.34592833876221496,4200000.0,163500000.0,0.3550488599348534,50600000.0,112900000.0,0.24516829533116177,0.015,0.015,7526666667,7526666667,https://www.bundesanzeiger.de/pub/de/suche;wwwsid=627BFD7A56A5CB624C47FDDEAB2FC509.web07-pub?0,https://www.bundesanzeiger.de/pub/de/suche;wwwsid=627BFD7A56A5CB624C47FDDEAB2FC509.web07-pub?0,1620595325,17:22:05,20210509
122,1990-09-30,MSF.DE,USD,1990-09-30,1990-09-30,Q3,369400000,63000000.0,306400000.0,0.8294531672983216,0.0,170400000.0,0.0,0.0,183400000.0,246400000.0,0.0,13000000.0,136000000,0.36816459122902,123000000,0.33297238765565784,4000000.0,127000000.0,0.34380075798592313,39400000.0,87600000.0,0.23714131023280996,0.01,0.01,8760000000,8760000000,https://www.bundesanzeiger.de/pub/de/suche;wwwsid=627BFD7A56A5CB624C47FDDEAB2FC509.web07-pub?0,https://www.bundesanzeiger.de/pub/de/suche;wwwsid=627BFD7A56A5CB624C47FDDEAB2FC509.web07-pub?0,1620595325,17:22:05,20210509
123,1990-06-30,MSF.DE,USD,1990-06-30,1990-06-30,Q2,336900000,56200000.0,280700000.0,0.8331849213416445,0.0,156400000.0,0.0,0.0,170200000.0,226400000.0,0.0,13800000.0,124300000,0.3689522113386762,110500000,0.3279905016325319,7100000.0,117600000.0,0.3490650044523598,37600000.0,80000000.0,0.23745918670228555,0.010573618821041502,0.010573618821041502,7566000000,7566000000,https://www.bundesanzeiger.de/pub/de/suche;wwwsid=627BFD7A56A5CB624C47FDDEAB2FC509.web07-pub?0,https://www.bundesanzeiger.de/pub/de/suche;wwwsid=627BFD7A56A5CB624C47FDDEAB2FC509.web07-pub?0,1620595325,17:22:05,20210509
124,1990-03-31,MSF.DE,USD,1990-03-31,1990-03-31,Q1,310900000,54100000.0,256800000.0,0.8259890640077195,0.0,138400000.0,0.0,0.0,150400000.0,204500000.0,0.0,12000000.0,118400000,0.3808298488259891,106400000,0.34223222901254424,4200000.0,110600000.0,0.3557413959472499,35400000.0,75200000.0,0.24187841749758765,0.01,0.01,7520000000,7520000000,https://www.bundesanzeiger.de/pub/de/suche;wwwsid=627BFD7A56A5CB624C47FDDEAB2FC509.web07-pub?0,https://www.bundesanzeiger.de/pub/de/suche;wwwsid=627BFD7A56A5CB624C47FDDEAB2FC509.web07-pub?0,1620595325,17:22:05,20210509
125,1989-12-31,MSF.DE,USD,1989-12-31,1989-12-31,Q4,300400000,54800000.0,245600000.0,0.8175765645805593,0.0,127600000.0,0.0,0.0,138600000.0,193400000.0,0.0,11000000.0,118000000,0.39280958721704395,107000000,0.3561917443408788,2500000.0,109500000.0,0.3645139813581891,35000000.0,74500000.0,0.24800266311584554,0.01,0.01,7450000000,7450000000,https://www.bundesanzeiger.de/pub/de/suche;wwwsid=627BFD7A56A5CB624C47FDDEAB2FC509.web07-pub?0,https://www.bundesanzeiger.de/pub/de/suche;wwwsid=627BFD7A56A5CB624C47FDDEAB2FC509.web07-pub?0,1620595325,17:22:05,20210509
126,1989-09-30,MSF.DE,USD,1989-09-30,1989-09-30,Q3,235200000,41300000.0,193900000.0,0.8244047619047619,0.0,115000000.0,0.0,0.0,124500000.0,165800000.0,0.0,9500000.0,78900000,0.3354591836734694,69400000,0.2950680272108844,3500000.0,72900000.0,0.30994897959183676,23300000.0,49600000.0,0.2108843537414966,0.01,0.01,7911504000,7911504000,https://www.bundesanzeiger.de/pub/de/suche;wwwsid=627BFD7A56A5CB624C47FDDEAB2FC509.web07-pub?0,https://www.bundesanzeiger.de/pub/de/suche;wwwsid=627BFD7A56A5CB624C47FDDEAB2FC509.web07-pub?0,1620595325,17:22:05,20210509
127,1989-06-30,MSF.DE,USD,1989-06-30,1989-06-30,Q2,220200000,0.0,0.0,0.0,0.0,0.0,0.0,0.0,0.0,0.0,0.0,0.0,-341100000,-1.5490463215258856,-341100000,-1.5490463215258856,0.0,0.0,0.0,0.0,0.0,0.0,0.0,0.0,7566000000,7566000000,https://www.bundesanzeiger.de/pub/de/suche;wwwsid=627BFD7A56A5CB624C47FDDEAB2FC509.web07-pub?0,https://www.bundesanzeiger.de/pub/de/suche;wwwsid=627BFD7A56A5CB624C47FDDEAB2FC509.web07-pub?0,1620595325,17:22:05,20210509
128,1989-03-31,MSF.DE,USD,1989-03-31,1989-03-31,Q1,197000000,0.0,0.0,0.0,0.0,0.0,0.0,0.0,0.0,0.0,0.0,0.0,197000000,1.0,197000000,1.0,0.0,0.0,0.0,0.0,0.0,0.0,0.01,0.01,7799744000,7799744000,https://www.bundesanzeiger.de/pub/de/suche;wwwsid=627BFD7A56A5CB624C47FDDEAB2FC509.web07-pub?0,https://www.bundesanzeiger.de/pub/de/suche;wwwsid=627BFD7A56A5CB624C47FDDEAB2FC509.web07-pub?0,1620595325,17:22:05,20210509
129,1988-12-31,MSF.DE,USD,1988-12-31,1988-12-31,Q4,209800000,0.0,0.0,0.0,0.0,0.0,0.0,0.0,0.0,0.0,0.0,0.0,209800000,1.0,209800000,1.0,0.0,0.0,0.0,0.0,0.0,0.0,0.01,0.01,7752544000,7752544000,https://www.bundesanzeiger.de/pub/de/suche;wwwsid=627BFD7A56A5CB624C47FDDEAB2FC509.web07-pub?0,https://www.bundesanzeiger.de/pub/de/suche;wwwsid=627BFD7A56A5CB624C47FDDEAB2FC509.web07-pub?0,1620595325,17:22:05,20210509
130,1988-09-30,MSF.DE,USD,1988-09-30,1988-09-30,Q3,176400000,0.0,0.0,0.0,0.0,0.0,0.0,0.0,0.0,0.0,0.0,0.0,176400000,1.0,176400000,1.0,0.0,0.0,0.0,0.0,0.0,0.0,0.005,0.005,7719776000,7719776000,https://www.bundesanzeiger.de/pub/de/suche;wwwsid=627BFD7A56A5CB624C47FDDEAB2FC509.web07-pub?0,https://www.bundesanzeiger.de/pub/de/suche;wwwsid=627BFD7A56A5CB624C47FDDEAB2FC509.web07-pub?0,1620595325,17:22:05,20210509
131,1988-06-30,MSF.DE,USD,1988-06-30,1988-06-30,Q2,170400000,0.0,0.0,0.0,0.0,0.0,0.0,0.0,0.0,0.0,0.0,0.0,-233000000,-1.3673708920187793,-233000000,-1.3673708920187793,0.0,0.0,0.0,0.0,0.0,0.0,0.0,0.0,7566000000,7566000000,https://www.bundesanzeiger.de/pub/de/suche;wwwsid=627BFD7A56A5CB624C47FDDEAB2FC509.web07-pub?0,https://www.bundesanzeiger.de/pub/de/suche;wwwsid=627BFD7A56A5CB624C47FDDEAB2FC509.web07-pub?0,1620595325,17:22:05,20210509
132,1988-03-31,MSF.DE,USD,1988-03-31,1988-03-31,Q1,161800000,0.0,0.0,0.0,0.0,0.0,0.0,0.0,0.0,0.0,0.0,0.0,161800000,1.0,161800000,1.0,0.0,0.0,0.0,0.0,0.0,0.0,0.005,0.005,7658752000,7658752000,https://www.bundesanzeiger.de/pub/de/suche;wwwsid=627BFD7A56A5CB624C47FDDEAB2FC509.web07-pub?0,https://www.bundesanzeiger.de/pub/de/suche;wwwsid=627BFD7A56A5CB624C47FDDEAB2FC509.web07-pub?0,1620595325,17:22:05,20210509
133,1987-12-31,MSF.DE,USD,1987-12-31,1987-12-31,Q4,155900000,0.0,0.0,0.0,0.0,0.0,0.0,0.0,0.0,0.0,0.0,0.0,155900000,1.0,155900000,1.0,0.0,0.0,0.0,0.0,0.0,0.0,0.005,0.005,7583104000,7583104000,https://www.bundesanzeiger.de/pub/de/suche;wwwsid=627BFD7A56A5CB624C47FDDEAB2FC509.web07-pub?0,https://www.bundesanzeiger.de/pub/de/suche;wwwsid=627BFD7A56A5CB624C47FDDEAB2FC509.web07-pub?0,1620595325,17:22:05,20210509
134,1987-09-30,MSF.DE,USD,1987-09-30,1987-09-30,Q3,102600000,0.0,0.0,0.0,0.0,0.0,0.0,0.0,0.0,0.0,0.0,0.0,102600000,1.0,102600000,1.0,0.0,0.0,0.0,0.0,0.0,0.0,0.005,0.005,7583104000,7583104000,https://www.bundesanzeiger.de/pub/de/suche;wwwsid=627BFD7A56A5CB624C47FDDEAB2FC509.web07-pub?0,https://www.bundesanzeiger.de/pub/de/suche;wwwsid=627BFD7A56A5CB624C47FDDEAB2FC509.web07-pub?0,1620595325,17:22:05,20210509
135,1987-06-30,MSF.DE,USD,1987-06-30,1987-06-30,Q2,99800000,0.0,0.0,0.0,0.0,0.0,0.0,0.0,0.0,0.0,0.0,0.0,-119200000,-1.1943887775551103,-119200000,-1.1943887775551103,0.0,0.0,0.0,0.0,0.0,0.0,0.0,0.0,7566000000,7566000000,https://www.bundesanzeiger.de/pub/de/suche;wwwsid=627BFD7A56A5CB624C47FDDEAB2FC509.web07-pub?0,https://www.bundesanzeiger.de/pub/de/suche;wwwsid=627BFD7A56A5CB624C47FDDEAB2FC509.web07-pub?0,1620595325,17:22:05,20210509
136,1987-03-31,MSF.DE,USD,1987-03-31,1987-03-31,Q1,98400000,0.0,0.0,0.0,0.0,0.0,0.0,0.0,0.0,0.0,0.0,0.0,98400000,1.0,98400000,1.0,0.0,0.0,0.0,0.0,0.0,0.0,0.005,0.005,7342400000,7342400000,https://www.bundesanzeiger.de/pub/de/suche;wwwsid=627BFD7A56A5CB624C47FDDEAB2FC509.web07-pub?0,https://www.bundesanzeiger.de/pub/de/suche;wwwsid=627BFD7A56A5CB624C47FDDEAB2FC509.web07-pub?0,1620595325,17:22:05,20210509
137,1986-12-31,MSF.DE,USD,1986-12-31,1986-12-31,Q4,81000000,0.0,0.0,0.0,0.0,0.0,0.0,0.0,0.0,0.0,0.0,0.0,81000000,1.0,81000000,1.0,0.0,0.0,0.0,0.0,0.0,0.0,0.005,0.005,7342400000,7342400000,https://www.bundesanzeiger.de/pub/de/suche;wwwsid=627BFD7A56A5CB624C47FDDEAB2FC509.web07-pub?0,https://www.bundesanzeiger.de/pub/de/suche;wwwsid=627BFD7A56A5CB624C47FDDEAB2FC509.web07-pub?0,1620595325,17:22:05,20210509
138,1986-09-30,MSF.DE,USD,1986-09-30,1986-09-30,Q3,66800000,0.0,0.0,0.0,0.0,0.0,0.0,0.0,0.0,0.0,0.0,0.0,66800000,1.0,66800000,1.0,0.0,0.0,0.0,0.0,0.0,0.0,0.005,0.005,7342400000,7342400000,https://www.bundesanzeiger.de/pub/de/suche;wwwsid=627BFD7A56A5CB624C47FDDEAB2FC509.web07-pub?0,https://www.bundesanzeiger.de/pub/de/suche;wwwsid=627BFD7A56A5CB624C47FDDEAB2FC509.web07-pub?0,1620595325,17:22:05,20210509
139,1986-06-30,MSF.DE,USD,1986-06-30,1986-06-30,Q2,61900000,0.0,0.0,0.0,0.0,0.0,0.0,0.0,0.0,0.0,0.0,0.0,-74700000,-1.2067851373182552,-74700000,-1.2067851373182552,0.0,0.0,0.0,0.0,0.0,0.0,0.0,0.0,7566000000,7566000000,https://www.bundesanzeiger.de/pub/de/suche;wwwsid=627BFD7A56A5CB624C47FDDEAB2FC509.web07-pub?0,https://www.bundesanzeiger.de/pub/de/suche;wwwsid=627BFD7A56A5CB624C47FDDEAB2FC509.web07-pub?0,1620595325,17:22:05,20210509
140,1986-03-31,MSF.DE,USD,1986-03-31,1986-03-31,Q1,50500000,0.0,0.0,0.0,0.0,0.0,0.0,0.0,0.0,0.0,0.0,0.0,50500000,1.0,50500000,1.0,0.0,0.0,0.0,0.0,0.0,0.0,0.005,0.005,7110816000,7110816000,https://www.bundesanzeiger.de/pub/de/suche;wwwsid=627BFD7A56A5CB624C47FDDEAB2FC509.web07-pub?0,https://www.bundesanzeiger.de/pub/de/suche;wwwsid=627BFD7A56A5CB624C47FDDEAB2FC509.web07-pub?0,1620595325,17:22:05,20210509
141,1985-12-31,MSF.DE,USD,1985-12-31,1985-12-31,Q4,42600000,0.0,0.0,0.0,0.0,0.0,0.0,0.0,0.0,0.0,0.0,0.0,42600000,1.0,42600000,1.0,0.0,0.0,0.0,0.0,0.0,0.0,0.005,0.005,7117928640,7117928640,https://www.bundesanzeiger.de/pub/de/suche;wwwsid=627BFD7A56A5CB624C47FDDEAB2FC509.web07-pub?0,https://www.bundesanzeiger.de/pub/de/suche;wwwsid=627BFD7A56A5CB624C47FDDEAB2FC509.web07-pub?0,1620595325,17:22:05,20210509
142,1985-09-30,MSF.DE,USD,1985-09-30,1985-09-30,Q3,42600000,0.0,0.0,0.0,0.0,0.0,0.0,0.0,0.0,0.0,0.0,0.0,42600000,1.0,42600000,1.0,0.0,0.0,0.0,0.0,0.0,0.0,0.005,0.005,7117928640,7117928640,https://www.bundesanzeiger.de/pub/de/suche;wwwsid=627BFD7A56A5CB624C47FDDEAB2FC509.web07-pub?0,https://www.bundesanzeiger.de/pub/de/suche;wwwsid=627BFD7A56A5CB624C47FDDEAB2FC509.web07-pub?0,1620595325,17:22:05,20210509
