,date,symbol,reportedCurrency,fillingDate,acceptedDate,period,revenue,costOfRevenue,grossProfit,grossProfitRatio,researchAndDevelopmentExpenses,generalAndAdministrativeExpenses,sellingAndMarketingExpenses,otherExpenses,operatingExpenses,costAndExpenses,interestExpense,depreciationAndAmortization,ebitda,ebitdaratio,operatingIncome,operatingIncomeRatio,totalOtherIncomeExpensesNet,incomeBeforeTax,incomeBeforeTaxRatio,incomeTaxExpense,netIncome,netIncomeRatio,eps,epsdiluted,weightedAverageShsOut,weightedAverageShsOutDil,link,finalLink,timestamp,est_time,est_date
0,2018-09-30,FGP.L,GBP,2018-09-30,2018-09-30,Q3,0.0,0.0,0.0,0.0,0.0,0.0,0.0,0.0,0.0,0.0,0.0,0.0,0.0,0.0,0.0,0.0,0.0,0.0,0.0,0.0,0.0,0.0,0.0,0.0,0.0,0.0,https://find-and-update.company-information.service.gov.uk/search/companies?q=FirstGroup+PLC,https://find-and-update.company-information.service.gov.uk/search/companies?q=FirstGroup+PLC,1620592058,16:27:38,20210509
1,2017-09-30,FGP.L,GBP,2017-09-30,2017-09-30,Q3,0.0,0.0,0.0,0.0,0.0,0.0,0.0,0.0,0.0,0.0,0.0,0.0,0.0,0.0,0.0,0.0,0.0,0.0,0.0,0.0,0.0,0.0,0.0,0.0,0.0,0.0,https://find-and-update.company-information.service.gov.uk/search/companies?q=FirstGroup+PLC,https://find-and-update.company-information.service.gov.uk/search/companies?q=FirstGroup+PLC,1620592058,16:27:38,20210509
2,2016-09-30,FGP.L,GBP,2016-09-30,2016-09-30,Q3,0.0,0.0,0.0,0.0,0.0,0.0,0.0,0.0,0.0,0.0,0.0,0.0,0.0,0.0,0.0,0.0,0.0,0.0,0.0,0.0,0.0,0.0,0.0,0.0,0.0,0.0,https://find-and-update.company-information.service.gov.uk/search/companies?q=FirstGroup+PLC,https://find-and-update.company-information.service.gov.uk/search/companies?q=FirstGroup+PLC,1620592058,16:27:38,20210509
3,2015-09-30,FGP.L,GBP,2015-09-30,2015-09-30,Q3,0.0,0.0,0.0,0.0,0.0,0.0,0.0,0.0,0.0,0.0,0.0,101900000.0,0.0,0.0,0.0,0.0,0.0,0.0,0.0,0.0,0.0,0.0,0.0,0.0,0.0,0.0,https://find-and-update.company-information.service.gov.uk/search/companies?q=FirstGroup+PLC,https://find-and-update.company-information.service.gov.uk/search/companies?q=FirstGroup+PLC,1620592058,16:27:38,20210509
4,2014-09-30,FGP.L,GBP,2014-09-30,2014-09-30,Q3,0.0,0.0,0.0,0.0,0.0,0.0,0.0,0.0,0.0,0.0,0.0,99400000.0,0.0,0.0,0.0,0.0,0.0,0.0,0.0,0.0,0.0,0.0,0.0,0.0,0.0,0.0,https://find-and-update.company-information.service.gov.uk/search/companies?q=FirstGroup+PLC,https://find-and-update.company-information.service.gov.uk/search/companies?q=FirstGroup+PLC,1620592058,16:27:38,20210509
5,2013-09-30,FGP.L,GBP,2013-09-30,2013-09-30,Q3,0.0,0.0,0.0,0.0,0.0,0.0,0.0,0.0,0.0,0.0,0.0,104175000.0,0.0,0.0,0.0,0.0,0.0,0.0,0.0,0.0,0.0,0.0,0.0,0.0,0.0,0.0,https://find-and-update.company-information.service.gov.uk/search/companies?q=FirstGroup+PLC,https://find-and-update.company-information.service.gov.uk/search/companies?q=FirstGroup+PLC,1620592058,16:27:38,20210509
6,2012-09-30,FGP.L,GBP,2012-09-30,2012-09-30,Q3,0.0,0.0,0.0,0.0,0.0,0.0,0.0,0.0,0.0,0.0,0.0,89750000.0,0.0,0.0,0.0,0.0,0.0,0.0,0.0,0.0,0.0,0.0,0.0,0.0,0.0,0.0,https://find-and-update.company-information.service.gov.uk/search/companies?q=FirstGroup+PLC,https://find-and-update.company-information.service.gov.uk/search/companies?q=FirstGroup+PLC,1620592058,16:27:38,20210509
7,2011-09-30,FGP.L,GBP,2011-09-30,2011-09-30,Q3,0.0,0.0,0.0,0.0,0.0,0.0,0.0,0.0,0.0,0.0,0.0,90975000.0,0.0,0.0,0.0,0.0,0.0,0.0,0.0,0.0,0.0,0.0,0.0,0.0,0.0,0.0,https://find-and-update.company-information.service.gov.uk/search/companies?q=FirstGroup+PLC,https://find-and-update.company-information.service.gov.uk/search/companies?q=FirstGroup+PLC,1620592058,16:27:38,20210509
8,2010-09-30,FGP.L,GBP,2010-09-30,2010-09-30,Q3,0.0,0.0,0.0,0.0,0.0,0.0,0.0,0.0,0.0,0.0,0.0,87600000.0,0.0,0.0,0.0,0.0,0.0,0.0,0.0,0.0,0.0,0.0,0.0,0.0,0.0,0.0,https://find-and-update.company-information.service.gov.uk/search/companies?q=FirstGroup+PLC,https://find-and-update.company-information.service.gov.uk/search/companies?q=FirstGroup+PLC,1620592058,16:27:38,20210509
9,2009-09-30,FGP.L,GBP,2009-09-30,2009-09-30,Q3,0.0,0.0,0.0,0.0,0.0,0.0,0.0,0.0,0.0,0.0,0.0,76950000.0,0.0,0.0,0.0,0.0,0.0,0.0,0.0,0.0,0.0,0.0,0.0,0.0,0.0,0.0,https://find-and-update.company-information.service.gov.uk/search/companies?q=FirstGroup+PLC,https://find-and-update.company-information.service.gov.uk/search/companies?q=FirstGroup+PLC,1620592058,16:27:38,20210509
10,2008-09-30,FGP.L,GBP,2008-09-30,2008-09-30,Q3,0.0,0.0,0.0,0.0,0.0,0.0,0.0,0.0,0.0,0.0,0.0,54900000.0,0.0,0.0,0.0,0.0,0.0,0.0,0.0,0.0,0.0,0.0,0.0,0.0,0.0,0.0,https://find-and-update.company-information.service.gov.uk/search/companies?q=FirstGroup+PLC,https://find-and-update.company-information.service.gov.uk/search/companies?q=FirstGroup+PLC,1620592058,16:27:38,20210509
11,2007-09-30,FGP.L,GBP,2007-09-30,2007-09-30,Q3,0.0,0.0,0.0,0.0,0.0,0.0,0.0,0.0,0.0,0.0,0.0,37500000.0,0.0,0.0,0.0,0.0,0.0,0.0,0.0,0.0,0.0,0.0,0.0,0.0,0.0,0.0,https://find-and-update.company-information.service.gov.uk/search/companies?q=FirstGroup+PLC,https://find-and-update.company-information.service.gov.uk/search/companies?q=FirstGroup+PLC,1620592058,16:27:38,20210509
12,2006-09-30,FGP.L,GBP,2006-09-30,2006-09-30,Q3,0.0,0.0,0.0,0.0,0.0,0.0,0.0,0.0,0.0,0.0,0.0,31625000.0,0.0,0.0,0.0,0.0,0.0,0.0,0.0,0.0,0.0,0.0,0.0,0.0,0.0,0.0,https://find-and-update.company-information.service.gov.uk/search/companies?q=FirstGroup+PLC,https://find-and-update.company-information.service.gov.uk/search/companies?q=FirstGroup+PLC,1620592058,16:27:38,20210509
13,2005-09-30,FGP.L,GBP,2005-09-30,2005-09-30,Q3,0.0,0.0,0.0,0.0,0.0,0.0,0.0,0.0,0.0,0.0,0.0,27450000.0,0.0,0.0,0.0,0.0,0.0,0.0,0.0,0.0,0.0,0.0,0.0,0.0,0.0,0.0,https://find-and-update.company-information.service.gov.uk/search/companies?q=FirstGroup+PLC,https://find-and-update.company-information.service.gov.uk/search/companies?q=FirstGroup+PLC,1620592058,16:27:38,20210509
14,2002-09-30,FGP.L,GBP,2002-09-30,2002-09-30,Q3,0.0,0.0,0.0,0.0,0.0,0.0,0.0,0.0,0.0,0.0,0.0,23775000.0,0.0,0.0,0.0,0.0,0.0,0.0,0.0,0.0,0.0,0.0,0.0,0.0,0.0,0.0,https://find-and-update.company-information.service.gov.uk/search/companies?q=FirstGroup+PLC,https://find-and-update.company-information.service.gov.uk/search/companies?q=FirstGroup+PLC,1620592058,16:27:38,20210509
15,2001-09-30,FGP.L,GBP,2001-09-30,2001-09-30,Q3,0.0,0.0,0.0,0.0,0.0,0.0,0.0,0.0,0.0,0.0,0.0,23350000.0,0.0,0.0,0.0,0.0,0.0,0.0,0.0,0.0,0.0,0.0,0.0,0.0,0.0,0.0,https://find-and-update.company-information.service.gov.uk/search/companies?q=FirstGroup+PLC,https://find-and-update.company-information.service.gov.uk/search/companies?q=FirstGroup+PLC,1620592058,16:27:38,20210509
16,2000-09-30,FGP.L,GBP,2000-09-30,2000-09-30,Q3,0.0,0.0,0.0,0.0,0.0,0.0,0.0,0.0,0.0,0.0,0.0,17350000.0,0.0,0.0,0.0,0.0,0.0,0.0,0.0,0.0,0.0,0.0,0.0,0.0,0.0,0.0,https://find-and-update.company-information.service.gov.uk/search/companies?q=FirstGroup+PLC,https://find-and-update.company-information.service.gov.uk/search/companies?q=FirstGroup+PLC,1620592058,16:27:38,20210509
