,date,symbol,reportedCurrency,fillingDate,acceptedDate,period,revenue,costOfRevenue,grossProfit,grossProfitRatio,researchAndDevelopmentExpenses,generalAndAdministrativeExpenses,sellingAndMarketingExpenses,otherExpenses,operatingExpenses,costAndExpenses,interestExpense,depreciationAndAmortization,ebitda,ebitdaratio,operatingIncome,operatingIncomeRatio,totalOtherIncomeExpensesNet,incomeBeforeTax,incomeBeforeTaxRatio,incomeTaxExpense,netIncome,netIncomeRatio,eps,epsdiluted,weightedAverageShsOut,weightedAverageShsOutDil,link,finalLink,timestamp,est_time,est_date
0,2021-03-31,PDS,CAD,2021-03-31,2021-03-31,Q1,236473000,232634000,3839000.0,0.016234411539583802,0.0,21313000.0,0.0,0.0,21313000.0,253947000,21568000.0,72013000,54539000.0,0.23063520993940112,-17474000.0,-0.15983642952895258,2123000.0,-37797000.0,-0.15983642952895258,-1691000.0,-36106000.0,-0.15268550743636694,-2.7,-2.7,13349000.0,13349000.0,,,1620596417,17:40:17,20210509
1,2020-12-31,PDS,CAD,2020-12-31,2020-12-31,Q3,201688000,200190000,1498000.0,0.007427313474277102,0.0,20931000.0,0.0,0.0,20931000.0,221121000,24192000.0,74696000,55263000.0,0.2740024195787553,-19433000.0,-0.09635179088493118,14074000.0,-29551000.0,-0.14651838483201776,7967000.0,-37518000.0,-0.1860199912736504,-2.74,-2.74,13679000.0,13679000.0,,,1620596417,17:40:17,20210509
2,2020-09-30,PDS,CAD,2020-09-30,2020-09-30,Q2,164822000,180735000,-15913000.0,-0.09654657751999127,0.0,11954000.0,0.0,0.0,11954000.0,192689000,27613000.0,77588000,49721000.0,0.3016648262974603,-27867000.0,-0.16907330332115858,27892000.0,-27588000.0,-0.16738056812804117,888000.0,-28476000.0,-0.17276819842011382,-2.0,-2.0,13725000.0,13725000.0,,,1620596417,17:40:17,20210509
3,2020-06-30,PDS,CAD,2020-06-30,2020-06-30,Q2,189759000,187676000,2083000.0,0.010977081455952024,0.0,18449000.0,0.0,0.0,18449000.0,206125000,27169000.0,81124000,64758000.0,0.34126444595513256,-16366000.0,-0.2383180771399512,-774000.0,-45223000.0,-0.2383180771399512,3644000.0,-48867000.0,-0.2575213823850252,-3.6,-3.6,13711600.0,13711600.0,,,1620596417,17:40:17,20210509
4,2020-03-31,PDS,CAD,2020-04-01 00:00:00,2020-04-01 16:54:33,Q1,379484000,331141000,48343000.0,0.1273914051712325,0.0,19535000.0,0.0,0.0,19535000.0,350676000,26540000.0,82914000,111722000.0,0.2944050342043406,28808000.0,0.07591360900591329,-8050000.0,-6822000.0,-0.01797704251035617,-1545000.0,-5277000.0,-0.013905724615530562,-0.4,-0.4,13771350.0,13771350.0,https://www.sec.gov/Archives/edgar/data/1013605/000156459020014807/0001564590-20-014807-index.html,https://www.sec.gov/Archives/edgar/data/1013605/000156459020014807/pds-6k_20200401.htm,1620596417,17:40:17,20210509
5,2019-12-31,PDS,CAD,2020-01-07 00:00:00,2020-01-07 06:01:05,Q4,372301000,322649000,49652000.0,0.1333652071845093,0.0,25578000.0,0.0,0.0,45841000.0,368490000,27362000.0,80932000,84743000.0,0.22761958737688054,3811000.0,0.010236341025138262,11372000.0,-13092000.0,-0.035165094909763876,-12031000.0,-1061000.0,-0.002849844614975517,-0.075022,-0.075022,14142500.0,14142500.0,https://www.sec.gov/Archives/edgar/data/1013605/000117184320000093/0001171843-20-000093-index.html,https://www.sec.gov/Archives/edgar/data/1013605/000117184320000093/f6k_010620.htm,1620596417,17:40:17,20210509
6,2019-09-30,PDS,CAD,2019-10-03 00:00:00,2019-10-03 16:32:06,Q3,375552000,339197000,36355000.0,0.09680417092706203,0.0,21064000.0,0.0,0.0,21064000.0,360261000,27763000.0,82604000,97895000.0,0.26066962764144513,15291000.0,0.04071606595092025,4713000.0,-8486000.0,-0.022596071915473755,-4952000.0,-3534000.0,-0.009410148261758691,-0.2,-0.2,14640550.0,14640550.0,https://www.sec.gov/Archives/edgar/data/1013605/000117184319006351/0001171843-19-006351-index.html,https://www.sec.gov/Archives/edgar/data/1013605/000117184319006351/f6k_100319.htm,1620596417,17:40:17,20210509
7,2019-06-30,PDS,CAD,2019-07-25 00:00:00,2019-07-25 08:07:19,Q2,359424000,335376000,24048000.0,0.06690705128205128,0.0,26338000.0,0.0,0.0,26338000.0,361714000,28959000.0,83327000,81037000.0,0.22546351940883191,-2290000.0,-0.0063713051994302,12707000.0,-19968000.0,-0.05555555555555555,-6167000.0,-13801000.0,-0.03839754718660968,-1.0,-1.0,14689100.0,14689100.0,https://www.sec.gov/Archives/edgar/data/1013605/000117184319004837/0001171843-19-004837-index.html,https://www.sec.gov/Archives/edgar/data/1013605/000117184319004837/f6k_072519.htm,1620596417,17:40:17,20210509
8,2019-03-31,PDS,CAD,2019-04-02 00:00:00,2019-04-02 16:21:06,Q1,434043000,375361000,58682000.0,0.13519858631518075,0.0,31030000.0,0.0,0.0,31030000.0,406391000,30035000.0,86753000,114405000.0,0.2635798757265985,27652000.0,0.06370797363394871,36858000.0,33207000.0,0.07650624477298332,8193000.0,25014000.0,0.05763023479240536,1.8,1.6,14689100.0,15010050.0,https://www.sec.gov/Archives/edgar/data/1013605/000117184319002181/0001171843-19-002181-index.html,https://www.sec.gov/Archives/edgar/data/1013605/000117184319002181/f6k_040219.htm,1620596417,17:40:17,20210509
9,2018-12-31,PDS,CAD,2019-01-22 00:00:00,2019-01-22 08:09:20,Q4,427010000,384263000,42747000.0,0.10010772581438374,0.0,21496000.0,0.0,0.0,7296000.0,391559000,30307000.0,99041000,134492000.0,0.3149621788716892,35451000.0,0.08302147490691085,-203894000.0,-200663000.0,-0.46992576286269644,-2335000.0,-198328000.0,-0.4644575068499567,-13.6,-13.6,14689100.0,14689100.0,https://www.sec.gov/Archives/edgar/data/1013605/000117184319000392/0001171843-19-000392-index.html,https://www.sec.gov/Archives/edgar/data/1013605/000117184319000392/f6k_012219.htm,1620596417,17:40:17,20210509
10,2018-09-30,PDS,CAD,2018-10-05 00:00:00,2018-10-05 08:58:45,Q3,382457000,362286000,20171000.0,0.052740569528077666,0.0,29873000.0,0.0,0.0,29873000.0,392159000,30233000.0,90690000,80988000.0,0.2117571387110185,-9702000.0,-0.02536755766007682,952000.0,-39926000.0,-0.1043934350789762,-9278000.0,-30648000.0,-0.08013449878025504,-2.0,-2.0,14687000.0,14687000.0,https://www.sec.gov/Archives/edgar/data/1013605/000117184318006894/0001171843-18-006894-index.html,https://www.sec.gov/Archives/edgar/data/1013605/000117184318006894/f6k_100518.htm,1620596417,17:40:17,20210509
11,2018-06-30,PDS,CAD,2018-07-09 00:00:00,2018-07-09 06:05:18,Q2,330716000,325100000,5616000.0,0.01698133746174966,0.0,32055000.0,0.0,0.0,32055000.0,357155000,30846000.0,88621000,62182000.0,0.18802235150400948,-26439000.0,-0.0799447259884614,-1732000.0,-60274000.0,-0.18225305095610736,-13057000.0,-47217000.0,-0.1427720461060245,-3.2,-3.2,14673550.0,14673550.0,https://www.sec.gov/Archives/edgar/data/1013605/000117184318005091/0001171843-18-005091-index.html,https://www.sec.gov/Archives/edgar/data/1013605/000117184318005091/f6k_070818.htm,1620596417,17:40:17,20210509
12,2018-03-31,PDS,CAD,2018-04-04 00:00:00,2018-04-04 16:23:41,Q1,401006000,361882000,39124000.0,0.09756462496820496,0.0,28963000.0,0.0,0.0,28963000.0,390845000,30424000.0,87308000,97469000.0,0.2430612010792856,10161000.0,0.02533877298594036,-1215000.0,-22733000.0,-0.05668992483902984,-4656000.0,-18077000.0,-0.04507912599811474,-1.2,-1.2,14661950.0,14661950.0,https://www.sec.gov/Archives/edgar/data/1013605/000117184318002530/0001171843-18-002530-index.html,https://www.sec.gov/Archives/edgar/data/1013605/000117184318002530/f6k_040418.htm,1620596417,17:40:17,20210509
13,2017-12-31,PDS,CAD,2018-01-16 00:00:00,2018-01-16 06:01:31,Q4,347187000,328053000,19134000.0,0.0551115105116263,0.0,22449000.0,0.0,0.0,22449000.0,350502000,31312000.0,94229000,90914000.0,0.26185888296508797,-3315000.0,-0.009548168566219357,-22800000.0,-64311000.0,-0.18523447018465553,-17306000.0,-47005000.0,-0.13538813377228986,-3.2,-3.2,14661950.0,14661950.0,https://www.sec.gov/Archives/edgar/data/1013605/000117184318000362/0001171843-18-000362-index.html,https://www.sec.gov/Archives/edgar/data/1013605/000117184318000362/f6k_011518.htm,1620596417,17:40:17,20210509
14,2017-09-30,PDS,CAD,2017-10-03 00:00:00,2017-10-03 09:10:28,Q3,314504000,309491000,5013000.0,0.015939383918805484,0.0,22329000.0,0.0,0.0,22329000.0,331820000,31053000.0,90555000,73239000.0,0.2328714420166357,-17316000.0,-0.05505812326711266,685000.0,-48849000.0,-0.15532075903645104,-22562000.0,-26287000.0,-0.08358240276753237,-1.8,-1.8,14661950.0,14661950.0,https://www.sec.gov/Archives/edgar/data/1013605/000117184317005873/0001171843-17-005873-index.html,https://www.sec.gov/Archives/edgar/data/1013605/000117184317005873/f6k_100317.htm,1620596417,17:40:17,20210509
15,2017-06-30,PDS,CAD,2017-07-05 00:00:00,2017-07-05 16:10:43,Q2,275524000,294795000,-19271000.0,-0.06994309025711008,0.0,20008000.0,0.0,0.0,20008000.0,314803000,34532000.0,95799000,56520000.0,0.2051363946516456,-39279000.0,-0.14256108360796155,798000.0,-73013000.0,-0.26499687867481597,-36883000.0,-36130000.0,-0.1311319522074302,-2.4,-2.4,14661950.0,14661950.0,https://www.sec.gov/Archives/edgar/data/1013605/000119907317000465/0001199073-17-000465-index.html,https://www.sec.gov/Archives/edgar/data/1013605/000119907317000465/precision6k.htm,1620596417,17:40:17,20210509
16,2017-03-31,PDS,CAD,2017-04-03 00:00:00,2017-04-03 17:01:04,Q1,345800000,333369000,12431000.0,0.035948525159051475,0.0,25286000.0,0.0,0.0,25286000.0,358655000,32717000.0,97163000,84308000.0,0.24380566801619433,-12855000.0,-0.03717466743782533,-47000.0,-45884000.0,-0.1326894158473106,-23270000.0,-22614000.0,-0.06539618276460382,-1.6,-1.6,14661950.0,14661950.0,https://www.sec.gov/Archives/edgar/data/1013605/000110262417000181/0001102624-17-000181-index.html,https://www.sec.gov/Archives/edgar/data/1013605/000110262417000181/precision6k.htm,1620596417,17:40:17,20210509
17,2016-12-31,PDS,CAD,2017-01-10 00:00:00,2017-01-10 08:21:05,Q4,283903000,290182000,-6279000.0,-0.02211670887591889,0.0,31522000.0,0.0,0.0,23917000.0,314099000,36263000.0,102801000,72605000.0,0.2557387558426646,-30196000.0,-0.10636027093760897,-9295000.0,-81780000.0,-0.28805613184784945,-51162000.0,-30618000.0,-0.10784669411735698,-2.0,-2.0,14661950.0,14661950.0,https://www.sec.gov/Archives/edgar/data/1013605/000119907317000022/0001199073-17-000022-index.html,https://www.sec.gov/Archives/edgar/data/1013605/000119907317000022/precisiondrilling6k.htm,1620596417,17:40:17,20210509
18,2016-09-30,PDS,CAD,2016-10-21 00:00:00,2016-10-21 10:13:55,Q3,201802000,234933000,-33131000.0,-0.16417577625593405,0.0,21748000.0,0.0,0.0,21748000.0,256681000,33301000.0,96998000,42119000.0,0.2087144825125618,-54879000.0,-0.27194477755423635,5802000.0,-83750000.0,-0.4150107531144389,-36373000.0,-47377000.0,-0.2347697247797346,-3.2,-3.2,14661900.0,14661900.0,https://www.sec.gov/Archives/edgar/data/1013605/000110262416003503/0001102624-16-003503-index.html,https://www.sec.gov/Archives/edgar/data/1013605/000110262416003503/precisiondrilling6k.htm,1620596417,17:40:17,20210509
19,2016-06-30,PDS,CAD,2016-07-05 00:00:00,2016-07-05 16:35:01,Q2,163979000,207520000,-43541000.0,-0.2655279029631843,0.0,29063000.0,0.0,0.0,29063000.0,236583000,33419000.0,96611000,24007000.0,0.14640289305337878,-72604000.0,-0.44276401246501074,-2361000.0,-108126000.0,-0.6593893120460547,-50449000.0,-57677000.0,-0.35173406350813213,-4.0,-4.0,14656700.0,14656700.0,https://www.sec.gov/Archives/edgar/data/1013605/000110262416003067/0001102624-16-003067-index.html,https://www.sec.gov/Archives/edgar/data/1013605/000110262416003067/precision6k.htm,1620596417,17:40:17,20210509
20,2016-03-31,PDS,CAD,2016-04-04 00:00:00,2016-04-04 17:28:06,Q1,301727000,266319000,35408000.0,0.11735111541227666,0.0,27954000.0,0.0,0.0,27954000.0,294273000,35352000.0,95249000,102703000.0,0.3403838569302714,7454000.0,0.024704451374918387,-6147000.0,-34930000.0,-0.11576690186824513,-15047000.0,-19883000.0,-0.06589731777401425,-1.4,-1.4,14645950.0,14645950.0,https://www.sec.gov/Archives/edgar/data/1013605/000110262416002482/0001102624-16-002482-index.html,https://www.sec.gov/Archives/edgar/data/1013605/000110262416002482/precisiondrilling6k.htm,1620596417,17:40:17,20210509
21,2015-12-31,PDS,CAD,2016-01-21 00:00:00,2016-01-21 06:00:54,Q4,344953000,318790000,26163000.0,0.07584511513162663,0.0,33162000.0,0.0,0.0,199648000.0,518438000,34536000.0,125194000,-48291000.0,-0.13999298455151862,-173485000.0,-0.5029235866915203,-209010000.0,-416725000.0,-1.2080631274405498,-145773000.0,-270952000.0,-0.7854751226978748,-18.6,-18.6,14645600.0,14645600.0,https://www.sec.gov/Archives/edgar/data/1013605/000110262416001981/0001102624-16-001981-index.html,https://www.sec.gov/Archives/edgar/data/1013605/000110262416001981/precisiondrilling6k.htm,1620596417,17:40:17,20210509
22,2015-09-30,PDS,CAD,2015-10-01 00:00:00,2015-10-01 10:19:48,Q3,364089000,349108000,14981000.0,0.041146532853230944,0.0,25885000.0,0.0,0.0,25885000.0,374993000,33993000.0,125236000,114332000.0,0.31402212096492893,-10904000.0,-0.02994872132912557,-87332000.0,-133019000.0,-0.36534748371964,-46319000.0,-86700000.0,-0.23812858943829668,-6.0,-6.0,14645600.0,14645600.0,https://www.sec.gov/Archives/edgar/data/1013605/000110262415001492/0001102624-15-001492-index.html,https://www.sec.gov/Archives/edgar/data/1013605/000110262415001492/precision6k.htm,1620596417,17:40:17,20210509
23,2015-06-30,PDS,CAD,2015-07-02 00:00:00,2015-07-02 10:45:28,Q2,334462000,329681000,4781000.0,0.014294598489514504,0.0,36554000.0,0.0,0.0,36554000.0,366235000,31914000.0,120128000,88355000.0,0.26417051862393937,-31773000.0,-0.09499733901011176,-8318000.0,-72439000.0,-0.21658364776865532,-42622000.0,-29817000.0,-0.08914914100854507,-2.0,-2.0,14643250.0,14643250.0,https://www.sec.gov/Archives/edgar/data/1013605/000110262415001054/0001102624-15-001054-index.html,https://www.sec.gov/Archives/edgar/data/1013605/000110262415001054/precisiondrilling6k.htm,1620596417,17:40:17,20210509
24,2015-03-31,PDS,CAD,2015-04-06 00:00:00,2015-04-06 16:09:01,Q1,512120000,419286000,92834000.0,0.181273920174959,0.0,45547000.0,0.0,0.0,45547000.0,464833000,19682000.0,116097000,163384000.0,0.31903460126532845,47287000.0,0.09233578067640397,28406000.0,56011000.0,0.10937085058189487,31978000.0,24033000.0,0.04692845426853081,1.6414862372788743,1.6381463923358224,14641000.0,14670850.0,https://www.sec.gov/Archives/edgar/data/1013605/000110262415000529/0001102624-15-000529-index.html,https://www.sec.gov/Archives/edgar/data/1013605/000110262415000529/precision6k.htm,1620596417,17:40:17,20210509
25,2014-12-31,PDS,CAD,2014-12-31,2014-12-31,Q4,618525000,488183000,130342000.0,0.2107303665979548,0.0,25835000.0,0.0,0.0,152534000.0,640717000,30105000.0,129504000,107312000.0,0.1734966250353664,-22192000.0,-0.03587890546057152,-96339000.0,-148999000.0,-0.24089406248736914,-34955000.0,-114044000.0,-0.1843805828382038,-7.8,-7.8,14639550.0,14639550.0,,,1620596417,17:40:17,20210509
26,2014-09-30,PDS,CAD,2014-10-06 00:00:00,2014-10-06 09:40:37,Q3,584590000,455247000,129343000.0,0.22125421235395748,0.0,37490000.0,0.0,0.0,37490000.0,492737000,28639000.0,107537000,199390000.0,0.3410766520125216,91853000.0,0.15712379616483346,-1812000.0,60802000.0,0.10400793718674627,7989000.0,52813000.0,0.09034194905831437,3.6079752149393522,3.5934544464856772,14637850.0,14697000.0,https://www.sec.gov/Archives/edgar/data/1013605/000110262414001595/0001102624-14-001595-index.html,https://www.sec.gov/Archives/edgar/data/1013605/000110262414001595/precision6k.htm,1620596417,17:40:17,20210509
27,2014-06-30,PDS,CAD,2014-07-02 00:00:00,2014-07-02 11:45:49,Q2,475174000,410208000,64966000.0,0.13672044345860673,0.0,41194000.0,0.0,0.0,41194000.0,451402000,24886000.0,105923000,129695000.0,0.27294212225416375,23772000.0,0.05002798974691376,298000.0,-1492000.0,-0.003139902435739329,5682000.0,-7174000.0,-0.015097627395438303,-0.4905114679447952,-0.48815007859121,14625550.0,14696300.0,https://www.sec.gov/Archives/edgar/data/1013605/000110262414001048/0001102624-14-001048-index.html,https://www.sec.gov/Archives/edgar/data/1013605/000110262414001048/precision6k.htm,1620596417,17:40:17,20210509
28,2014-03-31,PDS,CAD,2014-04-10 00:00:00,2014-04-10 06:13:50,Q1,672249000,500858000,171391000.0,0.25495166225609855,0.0,39822000.0,0.0,0.0,39822000.0,540680000,24432000.0,105705000,237274000.0,0.3529555268955402,131569000.0,0.19571468310105333,3629000.0,110766000.0,0.16476930423102154,9209000.0,101557000.0,0.15107051107550923,6.954529891118264,6.923758683928852,14603000.0,14667900.0,https://www.sec.gov/Archives/edgar/data/1013605/000110262414000560/0001102624-14-000560-index.html,https://www.sec.gov/Archives/edgar/data/1013605/000110262414000560/pds6k.htm,1620596417,17:40:17,20210509
29,2013-12-31,PDS,CAD,2013-12-31,2013-12-31,Q4,566909000,425622000,141287000.0,0.24922342033730283,0.0,33685000.0,0.0,0.0,33685000.0,459307000,22691000.0,90142000,197744000.0,0.34881083207357794,107602000.0,0.18980471292570766,3687000.0,87961000.0,0.15515894085294113,20040000.0,67921000.0,0.1198093521182412,4.844786510121689,4.700236323184931,14019400.0,14450550.0,,,1620596417,17:40:17,20210509
30,2013-09-30,PDS,CAD,2013-10-03 00:00:00,2013-10-03 14:12:19,Q3,488450000,398094000,90356000.0,0.184985157129696,0.0,38240000.0,0.0,0.0,38240000.0,436334000,22286000.0,85544000,137660000.0,0.2818302794554202,52116000.0,0.106696693622684,-2884000.0,25821000.0,0.05286313849933463,-3622000.0,29443000.0,0.060278431773978916,2.2,2.0,13839700.0,14408550.0,https://www.sec.gov/Archives/edgar/data/1013605/000119907313000677/0001199073-13-000677-index.html,https://www.sec.gov/Archives/edgar/data/1013605/000119907313000677/precision6k.htm,1620596417,17:40:17,20210509
31,2013-06-30,PDS,CAD,2013-07-02 00:00:00,2013-07-02 13:52:18,Q2,378898000,331349000,47549000.0,0.1254928767108826,0.0,31881000.0,0.0,0.0,31881000.0,363230000,21957000.0,72580000,88248000.0,0.23290700927426378,15668000.0,0.04135149829241643,5015000.0,-3267000.0,-0.008622373303633168,-3740000.0,473000.0,0.0012483570776303913,0.034199,0.032978,13830850.0,14342800.0,https://www.sec.gov/Archives/edgar/data/1013605/000110262413000783/0001102624-13-000783-index.html,https://www.sec.gov/Archives/edgar/data/1013605/000110262413000783/precisiondrilling6k.htm,1620596417,17:40:17,20210509
32,2013-03-31,PDS,CAD,2013-04-01 00:00:00,2013-04-01 16:14:35,Q1,595720000,426731000,168989000.0,0.2836718592627409,0.0,38701000.0,0.0,0.0,38701000.0,465432000,21582000.0,84893000,215181000.0,0.36121164305378367,130288000.0,0.21870677499496408,3294000.0,111023000.0,0.18636775666420466,17710000.0,93313000.0,0.15663902504532332,6.8,6.6,13824950.0,14349300.0,https://www.sec.gov/Archives/edgar/data/1013605/000119907313000305/0001199073-13-000305-index.html,https://www.sec.gov/Archives/edgar/data/1013605/000119907313000305/precision6k.htm,1620596417,17:40:17,20210509
33,2012-12-31,PDS,CAD,2013-01-22 00:00:00,2013-01-22 16:46:12,Q4,533948000,634331000,-100383000.0,-0.1880014533250429,0.0,30116000.0,0.0,0.0,4338000.0,638669000,19633000.0,89278000,-15443000.0,-0.02892229205840269,-104721000.0,-0.19612583996943522,-51589000.0,-177510000.0,-0.33244810356064636,-61171000.0,-116339000.0,-0.2178845130986538,-8.419014950863328,-8.140917313068336,13818600.0,14290650.0,https://www.sec.gov/Archives/edgar/data/1013605/000119907313000068/0001199073-13-000068-index.html,https://www.sec.gov/Archives/edgar/data/1013605/000119907313000068/d6k.htm,1620596417,17:40:17,20210509
34,2012-09-30,PDS,CAD,2012-10-02 00:00:00,2012-10-02 08:38:10,Q3,484761000,300396000,184365000.0,0.38032143674924346,0.0,0.0,0.0,0.0,110119000.0,410515000,21741000.0,76754000,151000000.0,0.3114937051454222,74246000.0,0.15316001080945044,-5277000.0,47228000.0,0.09742532918283443,7871000.0,39357000.0,0.08118846194310186,2.8486743534623153,2.752045311516677,13815900.0,14301000.0,https://www.sec.gov/Archives/edgar/data/1013605/000119907312000811/0001199073-12-000811-index.html,https://www.sec.gov/Archives/edgar/data/1013605/000119907312000811/d6k.htm,1620596417,17:40:17,20210509
35,2012-06-30,PDS,CAD,2012-07-03 00:00:00,2012-07-03 16:32:29,Q2,381966000,259513000,122453000.0,0.3205861254666646,0.0,0.0,0.0,0.0,91930000.0,351443000,21400000.0,66669000,97192000.0,0.2544519669289937,30523000.0,0.07991025379222234,4793000.0,14496000.0,0.037951021818695904,-3765000.0,18261000.0,0.04780792007665604,1.4,1.2,13815050.0,14309050.0,https://www.sec.gov/Archives/edgar/data/1013605/000119907312000559/0001199073-12-000559-index.html,https://www.sec.gov/Archives/edgar/data/1013605/000119907312000559/d6k.htm,1620596417,17:40:17,20210509
36,2012-03-31,PDS,CAD,2012-05-07 00:00:00,2012-05-07 11:09:55,Q1,640066000,356586000,283480000.0,0.44289182678036326,0.0,0.0,0.0,0.0,112730000.0,469316000,21332000.0,74824000,245574000.0,0.3836698090509416,170750000.0,0.2667693644092953,-6355000.0,143463000.0,0.22413782328697354,32382000.0,111081000.0,0.17354616555167748,8.0,7.8,13805650.0,14402400.0,https://www.sec.gov/Archives/edgar/data/1013605/000119907312000404/0001199073-12-000404-index.html,https://www.sec.gov/Archives/edgar/data/1013605/000119907312000404/d6k.htm,1620596417,17:40:17,20210509
37,2011-12-31,PDS,CAD,2012-01-17 00:00:00,2012-01-17 09:57:06,Q4,587408000,321756000,265652000.0,0.45224443657559993,0.0,0.0,0.0,0.0,221773000.0,543529000,22392000.0,71067000,114946000.0,0.1956834091466238,43879000.0,0.07469935717593224,-3872000.0,17615000.0,0.02998767466564977,-10431000.0,28046000.0,0.04774534905891646,2.0317814491094746,1.9480379661111131,13803650.0,14397050.0,https://www.sec.gov/Archives/edgar/data/1013605/000119907312000042/0001199073-12-000042-index.html,https://www.sec.gov/Archives/edgar/data/1013605/000119907312000042/d6k.htm,1620596417,17:40:17,20210509
38,2011-09-30,PDS,CAD,2011-10-05 00:00:00,2011-10-05 09:22:03,Q3,492944000,282367000,210577000.0,0.4271823980005842,0.0,0.0,0.0,0.0,88833000.0,371200000,34232000.0,64504000,186248000.0,0.37782790742964717,121744000.0,0.24697328702651822,34105000.0,121617000.0,0.24671565127073258,38149000.0,83468000.0,0.16932552176312116,6.0,5.8,13799950.0,14451850.0,https://www.sec.gov/Archives/edgar/data/1013605/000119907311000953/0001199073-11-000953-index.html,https://www.sec.gov/Archives/edgar/data/1013605/000119907311000953/d6k.htm,1620596417,17:40:17,20210509
39,2011-06-30,PDS,CAD,2011-07-05 00:00:00,2011-07-05 10:50:41,Q2,345325000,222574000,122751000.0,0.35546514153333814,0.0,0.0,0.0,0.0,82778000.0,305352000,16180000.0,52593000,92566000.0,0.26805473105045974,39973000.0,0.11575472381090278,527000.0,24320000.0,0.07042640990371389,7917000.0,16403000.0,0.04750018098892348,1.1894549449433842,1.1340373679935012,13790350.0,14464250.0,https://www.sec.gov/Archives/edgar/data/1013605/000119907311000682/0001199073-11-000682-index.html,https://www.sec.gov/Archives/edgar/data/1013605/000119907311000682/d6k.htm,1620596417,17:40:17,20210509
40,2011-03-31,PDS,CAD,2011-04-05 00:00:00,2011-04-05 13:35:33,Q1,525350000,304325000,221025000.0,0.4207195203197868,0.0,0.0,0.0,0.0,97933000.0,402258000,42528000.0,63319000,186411000.0,0.3548320167507376,123092000.0,0.23430474921480918,-3332000.0,77232000.0,0.14701056438564766,11672000.0,65560000.0,0.12479299514609309,4.8,4.6,13785550.0,14392750.0,https://www.sec.gov/Archives/edgar/data/1013605/000119907311000364/0001199073-11-000364-index.html,https://www.sec.gov/Archives/edgar/data/1013605/000119907311000364/d6k.htm,1620596417,17:40:17,20210509
41,2010-12-31,PDS,CAD,2010-12-31,2010-12-31,Q4,435537000,255742000,179795000.0,0.41281222950059354,0.0,0.0,0.0,0.0,33440000.0,289182000,159371000.0,50431000,196786000.0,0.4518238404544275,146355000.0,0.33603344836374405,1042000.0,-12508000.0,-0.02871857040848424,-18051000.0,5543000.0,0.012726817698611139,0.4020876932730286,0.4020876932730286,13785550.0,13785550.0,,,1620596417,17:40:17,20210509
42,2010-09-30,PDS,CAD,2010-10-08 00:00:00,2010-10-08 14:50:06,Q3,359152000,222465000,136687000.0,0.3805825945560654,0.0,0.0,0.0,0.0,79011000.0,301476000,14564000.0,47300000,104976000.0,0.29228850180425003,57676000.0,0.16058938833697153,18003000.0,61452000.0,0.17110304272285828,374000.0,61078000.0,0.1700617008954426,4.4,4.2,13783150.0,14215700.0,https://www.sec.gov/Archives/edgar/data/1013605/000119907310000885/0001199073-10-000885-index.html,https://www.sec.gov/Archives/edgar/data/1013605/000119907310000885/d6k.htm,1620596417,17:40:17,20210509
43,2010-06-30,PDS,CAD,2010-07-06 00:00:00,2010-07-06 13:48:55,Q2,261828000,179046000,82782000.0,0.3161693936477382,0.0,0.0,0.0,0.0,96863000.0,275909000,18655000.0,39354000,25273000.0,0.09652519974945384,-14081000.0,-0.05377958048795392,-26085000.0,-58687000.0,-0.2241433307362085,7860000.0,-66547000.0,-0.2541630383305071,-4.8,-4.8,13782550.0,13782550.0,https://www.sec.gov/Archives/edgar/data/1013605/000095012310063681/0000950123-10-063681-index.html,https://www.sec.gov/Archives/edgar/data/1013605/000095012310063681/o63366e6vk.htm,1620596417,17:40:17,20210509
44,2010-03-31,PDS,CAD,2010-04-07 00:00:00,2010-04-06 17:50:22,Q1,373136000,229495000,143641000.0,0.3849561553964238,0.0,0.0,0.0,0.0,80927000.0,310422000,18737000.0,45634000,108348000.0,0.2903713391364007,62714000.0,0.1680727670340037,19752000.0,63792000.0,0.17096179409116247,1775000.0,62017000.0,0.166204815402427,4.6,4.4,13781800.0,14283450.0,https://www.sec.gov/Archives/edgar/data/1013605/000119907310000272/0001199073-10-000272-index.html,https://www.sec.gov/Archives/edgar/data/1013605/000119907310000272/d6k.htm,1620596417,17:40:17,20210509
45,2009-12-31,PDS,CAD,2010-01-27 00:00:00,2010-01-27 11:17:07,Q4,286067000,169832000,116235000.0,0.4063208968528352,0.0,0.0,0.0,0.0,111125000.0,280957000,64283000.0,35451000,40561000.0,0.14178846214348387,5110000.0,0.017862948190458878,17791000.0,-41672000.0,-0.1456721677089633,-16787000.0,-24885000.0,-0.08699011070833057,-1.8056422238024061,-1.8056422238024061,13781800.0,13781800.0,https://www.sec.gov/Archives/edgar/data/1013605/000119907310000043/0001199073-10-000043-index.html,https://www.sec.gov/Archives/edgar/data/1013605/000119907310000043/d6k.htm,1620596417,17:40:17,20210509
46,2009-09-30,PDS,CAD,2009-10-06 00:00:00,2009-10-06 17:27:36,Q3,253337000,143059000,110278000.0,0.4353015943190296,0.0,0.0,0.0,0.0,61973000.0,205032000,22429000.0,30378000,78683000.0,0.3105862941457426,48305000.0,0.1906748718110659,63486000.0,89451000.0,0.3530909421047853,17755000.0,71696000.0,0.28300643017008964,5.2,5.0,13781800.0,14159450.0,https://www.sec.gov/Archives/edgar/data/1013605/000119907309000787/0001199073-09-000787-index.html,https://www.sec.gov/Archives/edgar/data/1013605/000119907309000787/d6k.htm,1620596417,17:40:17,20210509
47,2009-06-30,PDS,CAD,2009-07-09 00:00:00,2009-07-09 10:49:02,Q2,209597000,125591000,84006000.0,0.40079772134143143,0.0,0.0,0.0,0.0,69751000.0,195342000,28208000.0,28222000,42477000.0,0.2026603434209459,14255000.0,0.0680114696298134,74060000.0,60217000.0,0.2872989594316713,2742000.0,57475000.0,0.27421671111704843,4.6,4.4,12715300.0,13003450.0,https://www.sec.gov/Archives/edgar/data/1013605/000119907309000557/0001199073-09-000557-index.html,https://www.sec.gov/Archives/edgar/data/1013605/000119907309000557/d6k.htm,1620596417,17:40:17,20210509
48,2009-03-31,PDS,CAD,2009-04-08 00:00:00,2009-04-08 11:50:42,Q1,448445000,253761000,194684000.0,0.43413127585322614,0.0,0.0,0.0,0.0,69246000.0,323007000,38670000.0,43949000,169387000.0,0.3777207907324198,125438000.0,0.27971769113269185,-32491000.0,54277000.0,0.1210337945567461,-3140000.0,57417000.0,0.1280357680429038,6.4,6.0,9057450.0,9840550.0,https://www.sec.gov/Archives/edgar/data/1013605/000119907309000282/0001199073-09-000282-index.html,https://www.sec.gov/Archives/edgar/data/1013605/000119907309000282/d6k.htm,1620596417,17:40:17,20210509
49,2008-12-31,PDS,CAD,2009-01-12 00:00:00,2009-01-12 11:12:04,Q4,335048880,181872874,153176006.0,0.45717510233133746,0.0,0.0,0.0,0.0,41652414.0,223525288,0.0,24068379,135591971.0,0.4046931032868995,111523592.0,0.33285767736337457,-1710292.0,102212588.0,0.30506769042176773,9835310.0,92374998.0,0.2757060342956526,10.1987864133945,10.1987864133945,9057450.0,9057450.0,https://www.sec.gov/Archives/edgar/data/1013605/000119907309000018/0001199073-09-000018-index.html,https://www.sec.gov/Archives/edgar/data/1013605/000119907309000018/d6k.htm,1620596417,17:40:17,20210509
50,2008-09-30,PDS,CAD,2008-10-08 00:00:00,2008-10-08 14:17:43,Q3,285638706,154322972,131315734.0,0.459726680038944,0.0,0.0,0.0,0.0,35293805.0,189616777,0.0,22797825,118819754.0,0.41597917755585967,96021929.0,0.33616567707038975,2626144.0,96360443.0,0.33735078956701336,14011071.0,82349372.0,0.288299065463488,13.09648245042065,13.09273447064248,6287900.0,6289700.0,https://www.sec.gov/Archives/edgar/data/1013605/000119907308000799/0001199073-08-000799-index.html,https://www.sec.gov/Archives/edgar/data/1013605/000119907308000799/d6k.htm,1620596417,17:40:17,20210509
51,2008-06-30,PDS,CAD,2008-07-07 00:00:00,2008-07-07 15:55:42,Q2,138514146,85794830,52719316.0,0.38060600684062984,0.0,0.0,0.0,0.0,30539385.0,116334215,0.0,13394207,35574138.0,0.2568267503883683,22179931.0,0.16012755116000932,-133320.0,19960309.0,0.1441030362342919,-1778954.0,21739263.0,0.15694615768702785,3.4573169102562065,3.4565747903168105,6287900.0,6289250.0,https://www.sec.gov/Archives/edgar/data/1013605/000119907308000548/0001199073-08-000548-index.html,https://www.sec.gov/Archives/edgar/data/1013605/000119907308000548/d6k.htm,1620596417,17:40:17,20210509
52,2008-03-31,PDS,CAD,2008-04-08 00:00:00,2008-04-08 15:34:55,Q1,342689024,176189692,166499332.0,0.4858612921317258,0.0,0.0,0.0,0.0,42261084.0,218450776,0.0,24366835,148605083.0,0.43364412803603536,124238248.0,0.3625393266170089,1258101.0,122041971.0,0.35613037609281584,15776155.0,106265816.0,0.31009401690087396,16.9562,16.7568,6287900.0,6288850.0,https://www.sec.gov/Archives/edgar/data/1013605/000119907308000278/0001199073-08-000278-index.html,https://www.sec.gov/Archives/edgar/data/1013605/000119907308000278/d6k.htm,1620596417,17:40:17,20210509
53,2007-12-31,PDS,CAD,2007-12-31,2007-12-31,Q4,248725509,126835282,121890227.0,0.49005921222177495,0.0,0.0,0.0,0.0,44194521.0,171029803,0.0,25280736,102976442.0,0.4140164087472025,77695706.0,0.312375302044311,-374204.0,75983882.0,0.3054929199079456,-13344657.0,89327770.0,0.3591419728484705,14.206296219723596,14.206296219723596,6287900.0,6287900.0,,,1620596417,17:40:17,20210509
54,2007-09-30,PDS,CAD,2007-10-03 00:00:00,2007-10-02 19:32:41,Q3,227928053,123196860,104731193.0,0.4594923337497206,0.0,0.0,0.0,0.0,31329623.0,154526483,0.0,17534722,90936292.0,0.39896928352211214,73401570.0,0.3220383319818908,-1130875.0,71838418.0,0.3151802380376583,2135546.0,72658253.0,0.3187771406093659,10.9982,10.9982,6248286.0,6248286.0,https://www.sec.gov/Archives/edgar/data/1013605/000119907307000876/0001199073-07-000876-index.html,https://www.sec.gov/Archives/edgar/data/1013605/000119907307000876/d6k.htm,1620596417,17:40:17,20210509
55,2007-06-30,PDS,CAD,2007-07-09 00:00:00,2007-07-09 14:20:57,Q2,122005313,71906482,50098831.0,0.41062827321298706,0.0,0.0,0.0,0.0,23024442.0,94930924,0.0,12026471,39100860.0,0.3204848956045054,27074389.0,0.2219115572450521,-724761.0,25470776.0,0.20876776079415493,-250797.0,25721573.0,0.21082338438818643,4.004,4.004,6287900.0,6287900.0,https://www.sec.gov/Archives/edgar/data/1013605/000119907307000607/0001199073-07-000607-index.html,https://www.sec.gov/Archives/edgar/data/1013605/000119907307000607/d6k.htm,1620596417,17:40:17,20210509
56,2007-03-31,PDS,CAD,2007-04-02 00:00:00,2007-03-30 18:26:47,Q1,410541974,194155904,216386070.0,0.527074169522067,0.0,0.0,0.0,0.0,38206873.0,232362777,0.0,23483625,201662822.0,0.4912112153482265,178179197.0,0.4340096951937977,-168358.0,175740314.0,0.4280690529344023,17672970.0,158067343.0,0.3850211501150915,25.2112,25.2112,6287900.0,6287900.0,https://www.sec.gov/Archives/edgar/data/1013605/000119907307000232/0001199073-07-000232-index.html,https://www.sec.gov/Archives/edgar/data/1013605/000119907307000232/d6k.htm,1620596417,17:40:17,20210509
57,2006-12-31,PDS,CAD,2007-04-02 00:00:00,2007-03-30 18:26:47,Q4,328048837,155733675,172315162.0,0.5252728940477848,0.0,0.0,0.0,0.0,39919268.0,195652943,0.0,17910352,150306246.0,0.458182529694504,132395894.0,0.4035859270551232,239873.0,130523081.0,0.3978769813471401,4049163.0,127436093.0,0.3884668336745239,20.266876540657453,20.266876540657453,6287900.0,6287900.0,https://www.sec.gov/Archives/edgar/data/1013605/000119907307000232/0001199073-07-000232-index.html,https://www.sec.gov/Archives/edgar/data/1013605/000119907307000232/d6k.htm,1620596417,17:40:17,20210509
58,2006-09-30,PDS,CAD,2006-09-30,2006-09-30,Q3,349558511,167810439,181748072.0,0.5199360515641972,0.0,0.0,0.0,0.0,39317090.0,207127529,0.0,19133946,161564928.0,0.46219709409392695,142430982.0,0.4074596312718588,-14530.0,140728736.0,0.402589928642876,7176707.0,139666927.0,0.39955235705875863,43.3206,43.3206,6277850.0,6277850.0,,,1620596417,17:40:17,20210509
59,2006-06-30,PDS,CAD,2006-06-30,2006-06-30,Q2,223569437,122011154,101558283.0,0.4542583474860206,0.0,0.0,0.0,0.0,27015059.0,149026213,0.0,11290046,85833270.0,0.3839221995267627,74543224.0,0.33342314137508877,591188.0,73273843.0,0.3277453483053679,-15028444.0,88303402.0,0.39497081168567777,13.958,13.958,6273700.0,6273700.0,,,1620596417,17:40:17,20210509
60,2006-03-31,PDS,CAD,2006-03-31,2006-03-31,Q1,536408220,242652966,293755254.0,0.5476337666861257,0.0,0.0,0.0,0.0,47846801.0,290499767,0.0,24899580,270808033.0,0.504854368189958,245908453.0,0.4584352808761954,-54881.0,243131714.0,0.45325874014384043,18949089.0,224182625.0,0.41793286650230677,35.767,35.767,6273050.0,6273050.0,,,1620596417,17:40:17,20210509
61,2005-12-31,PDS,CAD,2006-02-17 00:00:00,2006-02-17 15:15:54,Q4,427860739,192110320,235750419.0,0.5509980176049759,0.0,0.0,0.0,0.0,42340223.0,234450543,0.0,53633350,247043546.0,0.5773924164610018,193410196.0,0.4520400643724406,-77619753.0,119061038.0,0.2782705379284637,-1814610.0,83545434.0,0.1952631461238139,13.31815209507337,13.31815209507337,6273050.0,6273050.0,https://www.sec.gov/Archives/edgar/data/1013605/000117571006000037/0001175710-06-000037-index.html,https://www.sec.gov/Archives/edgar/data/1013605/000117571006000037/form6kfeb172006.txt,1620596417,17:40:17,20210509
62,2005-09-30,PDS,CAD,2005-09-30,2005-09-30,Q3,300016260,158580720,141435540.0,0.4714262486973206,0.0,0.0,0.0,0.0,29479675.0,188060395,0.0,-14710058,97245807.0,0.3241351218763943,111955865.0,0.3731659910699507,-79814170.0,18984901.0,0.06327957358044527,16602787.0,1385030197.0,4.616517108106074,130.289304,127.739395,10628029.0,10835013.0,,,1620596417,17:40:17,20210509
63,2005-06-30,PDS,CAD,2005-06-30,2005-06-30,Q2,157894931,101579723,56315208.0,0.35666254542395665,0.0,0.0,0.0,0.0,31810482.0,133390205,0.0,-23106040,1398686.0,0.008858333773868902,24504726.0,0.15519640716015132,208666.0,13703204.0,0.08678685194776772,4395483.0,25851234.0,0.16372428067370953,2.443422950217232,2.3987423210273366,10579926.0,10776995.0,,,1620596417,17:40:17,20210509
64,2005-03-31,PDS,CAD,2005-03-31,2005-03-31,Q1,791875453,449089480,342785973.0,0.4328786448694224,11322854.0,0.0,0.0,0.0,118545345.0,567634825,0.0,57195889,281436517.0,0.3554050273105258,224240628.0,0.2831766373745645,1424426.0,212493349.0,0.2683418815357571,73974607.0,138517533.0,0.17492338280626057,6.557588,6.44153,21088645.0,21530370.0,,,1620596417,17:40:17,20210509
65,2004-12-31,PDS,CAD,2005-01-20 00:00:00,2005-01-19 18:31:56,Q4,679486983,417668502,261818481.0,0.38531787591286354,11480299.0,0.0,0.0,0.0,113107637.0,530776139,0.0,58920967,207631811.0,0.30557143285259963,148710844.0,0.21885753181529308,851670.0,136108005.0,0.20030995207453445,49618475.0,88183608.0,0.12977968703780157,4.181568232572553,4.181568232572553,21088645.0,21088645.0,https://www.sec.gov/Archives/edgar/data/1013605/000095014205000144/0000950142-05-000144-index.html,https://www.sec.gov/Archives/edgar/data/1013605/000095014205000144/form6k_011905.txt,1620596417,17:40:17,20210509
66,2004-09-30,PDS,CAD,2004-10-13 00:00:00,2004-10-13 15:47:34,Q3,570047000,370784000,199263000.0,0.3495553875382205,13097000.0,0.0,0.0,0.0,122189000.0,492973000,0.0,54159000,131233000.0,0.2302143507465174,77074000.0,0.13520639526214506,-4264000.0,66519000.0,0.1166903781618007,24429000.0,42707000.0,0.07491838392272918,2.087997,2.058998,20397955.0,20657955.0,https://www.sec.gov/Archives/edgar/data/1013605/000095014204003544/0000950142-04-003544-index.html,https://www.sec.gov/Archives/edgar/data/1013605/000095014204003544/form6k_101304.txt,1620596417,17:40:17,20210509
67,2004-06-30,PDS,CAD,2004-07-14 00:00:00,2004-07-14 11:50:19,Q2,418691000,297970000,120721000.0,0.2883295795706141,12374000.0,0.0,0.0,0.0,91286000.0,389256000,0.0,42283000,71718000.0,0.17129099980653992,29435000.0,0.07030244261280992,5340000.0,18342000.0,0.043807963390662806,2149000.0,15995000.0,0.038202397472121445,0.840999,0.811999,19265885.0,19499678.0,https://www.sec.gov/Archives/edgar/data/1013605/000095014204002486/0000950142-04-002486-index.html,https://www.sec.gov/Archives/edgar/data/1013605/000095014204002486/form6k_071304.txt,1620596417,17:40:17,20210509
68,2004-03-31,PDS,CAD,2004-04-02 00:00:00,2004-04-02 12:12:41,Q1,665165000,387862000,277303000.0,0.4168935527275187,11263000.0,0.0,0.0,0.0,104107000.0,491969000,0.0,50045000,223241000.0,0.3356174783700285,173196000.0,0.2603805070922252,-312000.0,165008000.0,0.24807077943066758,56713000.0,100519000.0,0.1511188953116896,5.248994,5.190994,19132781.0,19416919.0,https://www.sec.gov/Archives/edgar/data/1013605/000095014204001012/0000950142-04-001012-index.html,https://www.sec.gov/Archives/edgar/data/1013605/000095014204001012/form6k_040204.txt,1620596417,17:40:17,20210509
69,2003-12-31,PDS,CAD,2004-01-12 00:00:00,2004-01-12 15:37:42,Q4,493602000,306993000,186609000.0,0.3780555994505695,11465000.0,0.0,0.0,0.0,78830000.0,385823000,0.0,38896000,146675000.0,0.2971523616192803,107779000.0,0.2183520326092682,1296000.0,99093000.0,0.20075485917804223,23983000.0,55146000.0,0.1117215894587137,2.882278326396983,2.882278326396983,19132781.0,19132781.0,https://www.sec.gov/Archives/edgar/data/1013605/000095014204000090/0000950142-04-000090-index.html,https://www.sec.gov/Archives/edgar/data/1013605/000095014204000090/form6k_011204.txt,1620596417,17:40:17,20210509
70,2003-09-30,PDS,CAD,2003-10-17 00:00:00,2003-10-17 13:03:30,Q3,468097000,311931000,156166000.0,0.3336188866837429,13309000.0,0.0,0.0,0.0,92992000.0,404923000,0.0,44007000,107181000.0,0.22897177294449655,63174000.0,0.1349592071728723,4197000.0,56216000.0,0.12009476668297382,18445000.0,37771000.0,0.08069054063580838,2.00109,1.972108,18797953.0,19080712.0,https://www.sec.gov/Archives/edgar/data/1013605/000095014203001847/0000950142-03-001847-index.html,https://www.sec.gov/Archives/edgar/data/1013605/000095014203001847/form6k_101703.txt,1620596417,17:40:17,20210509
71,2003-06-30,PDS,CAD,2003-07-07 00:00:00,2003-07-07 16:07:49,Q2,356561000,267595000,88966000.0,0.2495113038161773,8364000.0,0.0,0.0,0.0,78798000.0,346393000,0.0,38103000,48271000.0,0.13537936005339898,10168000.0,0.028516859667770733,596000.0,2087000.0,0.005853135929055618,-4386000.0,10862000.0,0.030463230695449026,0.5798391600264798,0.5706168566796634,18732781.0,19035540.0,https://www.sec.gov/Archives/edgar/data/1013605/000095014203001156/0000950142-03-001156-index.html,https://www.sec.gov/Archives/edgar/data/1013605/000095014203001156/form6k_070703.txt,1620596417,17:40:17,20210509
72,2003-03-31,PDS,CAD,2003-04-10 00:00:00,2003-04-10 16:07:20,Q1,600233000,387377000,212856000.0,0.35462228834469284,9281000.0,0.0,0.0,0.0,96818000.0,484195000,0.0,51068000,167106000.0,0.2784018872671113,116038000.0,0.19332159344787775,-93000.0,106317000.0,0.17712621598612538,34491000.0,84897000.0,0.14144007410455606,3.160996,3.073996,18676229.0,19016919.0,https://www.sec.gov/Archives/edgar/data/1013605/000095014203000690/0000950142-03-000690-index.html,https://www.sec.gov/Archives/edgar/data/1013605/000095014203000690/form6k_041003.txt,1620596417,17:40:17,20210509
73,2002-12-31,PDS,CAD,2003-01-14 00:00:00,2003-01-14 11:13:09,Q4,394252000,293081000,101171000.0,0.25661505838905063,9584000.0,0.0,0.0,0.0,90866000.0,383947000,0.0,36360000,46665000.0,0.11836338179641448,10305000.0,0.026138104562564046,-5000.0,4406000.0,0.011175593275367024,-3398000.0,8863000.0,0.022480545437943245,0.4745604693538508,0.4745604693538508,18676229.0,18676229.0,https://www.sec.gov/Archives/edgar/data/1013605/000095014203000066/0000950142-03-000066-index.html,https://www.sec.gov/Archives/edgar/data/1013605/000095014203000066/form6k_11403.txt,1620596417,17:40:17,20210509
74,2002-09-30,PDS,CAD,2002-10-01 00:00:00,2002-10-04 13:44:14,Q3,382830000,278265000,104565000.0,0.2731369014967479,8990000.0,71589000.0,0.0,0.0,80940000.0,359205000,0.0,32750000,56375000.0,0.14725857430190947,23625000.0,0.06171146461876029,640000.0,15905000.0,0.041545855862915655,3340000.0,12246000.0,0.03198808870778152,0.666999,0.637999,18594160.0,18921057.0,https://www.sec.gov/Archives/edgar/data/1013605/999999999702053355/9999999997-02-053355-index.html,https://www.sec.gov/Archives/edgar/data/1013605/999999999702053355/9999999997-02-053355.paper,1620596417,17:40:17,20210509
75,2002-06-30,PDS,CAD,2002-07-10 00:00:00,2002-07-22 08:14:06,Q2,345954000,258601000,87353000.0,0.2524988871352839,8227000.0,38767000.0,0.0,0.0,81586000.0,340187000,0.0,30821000,36588000.0,0.1057597252813958,5767000.0,0.01666984628014129,-4056000.0,-3164000.0,-0.009145724576099712,-6491000.0,3327000.0,0.009616885481884874,0.17996509748136494,0.1752736550157188,18486918.0,18981746.0,https://www.sec.gov/Archives/edgar/data/1013605/999999999702039965/9999999997-02-039965-index.html,https://www.sec.gov/Archives/edgar/data/1013605/999999999702039965/9999999997-02-039965.paper,1620596417,17:40:17,20210509
76,2002-03-31,PDS,CAD,2002-04-05 00:00:00,2002-04-05 00:00:00,Q1,566114000,361002000,205112000.0,0.3623157173290185,8061000.0,40966000.0,0.0,0.0,90201000.0,451203000,0.0,41498000,156409000.0,0.2762853418216119,114911000.0,0.20298208488043043,0.0,105688000.0,0.1866903132584603,38859000.0,66829000.0,0.11804866157699687,3.624996,3.566996,18363125.0,18685884.0,https://www.sec.gov/Archives/edgar/data/1013605/999999999702022456/9999999997-02-022456-index.html,https://www.sec.gov/Archives/edgar/data/1013605/999999999702022456/9999999997-02-022456.paper,1620596417,17:40:17,20210509
77,2001-12-31,PDS,CAD,2002-01-28 00:00:00,2002-01-28 00:00:00,Q4,455974000,297942000,158032000.0,0.346581164715532,10007000.0,38219000.0,0.0,0.0,60590000.0,358532000,0.0,36184000,133626000.0,0.29305618302797964,97442000.0,0.2137007811848921,449000.0,32574000.0,0.07143828376179344,22774000.0,33620000.0,0.07373227420861715,1.8308430618426874,1.8308430618426874,18363125.0,18363125.0,https://www.sec.gov/Archives/edgar/data/1013605/999999999702007064/9999999997-02-007064-index.html,https://www.sec.gov/Archives/edgar/data/1013605/999999999702007064/9999999997-02-007064.paper,1620596417,17:40:17,20210509
78,2001-09-30,PDS,CAD,2001-09-30,2001-09-30,Q3,474016000,301808000,172208000.0,0.3632957537298319,7186000.0,38858000.0,0.0,0.0,87468000.0,389276000,0.0,33483000,118223000.0,0.24940719300614325,84740000.0,0.17877033686626612,0.0,82383000.0,0.17379793087153175,31482000.0,42962000.0,0.09063407142374941,2.355904564643237,2.289451417342128,18235883.0,18765194.0,,,1620596417,17:40:17,20210509
79,2001-06-30,PDS,CAD,2001-06-30,2001-06-30,Q2,409917000,279274000,130643000.0,0.31870598194268596,7776000.0,36472000.0,0.0,0.0,83738000.0,363012000,0.0,39490000,86395000.0,0.21076217868495328,46905000.0,0.11442560323187377,1863000.0,37410000.0,0.09126237750569018,8038000.0,29372000.0,0.07165352986092306,1.594998,1.565998,18199677.0,18848988.0,,,1620596417,17:40:17,20210509
80,2001-03-31,PDS,CAD,2001-03-31,2001-03-31,Q1,613655000,356904000,256751000.0,0.4183963301855277,7471000.0,40570000.0,0.0,0.0,101463000.0,458367000,0.0,53422000,208710000.0,0.340109670743333,155288000.0,0.2530542405749159,599000.0,142806000.0,0.2327138212839462,60716000.0,82090000.0,0.13377223358401708,4.958994,4.784994,18134159.0,18827608.0,,,1620596417,17:40:17,20210509
81,2000-12-31,PDS,CAD,2000-12-31,2000-12-31,Q4,443887000,273180000,170707000.0,0.38457310081169305,5284000.0,35507000.0,0.0,0.0,83609000.0,356789000,0.0,42818000,129916000.0,0.2926780914962592,87098000.0,0.19621660467641538,0.0,75364000.0,0.1697819490095452,12833000.0,62531000.0,0.1408714380011129,3.44824372610828,3.44824372610828,18134159.0,18134159.0,,,1620596417,17:40:17,20210509
82,2000-09-30,PDS,CAD,2000-09-30,2000-09-30,Q3,303354000,199469000,103885000.0,0.3424546899002486,5154000.0,26347000.0,0.0,0.0,62294000.0,261763000,0.0,30836000,72427000.0,0.23875406290999954,41591000.0,0.1371038456720531,0.0,33709000.0,0.11112100054721546,16806000.0,16903000.0,0.05572037949062811,1.014999,0.985999,16472433.0,17875193.0,,,1620596417,17:40:17,20210509
83,2000-06-30,PDS,CAD,2000-06-30,2000-06-30,Q2,223800000,156900000,66900000.0,0.29892761394101874,4400000.0,20700000.0,0.0,0.0,47000000.0,203900000,0.0,22000000,41900000.0,0.1872207327971403,19900000.0,0.08891867739052725,0.0,15300000.0,0.06836461126005362,8500000.0,6800000.0,0.03038427167113494,0.406,0.406,16748789.0,16748789.0,,,1620596417,17:40:17,20210509
84,2000-03-31,PDS,CAD,2000-03-31,2000-03-31,Q1,384400000,240000000,144400000.0,0.3756503642039542,3700000.0,22000000.0,0.0,0.0,54800000.0,294800000,0.0,29100000,118700000.0,0.308792924037461,89600000.0,0.23309053069719043,0.0,85000000.0,0.2211238293444329,39700000.0,45300000.0,0.11784599375650365,2.783997,2.609997,16271571.0,17356343.0,,,1620596417,17:40:17,20210509
85,1999-10-31,PDS,CAD,1999-10-31,1999-10-31,Q4,215600000,146400000,69200000.0,0.3209647495361781,0.0,15100000.0,0.0,0.0,39100000.0,185500000,0.0,24000000,54100000.0,0.25092764378478666,30100000.0,0.1396103896103896,1200000.0,26800000.0,0.12430426716141002,14800000.0,12000000.0,0.055658627087198514,0.753999,0.753999,15915138.0,15915138.0,,,1620596417,17:40:17,20210509
86,1999-07-31,PDS,CAD,1999-07-31,1999-07-31,Q3,115900000,85100000,30800000.0,0.2657463330457291,0.0,10400000.0,0.0,0.0,27600000.0,112700000,0.0,17200000,20400000.0,0.17601380500431407,3200000.0,0.027610008628127698,0.0,-500000.0,-0.004314063848144953,1900000.0,-2400000.0,-0.02070750647109577,-0.145,-0.145,16551744.0,16551744.0,,,1620596417,17:40:17,20210509
87,1999-04-30,PDS,CAD,1999-04-30,1999-04-30,Q2,151200000,97600000,53600000.0,0.3544973544973545,0.0,12800000.0,0.0,0.0,31200000.0,128800000,0.0,18400000,40800000.0,0.2698412698412698,22400000.0,0.14814814814814814,5000000.0,22200000.0,0.14682539682539683,15200000.0,7000000.0,0.046296296296296294,0.42291615916727565,0.42291615916727565,16551744.0,16551744.0,,,1620596417,17:40:17,20210509
88,1999-01-31,PDS,CAD,1999-01-31,1999-01-31,Q1,192600000,119400000,73200000.0,0.38006230529595014,0.0,10900000.0,0.0,0.0,32800000.0,152200000,0.0,21900000,62300000.0,0.32346832814122534,40400000.0,0.20976116303219106,0.0,35300000.0,0.18328141225337488,20300000.0,15000000.0,0.0778816199376947,1.014999,0.985999,14778343.0,15213000.0,,,1620596417,17:40:17,20210509
89,1998-10-31,PDS,CAD,1998-10-31,1998-10-31,Q4,170000000,111800000,58200000.0,0.3423529411764706,0.0,14400000.0,0.0,0.0,32500000.0,144300000,0.0,18200000,43900000.0,0.25823529411764706,25700000.0,0.1511764705882353,0.0,20300000.0,0.11941176470588236,11100000.0,9200000.0,0.05411764705882353,0.637999,0.637999,14420080.0,14420080.0,,,1620596417,17:40:17,20210509
90,1998-07-31,PDS,CAD,1998-07-31,1998-07-31,Q3,180100000,120200000,59900000.0,0.3325930038867296,0.0,12900000.0,0.0,0.0,31500000.0,151700000,0.0,18600000,47000000.0,0.26096612992781787,28400000.0,0.15769017212659633,9700000.0,33600000.0,0.18656302054414214,11400000.0,22200000.0,0.12326485285952249,1.536998,1.449998,14443739.0,15310363.0,,,1620596417,17:40:17,20210509
91,1998-04-30,PDS,CAD,1998-04-30,1998-04-30,Q2,238400000,148100000,90300000.0,0.3787751677852349,0.0,16100000.0,0.0,0.0,27400000.0,175500000,0.0,11300000,74200000.0,0.311241610738255,62900000.0,0.2638422818791946,-2000000.0,58400000.0,0.24496644295302014,31100000.0,27300000.0,0.11451342281879194,1.890092309200547,1.890092309200547,14443739.0,14443739.0,,,1620596417,17:40:17,20210509
