,date,symbol,reportedCurrency,fillingDate,acceptedDate,period,revenue,costOfRevenue,grossProfit,grossProfitRatio,researchAndDevelopmentExpenses,generalAndAdministrativeExpenses,sellingAndMarketingExpenses,otherExpenses,operatingExpenses,costAndExpenses,interestExpense,depreciationAndAmortization,ebitda,ebitdaratio,operatingIncome,operatingIncomeRatio,totalOtherIncomeExpensesNet,incomeBeforeTax,incomeBeforeTaxRatio,incomeTaxExpense,netIncome,netIncomeRatio,eps,epsdiluted,weightedAverageShsOut,weightedAverageShsOutDil,link,finalLink,timestamp,est_time,est_date
0,2020-03-31,ABEOW,USD,2020-05-06,2020-05-06 16:06:22,Q1,0.0,0.0,0.0,0.0,6818000.0,0.0,0.0,0.0,6818000.0,6818000.0,600000.0,2065000.0,-46146000.0,0.0,-48211000.0,0.0,0.0,-48159000.0,0.0,0.0,-48159000.0,0.0,-0.51986,-0.51986,92639190.0,92639190.0,https://www.sec.gov/Archives/edgar/data/318306/000149315220007824/0001493152-20-007824-index.htm,https://www.sec.gov/Archives/edgar/data/318306/000149315220007824/form10-q.htm,1620586053,14:47:33,20210509
1,2019-12-31,ABEOW,USD,2020-03-16,2020-03-16 16:06:44,Q4,0.0,0.0,0.0,0.0,48566000.0,20705000.0,0.0,0.0,69271000.0,69271000.0,0.0,2072000.0,-75018000.0,0.0,-77090000.0,0.0,0.0,-76282000.0,0.0,0.0,-76282000.0,0.0,-0.823431206598417,-1.5148964753882646,92639190.0,50354596.0,https://www.sec.gov/Archives/edgar/data/318306/000149315220004015/0001493152-20-004015-index.htm,https://www.sec.gov/Archives/edgar/data/318306/000149315220004015/form10-k.htm,1620586053,14:47:33,20210509
2,2019-09-30,ABEOW,USD,2019-11-12,2019-11-12 16:21:13,Q3,0.0,0.0,0.0,0.0,38961000.0,15971000.0,0.0,0.0,54932000.0,54932000.0,0.0,2032000.0,-58647000.0,0.0,-60679000.0,0.0,0.0,-59851000.0,0.0,0.0,-59851000.0,0.0,-0.646065666161373,-1.2243503651295458,92639190.0,48883883.0,https://www.sec.gov/Archives/edgar/data/318306/000149315219016905/0001493152-19-016905-index.htm,https://www.sec.gov/Archives/edgar/data/318306/000149315219016905/form10-q.htm,1620586053,14:47:33,20210509
3,2019-06-30,ABEOW,USD,2019-08-09,2019-08-09 16:01:55,Q2,0.0,0.0,0.0,0.0,28044000.0,11271000.0,0.0,0.0,39315000.0,39315000.0,0.0,2057000.0,-40973000.0,0.0,-43030000.0,0.0,0.0,-42479000.0,0.0,0.0,-42479000.0,0.0,-0.45854243760119234,-0.876614728084962,92639190.0,48458004.0,https://www.sec.gov/Archives/edgar/data/318306/000114420419038872/0001144204-19-038872-index.htm,https://www.sec.gov/Archives/edgar/data/318306/000114420419038872/tv526747_10q.htm,1620586053,14:47:33,20210509
4,2019-03-31,ABEOW,USD,2019-05-10,2019-05-10 16:11:03,Q1,0.0,0.0,0.0,0.0,11737000.0,5659000.0,0.0,0.0,17396000.0,17396000.0,0.0,1658000.0,-17396000.0,0.0,-19054000.0,0.0,0.0,-18555000.0,0.0,0.0,-18555000.0,0.0,-0.2002932020454842,-0.38697833240431423,92639190.0,47948421.0,https://www.sec.gov/Archives/edgar/data/318306/000114420419025271/0001144204-19-025271-index.htm,https://www.sec.gov/Archives/edgar/data/318306/000114420419025271/tv520699_10q.htm,1620586053,14:47:33,20210509
5,2018-12-31,ABEOW,USD,2019-03-18,2019-03-18 16:13:45,Q4,2796000.0,0.0,2796000.0,1.0,38698000.0,0.0,0.0,0.0,38698000.0,38698000.0,0.0,1391000.0,-56775000.0,-20.30579399141631,-58166000.0,-20.803290414878397,0.0,-56671000.0,-20.26859799713877,0.0,-56671000.0,-20.26859799713877,-0.6117389411543862,-1.1923645912637049,92639190.0,47528248.0,https://www.sec.gov/Archives/edgar/data/318306/000114420419014623/0001144204-19-014623-index.htm,https://www.sec.gov/Archives/edgar/data/318306/000114420419014623/tv515695-10k.htm,1620586053,14:47:33,20210509
6,2018-09-30,ABEOW,USD,2018-11-09,2018-11-09 16:06:56,Q3,1709000.0,0.0,1709000.0,1.0,13150000.0,4970000.0,0.0,-3000.0,18120000.0,18120000.0,3000.0,505000.0,-16411000.0,-9.602691632533645,-16916000.0,-9.898186073727326,0.0,-16419000.0,-9.60737273259216,0.0,-16419000.0,-9.60737273259216,-0.17723600562569686,-0.3464740311288105,92639190.0,47388833.0,https://www.sec.gov/Archives/edgar/data/318306/000114420418058739/0001144204-18-058739-index.htm,https://www.sec.gov/Archives/edgar/data/318306/000114420418058739/tv506017_10q.htm,1620586053,14:47:33,20210509
7,2018-06-30,ABEOW,USD,2018-08-09,2018-08-09 16:04:40,Q2,819000.0,0.0,819000.0,1.0,16078000.0,4627000.0,0.0,-3000.0,20705000.0,20705000.0,3000.0,290000.0,-11724000.0,-14.315018315018316,-12014000.0,-14.669108669108669,0.0,-11700000.0,-14.285714285714286,0.0,-11700000.0,-14.285714285714286,-0.12629644106344193,-0.24797229136422083,92639190.0,47182691.0,https://www.sec.gov/Archives/edgar/data/318306/000114420418043278/0001144204-18-043278-index.htm,https://www.sec.gov/Archives/edgar/data/318306/000114420418043278/tv499937_10q.htm,1620586053,14:47:33,20210509
8,2018-03-31,ABEOW,USD,2018-05-10,2018-05-10 17:21:56,Q1,2598000.0,0.0,2598000.0,1.0,0.0,2878000.0,0.0,-3000.0,2878000.0,2878000.0,3000.0,174000.0,-8442000.0,-3.2494226327944573,-8616000.0,-3.3163972286374133,0.0,-8463000.0,-3.2575057736720554,0.0,-8463000.0,-3.2575057736720554,-0.09135442570255634,-0.17983225558287994,92639190.0,47060523.0,https://www.sec.gov/Archives/edgar/data/318306/000114420418027209/0001144204-18-027209-index.htm,https://www.sec.gov/Archives/edgar/data/318306/000114420418027209/tv493214_10q.htm,1620586053,14:47:33,20210509
9,2017-12-31,ABEOW,USD,2018-03-16,2018-03-16 16:07:02,Q4,667000.0,0.0,667000.0,1.0,5706000.0,3113000.0,0.0,-1000.0,8819000.0,8819000.0,1000.0,146000.0,-8604000.0,-12.899550224887557,-8750000.0,-13.118440779610195,0.0,-8450000.0,-12.668665667166417,0.0,-8450000.0,-12.668665667166417,-0.09121409632359696,-0.2029457052749936,92639190.0,41636752.0,https://www.sec.gov/Archives/edgar/data/318306/000114420418015277/0001144204-18-015277-index.htm,https://www.sec.gov/Archives/edgar/data/318306/000114420418015277/tv488183_10k.htm,1620586053,14:47:33,20210509
10,2017-09-30,ABEOW,USD,2017-11-14,2017-11-14 16:15:28,Q3,170000.0,0.0,170000.0,1.0,11283000.0,7830000.0,0.0,-7000.0,19113000.0,19113000.0,7000.0,138000.0,-18948000.0,-111.45882352941176,-19086000.0,-112.27058823529411,0.0,-18869000.0,-110.99411764705883,0.0,-18869000.0,-110.99411764705883,-0.20368269627573385,-0.4681947995068484,92639190.0,40301601.0,https://www.sec.gov/Archives/edgar/data/318306/000114420417059034/0001144204-17-059034-index.htm,https://www.sec.gov/Archives/edgar/data/318306/000114420417059034/tv478731_10q.htm,1620586053,14:47:33,20210509
11,2017-06-30,ABEOW,USD,2017-08-14,2017-08-14 16:09:17,Q2,217000.0,0.0,217000.0,1.0,5808000.0,5664000.0,0.0,-3000.0,11472000.0,11472000.0,3000.0,207000.0,-8233000.0,-37.94009216589862,-8440000.0,-38.894009216589865,0.0,-8279000.0,-38.1520737327189,0.0,-8279000.0,-38.1520737327189,-0.0893682252619005,-0.20562392742247787,92639190.0,40262824.0,https://www.sec.gov/Archives/edgar/data/318306/000114420417043141/0001144204-17-043141-index.htm,https://www.sec.gov/Archives/edgar/data/318306/000114420417043141/v472343_10q.htm,1620586053,14:47:33,20210509
12,2017-03-31,ABEOW,USD,2017-05-15,2017-05-15 16:25:44,Q1,186000.0,0.0,186000.0,1.0,2198000.0,0.0,0.0,-2000.0,2198000.0,2198000.0,2000.0,250000.0,-5034000.0,-27.06451612903226,-5284000.0,-28.408602150537636,0.0,-5247000.0,-28.20967741935484,0.0,-5247000.0,-28.20967741935484,-0.056639096261528195,-0.13034509603219044,92639190.0,40254679.0,https://www.sec.gov/Archives/edgar/data/318306/000114420417027498/0001144204-17-027498-index.htm,https://www.sec.gov/Archives/edgar/data/318306/000114420417027498/v466491_10q.htm,1620586053,14:47:33,20210509
13,2016-12-31,ABEOW,USD,2017-03-30,2017-03-30 16:28:27,Q4,256000.0,0.0,256000.0,1.0,3037000.0,2803000.0,0.0,-2000.0,5840000.0,5840000.0,2000.0,248000.0,-5584000.0,-21.8125,-5832000.0,-22.78125,0.0,-7002000.0,-27.3515625,0.0,-7002000.0,-27.3515625,-0.20486,-0.20486,34180253.0,34180253.0,https://www.sec.gov/Archives/edgar/data/318306/000114420417017709/0001144204-17-017709-index.htm,https://www.sec.gov/Archives/edgar/data/318306/000114420417017709/v462622_10k.htm,1620586053,14:47:33,20210509
14,2016-09-30,ABEOW,USD,2016-11-14,2016-11-14 17:22:04,Q3,184000.0,0.0,184000.0,1.0,2745000.0,2391000.0,0.0,-1000.0,5136000.0,5136000.0,1000.0,222000.0,-4952000.0,-26.91304347826087,-5174000.0,-28.119565217391305,0.0,-2624000.0,-14.26086956521739,0.0,-2624000.0,-14.26086956521739,-0.07676947271279706,-0.07967152015203657,34180253.0,32935232.0,https://www.sec.gov/Archives/edgar/data/318306/000114420416134339/0001144204-16-134339-index.htm,https://www.sec.gov/Archives/edgar/data/318306/000114420416134339/v452855_10q.htm,1620586053,14:47:33,20210509
15,2016-06-30,ABEOW,USD,2016-08-15,2016-08-15 16:18:59,Q2,214000.0,0.0,214000.0,1.0,3018000.0,3730000.0,0.0,-1000.0,6748000.0,6748000.0,1000.0,181000.0,-6534000.0,-30.53271028037383,-6715000.0,-31.378504672897197,0.0,-6703000.0,-31.322429906542055,0.0,-6703000.0,-31.322429906542055,-0.19610738399156963,-0.20458699736243624,34180253.0,32763568.0,https://www.sec.gov/Archives/edgar/data/318306/000114420416119452/0001144204-16-119452-index.htm,https://www.sec.gov/Archives/edgar/data/318306/000114420416119452/v446627_10q.htm,1620586053,14:47:33,20210509
16,2016-03-31,ABEOW,USD,2016-05-16,2016-05-16 16:15:40,Q1,235000.0,0.0,235000.0,1.0,1855000.0,4366000.0,0.0,-2000.0,6221000.0,6221000.0,2000.0,174000.0,-5986000.0,-25.472340425531915,-6160000.0,-26.21276595744681,0.0,-5544000.0,-23.591489361702127,0.0,-5544000.0,-23.591489361702127,-0.16219891643283038,-0.16931856576546575,34180253.0,32743013.0,https://www.sec.gov/Archives/edgar/data/318306/000114420416102610/0001144204-16-102610-index.htm,https://www.sec.gov/Archives/edgar/data/318306/000114420416102610/v439162_10q.htm,1620586053,14:47:33,20210509
17,2015-12-31,ABEOW,USD,2016-03-30,2016-03-30 17:16:33,Q4,215000.0,0.0,215000.0,1.0,2071000.0,-10073000.0,0.0,-2000.0,-8002000.0,-8002000.0,2000.0,150000.0,-6103000.0,-28.386046511627907,-6253000.0,-29.08372093023256,0.0,-2340000.0,-10.883720930232558,0.0,-2340000.0,-10.883720930232558,-0.08479,-0.08479,27597434.0,27597434.0,https://www.sec.gov/Archives/edgar/data/318306/000114420416091600/0001144204-16-091600-index.htm,https://www.sec.gov/Archives/edgar/data/318306/000114420416091600/v435519_10k.htm,1620586053,14:47:33,20210509
18,2015-09-30,ABEOW,USD,2015-11-16,2015-11-16 16:17:47,Q3,285000.0,0.0,285000.0,1.0,1581000.0,4717000.0,0.0,-1000.0,6298000.0,6298000.0,1000.0,151000.0,-6013000.0,-21.098245614035086,-6164000.0,-21.628070175438598,0.0,-6073000.0,-21.308771929824562,0.0,-6073000.0,-21.308771929824562,-0.2200566907778455,-0.23478934817984515,27597434.0,25865739.0,https://www.sec.gov/Archives/edgar/data/318306/000114420415066026/0001144204-15-066026-index.htm,https://www.sec.gov/Archives/edgar/data/318306/000114420415066026/v424731_10q.htm,1620586053,14:47:33,20210509
19,2015-06-30,ABEOW,USD,2015-08-14,2015-08-14 08:21:36,Q2,282000.0,0.0,282000.0,1.0,610000.0,3667000.0,0.0,-2000.0,4277000.0,4277000.0,2000.0,132000.0,-3995000.0,-14.166666666666666,-4127000.0,-14.634751773049645,0.0,-4113000.0,-14.585106382978724,0.0,-4113000.0,-14.585106382978724,-0.1490355951209087,-0.1799555663323743,27597434.0,22855642.0,https://www.sec.gov/Archives/edgar/data/318306/000114420415049282/0001144204-15-049282-index.htm,https://www.sec.gov/Archives/edgar/data/318306/000114420415049282/v418191_10q.htm,1620586053,14:47:33,20210509
20,2015-03-31,ABEOW,USD,2015-05-14,2015-05-14 16:13:27,Q1,258000.0,0.0,258000.0,1.0,453000.0,1689000.0,0.0,-1000.0,2142000.0,2142000.0,1000.0,118000.0,-1884000.0,-7.3023255813953485,-2002000.0,-7.75968992248062,0.0,-2000000.0,-7.751937984496124,0.0,-2000000.0,-7.751937984496124,-0.0724705057723845,-0.10008131106117164,27597434.0,19983751.0,https://www.sec.gov/Archives/edgar/data/318306/000031830615000028/0000318306-15-000028-index.htm,https://www.sec.gov/Archives/edgar/data/318306/000031830615000028/a10q-033115.htm,1620586053,14:47:33,20210509
21,2014-12-31,ABEOW,USD,2015-03-31,2015-03-31 16:07:04,Q4,234000.0,0.0,234000.0,1.0,35000.0,-3055000.0,0.0,-176000.0,-3020000.0,-3020000.0,176000.0,11000.0,-456000.0,-1.9487179487179487,-467000.0,-1.9957264957264957,0.0,-11943000.0,-51.03846153846154,0.0,-11943000.0,-51.03846153846154,-6.14698,-6.14698,1942905.0,1942905.0,https://www.sec.gov/Archives/edgar/data/318306/000114420415020126/0001144204-15-020126-index.htm,https://www.sec.gov/Archives/edgar/data/318306/000114420415020126/v405690_10k.htm,1620586053,14:47:33,20210509
22,2014-09-30,ABEOW,USD,2014-11-14,2014-11-14 16:52:17,Q3,236000.0,0.0,236000.0,1.0,73000.0,795000.0,0.0,-147000.0,868000.0,868000.0,147000.0,-1000.0,-634000.0,-2.6864406779661016,-633000.0,-2.6822033898305087,0.0,-1469000.0,-6.22457627118644,0.0,-1469000.0,-6.22457627118644,-2.80026,-2.80026,524595.0,524595.0,https://www.sec.gov/Archives/edgar/data/318306/000031830614000039/0000318306-14-000039-index.htm,https://www.sec.gov/Archives/edgar/data/318306/000031830614000039/a10q-093014.htm,1620586053,14:47:33,20210509
23,2014-06-30,ABEOW,USD,2014-08-14,2014-08-14 16:52:58,Q2,247000.0,0.0,247000.0,1.0,81000.0,2260000.0,0.0,-137000.0,2341000.0,2341000.0,137000.0,1000.0,-702000.0,-2.8421052631578947,-703000.0,-2.8461538461538463,0.0,-12507000.0,-50.635627530364374,0.0,-12507000.0,-50.635627530364374,-0.48039,-0.48039,26034995.0,26034995.0,https://www.sec.gov/Archives/edgar/data/318306/000031830614000022/0000318306-14-000022-index.htm,https://www.sec.gov/Archives/edgar/data/318306/000031830614000022/a10q-063014.htm,1620586053,14:47:33,20210509
24,2014-03-31,ABEOW,USD,2014-05-12,2014-05-12 17:11:09,Q1,208000.0,0.0,208000.0,1.0,144000.0,0.0,0.0,-122000.0,144000.0,144000.0,122000.0,0.0,-1328000.0,-6.384615384615385,-1328000.0,-6.384615384615385,0.0,-859000.0,-4.1298076923076925,0.0,-859000.0,-4.1298076923076925,-0.0332,-0.0332,25876943.0,25876943.0,https://www.sec.gov/Archives/edgar/data/318306/000031830614000018/0000318306-14-000018-index.htm,https://www.sec.gov/Archives/edgar/data/318306/000031830614000018/a10q-033114.htm,1620586053,14:47:33,20210509
25,2013-12-31,ABEOW,USD,2014-03-26,2014-03-26 17:01:41,Q4,152899.0,0.0,152899.0,1.0,128000.0,717000.0,0.0,0.0,845000.0,845000.0,0.0,3000.0,-681000.0,-4.453920561939581,-684000.0,-4.473541357366628,0.0,-1075000.0,-7.030785028025036,0.0,-1075000.0,-7.030785028025036,-0.042585793537734576,-0.04220047652385528,25243160.0,25473646.0,https://www.sec.gov/Archives/edgar/data/318306/000031830614000006/0000318306-14-000006-index.htm,https://www.sec.gov/Archives/edgar/data/318306/000031830614000006/a10k-123113.htm,1620586053,14:47:33,20210509
26,2013-09-30,ABEOW,USD,2013-11-14,2013-11-14 16:01:47,Q3,189000.0,7000.0,182000.0,0.9629629629629629,756000.0,642000.0,0.0,86000.0,1398000.0,1405000.0,-86000.0,-1000.0,-697000.0,-3.687830687830688,-696000.0,-3.6825396825396823,0.0,-157000.0,-0.8306878306878307,0.0,-157000.0,-0.8306878306878307,-0.00625063526559845,-0.0061916730594705075,25117447.0,25356636.0,https://www.sec.gov/Archives/edgar/data/318306/000031830613000022/0000318306-13-000022-index.htm,https://www.sec.gov/Archives/edgar/data/318306/000031830613000022/a10q-093013.htm,1620586053,14:47:33,20210509
27,2013-06-30,ABEOW,USD,2013-08-14,2013-08-14,Q2,467000.0,53000.0,414000.0,0.8865096359743041,-323000.0,2137000.0,0.0,-43000.0,1814000.0,1867000.0,43000.0,0.0,-1921000.0,-4.113490364025696,-1921000.0,-4.113490364025696,0.0,1600000.0,3.4261241970021414,0.0,1600000.0,3.4261241970021414,0.06410979957153017,0.06320438572072297,24957183.0,25314699.0,https://www.sec.gov/Archives/edgar/data/318306/000031830613000019/0000318306-13-000019-index.htm,https://www.sec.gov/Archives/edgar/data/318306/000031830613000019/a10q-063013.htm,1620586053,14:47:33,20210509
28,2013-03-31,ABEOW,USD,2013-05-15,2013-05-15,Q1,1224000.0,65000.0,1159000.0,0.9468954248366013,323000.0,1338000.0,0.0,-43000.0,1661000.0,1726000.0,43000.0,1000.0,-502000.0,-0.41013071895424835,-503000.0,-0.41094771241830064,0.0,4081000.0,3.3341503267973858,0.0,4081000.0,3.3341503267973858,0.1645502411683172,0.16222640294534138,24800936.0,25156201.0,https://www.sec.gov/Archives/edgar/data/318306/000031830613000012/0000318306-13-000012-index.htm,https://www.sec.gov/Archives/edgar/data/318306/000031830613000012/a10q-033113.htm,1620586053,14:47:33,20210509
29,2012-12-31,ABEOW,USD,2013-03-20,2013-03-19 19:00:17,Q4,1006000.0,267000.0,739000.0,0.7345924453280318,0.0,1533000.0,0.0,0.0,1533000.0,1800000.0,0.0,328000.0,-891000.0,-0.885685884691849,-1219000.0,-1.2117296222664016,0.0,19827000.0,19.708747514910538,0.0,19827000.0,19.708747514910538,0.7994456338260781,0.8200169669521623,24800936.0,24178768.0,https://www.sec.gov/Archives/edgar/data/318306/000031830613000004/0000318306-13-000004-index.htm,https://www.sec.gov/Archives/edgar/data/318306/000031830613000004/a10k-123112.htm,1620586053,14:47:33,20210509
30,2012-09-30,ABEOW,USD,2012-11-14,2012-11-14,Q3,871000.0,0.0,871000.0,1.0,-1404000.0,1422000.0,0.0,0.0,18000.0,18000.0,0.0,18000.0,-938000.0,-1.0769230769230769,-956000.0,-1.097588978185993,0.0,-30359000.0,-34.85533869115959,0.0,-30359000.0,-34.85533869115959,-1.2241070256380646,-1.2578522542544546,24800936.0,24135585.0,https://www.sec.gov/Archives/edgar/data/318306/000031830612000057/0000318306-12-000057-index.htm,https://www.sec.gov/Archives/edgar/data/318306/000031830612000057/a10q-093012.htm,1620586053,14:47:33,20210509
31,2012-06-30,ABEOW,USD,2012-08-14,2012-08-14,Q2,672000.0,-537000.0,1209000.0,1.7991071428571428,430000.0,2090000.0,0.0,169000.0,2520000.0,1983000.0,-169000.0,19000.0,-1433000.0,-2.1324404761904763,-1452000.0,-2.1607142857142856,0.0,4892000.0,7.279761904761905,0.0,4892000.0,7.279761904761905,0.19725061989595877,0.2028502197433472,24800936.0,24116316.0,https://www.sec.gov/Archives/edgar/data/318306/000031830612000048/0000318306-12-000048-index.htm,https://www.sec.gov/Archives/edgar/data/318306/000031830612000048/a10q-063012.htm,1620586053,14:47:33,20210509
32,2012-03-31,ABEOW,USD,2012-05-15,2012-05-15,Q1,1855000.0,537000.0,1318000.0,0.7105121293800539,974000.0,979000.0,0.0,-169000.0,1953000.0,2490000.0,169000.0,54000.0,-635000.0,-0.3423180592991914,-689000.0,-0.37142857142857144,0.0,-4892000.0,-2.6371967654986523,0.0,-4892000.0,-2.6371967654986523,-0.20261,-0.20261,24145488.0,24145488.0,https://www.sec.gov/Archives/edgar/data/318306/000031830612000036/0000318306-12-000036-index.htm,https://www.sec.gov/Archives/edgar/data/318306/000031830612000036/a10q-033112.htm,1620586053,14:47:33,20210509
33,2011-12-31,ABEOW,USD,2012-03-23,2012-03-23 16:58:58,Q4,807000.0,762000.0,45000.0,0.055762081784386616,-1033000.0,4075000.0,0.0,-726000.0,3042000.0,3804000.0,726000.0,57000.0,-6035000.0,-7.478314745972739,-6092000.0,-7.548946716232962,0.0,-2865000.0,-3.550185873605948,0.0,-2882000.0,-3.5712515489467163,-0.11936,-0.11936,24145488.0,24145488.0,https://www.sec.gov/Archives/edgar/data/318306/000031830612000020/0000318306-12-000020-index.htm,https://www.sec.gov/Archives/edgar/data/318306/000031830612000020/a10k-123111.htm,1620586053,14:47:33,20210509
34,2011-09-30,ABEOW,USD,2011-11-14,2011-11-14 17:01:33,Q3,740000.0,96000.0,644000.0,0.8702702702702703,1033000.0,-2045000.0,0.0,286000.0,-1012000.0,-916000.0,-286000.0,176000.0,2794000.0,3.7756756756756755,2618000.0,3.537837837837838,0.0,3513000.0,4.7472972972972975,0.0,3513000.0,4.7472972972972975,0.14549,0.14549,24145488.0,24145488.0,https://www.sec.gov/Archives/edgar/data/318306/000031830611000025/0000318306-11-000025-index.htm,https://www.sec.gov/Archives/edgar/data/318306/000031830611000025/a10q-093011.htm,1620586053,14:47:33,20210509
35,2011-06-30,ABEOW,USD,2011-08-15,2011-08-15,Q2,151000.0,358000.0,-207000.0,-1.3708609271523178,0.0,1019000.0,0.0,-356000.0,1019000.0,1377000.0,356000.0,-61000.0,-2314000.0,-15.324503311258278,-2253000.0,-14.920529801324504,0.0,-1264000.0,-8.370860927152318,0.0,-1264000.0,-8.370860927152318,-0.06544,-0.06544,19315142.0,19315142.0,https://www.sec.gov/Archives/edgar/data/318306/000031830611000014/0000318306-11-000014-index.htm,https://www.sec.gov/Archives/edgar/data/318306/000031830611000014/a10q-063011.htm,1620586053,14:47:33,20210509
36,2011-03-31,ABEOW,USD,2011-05-16,2011-05-16 15:58:59,Q1,150000.0,0.0,150000.0,1.0,30000.0,1026000.0,0.0,-167000.0,1056000.0,1056000.0,167000.0,61000.0,-2088000.0,-13.92,-2149000.0,-14.326666666666666,0.0,-1899000.0,-12.66,0.0,-1899000.0,-12.66,-0.09869,-0.09869,19241570.0,19241570.0,https://www.sec.gov/Archives/edgar/data/318306/000031830611000007/0000318306-11-000007-index.htm,https://www.sec.gov/Archives/edgar/data/318306/000031830611000007/a10q-033111.htm,1620586053,14:47:33,20210509
37,2010-12-31,ABEOW,USD,2011-03-31,2011-03-31 16:03:02,Q4,0.0,0.0,0.0,0.0,2645000.0,0.0,0.0,-513000.0,2645000.0,2645000.0,513000.0,59000.0,-9373000.0,0.0,-9432000.0,0.0,0.0,0.0,0.0,0.0,0.0,0.0,0.0,0.0,15774273.0,15774273.0,https://www.sec.gov/Archives/edgar/data/318306/000031830611000002/0000318306-11-000002-index.htm,https://www.sec.gov/Archives/edgar/data/318306/000031830611000002/a10k_123110.htm,1620586053,14:47:33,20210509
38,2010-09-30,ABEOW,USD,2010-11-12,2010-11-10 18:03:18,Q3,127000.0,0.0,127000.0,1.0,1199000.0,1165000.0,0.0,-152000.0,2364000.0,2364000.0,152000.0,179000.0,-2117000.0,-16.669291338582678,-2296000.0,-18.078740157480315,0.0,-12719000.0,-100.14960629921259,0.0,-12719000.0,-100.14960629921259,-0.80631,-0.80631,15774273.0,15774273.0,https://www.sec.gov/Archives/edgar/data/318306/000031830610000067/0000318306-10-000067-index.htm,https://www.sec.gov/Archives/edgar/data/318306/000031830610000067/a10q-093010.htm,1620586053,14:47:33,20210509
39,2010-06-30,ABEOW,USD,2010-08-16,2010-08-16,Q2,120000.0,0.0,120000.0,1.0,733000.0,1253000.0,0.0,-143000.0,1986000.0,1986000.0,143000.0,-61000.0,-2001000.0,-16.675,-1940000.0,-16.166666666666668,0.0,1790000.0,14.916666666666666,0.0,1790000.0,14.916666666666666,0.11842208329716719,0.0643307696982524,15115424.0,27824943.0,https://www.sec.gov/Archives/edgar/data/318306/000031830610000058/0000318306-10-000058-index.htm,https://www.sec.gov/Archives/edgar/data/318306/000031830610000058/a10q-063010.htm,1620586053,14:47:33,20210509
40,2010-03-31,ABEOW,USD,2010-05-17,2010-05-17 14:21:27,Q1,87000.0,0.0,87000.0,1.0,786000.0,898000.0,0.0,-149000.0,1684000.0,1684000.0,149000.0,61000.0,-1582000.0,-18.183908045977013,-1643000.0,-18.885057471264368,0.0,1089000.0,12.517241379310345,0.0,1089000.0,12.517241379310345,0.07375,0.07375,14766947.0,14766947.0,https://www.sec.gov/Archives/edgar/data/318306/000031830610000050/0000318306-10-000050-index.htm,https://www.sec.gov/Archives/edgar/data/318306/000031830610000050/a10q-033110.htm,1620586053,14:47:33,20210509
41,2009-12-31,ABEOW,USD,2010-03-23,2010-03-22 19:16:27,Q4,0.0,0.0,0.0,0.0,2645000.0,0.0,0.0,-513000.0,2645000.0,2645000.0,513000.0,62000.0,-9370000.0,0.0,-9432000.0,0.0,0.0,0.0,0.0,0.0,0.0,0.0,0.0,0.0,11375793.0,11375793.0,https://www.sec.gov/Archives/edgar/data/318306/000031830610000018/0000318306-10-000018-index.htm,https://www.sec.gov/Archives/edgar/data/318306/000031830610000018/a10k_123109.htm,1620586053,14:47:33,20210509
42,2009-09-30,ABEOW,USD,2009-11-16,2009-11-16 12:02:38,Q3,144000.0,0.0,144000.0,1.0,561000.0,-2754000.0,0.0,-133000.0,-2193000.0,-2193000.0,133000.0,197000.0,-3743000.0,-25.993055555555557,-3940000.0,-27.36111111111111,0.0,-4071000.0,-28.270833333333332,0.0,-4071000.0,-28.270833333333332,-0.35787,-0.35787,11375793.0,11375793.0,https://www.sec.gov/Archives/edgar/data/318306/000031830609000034/0000318306-09-000034-index.htm,https://www.sec.gov/Archives/edgar/data/318306/000031830609000034/a10q-093009.htm,1620586053,14:47:33,20210509
43,2009-06-30,ABEOW,USD,2009-08-13,2009-08-13 17:21:55,Q2,63000.0,0.0,63000.0,1.0,582000.0,1507000.0,0.0,-118000.0,2089000.0,2089000.0,118000.0,-66000.0,-2158000.0,-34.25396825396825,-2092000.0,-33.20634920634921,0.0,-2208000.0,-35.04761904761905,0.0,-2208000.0,-35.04761904761905,-0.20156,-0.20156,10954472.0,10954472.0,https://www.sec.gov/Archives/edgar/data/318306/000114036109018877/0001140361-09-018877-index.htm,https://www.sec.gov/Archives/edgar/data/318306/000114036109018877/a10q-063009.htm,1620586053,14:47:33,20210509
44,2009-05-19,ABEOW,USD,2009-05-19,2009-05-19 17:23:39,Q1,41000.0,0.0,41000.0,1.0,687000.0,1247000.0,0.0,-144000.0,1934000.0,1934000.0,144000.0,66000.0,-1893000.0,-46.170731707317074,-1959000.0,-47.78048780487805,0.0,-2089000.0,-50.951219512195124,0.0,-2089000.0,-50.951219512195124,-0.19901,-0.19901,10497219.0,10497219.0,https://www.sec.gov/Archives/edgar/data/318306/000031830609000015/0000318306-09-000015-index.htm,https://www.sec.gov/Archives/edgar/data/318306/000031830609000015/a10q-033109.htm,1620586053,14:47:33,20210509
45,2008-12-31,ABEOW,USD,2009-03-31,2009-03-31 15:33:29,Q4,74000.0,0.0,74000.0,1.0,33000.0,4340000.0,0.0,-127000.0,4373000.0,4373000.0,127000.0,56000.0,-1399000.0,-18.905405405405407,-1455000.0,-19.66216216216216,0.0,15644000.0,211.40540540540542,0.0,15644000.0,211.40540540540542,2.67235,2.67235,5854031.0,5854031.0,https://www.sec.gov/Archives/edgar/data/318306/000031830609000007/0000318306-09-000007-index.htm,https://www.sec.gov/Archives/edgar/data/318306/000031830609000007/a10k_123108.htm,1620586053,14:47:33,20210509
46,2008-11-14,ABEOW,USD,2008-11-14,2008-11-14 14:47:24,Q3,47000.0,0.0,47000.0,1.0,9000.0,-1933000.0,0.0,-126000.0,-1924000.0,-1924000.0,126000.0,197000.0,-2545000.0,-54.148936170212764,-2742000.0,-58.340425531914896,0.0,-2806000.0,-59.702127659574465,0.0,-2806000.0,-59.702127659574465,-0.50042,-0.50042,5607247.0,5607247.0,https://www.sec.gov/Archives/edgar/data/318306/000031830608000067/0000318306-08-000067-index.htm,https://www.sec.gov/Archives/edgar/data/318306/000031830608000067/a10q-093008.htm,1620586053,14:47:33,20210509
47,2008-08-14,ABEOW,USD,2008-08-14,2008-08-14,Q2,132000.0,0.0,132000.0,1.0,110000.0,1044000.0,0.0,-117000.0,1154000.0,1154000.0,117000.0,-67000.0,-2222000.0,-16.833333333333332,-2155000.0,-16.325757575757574,0.0,-2243000.0,-16.992424242424242,0.0,-2243000.0,-16.992424242424242,-0.40722,-0.40722,5508064.0,5508064.0,https://www.sec.gov/Archives/edgar/data/318306/000031830608000037/0000318306-08-000037-index.htm,https://www.sec.gov/Archives/edgar/data/318306/000031830608000037/a10q-063008.htm,1620586053,14:47:33,20210509
48,2008-05-20,ABEOW,USD,2008-05-20,2008-05-20 17:04:25,Q1,38000.0,0.0,38000.0,1.0,21000.0,889000.0,0.0,-108000.0,910000.0,910000.0,108000.0,67000.0,-10496000.0,-276.2105263157895,-10563000.0,-277.9736842105263,0.0,-10595000.0,-278.8157894736842,0.0,-10595000.0,-278.8157894736842,-1.96924,-1.96924,5380259.0,5380259.0,https://www.sec.gov/Archives/edgar/data/318306/000031830608000027/0000318306-08-000027-index.htm,https://www.sec.gov/Archives/edgar/data/318306/000031830608000027/a10q-033108.htm,1620586053,14:47:33,20210509
49,2007-12-31,ABEOW,USD,2008-03-31,2008-03-31 16:44:19,Q4,51000.0,0.0,51000.0,1.0,-562000.0,3076000.0,0.0,-3196000.0,2514000.0,2514000.0,3196000.0,279000.0,-4970000.0,-97.45098039215686,-5249000.0,-102.92156862745098,0.0,0.0,0.0,0.0,0.0,0.0,-0.01035,-0.01035,3536812.0,3536812.0,https://www.sec.gov/Archives/edgar/data/318306/000031830608000016/0000318306-08-000016-index.htm,https://www.sec.gov/Archives/edgar/data/318306/000031830608000016/a10k_123107.htm,1620586053,14:47:33,20210509
50,2007-11-14,ABEOW,USD,2007-11-14,2007-11-14 16:15:49,Q3,6000.0,0.0,6000.0,1.0,-340000.0,1000000.0,0.0,2641000.0,660000.0,660000.0,-2641000.0,-2316000.0,-630000.0,-105.0,1686000.0,281.0,0.0,6236000.0,1039.3333333333333,0.0,6236000.0,1039.3333333333333,1.76317,1.76317,3536812.0,3536812.0,https://www.sec.gov/Archives/edgar/data/318306/000031830607000060/0000318306-07-000060-index.htm,https://www.sec.gov/Archives/edgar/data/318306/000031830607000060/a2007_40-10q.htm,1620586053,14:47:33,20210509
51,2007-08-14,ABEOW,USD,2007-08-14,2007-08-14 16:49:24,Q2,0.0,0.0,0.0,0.0,936000.0,0.0,0.0,-2959000.0,936000.0,936000.0,2959000.0,2241000.0,-1096000.0,0.0,-3337000.0,0.0,0.0,-6236000.0,0.0,0.0,-6236000.0,0.0,-1.76317,-1.76317,3536812.0,3536812.0,https://www.sec.gov/Archives/edgar/data/318306/000031830607000048/0000318306-07-000048-index.htm,https://www.sec.gov/Archives/edgar/data/318306/000031830607000048/a2007_2q-10q2.htm,1620586053,14:47:33,20210509
52,2007-05-15,ABEOW,USD,2007-05-15,2007-05-15 16:43:38,Q1,0.0,0.0,0.0,0.0,413000.0,1139000.0,0.0,-2535000.0,1552000.0,1552000.0,2535000.0,75000.0,-1552000.0,0.0,-1627000.0,0.0,0.0,-4127000.0,0.0,0.0,-4127000.0,0.0,-1.1674,-1.1674,3535197.0,3535197.0,https://www.sec.gov/Archives/edgar/data/318306/000031830607000031/0000318306-07-000031-index.htm,https://www.sec.gov/Archives/edgar/data/318306/000031830607000031/form10qsb33107.htm,1620586053,14:47:33,20210509
53,2007-04-02,ABEOW,USD,2007-04-02,2007-04-02 16:18:06,Q4,550000.0,0.0,550000.0,1.0,-756000.0,-666000.0,0.0,1299000.0,-1422000.0,-1422000.0,-1299000.0,232000.0,2281000.0,4.147272727272727,2049000.0,3.7254545454545456,0.0,4856000.0,8.829090909090908,0.0,4856000.0,8.829090909090908,1.37609,1.37609,3528831.0,3528831.0,https://www.sec.gov/Archives/edgar/data/318306/000031830607000012/0000318306-07-000012-index.htm,https://www.sec.gov/Archives/edgar/data/318306/000031830607000012/ex-10ksb2.htm,1620586053,14:47:33,20210509
54,2006-03-31,ABEOW,USD,2006-06-16,2006-06-16 17:16:04,Q1,0.0,0.0,0.0,0.0,756000.0,666000.0,0.0,-1299000.0,1422000.0,1422000.0,1299000.0,77000.0,-1422000.0,0.0,-1499000.0,0.0,0.0,-4856000.0,0.0,0.0,-4856000.0,0.0,-1.37609,-1.37609,3528831.0,3528831.0,https://www.sec.gov/Archives/edgar/data/318306/000110465906042232/0001104659-06-042232-index.htm,https://www.sec.gov/Archives/edgar/data/318306/000110465906042232/a06-13491_110q.htm,1620586053,14:47:33,20210509
