,date,symbol,reportedCurrency,fillingDate,acceptedDate,period,revenue,costOfRevenue,grossProfit,grossProfitRatio,researchAndDevelopmentExpenses,generalAndAdministrativeExpenses,sellingAndMarketingExpenses,otherExpenses,operatingExpenses,costAndExpenses,interestExpense,depreciationAndAmortization,ebitda,ebitdaratio,operatingIncome,operatingIncomeRatio,totalOtherIncomeExpensesNet,incomeBeforeTax,incomeBeforeTaxRatio,incomeTaxExpense,netIncome,netIncomeRatio,eps,epsdiluted,weightedAverageShsOut,weightedAverageShsOutDil,link,finalLink,timestamp,est_time,est_date
0,2020-09-30,SIT.AX,AUD,2020-09-30,2020-09-30,Q3,6012286.25,1307179.0,4705107.25,0.7825820418979552,0.0,3728236.0,408525.75,574499.0,1958361.75,0.0,296026.25,645209.0,-1390016.25,-0.2311959531201629,-2035225.25,-0.33851103646304265,300499.0,-2274271.5,-0.3782706620131402,12178.25,-2566173.0,-0.4268214940697476,-0.0037397741578475774,-0.0037397741578475774,686183949,686183949,,,1620597949,18:05:49,20210509
1,2020-06-30,SIT.AX,AUD,2020-06-30,2020-06-30,Q2,6012286.25,1307179.0,4705107.25,0.7825820418979552,0.0,3728236.0,408525.75,574499.0,1958361.75,0.0,296026.25,645209.0,-1390016.25,-0.2311959531201629,-2035225.25,-0.33851103646304265,300499.0,-2274271.5,-0.3782706620131402,12178.25,-2566173.0,-0.4268214940697476,-0.0037397741578475774,-0.0037397741578475774,686183949,686183949,,,1620597949,18:05:49,20210509
2,2020-03-31,SIT.AX,AUD,2020-03-31,2020-03-31,Q1,6012286.25,1307179.0,4705107.25,0.7825820418979552,0.0,3728236.0,408525.75,574499.0,1958361.75,0.0,296026.25,645209.0,-1390016.25,-0.2311959531201629,-2035225.25,-0.33851103646304265,300499.0,-2274271.5,-0.3782706620131402,12178.25,-2566173.0,-0.4268214940697476,-0.0037397741578475774,-0.0037397741578475774,686183949,686183949,,,1620597949,18:05:49,20210509
3,2020-01-31,SIT.AX,AUD,2020-01-31,2020-01-31,Q1,6012286.25,1307179.0,4705107.25,0.7825820418979552,0.0,3728236.0,408525.75,574499.0,1958361.75,0.0,296026.25,645209.0,-1390016.25,-0.2311959531201629,-2035225.25,-0.33851103646304265,300499.0,-2274271.5,-0.3782706620131402,12178.25,-2566173.0,-0.4268214940697476,-0.0037397741578475774,-0.0037397741578475774,686183949,686183949,,,1620597949,18:05:49,20210509
4,2019-06-30,SIT.AX,AUD,2019-06-30,2019-06-30,Q2,7152976.75,1726849.25,5426127.5,0.7585831311418704,0.0,4141884.25,439490.5,575862.25,2230579.25,0.0,103685.25,352018.5,-1385826.5,-0.19374122808381838,-1737845.0,-0.24295409599926351,575862.25,-1249122.25,-0.17462970923259327,21577.75,-1185742.0,-0.16576902755905085,-0.001725,-0.001725,686183949,686183949,,,1620597949,18:05:49,20210509
5,2019-03-31,SIT.AX,AUD,2019-03-31,2019-03-31,Q1,7152976.75,1726849.25,5426127.5,0.7585831311418704,0.0,4141884.25,439490.5,575862.25,2230579.25,0.0,103685.25,352018.5,-1385826.5,-0.19374122808381838,-1737845.0,-0.24295409599926351,575862.25,-1249122.25,-0.17462970923259327,21577.75,-1185742.0,-0.16576902755905085,-0.001725,-0.001725,686183949,686183949,,,1620597949,18:05:49,20210509
6,2019-01-31,SIT.AX,AUD,2019-01-31,2019-01-31,Q1,7152976.75,1726849.25,5426127.5,0.7585831311418704,0.0,4141884.25,439490.5,575862.25,2230579.25,0.0,103685.25,352018.5,-1385826.5,-0.19374122808381838,-1737845.0,-0.24295409599926351,575862.25,-1249122.25,-0.17462970923259327,21577.75,-1185742.0,-0.16576902755905085,-0.001725,-0.001725,686183949,686183949,,,1620597949,18:05:49,20210509
7,2018-06-30,SIT.AX,AUD,2018-06-30,2018-06-30,Q2,6861658.75,1727589.75,5134069.0,0.7482256385892114,0.0,4390228.5,292400.75,674062.0,1888508.75,0.0,13594.0,500031.0,-1560962.25,-0.22749051022101616,-2060993.25,-0.30036370578761296,-275291.25,-2345829.25,-0.3418749511552145,41149.0,-1510553.0,-0.2201439994374538,-0.0023,-0.0023,656150613,656150613,,,1620597949,18:05:49,20210509
8,2018-03-31,SIT.AX,AUD,2018-03-31,2018-03-31,Q1,6861658.75,1727589.75,5134069.0,0.7482256385892114,0.0,4390228.5,292400.75,674062.0,1888508.75,0.0,13594.0,500031.0,-1560962.25,-0.22749051022101616,-2060993.25,-0.30036370578761296,-275291.25,-2345829.25,-0.3418749511552145,41149.0,-1510553.0,-0.2201439994374538,-0.0023,-0.0023,656150613,656150613,,,1620597949,18:05:49,20210509
9,2018-01-31,SIT.AX,AUD,2018-01-31,2018-01-31,Q1,6861658.75,1727589.75,5134069.0,0.7482256385892114,0.0,4390228.5,292400.75,674062.0,1888508.75,0.0,13594.0,500031.0,-1560962.25,-0.22749051022101616,-2060993.25,-0.30036370578761296,-275291.25,-2345829.25,-0.3418749511552145,41149.0,-1510553.0,-0.2201439994374538,-0.0023,-0.0023,656150613,656150613,,,1620597949,18:05:49,20210509
10,2017-06-30,SIT.AX,AUD,2017-06-30,2017-06-30,Q2,6739775.5,1671973.0,5067802.5,0.751924526269458,0.0,4558961.25,234377.75,501333.25,1895512.0,0.0,76658.0,554449.75,-1649465.25,-0.24473593371173863,-2203915.0,-0.3270012480386031,-1389661.75,-3666002.25,-0.5439353655029014,-526378.75,-12616622.75,-1.8719648377011964,-0.02375,-0.02375,531306539,531306539,,,1620597949,18:05:49,20210509
11,2017-03-31,SIT.AX,AUD,2017-03-31,2017-03-31,Q1,6739775.5,1671973.0,5067802.5,0.751924526269458,0.0,4558961.25,234377.75,501333.25,1895512.0,0.0,76658.0,554449.75,-1649465.25,-0.24473593371173863,-2203915.0,-0.3270012480386031,-1389661.75,-3666002.25,-0.5439353655029014,-526378.75,-12616622.75,-1.8719648377011964,-0.02375,-0.02375,531306539,531306539,,,1620597949,18:05:49,20210509
12,2017-01-31,SIT.AX,AUD,2017-01-31,2017-01-31,Q1,6739775.5,1671973.0,5067802.5,0.751924526269458,0.0,4558961.25,234377.75,501333.25,1895512.0,0.0,76658.0,554449.75,-1649465.25,-0.24473593371173863,-2203915.0,-0.3270012480386031,-1389661.75,-3666002.25,-0.5439353655029014,-526378.75,-12616622.75,-1.8719648377011964,-0.02375,-0.02375,531306539,531306539,,,1620597949,18:05:49,20210509
13,2016-06-30,SIT.AX,AUD,2016-06-30,2016-06-30,Q2,15989031.75,1951132.5,14037899.25,0.8779705656660541,0.0,5630074.0,3211793.75,859390.5,1940525.25,0.0,65761.75,713836.5,3255506.25,0.20360871758228888,2541669.75,0.15896333122235498,65096.75,2546811.5,0.1592849110453483,195607.5,2351204.0,0.1470510557964212,0.0046,0.0046,509993668,509993668,,,1620597949,18:05:49,20210509
14,2016-03-31,SIT.AX,AUD,2016-03-31,2016-03-31,Q1,15989031.75,1951132.5,14037899.25,0.8779705656660541,0.0,5630074.0,3211793.75,859390.5,1940525.25,0.0,65761.75,713836.5,3255506.25,0.20360871758228888,2541669.75,0.15896333122235498,65096.75,2546811.5,0.1592849110453483,195607.5,2351204.0,0.1470510557964212,0.0046,0.0046,509993668,509993668,,,1620597949,18:05:49,20210509
15,2016-01-31,SIT.AX,AUD,2016-01-31,2016-01-31,Q1,15989031.75,1951132.5,14037899.25,0.8779705656660541,0.0,5630074.0,3211793.75,859390.5,1940525.25,0.0,65761.75,713836.5,3255506.25,0.20360871758228888,2541669.75,0.15896333122235498,65096.75,2546811.5,0.1592849110453483,195607.5,2351204.0,0.1470510557964212,0.0046,0.0046,509993668,509993668,,,1620597949,18:05:49,20210509
16,2015-09-30,SIT.AX,AUD,2015-09-30,2015-09-30,Q3,9721430.0,1659364.5,8062065.5,0.8293085996607495,0.0,3818986.0,866100.0,549494.25,2926416.0,0.0,13884.0,479130.75,450563.5,0.04634745094085952,-28567.25,-0.0029385851669970365,549494.25,514925.5,0.05296808185627012,28312.0,486613.5,0.05005575311451093,0.001,0.001,483720276,483720276,,,1620597949,18:05:49,20210509
17,2015-06-30,SIT.AX,AUD,2015-06-30,2015-06-30,Q2,9721430.0,1659364.5,8062065.5,0.8293085996607495,0.0,3818986.0,866100.0,549494.25,2926416.0,0.0,13884.0,479130.75,450563.5,0.04634745094085952,-28567.25,-0.0029385851669970365,549494.25,514925.5,0.05296808185627012,28312.0,486613.5,0.05005575311451093,0.001,0.001,483720276,483720276,,,1620597949,18:05:49,20210509
18,2015-03-31,SIT.AX,AUD,2015-03-31,2015-03-31,Q1,9721430.0,1659364.5,8062065.5,0.8293085996607495,0.0,3818986.0,866100.0,549494.25,2926416.0,0.0,13884.0,479130.75,450563.5,0.04634745094085952,-28567.25,-0.0029385851669970365,549494.25,514925.5,0.05296808185627012,28312.0,486613.5,0.05005575311451093,0.001,0.001,483720276,483720276,,,1620597949,18:05:49,20210509
19,2015-01-31,SIT.AX,AUD,2015-01-31,2015-01-31,Q1,9721430.0,1659364.5,8062065.5,0.8293085996607495,0.0,3818986.0,866100.0,549494.25,2926416.0,0.0,13884.0,479130.75,450563.5,0.04634745094085952,-28567.25,-0.0029385851669970365,549494.25,514925.5,0.05296808185627012,28312.0,486613.5,0.05005575311451093,0.001,0.001,483720276,483720276,,,1620597949,18:05:49,20210509
20,2014-09-30,SIT.AX,AUD,2014-09-30,2014-09-30,Q3,4245386.25,1045302.0,3200084.25,0.7537792939335025,0.0,2433161.5,112849.25,93892.0,1995891.5,0.0,4883.0,368293.5,-1341818.0,-0.3160649987972237,-1710111.5,-0.40281646929063286,93892.0,-1610358.75,-0.37931972620865767,11420.5,-1621779.25,-0.3820098230166925,-0.004525,-0.004525,357783939,357783939,,,1620597949,18:05:49,20210509
21,2014-06-30,SIT.AX,AUD,2014-06-30,2014-06-30,Q2,4245386.25,1045302.0,3200084.25,0.7537792939335025,0.0,2433161.5,112849.25,93892.0,1995891.5,0.0,4883.0,368293.5,-1341818.0,-0.3160649987972237,-1710111.5,-0.40281646929063286,93892.0,-1610358.75,-0.37931972620865767,11420.5,-1621779.25,-0.3820098230166925,-0.004525,-0.004525,357783939,357783939,,,1620597949,18:05:49,20210509
22,2014-03-31,SIT.AX,AUD,2014-03-31,2014-03-31,Q1,4245386.25,1045302.0,3200084.25,0.7537792939335025,0.0,2433161.5,112849.25,93892.0,1995891.5,0.0,4883.0,368293.5,-1341818.0,-0.3160649987972237,-1710111.5,-0.40281646929063286,93892.0,-1610358.75,-0.37931972620865767,11420.5,-1621779.25,-0.3820098230166925,-0.004525,-0.004525,357783939,357783939,,,1620597949,18:05:49,20210509
23,2014-01-31,SIT.AX,AUD,2014-01-31,2014-01-31,Q1,4245386.25,1045302.0,3200084.25,0.7537792939335025,0.0,2433161.5,112849.25,93892.0,1995891.5,0.0,4883.0,368293.5,-1341818.0,-0.3160649987972237,-1710111.5,-0.40281646929063286,93892.0,-1610358.75,-0.37931972620865767,11420.5,-1621779.25,-0.3820098230166925,-0.004525,-0.004525,357783939,357783939,,,1620597949,18:05:49,20210509
24,2013-09-30,SIT.AX,AUD,2013-09-30,2013-09-30,Q3,3150669.75,695868.25,2454801.5,0.7791364042518262,0.0,1884859.25,97681.25,91544.0,1701577.5,0.0,21793.75,309463.25,-1229316.5,-0.3901762474470706,-1538779.75,-0.4883976652900546,91544.0,-1455351.25,-0.4619180572638564,0.0,-1455351.25,-0.4619180572638564,-0.00474525,-0.00474525,306503782,306503782,,,1620597949,18:05:49,20210509
25,2013-06-30,SIT.AX,AUD,2013-06-30,2013-06-30,Q2,3150669.75,695868.25,2454801.5,0.7791364042518262,0.0,1884859.25,97681.25,91544.0,1701577.5,0.0,21793.75,309463.25,-1229316.5,-0.3901762474470706,-1538779.75,-0.4883976652900546,91544.0,-1455351.25,-0.4619180572638564,0.0,-1455351.25,-0.4619180572638564,-0.00474525,-0.00474525,306503782,306503782,,,1620597949,18:05:49,20210509
26,2013-03-31,SIT.AX,AUD,2013-03-31,2013-03-31,Q1,3150669.75,695868.25,2454801.5,0.7791364042518262,0.0,1884859.25,97681.25,91544.0,1701577.5,0.0,21793.75,309463.25,-1229316.5,-0.3901762474470706,-1538779.75,-0.4883976652900546,91544.0,-1455351.25,-0.4619180572638564,0.0,-1455351.25,-0.4619180572638564,-0.00474525,-0.00474525,306503782,306503782,,,1620597949,18:05:49,20210509
27,2013-01-31,SIT.AX,AUD,2013-01-31,2013-01-31,Q1,3150669.75,695868.25,2454801.5,0.7791364042518262,0.0,1884859.25,97681.25,91544.0,1701577.5,0.0,21793.75,309463.25,-1229316.5,-0.3901762474470706,-1538779.75,-0.4883976652900546,91544.0,-1455351.25,-0.4619180572638564,0.0,-1455351.25,-0.4619180572638564,-0.00474525,-0.00474525,306503782,306503782,,,1620597949,18:05:49,20210509
28,2012-09-30,SIT.AX,AUD,2012-09-30,2012-09-30,Q3,908915.75,168098.5,740817.25,0.815056015917867,0.0,1200705.0,93017.5,51606.75,1234974.75,0.0,19756.0,189899.75,-1787880.0,-1.9670470007808754,-1977779.75,-2.1759769813648844,51606.75,-1936537.0,-2.1306012135888284,1134.0,-1937671.0,-2.13184885397794,-0.010504,-0.010504,184352424,184352424,,,1620597949,18:05:49,20210509
29,2012-06-30,SIT.AX,AUD,2012-06-30,2012-06-30,Q2,908915.75,168098.5,740817.25,0.815056015917867,0.0,1200705.0,93017.5,51606.75,1234974.75,0.0,19756.0,189899.75,-1787880.0,-1.9670470007808754,-1977779.75,-2.1759769813648844,51606.75,-1936537.0,-2.1306012135888284,1134.0,-1937671.0,-2.13184885397794,-0.010504,-0.010504,184352424,184352424,,,1620597949,18:05:49,20210509
30,2012-03-31,SIT.AX,AUD,2012-03-31,2012-03-31,Q1,908915.75,168098.5,740817.25,0.815056015917867,0.0,1200705.0,93017.5,51606.75,1234974.75,0.0,19756.0,189899.75,-1787880.0,-1.9670470007808754,-1977779.75,-2.1759769813648844,51606.75,-1936537.0,-2.1306012135888284,1134.0,-1937671.0,-2.13184885397794,-0.010504,-0.010504,184352424,184352424,,,1620597949,18:05:49,20210509
31,2012-01-31,SIT.AX,AUD,2012-01-31,2012-01-31,Q1,908915.75,168098.5,740817.25,0.815056015917867,0.0,1200705.0,93017.5,51606.75,1234974.75,0.0,19756.0,189899.75,-1787880.0,-1.9670470007808754,-1977779.75,-2.1759769813648844,51606.75,-1936537.0,-2.1306012135888284,1134.0,-1937671.0,-2.13184885397794,-0.010504,-0.010504,184352424,184352424,,,1620597949,18:05:49,20210509
32,2011-09-30,SIT.AX,AUD,2011-09-30,2011-09-30,Q3,245169.0,254101.75,-8932.75,-0.03643507131815197,0.0,998330.75,89454.0,-290685.5,939628.75,0.0,3531.0,111318.25,-2036346.25,-8.30588797931223,-2147664.5,-8.759934983623541,-332280.25,-2472176.75,-10.08356174720295,2799.25,-2474976.0,-10.094979381569448,-0.02039125,-0.02039125,121275487,121275487,,,1620597949,18:05:49,20210509
33,2011-06-30,SIT.AX,AUD,2011-06-30,2011-06-30,Q2,245169.0,254101.75,-8932.75,-0.03643507131815197,0.0,998330.75,89454.0,-290685.5,939628.75,0.0,3531.0,111318.25,-2036346.25,-8.30588797931223,-2147664.5,-8.759934983623541,-332280.25,-2472176.75,-10.08356174720295,2799.25,-2474976.0,-10.094979381569448,-0.02039125,-0.02039125,121275487,121275487,,,1620597949,18:05:49,20210509
34,2011-03-31,SIT.AX,AUD,2011-03-31,2011-03-31,Q1,245169.0,254101.75,-8932.75,-0.03643507131815197,0.0,998330.75,89454.0,-290685.5,939628.75,0.0,3531.0,111318.25,-2036346.25,-8.30588797931223,-2147664.5,-8.759934983623541,-332280.25,-2472176.75,-10.08356174720295,2799.25,-2474976.0,-10.094979381569448,-0.02039125,-0.02039125,121275487,121275487,,,1620597949,18:05:49,20210509
35,2011-01-31,SIT.AX,AUD,2011-01-31,2011-01-31,Q1,245169.0,254101.75,-8932.75,-0.03643507131815197,0.0,998330.75,89454.0,-290685.5,939628.75,0.0,3531.0,111318.25,-2036346.25,-8.30588797931223,-2147664.5,-8.759934983623541,-332280.25,-2472176.75,-10.08356174720295,2799.25,-2474976.0,-10.094979381569448,-0.02039125,-0.02039125,121275487,121275487,,,1620597949,18:05:49,20210509
36,2010-09-30,SIT.AX,AUD,2010-09-30,2010-09-30,Q3,0.0,0.0,0.0,0.0,0.0,0.0,0.0,0.0,12500.0,0.0,0.0,0.0,-12500.0,0.0,-12500.0,0.0,0.0,-12500.0,0.0,0.0,-107811.75,0.0,-0.008516,-0.008516,12759490,12759490,,,1620597949,18:05:49,20210509
37,2010-06-30,SIT.AX,AUD,2010-06-30,2010-06-30,Q2,0.0,0.0,0.0,0.0,0.0,0.0,0.0,0.0,12500.0,0.0,0.0,0.0,-12500.0,0.0,-12500.0,0.0,0.0,-12500.0,0.0,0.0,-107811.75,0.0,-0.008516,-0.008516,12759490,12759490,,,1620597949,18:05:49,20210509
38,2010-03-31,SIT.AX,AUD,2010-03-31,2010-03-31,Q1,0.0,0.0,0.0,0.0,0.0,0.0,0.0,0.0,12500.0,0.0,0.0,0.0,-12500.0,0.0,-12500.0,0.0,0.0,-12500.0,0.0,0.0,-107811.75,0.0,-0.008516,-0.008516,12759490,12759490,,,1620597949,18:05:49,20210509
39,2010-01-31,SIT.AX,AUD,2010-01-31,2010-01-31,Q1,0.0,0.0,0.0,0.0,0.0,0.0,0.0,0.0,12500.0,0.0,0.0,0.0,-12500.0,0.0,-12500.0,0.0,0.0,-12500.0,0.0,0.0,-107811.75,0.0,-0.008516,-0.008516,12759490,12759490,,,1620597949,18:05:49,20210509
40,2009-09-30,SIT.AX,AUD,2009-09-30,2009-09-30,Q3,1715923.75,1133714.0,582209.75,0.33929814771781086,68043.5,395475.0,449185.5,19358.0,11390.5,0.0,54760.25,0.0,-323409.75,-5.305726713557647,-341884.75,-0.1992423905782527,32076.5,-365451.5,-0.21297653814745557,212228.0,-577679.5,-0.33665802457714106,-0.0450405,-0.0450405,12823162,12823162,,,1620597949,18:05:49,20210509
41,2009-06-30,SIT.AX,AUD,2009-06-30,2009-06-30,Q2,1715923.75,1133714.0,582209.75,0.33929814771781086,68043.5,395475.0,449185.5,19358.0,11390.5,0.0,54760.25,0.0,-323409.75,-5.305726713557647,-341884.75,-0.1992423905782527,32076.5,-365451.5,-0.21297653814745557,212228.0,-577679.5,-0.33665802457714106,-0.0450405,-0.0450405,12823162,12823162,,,1620597949,18:05:49,20210509
42,2009-03-31,SIT.AX,AUD,2009-03-31,2009-03-31,Q1,1715923.75,1133714.0,582209.75,0.33929814771781086,68043.5,395475.0,449185.5,19358.0,11390.5,0.0,54760.25,0.0,-323409.75,-5.305726713557647,-341884.75,-0.1992423905782527,32076.5,-365451.5,-0.21297653814745557,212228.0,-577679.5,-0.33665802457714106,-0.0450405,-0.0450405,12823162,12823162,,,1620597949,18:05:49,20210509
43,2009-01-31,SIT.AX,AUD,2009-01-31,2009-01-31,Q1,1715923.75,1133714.0,582209.75,0.33929814771781086,68043.5,395475.0,449185.5,19358.0,11390.5,0.0,54760.25,0.0,-323409.75,-5.305726713557647,-341884.75,-0.1992423905782527,32076.5,-365451.5,-0.21297653814745557,212228.0,-577679.5,-0.33665802457714106,-0.0450405,-0.0450405,12823162,12823162,,,1620597949,18:05:49,20210509
44,2008-09-30,SIT.AX,AUD,2008-09-30,2008-09-30,Q3,2273745.5,1591848.25,681897.25,0.2999004286099742,237004.5,361107.0,501925.75,63929.75,11265.5,0.0,82848.0,0.0,-359822.75,-6.319070987034588,-429405.5,-0.18885380971617097,447407.5,-59193.0,-0.026033256580386854,-23257.0,-35936.0,-0.01580475915180481,-0.00279125,-0.00279125,12823162,12823162,,,1620597949,18:05:49,20210509
45,2008-06-30,SIT.AX,AUD,2008-06-30,2008-06-30,Q2,2273745.5,1591848.25,681897.25,0.2999004286099742,237004.5,361107.0,501925.75,63929.75,11265.5,0.0,82848.0,0.0,-359822.75,-6.319070987034588,-429405.5,-0.18885380971617097,447407.5,-59193.0,-0.026033256580386854,-23257.0,-35936.0,-0.01580475915180481,-0.00279125,-0.00279125,12823162,12823162,,,1620597949,18:05:49,20210509
46,2008-03-31,SIT.AX,AUD,2008-03-31,2008-03-31,Q1,2273745.5,1591848.25,681897.25,0.2999004286099742,237004.5,361107.0,501925.75,63929.75,11265.5,0.0,82848.0,0.0,-359822.75,-6.319070987034588,-429405.5,-0.18885380971617097,447407.5,-59193.0,-0.026033256580386854,-23257.0,-35936.0,-0.01580475915180481,-0.00279125,-0.00279125,12823162,12823162,,,1620597949,18:05:49,20210509
47,2008-01-31,SIT.AX,AUD,2008-01-31,2008-01-31,Q1,2273745.5,1591848.25,681897.25,0.2999004286099742,237004.5,361107.0,501925.75,63929.75,11265.5,0.0,82848.0,0.0,-359822.75,-6.319070987034588,-429405.5,-0.18885380971617097,447407.5,-59193.0,-0.026033256580386854,-23257.0,-35936.0,-0.01580475915180481,-0.00279125,-0.00279125,12823162,12823162,,,1620597949,18:05:49,20210509
48,2007-09-30,SIT.AX,AUD,2007-09-30,2007-09-30,Q3,2335666.0,1906235.0,429431.0,0.18385805162210692,353151.75,360289.25,519577.25,189383.75,0.0,0.0,51225.0,0.0,-617112.5,-3.784830156575989,-803587.25,-0.3440505834310214,175106.5,-682614.75,-0.29225700506836166,-202248.0,-480366.75,-0.20566585719019756,-0.03747075,-0.03747075,12823162,12823162,,,1620597949,18:05:49,20210509
49,2007-06-30,SIT.AX,AUD,2007-06-30,2007-06-30,Q2,2335666.0,1906235.0,429431.0,0.18385805162210692,353151.75,360289.25,519577.25,189383.75,0.0,0.0,51225.0,0.0,-617112.5,-3.784830156575989,-803587.25,-0.3440505834310214,175106.5,-682614.75,-0.29225700506836166,-202248.0,-480366.75,-0.20566585719019756,-0.03747075,-0.03747075,12823162,12823162,,,1620597949,18:05:49,20210509
50,2007-03-31,SIT.AX,AUD,2007-03-31,2007-03-31,Q1,2335666.0,1906235.0,429431.0,0.18385805162210692,353151.75,360289.25,519577.25,189383.75,0.0,0.0,51225.0,0.0,-617112.5,-3.784830156575989,-803587.25,-0.3440505834310214,175106.5,-682614.75,-0.29225700506836166,-202248.0,-480366.75,-0.20566585719019756,-0.03747075,-0.03747075,12823162,12823162,,,1620597949,18:05:49,20210509
51,2007-01-31,SIT.AX,AUD,2007-01-31,2007-01-31,Q1,2335666.0,1906235.0,429431.0,0.18385805162210692,353151.75,360289.25,519577.25,189383.75,0.0,0.0,51225.0,0.0,-617112.5,-3.784830156575989,-803587.25,-0.3440505834310214,175106.5,-682614.75,-0.29225700506836166,-202248.0,-480366.75,-0.20566585719019756,-0.03747075,-0.03747075,12823162,12823162,,,1620597949,18:05:49,20210509
52,2006-09-30,SIT.AX,AUD,2006-09-30,2006-09-30,Q3,5672334.25,4619646.25,1052688.0,0.18558285770976912,282949.5,490086.0,517457.0,125679.0,0.0,0.0,20293.5,0.0,-123408.25,-45.96397931256622,-237804.5,-0.04192356964859749,101998.5,-167382.25,-0.029508530813394857,-42145.25,-125237.0,-0.0220785649223686,-0.00976975,-0.00976975,12823162,12823162,,,1620597949,18:05:49,20210509
53,2006-06-30,SIT.AX,AUD,2006-06-30,2006-06-30,Q2,5672334.25,4619646.25,1052688.0,0.18558285770976912,282949.5,490086.0,517457.0,125679.0,0.0,0.0,20293.5,0.0,-123408.25,-45.96397931256622,-237804.5,-0.04192356964859749,101998.5,-167382.25,-0.029508530813394857,-42145.25,-125237.0,-0.0220785649223686,-0.00976975,-0.00976975,12823162,12823162,,,1620597949,18:05:49,20210509
54,2006-03-31,SIT.AX,AUD,2006-03-31,2006-03-31,Q1,5672334.25,4619646.25,1052688.0,0.18558285770976912,282949.5,490086.0,517457.0,125679.0,0.0,0.0,20293.5,0.0,-123408.25,-45.96397931256622,-237804.5,-0.04192356964859749,101998.5,-167382.25,-0.029508530813394857,-42145.25,-125237.0,-0.0220785649223686,-0.00976975,-0.00976975,12823162,12823162,,,1620597949,18:05:49,20210509
55,2006-01-31,SIT.AX,AUD,2006-01-31,2006-01-31,Q1,5672334.25,4619646.25,1052688.0,0.18558285770976912,282949.5,490086.0,517457.0,125679.0,0.0,0.0,20293.5,0.0,-123408.25,-45.96397931256622,-237804.5,-0.04192356964859749,101998.5,-167382.25,-0.029508530813394857,-42145.25,-125237.0,-0.0220785649223686,-0.00976975,-0.00976975,12823162,12823162,,,1620597949,18:05:49,20210509
56,2005-09-30,SIT.AX,AUD,2005-09-30,2005-09-30,Q3,5595398.5,4400061.5,1195337.0,0.21362857355021272,0.0,701939.5,510298.5,-28805.5,0.0,0.0,5609.0,0.0,-53950.75,-103.71308091175749,-16901.0,-0.0030205176628617246,-28805.5,-59559.75,-0.010644416121568464,-59559.75,-53514.25,-0.009563974755327971,-0.0041635,-0.0041635,12823162,12823162,,,1620597949,18:05:49,20210509
57,2005-06-30,SIT.AX,AUD,2005-06-30,2005-06-30,Q2,5595398.5,4400061.5,1195337.0,0.21362857355021272,0.0,701939.5,510298.5,-28805.5,0.0,0.0,5609.0,0.0,-53950.75,-103.71308091175749,-16901.0,-0.0030205176628617246,-28805.5,-59559.75,-0.010644416121568464,-59559.75,-53514.25,-0.009563974755327971,-0.0041635,-0.0041635,12823162,12823162,,,1620597949,18:05:49,20210509
58,2005-03-31,SIT.AX,AUD,2005-03-31,2005-03-31,Q1,5595398.5,4400061.5,1195337.0,0.21362857355021272,0.0,701939.5,510298.5,-28805.5,0.0,0.0,5609.0,0.0,-53950.75,-103.71308091175749,-16901.0,-0.0030205176628617246,-28805.5,-59559.75,-0.010644416121568464,-59559.75,-53514.25,-0.009563974755327971,-0.0041635,-0.0041635,12823162,12823162,,,1620597949,18:05:49,20210509
59,2005-01-31,SIT.AX,AUD,2005-01-31,2005-01-31,Q1,5595398.5,4400061.5,1195337.0,0.21362857355021272,0.0,701939.5,510298.5,-28805.5,0.0,0.0,5609.0,0.0,-53950.75,-103.71308091175749,-16901.0,-0.0030205176628617246,-28805.5,-59559.75,-0.010644416121568464,-59559.75,-53514.25,-0.009563974755327971,-0.0041635,-0.0041635,12823162,12823162,,,1620597949,18:05:49,20210509
60,2004-09-30,SIT.AX,AUD,2004-09-30,2004-09-30,Q3,5102394.0,3899805.75,1202588.25,0.23569098152749474,0.0,531722.5,492094.75,-6111.25,0.0,0.0,6191.5,0.0,164910.5,30.94038281370804,178771.0,0.03503669062012851,-6111.25,158719.0,0.031106770664907493,158719.0,106996.5,0.020969862382246452,0.0083505,0.0083505,12823162,12823162,,,1620597949,18:05:49,20210509
61,2004-06-30,SIT.AX,AUD,2004-06-30,2004-06-30,Q2,5102394.0,3899805.75,1202588.25,0.23569098152749474,0.0,531722.5,492094.75,-6111.25,0.0,0.0,6191.5,0.0,164910.5,30.94038281370804,178771.0,0.03503669062012851,-6111.25,158719.0,0.031106770664907493,158719.0,106996.5,0.020969862382246452,0.0083505,0.0083505,12823162,12823162,,,1620597949,18:05:49,20210509
62,2004-03-31,SIT.AX,AUD,2004-03-31,2004-03-31,Q1,5102394.0,3899805.75,1202588.25,0.23569098152749474,0.0,531722.5,492094.75,-6111.25,0.0,0.0,6191.5,0.0,164910.5,30.94038281370804,178771.0,0.03503669062012851,-6111.25,158719.0,0.031106770664907493,158719.0,106996.5,0.020969862382246452,0.0083505,0.0083505,12823162,12823162,,,1620597949,18:05:49,20210509
63,2004-01-31,SIT.AX,AUD,2004-01-31,2004-01-31,Q1,5102394.0,3899805.75,1202588.25,0.23569098152749474,0.0,531722.5,492094.75,-6111.25,0.0,0.0,6191.5,0.0,164910.5,30.94038281370804,178771.0,0.03503669062012851,-6111.25,158719.0,0.031106770664907493,158719.0,106996.5,0.020969862382246452,0.0083505,0.0083505,12823162,12823162,,,1620597949,18:05:49,20210509
64,2003-09-30,SIT.AX,AUD,2003-09-30,2003-09-30,Q3,4134551.5,3126975.25,1007576.25,0.24369662586135402,0.0,433135.75,454434.75,4067.75,32902.5,0.0,4439.75,0.0,91120.0,45.374796971027216,87103.25,0.021067158070228416,4067.75,86680.25,0.02096484951269805,86680.25,45104.75,0.010909224374155214,0.00352475,0.00352475,12823162,12823162,,,1620597949,18:05:49,20210509
65,2003-06-30,SIT.AX,AUD,2003-06-30,2003-06-30,Q2,4134551.5,3126975.25,1007576.25,0.24369662586135402,0.0,433135.75,454434.75,4067.75,32902.5,0.0,4439.75,0.0,91120.0,45.374796971027216,87103.25,0.021067158070228416,4067.75,86680.25,0.02096484951269805,86680.25,45104.75,0.010909224374155214,0.00352475,0.00352475,12823162,12823162,,,1620597949,18:05:49,20210509
66,2003-03-31,SIT.AX,AUD,2003-03-31,2003-03-31,Q1,4134551.5,3126975.25,1007576.25,0.24369662586135402,0.0,433135.75,454434.75,4067.75,32902.5,0.0,4439.75,0.0,91120.0,45.374796971027216,87103.25,0.021067158070228416,4067.75,86680.25,0.02096484951269805,86680.25,45104.75,0.010909224374155214,0.00352475,0.00352475,12823162,12823162,,,1620597949,18:05:49,20210509
67,2003-01-31,SIT.AX,AUD,2003-01-31,2003-01-31,Q1,4134551.5,3126975.25,1007576.25,0.24369662586135402,0.0,433135.75,454434.75,4067.75,32902.5,0.0,4439.75,0.0,91120.0,45.374796971027216,87103.25,0.021067158070228416,4067.75,86680.25,0.02096484951269805,86680.25,45104.75,0.010909224374155214,0.00352475,0.00352475,12823162,12823162,,,1620597949,18:05:49,20210509
68,2002-09-30,SIT.AX,AUD,2002-09-30,2002-09-30,Q3,2865021.0,2064117.75,800903.25,0.27954533317556834,0.0,428813.75,354313.75,488.5,0.0,0.0,4612.75,0.0,19731.75,145.19852521950662,17775.75,0.006204404784467548,488.5,15119.0,0.005277099190546946,15119.0,16389.0,0.0057203769187032134,0.0012775,0.00118275,12823162,13738756,,,1620597949,18:05:49,20210509
69,2002-06-30,SIT.AX,AUD,2002-06-30,2002-06-30,Q2,2865021.0,2064117.75,800903.25,0.27954533317556834,0.0,428813.75,354313.75,488.5,0.0,0.0,4612.75,0.0,19731.75,145.19852521950662,17775.75,0.006204404784467548,488.5,15119.0,0.005277099190546946,15119.0,16389.0,0.0057203769187032134,0.0012775,0.00118275,12823162,13738756,,,1620597949,18:05:49,20210509
70,2002-03-31,SIT.AX,AUD,2002-03-31,2002-03-31,Q1,2865021.0,2064117.75,800903.25,0.27954533317556834,0.0,428813.75,354313.75,488.5,0.0,0.0,4612.75,0.0,19731.75,145.19852521950662,17775.75,0.006204404784467548,488.5,15119.0,0.005277099190546946,15119.0,16389.0,0.0057203769187032134,0.0012775,0.00118275,12823162,13738756,,,1620597949,18:05:49,20210509
71,2002-01-31,SIT.AX,AUD,2002-01-31,2002-01-31,Q1,2865021.0,2064117.75,800903.25,0.27954533317556834,0.0,428813.75,354313.75,488.5,0.0,0.0,4612.75,0.0,19731.75,145.19852521950662,17775.75,0.006204404784467548,488.5,15119.0,0.005277099190546946,15119.0,16389.0,0.0057203769187032134,0.0012775,0.00118275,12823162,13738756,,,1620597949,18:05:49,20210509
72,2001-09-30,SIT.AX,AUD,2001-09-30,2001-09-30,Q3,2059817.75,1401828.25,657989.5,0.3194406398333056,0.0,420442.75,353545.75,0.0,53.75,0.0,6594.5,0.0,-114429.75,-18.00071878161055,-116052.75,-0.056341270969239875,0.0,-121024.25,-0.058754834013834474,-121024.25,-66019.25,-0.03205101519297035,-0.005148437647438284,-0.004732521674901602,12823162,13950121,,,1620597949,18:05:49,20210509
73,2001-06-30,SIT.AX,AUD,2001-06-30,2001-06-30,Q2,2059817.75,1401828.25,657989.5,0.3194406398333056,0.0,420442.75,353545.75,0.0,53.75,0.0,6594.5,0.0,-114429.75,-18.00071878161055,-116052.75,-0.056341270969239875,0.0,-121024.25,-0.058754834013834474,-121024.25,-66019.25,-0.03205101519297035,-0.005148437647438284,-0.004732521674901602,12823162,13950121,,,1620597949,18:05:49,20210509
74,2001-03-31,SIT.AX,AUD,2001-03-31,2001-03-31,Q1,2059817.75,1401828.25,657989.5,0.3194406398333056,0.0,420442.75,353545.75,0.0,53.75,0.0,6594.5,0.0,-114429.75,-18.00071878161055,-116052.75,-0.056341270969239875,0.0,-121024.25,-0.058754834013834474,-121024.25,-66019.25,-0.03205101519297035,-0.005148437647438284,-0.004732521674901602,12823162,13950121,,,1620597949,18:05:49,20210509
75,2001-01-31,SIT.AX,AUD,2001-01-31,2001-01-31,Q1,2059817.75,1401828.25,657989.5,0.3194406398333056,0.0,420442.75,353545.75,0.0,53.75,0.0,6594.5,0.0,-114429.75,-18.00071878161055,-116052.75,-0.056341270969239875,0.0,-121024.25,-0.058754834013834474,-121024.25,-66019.25,-0.03205101519297035,-0.005148437647438284,-0.004732521674901602,12823162,13950121,,,1620597949,18:05:49,20210509
76,2000-09-30,SIT.AX,AUD,2000-09-30,2000-09-30,Q3,0.0,0.0,0.0,0.0,0.0,0.0,0.0,0.0,0.0,0.0,7921.0,0.0,209290.25,0.0,0.0,0.0,0.0,201369.25,0.0,201369.25,124766.25,0.0,0.0097225,0.00894175,12823162,13951239,,,1620597949,18:05:49,20210509
77,2000-06-30,SIT.AX,AUD,2000-06-30,2000-06-30,Q2,0.0,0.0,0.0,0.0,0.0,0.0,0.0,0.0,0.0,0.0,7921.0,0.0,209290.25,0.0,0.0,0.0,0.0,201369.25,0.0,201369.25,124766.25,0.0,0.0097225,0.00894175,12823162,13951239,,,1620597949,18:05:49,20210509
78,2000-03-31,SIT.AX,AUD,2000-03-31,2000-03-31,Q1,0.0,0.0,0.0,0.0,0.0,0.0,0.0,0.0,0.0,0.0,7921.0,0.0,209290.25,0.0,0.0,0.0,0.0,201369.25,0.0,201369.25,124766.25,0.0,0.0097225,0.00894175,12823162,13951239,,,1620597949,18:05:49,20210509
79,2000-01-31,SIT.AX,AUD,2000-01-31,2000-01-31,Q1,0.0,0.0,0.0,0.0,0.0,0.0,0.0,0.0,0.0,0.0,7921.0,0.0,209290.25,0.0,0.0,0.0,0.0,201369.25,0.0,201369.25,124766.25,0.0,0.0097225,0.00894175,12823162,13951239,,,1620597949,18:05:49,20210509
80,1999-09-30,SIT.AX,AUD,1999-09-30,1999-09-30,Q3,0.0,0.0,0.0,0.0,0.0,0.0,0.0,0.0,0.0,0.0,24199.5,0.0,185505.0,0.0,0.0,0.0,0.0,161305.5,0.0,161305.5,113716.5,0.0,0.008871,0.008871,12822839,12822839,,,1620597949,18:05:49,20210509
81,1999-06-30,SIT.AX,AUD,1999-06-30,1999-06-30,Q2,0.0,0.0,0.0,0.0,0.0,0.0,0.0,0.0,0.0,0.0,24199.5,0.0,185505.0,0.0,0.0,0.0,0.0,161305.5,0.0,161305.5,113716.5,0.0,0.008871,0.008871,12822839,12822839,,,1620597949,18:05:49,20210509
82,1999-03-31,SIT.AX,AUD,1999-03-31,1999-03-31,Q1,0.0,0.0,0.0,0.0,0.0,0.0,0.0,0.0,0.0,0.0,24199.5,0.0,185505.0,0.0,0.0,0.0,0.0,161305.5,0.0,161305.5,113716.5,0.0,0.008871,0.008871,12822839,12822839,,,1620597949,18:05:49,20210509
83,1999-01-31,SIT.AX,AUD,1999-01-31,1999-01-31,Q1,0.0,0.0,0.0,0.0,0.0,0.0,0.0,0.0,0.0,0.0,24199.5,0.0,185505.0,0.0,0.0,0.0,0.0,161305.5,0.0,161305.5,113716.5,0.0,0.008871,0.008871,12822839,12822839,,,1620597949,18:05:49,20210509
84,1998-09-30,SIT.AX,AUD,1998-09-30,1998-09-30,Q3,0.0,0.0,0.0,0.0,0.0,0.0,0.0,0.0,0.0,0.0,28706.25,0.0,218165.5,0.0,0.0,0.0,0.0,189459.25,0.0,189459.25,137352.25,0.0,0.01182775,0.01182775,11625101,11625101,,,1620597949,18:05:49,20210509
85,1998-06-30,SIT.AX,AUD,1998-06-30,1998-06-30,Q2,0.0,0.0,0.0,0.0,0.0,0.0,0.0,0.0,0.0,0.0,28706.25,0.0,218165.5,0.0,0.0,0.0,0.0,189459.25,0.0,189459.25,137352.25,0.0,0.01182775,0.01182775,11625101,11625101,,,1620597949,18:05:49,20210509
86,1998-03-31,SIT.AX,AUD,1998-03-31,1998-03-31,Q1,0.0,0.0,0.0,0.0,0.0,0.0,0.0,0.0,0.0,0.0,28706.25,0.0,218165.5,0.0,0.0,0.0,0.0,189459.25,0.0,189459.25,137352.25,0.0,0.01182775,0.01182775,11625101,11625101,,,1620597949,18:05:49,20210509
87,1998-01-31,SIT.AX,AUD,1998-01-31,1998-01-31,Q1,0.0,0.0,0.0,0.0,0.0,0.0,0.0,0.0,0.0,0.0,28706.25,0.0,218165.5,0.0,0.0,0.0,0.0,189459.25,0.0,189459.25,137352.25,0.0,0.01182775,0.01182775,11625101,11625101,,,1620597949,18:05:49,20210509
88,1997-09-30,SIT.AX,AUD,1997-09-30,1997-09-30,Q3,0.0,0.0,0.0,0.0,0.0,0.0,0.0,0.0,0.0,0.0,32661.5,0.0,83133.75,0.0,0.0,0.0,0.0,50472.25,0.0,50472.25,34459.0,0.0,0.0023655,0.0023655,14584218,14584218,,,1620597949,18:05:49,20210509
89,1997-06-30,SIT.AX,AUD,1997-06-30,1997-06-30,Q2,0.0,0.0,0.0,0.0,0.0,0.0,0.0,0.0,0.0,0.0,32661.5,0.0,83133.75,0.0,0.0,0.0,0.0,50472.25,0.0,50472.25,34459.0,0.0,0.0023655,0.0023655,14584218,14584218,,,1620597949,18:05:49,20210509
90,1997-03-31,SIT.AX,AUD,1997-03-31,1997-03-31,Q1,0.0,0.0,0.0,0.0,0.0,0.0,0.0,0.0,0.0,0.0,32661.5,0.0,83133.75,0.0,0.0,0.0,0.0,50472.25,0.0,50472.25,34459.0,0.0,0.0023655,0.0023655,14584218,14584218,,,1620597949,18:05:49,20210509
91,1997-01-31,SIT.AX,AUD,1997-01-31,1997-01-31,Q1,0.0,0.0,0.0,0.0,0.0,0.0,0.0,0.0,0.0,0.0,32661.5,0.0,83133.75,0.0,0.0,0.0,0.0,50472.25,0.0,50472.25,34459.0,0.0,0.0023655,0.0023655,14584218,14584218,,,1620597949,18:05:49,20210509
92,1996-09-30,SIT.AX,AUD,1996-09-30,1996-09-30,Q3,0.0,0.0,0.0,0.0,0.0,0.0,0.0,0.0,0.0,0.0,37610.0,0.0,-192815.5,0.0,0.0,0.0,0.0,-230425.5,0.0,-230425.5,-202452.5,0.0,-0.013128919010128694,-0.013128918158726499,15420348,15420349,,,1620597949,18:05:49,20210509
93,1996-06-30,SIT.AX,AUD,1996-06-30,1996-06-30,Q2,0.0,0.0,0.0,0.0,0.0,0.0,0.0,0.0,0.0,0.0,37610.0,0.0,-192815.5,0.0,0.0,0.0,0.0,-230425.5,0.0,-230425.5,-202452.5,0.0,-0.013128919010128694,-0.013128918158726499,15420348,15420349,,,1620597949,18:05:49,20210509
94,1996-03-31,SIT.AX,AUD,1996-03-31,1996-03-31,Q1,0.0,0.0,0.0,0.0,0.0,0.0,0.0,0.0,0.0,0.0,37610.0,0.0,-192815.5,0.0,0.0,0.0,0.0,-230425.5,0.0,-230425.5,-202452.5,0.0,-0.013128919010128694,-0.013128918158726499,15420348,15420349,,,1620597949,18:05:49,20210509
95,1996-01-31,SIT.AX,AUD,1996-01-31,1996-01-31,Q1,0.0,0.0,0.0,0.0,0.0,0.0,0.0,0.0,0.0,0.0,37610.0,0.0,-192815.5,0.0,0.0,0.0,0.0,-230425.5,0.0,-230425.5,-202452.5,0.0,-0.013128919010128694,-0.013128918158726499,15420348,15420349,,,1620597949,18:05:49,20210509
96,1995-09-30,SIT.AX,AUD,1995-09-30,1995-09-30,Q3,0.0,0.0,0.0,0.0,0.0,0.0,0.0,0.0,0.0,0.0,27500.0,0.0,114000.0,0.0,0.0,0.0,0.0,86500.0,0.0,86500.0,59750.0,0.0,0.00466025,0.0044235,13507044,13507045,,,1620597949,18:05:49,20210509
97,1995-06-30,SIT.AX,AUD,1995-06-30,1995-06-30,Q2,0.0,0.0,0.0,0.0,0.0,0.0,0.0,0.0,0.0,0.0,27500.0,0.0,114000.0,0.0,0.0,0.0,0.0,86500.0,0.0,86500.0,59750.0,0.0,0.00466025,0.0044235,13507044,13507045,,,1620597949,18:05:49,20210509
98,1995-03-31,SIT.AX,AUD,1995-03-31,1995-03-31,Q1,0.0,0.0,0.0,0.0,0.0,0.0,0.0,0.0,0.0,0.0,27500.0,0.0,114000.0,0.0,0.0,0.0,0.0,86500.0,0.0,86500.0,59750.0,0.0,0.00466025,0.0044235,13507044,13507045,,,1620597949,18:05:49,20210509
99,1995-01-31,SIT.AX,AUD,1995-01-31,1995-01-31,Q1,0.0,0.0,0.0,0.0,0.0,0.0,0.0,0.0,0.0,0.0,27500.0,0.0,114000.0,0.0,0.0,0.0,0.0,86500.0,0.0,86500.0,59750.0,0.0,0.00466025,0.0044235,13507044,13507045,,,1620597949,18:05:49,20210509
100,1994-09-30,SIT.AX,AUD,1994-09-30,1994-09-30,Q3,0.0,0.0,0.0,0.0,0.0,0.0,0.0,0.0,0.0,0.0,37000.0,0.0,102000.0,0.0,0.0,0.0,0.0,65000.0,0.0,65000.0,35750.0,0.0,0.002815,0.00276775,12916779,12916779,,,1620597949,18:05:49,20210509
101,1994-06-30,SIT.AX,AUD,1994-06-30,1994-06-30,Q2,0.0,0.0,0.0,0.0,0.0,0.0,0.0,0.0,0.0,0.0,37000.0,0.0,102000.0,0.0,0.0,0.0,0.0,65000.0,0.0,65000.0,35750.0,0.0,0.002815,0.00276775,12916779,12916779,,,1620597949,18:05:49,20210509
102,1994-03-31,SIT.AX,AUD,1994-03-31,1994-03-31,Q1,0.0,0.0,0.0,0.0,0.0,0.0,0.0,0.0,0.0,0.0,37000.0,0.0,102000.0,0.0,0.0,0.0,0.0,65000.0,0.0,65000.0,35750.0,0.0,0.002815,0.00276775,12916779,12916779,,,1620597949,18:05:49,20210509
103,1994-01-31,SIT.AX,AUD,1994-01-31,1994-01-31,Q1,0.0,0.0,0.0,0.0,0.0,0.0,0.0,0.0,0.0,0.0,37000.0,0.0,102000.0,0.0,0.0,0.0,0.0,65000.0,0.0,65000.0,35750.0,0.0,0.002815,0.00276775,12916779,12916779,,,1620597949,18:05:49,20210509
104,1993-09-30,SIT.AX,AUD,1993-09-30,1993-09-30,Q3,0.0,0.0,0.0,0.0,0.0,0.0,0.0,0.0,0.0,0.0,36750.0,0.0,151500.0,0.0,0.0,0.0,0.0,114750.0,0.0,114750.0,55250.0,0.0,0.005157,0.004802,11505362,11505362,,,1620597949,18:05:49,20210509
105,1993-06-30,SIT.AX,AUD,1993-06-30,1993-06-30,Q2,0.0,0.0,0.0,0.0,0.0,0.0,0.0,0.0,0.0,0.0,36750.0,0.0,151500.0,0.0,0.0,0.0,0.0,114750.0,0.0,114750.0,55250.0,0.0,0.005157,0.004802,11505362,11505362,,,1620597949,18:05:49,20210509
106,1993-03-31,SIT.AX,AUD,1993-03-31,1993-03-31,Q1,0.0,0.0,0.0,0.0,0.0,0.0,0.0,0.0,0.0,0.0,36750.0,0.0,151500.0,0.0,0.0,0.0,0.0,114750.0,0.0,114750.0,55250.0,0.0,0.005157,0.004802,11505362,11505362,,,1620597949,18:05:49,20210509
107,1993-01-31,SIT.AX,AUD,1993-01-31,1993-01-31,Q1,0.0,0.0,0.0,0.0,0.0,0.0,0.0,0.0,0.0,0.0,36750.0,0.0,151500.0,0.0,0.0,0.0,0.0,114750.0,0.0,114750.0,55250.0,0.0,0.005157,0.004802,11505362,11505362,,,1620597949,18:05:49,20210509
108,1992-09-30,SIT.AX,AUD,1992-09-30,1992-09-30,Q3,0.0,0.0,0.0,0.0,0.0,0.0,0.0,0.0,0.0,0.0,32250.0,0.0,132750.0,0.0,0.0,0.0,0.0,100500.0,0.0,100500.0,50000.0,0.0,0.0044945,0.00392675,11097744,12732860,,,1620597949,18:05:49,20210509
109,1992-06-30,SIT.AX,AUD,1992-06-30,1992-06-30,Q2,0.0,0.0,0.0,0.0,0.0,0.0,0.0,0.0,0.0,0.0,32250.0,0.0,132750.0,0.0,0.0,0.0,0.0,100500.0,0.0,100500.0,50000.0,0.0,0.0044945,0.00392675,11097744,12732860,,,1620597949,18:05:49,20210509
110,1992-03-31,SIT.AX,AUD,1992-03-31,1992-03-31,Q1,0.0,0.0,0.0,0.0,0.0,0.0,0.0,0.0,0.0,0.0,32250.0,0.0,132750.0,0.0,0.0,0.0,0.0,100500.0,0.0,100500.0,50000.0,0.0,0.0044945,0.00392675,11097744,12732860,,,1620597949,18:05:49,20210509
111,1992-01-31,SIT.AX,AUD,1992-01-31,1992-01-31,Q1,0.0,0.0,0.0,0.0,0.0,0.0,0.0,0.0,0.0,0.0,32250.0,0.0,132750.0,0.0,0.0,0.0,0.0,100500.0,0.0,100500.0,50000.0,0.0,0.0044945,0.00392675,11097744,12732860,,,1620597949,18:05:49,20210509
112,1991-09-30,SIT.AX,AUD,1991-09-30,1991-09-30,Q3,0.0,0.0,0.0,0.0,0.0,0.0,0.0,0.0,0.0,0.0,63750.0,0.0,112750.0,0.0,0.0,0.0,0.0,49000.0,0.0,49000.0,52750.0,0.0,7.687443006627367e-05,7.687443006627367e-05,686183949,686183949,,,1620597949,18:05:49,20210509
113,1991-06-30,SIT.AX,AUD,1991-06-30,1991-06-30,Q2,0.0,0.0,0.0,0.0,0.0,0.0,0.0,0.0,0.0,0.0,63750.0,0.0,112750.0,0.0,0.0,0.0,0.0,49000.0,0.0,49000.0,52750.0,0.0,7.687443006627367e-05,7.687443006627367e-05,686183949,686183949,,,1620597949,18:05:49,20210509
114,1991-03-31,SIT.AX,AUD,1991-03-31,1991-03-31,Q1,0.0,0.0,0.0,0.0,0.0,0.0,0.0,0.0,0.0,0.0,63750.0,0.0,112750.0,0.0,0.0,0.0,0.0,49000.0,0.0,49000.0,52750.0,0.0,7.687443006627367e-05,7.687443006627367e-05,686183949,686183949,,,1620597949,18:05:49,20210509
115,1991-01-31,SIT.AX,AUD,1991-01-31,1991-01-31,Q1,0.0,0.0,0.0,0.0,0.0,0.0,0.0,0.0,0.0,0.0,63750.0,0.0,112750.0,0.0,0.0,0.0,0.0,49000.0,0.0,49000.0,52750.0,0.0,7.687443006627367e-05,7.687443006627367e-05,686183949,686183949,,,1620597949,18:05:49,20210509
116,1990-09-30,SIT.AX,AUD,1990-09-30,1990-09-30,Q3,0.0,0.0,0.0,0.0,0.0,0.0,0.0,0.0,0.0,0.0,86500.0,0.0,87750.0,0.0,0.0,0.0,0.0,1250.0,0.0,1250.0,1250.0,0.0,1.8216689589164377e-06,1.8216689589164377e-06,686183949,686183949,,,1620597949,18:05:49,20210509
117,1990-06-30,SIT.AX,AUD,1990-06-30,1990-06-30,Q2,0.0,0.0,0.0,0.0,0.0,0.0,0.0,0.0,0.0,0.0,86500.0,0.0,87750.0,0.0,0.0,0.0,0.0,1250.0,0.0,1250.0,1250.0,0.0,1.8216689589164377e-06,1.8216689589164377e-06,686183949,686183949,,,1620597949,18:05:49,20210509
118,1990-03-31,SIT.AX,AUD,1990-03-31,1990-03-31,Q1,0.0,0.0,0.0,0.0,0.0,0.0,0.0,0.0,0.0,0.0,86500.0,0.0,87750.0,0.0,0.0,0.0,0.0,1250.0,0.0,1250.0,1250.0,0.0,1.8216689589164377e-06,1.8216689589164377e-06,686183949,686183949,,,1620597949,18:05:49,20210509
119,1990-01-31,SIT.AX,AUD,1990-01-31,1990-01-31,Q1,0.0,0.0,0.0,0.0,0.0,0.0,0.0,0.0,0.0,0.0,86500.0,0.0,87750.0,0.0,0.0,0.0,0.0,1250.0,0.0,1250.0,1250.0,0.0,1.8216689589164377e-06,1.8216689589164377e-06,686183949,686183949,,,1620597949,18:05:49,20210509
120,1989-09-30,SIT.AX,AUD,1989-09-30,1989-09-30,Q3,0.0,0.0,0.0,0.0,0.0,0.0,0.0,0.0,0.0,0.0,76000.0,0.0,72500.0,0.0,0.0,0.0,0.0,-3500.0,0.0,-3500.0,-7000.0,0.0,-1.020134616993205e-05,-1.020134616993205e-05,686183949,686183949,,,1620597949,18:05:49,20210509
121,1989-06-30,SIT.AX,AUD,1989-06-30,1989-06-30,Q2,0.0,0.0,0.0,0.0,0.0,0.0,0.0,0.0,0.0,0.0,76000.0,0.0,72500.0,0.0,0.0,0.0,0.0,-3500.0,0.0,-3500.0,-7000.0,0.0,-1.020134616993205e-05,-1.020134616993205e-05,686183949,686183949,,,1620597949,18:05:49,20210509
122,1989-03-31,SIT.AX,AUD,1989-03-31,1989-03-31,Q1,0.0,0.0,0.0,0.0,0.0,0.0,0.0,0.0,0.0,0.0,76000.0,0.0,72500.0,0.0,0.0,0.0,0.0,-3500.0,0.0,-3500.0,-7000.0,0.0,-1.020134616993205e-05,-1.020134616993205e-05,686183949,686183949,,,1620597949,18:05:49,20210509
123,1989-01-31,SIT.AX,AUD,1989-01-31,1989-01-31,Q1,0.0,0.0,0.0,0.0,0.0,0.0,0.0,0.0,0.0,0.0,76000.0,0.0,72500.0,0.0,0.0,0.0,0.0,-3500.0,0.0,-3500.0,-7000.0,0.0,-1.020134616993205e-05,-1.020134616993205e-05,686183949,686183949,,,1620597949,18:05:49,20210509
