,date,symbol,reportedCurrency,fillingDate,acceptedDate,period,revenue,costOfRevenue,grossProfit,grossProfitRatio,researchAndDevelopmentExpenses,generalAndAdministrativeExpenses,sellingAndMarketingExpenses,otherExpenses,operatingExpenses,costAndExpenses,interestExpense,depreciationAndAmortization,ebitda,ebitdaratio,operatingIncome,operatingIncomeRatio,totalOtherIncomeExpensesNet,incomeBeforeTax,incomeBeforeTaxRatio,incomeTaxExpense,netIncome,netIncomeRatio,eps,epsdiluted,weightedAverageShsOut,weightedAverageShsOutDil,link,finalLink,timestamp,est_time,est_date
0,2020-06-30,SHNL,USD,2020-08-13,2020-08-13 16:20:43,Q2,0.0,0.0,0.0,0.0,0.0,20068.0,0.0,0.0,20068.0,20068.0,0.0,0.0,-20068.0,0.0,-20068.0,0.0,0.0,-20355.0,0.0,0.0,-20355.0,0.0,-0.001018,-0.001018,20000000.0,20000000.0,https://www.sec.gov/Archives/edgar/data/1422296/000121390020021887/0001213900-20-021887-index.htm,https://www.sec.gov/Archives/edgar/data/1422296/000121390020021887/f10q0620_shentanginter.htm,1620597877,18:04:37,20210509
1,2020-03-31,SHNL,USD,2020-04-08 00:00:00,2020-04-07 17:34:30,Q1,0.0,0.0,0.0,0.0,0.0,10530.0,0.0,0.0,10530.0,10530.0,0.0,0.0,-10530.0,0.0,-10530.0,0.0,0.0,-10530.0,0.0,0.0,-10530.0,0.0,-0.000527,-0.000527,20000000.0,20000000.0,https://www.sec.gov/Archives/edgar/data/1422296/000121390020008786/0001213900-20-008786-index.html,https://www.sec.gov/Archives/edgar/data/1422296/000121390020008786/f10q0320_shentanginter.htm,1620597877,18:04:37,20210509
2,2019-12-31,SHNL,USD,2020-02-21 00:00:00,2020-02-20 17:41:51,Q4,0.0,0.0,0.0,0.0,0.0,1419936.0,0.0,0.0,1419936.0,1419936.0,0.0,0.0,-1419568.0,0.0,-1419936.0,0.0,0.0,-1420002.0,0.0,0.0,-1420003.0,0.0,-0.07100015,-0.07100015,20000000.0,20000000.0,https://www.sec.gov/Archives/edgar/data/1422296/000121390020004457/0001213900-20-004457-index.html,https://www.sec.gov/Archives/edgar/data/1422296/000121390020004457/f10k2019_shentanginter.htm,1620597877,18:04:37,20210509
3,2019-09-30,SHNL,USD,2019-10-24 00:00:00,2019-10-24 10:28:59,Q3,0.0,0.0,0.0,0.0,0.0,2900.0,0.0,0.0,2900.0,2900.0,0.0,0.0,-2900.0,0.0,-2900.0,0.0,0.0,-2806.0,0.0,0.0,-2806.0,0.0,-6e-05,-6e-05,47000000.0,47000000.0,https://www.sec.gov/Archives/edgar/data/1422296/000121390019020969/0001213900-19-020969-index.html,https://www.sec.gov/Archives/edgar/data/1422296/000121390019020969/f10q0919_shentangintern.htm,1620597877,18:04:37,20210509
4,2019-06-30,SHNL,USD,2019-08-14,2019-08-14,Q2,0.0,0.0,0.0,0.0,0.0,6188.0,0.0,0.0,6188.0,6188.0,0.0,0.0,-6188.0,0.0,-6188.0,0.0,0.0,-5969.0,0.0,0.0,-5969.0,0.0,-0.000127,-0.000127,47000000.0,47000000.0,https://www.sec.gov/Archives/edgar/data/1422296/000121390019015677/0001213900-19-015677-index.htm,https://www.sec.gov/Archives/edgar/data/1422296/000121390019015677/f10q0619_shentanginter.htm,1620597877,18:04:37,20210509
5,2019-03-31,SHNL,USD,2019-05-23 00:00:00,2019-05-23 12:04:45,Q1,0.0,0.0,0.0,0.0,0.0,8915.0,0.0,0.0,8915.0,8915.0,0.0,0.0,-8915.0,0.0,-8915.0,0.0,0.0,-8860.0,0.0,0.0,-8860.0,0.0,-0.000204,-0.000204,43410000.0,43410000.0,https://www.sec.gov/Archives/edgar/data/1422296/000121390019009465/0001213900-19-009465-index.html,https://www.sec.gov/Archives/edgar/data/1422296/000121390019009465/f10q0319_shentanginter.htm,1620597877,18:04:37,20210509
6,2018-12-31,SHNL,USD,2019-03-26 00:00:00,2019-03-25 18:54:43,Q4,0.0,0.0,0.0,0.0,0.0,16850.0,0.0,0.0,-17650.0,-17650.0,0.0,0.0,17650.0,0.0,17650.0,0.0,0.0,17782.0,0.0,0.0,17782.0,0.0,0.00040962911771481224,0.00040962911771481224,43410000.0,43410000.0,https://www.sec.gov/Archives/edgar/data/1422296/000121390019004797/0001213900-19-004797-index.html,https://www.sec.gov/Archives/edgar/data/1422296/000121390019004797/f10k2018_shentanginter.htm,1620597877,18:04:37,20210509
7,2018-09-30,SHNL,USD,2018-10-29 00:00:00,2018-10-29 09:34:15,Q3,0.0,0.0,0.0,0.0,0.0,8550.0,0.0,0.0,8550.0,8550.0,0.0,0.0,-8550.0,0.0,-8550.0,0.0,0.0,-8550.0,0.0,0.0,-8550.0,0.0,-0.000178,-0.000178,48000000.0,48000000.0,https://www.sec.gov/Archives/edgar/data/1422296/000121390018014573/0001213900-18-014573-index.html,https://www.sec.gov/Archives/edgar/data/1422296/000121390018014573/f10q0918_shentanginter.htm,1620597877,18:04:37,20210509
8,2018-06-30,SHNL,USD,2018-06-30,2018-06-30,Q2,0.0,0.0,0.0,0.0,0.0,51735.0,0.0,0.0,51735.0,51735.0,0.0,0.0,-51735.0,0.0,-51735.0,0.0,0.0,-51735.0,0.0,0.0,-51735.0,0.0,-0.002328,-0.002328,22219400.0,22219400.0,,,1620597877,18:04:37,20210509
9,2018-03-31,SHNL,USD,2018-03-31,2018-03-31,Q1,0.0,0.0,0.0,0.0,0.0,0.0,0.0,0.0,0.0,0.0,0.0,0.0,0.0,0.0,0.0,0.0,0.0,0.0,0.0,0.0,0.0,0.0,0.0,0.0,22219400.0,22219400.0,,,1620597877,18:04:37,20210509
10,2017-12-31,SHNL,USD,2017-12-31,2017-12-31,Q4,0.0,0.0,0.0,0.0,0.0,0.0,0.0,0.0,0.0,0.0,0.0,0.0,0.0,0.0,0.0,0.0,0.0,0.0,0.0,0.0,0.0,0.0,0.0,0.0,22219400.0,22219400.0,,,1620597877,18:04:37,20210509
11,2017-09-30,SHNL,USD,2017-09-30,2017-09-30,Q3,0.0,0.0,0.0,0.0,0.0,0.0,0.0,0.0,0.0,0.0,0.0,0.0,0.0,0.0,0.0,0.0,0.0,0.0,0.0,0.0,0.0,0.0,0.0,0.0,21000000.0,21000000.0,,,1620597877,18:04:37,20210509
12,2010-09-30,SHNL,USD,2010-11-15 00:00:00,2010-11-15 15:50:33,Q2,1322923.0,780350.0,542573.0,0.4101319577934619,11134.0,228338.0,2867.0,0.0,242339.0,1022689.0,0.0,1402.0,301636.0,0.22800722339848956,300234.0,0.2269474489444964,1939.0,302173.0,0.2284131427150333,9335.0,292838.0,0.22135679854383059,0.015,0.015,20000000.0,20000000.0,https://www.sec.gov/Archives/edgar/data/1422296/000121390010004742/0001213900-10-004742-index.html,https://www.sec.gov/Archives/edgar/data/1422296/000121390010004742/f10q0910_shentang.htm,1620597877,18:04:37,20210509
13,2010-06-30,SHNL,USD,2010-08-16 00:00:00,2010-08-16 17:22:17,Q1,444054.0,231947.0,212107.0,0.4776603746391205,13348.0,246189.0,3622.0,0.0,263159.0,495106.0,0.0,1280.0,-49772.0,-0.11208546708283226,-51052.0,-0.11496799938746188,0.0,-47787.0,-0.10761529003229336,0.0,-47787.0,-0.10761529003229336,-0.002,-0.002,20000000.0,20000000.0,https://www.sec.gov/Archives/edgar/data/1422296/000121390010003367/0001213900-10-003367-index.html,https://www.sec.gov/Archives/edgar/data/1422296/000121390010003367/f10q0610_shentang.htm,1620597877,18:04:37,20210509
14,2010-03-31,SHNL,USD,2010-04-15 00:00:00,2010-04-15 17:27:21,Q4,174542.0,89395.0,85147.0,0.4878310091553895,11549.0,300311.0,5906.0,0.0,317766.0,407161.0,683.0,1256.0,-231363.0,-1.3255434222135647,-232619.0,-1.3327393979672515,0.0,-233302.0,-1.3366524962473216,0.0,-233302.0,-1.3366524962473216,-0.01,-0.01,20000000.0,20000000.0,https://www.sec.gov/Archives/edgar/data/1422296/000121390010001501/0001213900-10-001501-index.html,https://www.sec.gov/Archives/edgar/data/1422296/000121390010001501/f10k2009_shentang.htm,1620597877,18:04:37,20210509
15,2009-09-30,SHNL,USD,2009-11-16 00:00:00,2009-11-16 12:51:13,Q3,2788824.0,1540730.0,1248094.0,0.447534157766858,31506.0,519455.0,156354.0,0.0,707315.0,2248045.0,2239.0,0.0,540779.0,0.19390933239243494,540779.0,0.19390933239243494,-143.0,538397.0,0.19305520893394493,11390.0,527007.0,0.1889710501630795,0.025,0.025,20000000.0,20000000.0,https://www.sec.gov/Archives/edgar/data/1422296/000121390009003194/0001213900-09-003194-index.html,https://www.sec.gov/Archives/edgar/data/1422296/000121390009003194/f10q0909_shentang.htm,1620597877,18:04:37,20210509
16,2009-05-31,SHNL,USD,2009-07-16 00:00:00,2009-07-16 11:17:14,Q2,0.0,0.0,0.0,0.0,0.0,2276.0,0.0,0.0,2416.0,2416.0,0.0,0.0,-2416.0,0.0,-2416.0,0.0,0.0,0.0,0.0,0.0,-2416.0,0.0,-0.00036167664670658684,-0.00036167664670658684,6680000.0,6680000.0,https://www.sec.gov/Archives/edgar/data/1422296/000125529409000428/0001255294-09-000428-index.html,https://www.sec.gov/Archives/edgar/data/1422296/000125529409000428/mainbody.htm,1620597877,18:04:37,20210509
17,2009-02-28,SHNL,USD,2009-03-02 00:00:00,2009-02-27 17:40:05,Q1,0.0,0.0,0.0,0.0,0.0,5743.0,0.0,0.0,9478.0,9478.0,0.0,0.0,-9478.0,0.0,-9478.0,0.0,0.0,0.0,0.0,0.0,-9478.0,0.0,-0.0014188622754491018,-0.0014188622754491018,6680000.0,6680000.0,https://www.sec.gov/Archives/edgar/data/1422296/000125529409000090/0001255294-09-000090-index.html,https://www.sec.gov/Archives/edgar/data/1422296/000125529409000090/mainbody.htm,1620597877,18:04:37,20210509
18,2008-11-30,SHNL,USD,2009-03-02,2009-03-02,Q4,2000.0,0.0,2000.0,1.0,0.0,7635.0,0.0,0.0,14023.0,14023.0,0.0,0.0,-12023.0,-6.0115,-12023.0,-6.0115,0.0,0.0,0.0,0.0,-12023.0,-6.0115,-0.0017998502994011976,-0.0017998502994011976,6680000.0,6680000.0,https://www.sec.gov/Archives/edgar/data/1422296/000125529409000090/0001255294-09-000090-index.htm,https://www.sec.gov/Archives/edgar/data/1422296/000125529409000090/mainbody.htm,1620597877,18:04:37,20210509
19,2008-08-31,SHNL,USD,2008-10-15 00:00:00,2008-10-15 11:07:53,Q3,0.0,0.0,0.0,0.0,0.0,2327.0,0.0,0.0,5660.0,5660.0,0.0,0.0,-5660.0,0.0,-5660.0,0.0,0.0,0.0,0.0,0.0,-5660.0,0.0,-0.0008473053892215569,-0.0008473053892215569,6680000.0,6680000.0,https://www.sec.gov/Archives/edgar/data/1422296/000001315608000164/0000013156-08-000164-index.html,https://www.sec.gov/Archives/edgar/data/1422296/000001315608000164/mainbody.htm,1620597877,18:04:37,20210509
20,2008-05-31,SHNL,USD,2008-07-11 00:00:00,2008-07-11 12:13:03,Q2,0.0,0.0,0.0,0.0,0.0,20519.0,0.0,0.0,23429.0,23429.0,0.0,0.0,-23429.0,0.0,-23429.0,0.0,0.0,0.0,0.0,0.0,-23429.0,0.0,-0.0020408536585365855,-0.0020408536585365855,11480000.0,11480000.0,https://www.sec.gov/Archives/edgar/data/1422296/000125529408000627/0001255294-08-000627-index.html,https://www.sec.gov/Archives/edgar/data/1422296/000125529408000627/mainbody.htm,1620597877,18:04:37,20210509
21,2008-02-29,SHNL,USD,2008-02-29,2008-02-29,Q1,0.0,0.0,0.0,0.0,0.0,15243.0,0.0,0.0,17845.0,17845.0,0.0,0.0,-17845.0,0.0,-17845.0,0.0,0.0,0.0,0.0,0.0,-17845.0,0.0,-0.0015544425087108014,-0.0015544425087108014,11480000.0,11480000.0,,,1620597877,18:04:37,20210509
