,date,symbol,reportedCurrency,fillingDate,acceptedDate,period,revenue,costOfRevenue,grossProfit,grossProfitRatio,researchAndDevelopmentExpenses,generalAndAdministrativeExpenses,sellingAndMarketingExpenses,otherExpenses,operatingExpenses,costAndExpenses,interestExpense,depreciationAndAmortization,ebitda,ebitdaratio,operatingIncome,operatingIncomeRatio,totalOtherIncomeExpensesNet,incomeBeforeTax,incomeBeforeTaxRatio,incomeTaxExpense,netIncome,netIncomeRatio,eps,epsdiluted,weightedAverageShsOut,weightedAverageShsOutDil,link,finalLink,timestamp,est_time,est_date
0,2020-06-30,ZNWAA,USD,2020-06-30,2020-06-30,Q2,7034000.0,0.0,7034000.0,1.0,0.0,1113000.0,0.0,0.0,1113000.0,1113000.0,40000.0,59000.0,-1631000.0,-0.23187375604208132,-1690000.0,-0.24026158657947114,0.0,-1924000.0,-0.2735285754904748,0.0,-1924000.0,-0.2735285754904748,-12.36607,-12.36607,155587.0,155587.0,,,1620600168,18:42:48,20210509
1,2020-03-31,ZNWAA,USD,2020-05-11,2020-05-11 17:15:54,Q1,0.0,0.0,0.0,0.0,0.0,975000.0,0.0,0.0,975000.0,975000.0,0.0,15000.0,-1428000.0,0.0,-1443000.0,0.0,0.0,-1608000.0,0.0,0.0,-1608000.0,0.0,-0.01158,-0.01158,138813000.0,138813000.0,https://www.sec.gov/Archives/edgar/data/1131312/000121390020011709/0001213900-20-011709-index.htm,https://www.sec.gov/Archives/edgar/data/1131312/000121390020007716/f10k2019_zionoilgas.htm,1620600168,18:42:48,20210509
2,2019-12-31,ZNWAA,USD,2020-03-27,2020-03-27 17:12:10,Q4,0.0,0.0,0.0,0.0,0.0,1132000.0,0.0,0.0,1132000.0,1132000.0,-49000.0,60000.0,-6462000.0,0.0,-6522000.0,0.0,0.0,-6693000.0,0.0,0.0,-6693000.0,0.0,-81.73159,-81.73159,81890.0,81890.0,https://www.sec.gov/Archives/edgar/data/1131312/000121390020007716/0001213900-20-007716-index.htm,https://www.sec.gov/Archives/edgar/data/1131312/000121390020007716/f10k2019_zionoilgas.htm,1620600168,18:42:48,20210509
3,2019-09-30,ZNWAA,USD,2019-11-05,2019-11-05 16:32:08,Q3,0.0,0.0,0.0,0.0,0.0,1098000.0,0.0,0.0,1098000.0,1098000.0,-62000.0,30000.0,-4910000.0,0.0,-4940000.0,0.0,0.0,-5102000.0,0.0,0.0,-5102000.0,0.0,-62.30308951031872,-67.4359279379304,81890.0,75657.0,https://www.sec.gov/Archives/edgar/data/1131312/000121390019022076/0001213900-19-022076-index.htm,https://www.sec.gov/Archives/edgar/data/1131312/000121390019022076/f10q0919_zionoilgasinc.htm,1620600168,18:42:48,20210509
4,2019-06-30,ZNWAA,USD,2019-08-07,2019-08-07 15:20:16,Q2,0.0,0.0,0.0,0.0,0.0,996000.0,0.0,0.0,996000.0,996000.0,40000.0,144000.0,-3115000.0,0.0,-3259000.0,0.0,0.0,-3483000.0,0.0,0.0,-3483000.0,0.0,-42.53266577115643,-48.326002802713916,81890.0,72073.0,https://www.sec.gov/Archives/edgar/data/1131312/000121390019014776/0001213900-19-014776-index.htm,https://www.sec.gov/Archives/edgar/data/1131312/000121390019014776/f10q0619_zionoil.htm,1620600168,18:42:48,20210509
5,2019-03-31,ZNWAA,USD,2019-05-14,2019-05-14 14:53:14,Q1,0.0,0.0,0.0,0.0,0.0,926000.0,0.0,0.0,926000.0,926000.0,71000.0,181000.0,-1463000.0,0.0,-1644000.0,0.0,0.0,-2170000.0,0.0,0.0,-2170000.0,0.0,-26.498962022224937,-0.031005758212239415,81890.0,69987000.0,https://www.sec.gov/Archives/edgar/data/1131312/000121390019008547/0001213900-19-008547-index.htm,https://www.sec.gov/Archives/edgar/data/1131312/000121390019003867/f10k2018_zionoilandgas.htm,1620600168,18:42:48,20210509
6,2018-12-31,ZNWAA,USD,2019-03-08,2019-03-08 17:22:12,Q4,10000.0,0.0,10000.0,1.0,0.0,704000.0,0.0,0.0,704000.0,704000.0,-244000.0,5000.0,-39475000.0,-3947.5,-39480000.0,-3948.0,0.0,-38511000.0,-3851.1,0.0,-38511000.0,-3851.1,-470.2772011234583,-0.7611922597987864,81890.0,50593000.0,https://www.sec.gov/Archives/edgar/data/1131312/000121390019003867/0001213900-19-003867-index.htm,https://www.sec.gov/Archives/edgar/data/1131312/000121390019003867/f10k2018_zionoilandgas.htm,1620600168,18:42:48,20210509
7,2018-09-30,ZNWAA,USD,2018-11-08,2018-11-08 16:58:38,Q3,0.0,0.0,0.0,0.0,0.0,2044000.0,0.0,0.0,2044000.0,2044000.0,88000.0,80000.0,-7041000.0,0.0,-7121000.0,0.0,0.0,781000.0,0.0,0.0,781000.0,0.0,9.537184027353767,0.013167655786350149,81890.0,59312000.0,https://www.sec.gov/Archives/edgar/data/1131312/000121390018015173/0001213900-18-015173-index.htm,https://www.sec.gov/Archives/edgar/data/1131312/000121390018015173/f10q0918_zionoilandgas.htm,1620600168,18:42:48,20210509
8,2018-06-30,ZNWAA,USD,2018-08-08,2018-08-08 16:30:10,Q2,0.0,0.0,0.0,0.0,0.0,1336000.0,0.0,0.0,1336000.0,1336000.0,70000.0,114000.0,-4414000.0,0.0,-4528000.0,0.0,0.0,-7492000.0,0.0,0.0,-7492000.0,0.0,-91.4885822444743,-0.1280705653088087,81890.0,58499000.0,https://www.sec.gov/Archives/edgar/data/1131312/000121390018010473/0001213900-18-010473-index.htm,https://www.sec.gov/Archives/edgar/data/1131312/000121390018010473/f10q0618_zionoilandgas.htm,1620600168,18:42:48,20210509
9,2018-03-31,ZNWAA,USD,2018-05-08,2018-05-08 16:31:26,Q1,0.0,0.0,0.0,0.0,0.0,1959000.0,0.0,0.0,1959000.0,1959000.0,86000.0,175000.0,-2337000.0,0.0,-2512000.0,0.0,0.0,-6251000.0,0.0,0.0,-6251000.0,0.0,-76.33410672853829,-0.10870548135781859,81890.0,57504000.0,https://www.sec.gov/Archives/edgar/data/1131312/000121390018005690/0001213900-18-005690-index.htm,https://www.sec.gov/Archives/edgar/data/1131312/000121390018002832/f10k2017_zionoilandgas.htm,1620600168,18:42:48,20210509
10,2017-12-31,ZNWAA,USD,2018-03-12,2018-03-12 16:31:37,Q4,33000.0,0.0,33000.0,1.0,0.0,1654000.0,0.0,0.0,1654000.0,1654000.0,-27000.0,116000.0,-8671000.0,-262.75757575757575,-8787000.0,-266.27272727272725,10000.0,1295000.0,39.24242424242424,0.0,1295000.0,39.24242424242424,15.813896690682624,0.03140307483389107,81890.0,41238000.0,https://www.sec.gov/Archives/edgar/data/1131312/000121390018002832/0001213900-18-002832-index.htm,https://www.sec.gov/Archives/edgar/data/1131312/000121390018002832/f10k2017_zionoilandgas.htm,1620600168,18:42:48,20210509
11,2017-09-30,ZNWAA,USD,2017-11-09,2017-11-09 16:31:27,Q3,0.0,0.0,0.0,0.0,0.0,930000.0,0.0,0.0,930000.0,930000.0,87000.0,-42000.0,-6979000.0,0.0,-6937000.0,0.0,10000.0,-9808000.0,0.0,0.0,-9808000.0,0.0,-119.7704237391623,-0.1951763113905914,81890.0,50252000.0,https://www.sec.gov/Archives/edgar/data/1131312/000121390017011685/0001213900-17-011685-index.htm,https://www.sec.gov/Archives/edgar/data/1131312/000121390017011685/f10q0917_zionoilgasinc.htm,1620600168,18:42:48,20210509
12,2017-06-30,ZNWAA,USD,2017-08-11,2017-08-11 16:31:33,Q2,0.0,0.0,0.0,0.0,0.0,1233000.0,0.0,0.0,1233000.0,1233000.0,85000.0,185000.0,-5345000.0,0.0,-5530000.0,0.0,10000.0,-8346000.0,0.0,0.0,-8346000.0,0.0,-101.9172060080596,-171.3265180440941,81890.0,48714.0,https://www.sec.gov/Archives/edgar/data/1131312/000121390017008505/0001213900-17-008505-index.htm,https://www.sec.gov/Archives/edgar/data/1131312/000121390017008505/f10q0617_zionoilgasinc.htm,1620600168,18:42:48,20210509
13,2017-03-31,ZNWAA,USD,2017-05-09,2017-05-09 16:31:18,Q1,10000.0,0.0,10000.0,1.0,0.0,2847000.0,0.0,0.0,2847000.0,2847000.0,86000.0,154000.0,-3369000.0,-336.9,-3523000.0,-352.3,10000.0,-3375000.0,-337.5,0.0,-3375000.0,-337.5,-41.21382342166321,-71.44822914240955,81890.0,47237.0,https://www.sec.gov/Archives/edgar/data/1131312/000121390017004811/0001213900-17-004811-index.htm,https://www.sec.gov/Archives/edgar/data/1131312/000121390017002291/f10k2016_zoinoilandgas.htm,1620600168,18:42:48,20210509
14,2016-12-31,ZNWAA,USD,2017-03-14,2017-03-14 16:31:39,Q4,-43000.0,0.0,43000.0,-1.0,0.0,6664000.0,0.0,0.0,6664000.0,6664000.0,-144000.0,-202000.0,-9093000.0,211.46511627906978,-8891000.0,206.7674418604651,43000.0,-8513000.0,197.97674418604652,0.0,-8513000.0,197.97674418604652,-103.95652704847967,-227.57164242942687,81890.0,37408.0,https://www.sec.gov/Archives/edgar/data/1131312/000121390017002291/0001213900-17-002291-index.htm,https://www.sec.gov/Archives/edgar/data/1131312/000121390017002291/f10k2016_zoinoilandgas.htm,1620600168,18:42:48,20210509
15,2016-09-30,ZNWAA,USD,2016-11-10,2016-11-10 16:31:25,Q3,43000.0,0.0,43000.0,1.0,0.0,1065000.0,0.0,0.0,1065000.0,1065000.0,144000.0,232000.0,-6911000.0,-160.72093023255815,-7143000.0,-166.11627906976744,43000.0,-6746000.0,-156.88372093023256,0.0,-6746000.0,-156.88372093023256,-82.37880083038222,-0.16543639796944357,81890.0,40777000.0,https://www.sec.gov/Archives/edgar/data/1131312/000121390016018208/0001213900-16-018208-index.htm,https://www.sec.gov/Archives/edgar/data/1131312/000121390016018208/f10q0916_zionoil.htm,1620600168,18:42:48,20210509
16,2016-06-30,ZNWAA,USD,2016-08-09,2016-08-09 16:31:45,Q2,0.0,0.0,0.0,0.0,0.0,3260000.0,0.0,0.0,3260000.0,3260000.0,0.0,16000.0,-5421000.0,0.0,-5437000.0,0.0,0.0,-5022000.0,0.0,0.0,-5022000.0,0.0,-61.32616925143485,-0.12450107841435902,81890.0,40337000.0,https://www.sec.gov/Archives/edgar/data/1131312/000121390016015664/0001213900-16-015664-index.htm,https://www.sec.gov/Archives/edgar/data/1131312/000121390016015664/f10q0616_zionoilandgas.htm,1620600168,18:42:48,20210509
17,2016-03-31,ZNWAA,USD,2016-05-16,2016-05-16 15:00:00,Q1,0.0,0.0,0.0,0.0,0.0,1172000.0,0.0,0.0,1172000.0,1172000.0,0.0,15000.0,-1548000.0,0.0,-1563000.0,0.0,0.0,-1552000.0,0.0,0.0,-1552000.0,0.0,-18.95225302234705,-0.03979997435568663,81890.0,38995000.0,https://www.sec.gov/Archives/edgar/data/1131312/000121390016013414/0001213900-16-013414-index.htm,https://www.sec.gov/Archives/edgar/data/1131312/000121390016011616/f10k2015_zionoilandgas.htm,1620600168,18:42:48,20210509
18,2015-12-31,ZNWAA,USD,2016-03-15,2016-03-15 16:32:16,Q4,0.0,0.0,0.0,0.0,0.0,5472000.0,0.0,0.0,5472000.0,5472000.0,0.0,34000.0,-7228000.0,0.0,-7262000.0,0.0,0.0,-7306000.0,0.0,0.0,-7306000.0,0.0,-89.2172426425693,-0.20838562464346835,81890.0,35060000.0,https://www.sec.gov/Archives/edgar/data/1131312/000121390016011616/0001213900-16-011616-index.htm,https://www.sec.gov/Archives/edgar/data/1131312/000121390016011616/f10k2015_zionoilandgas.htm,1620600168,18:42:48,20210509
19,2015-09-30,ZNWAA,USD,2015-11-10,2015-11-10 16:31:14,Q3,0.0,0.0,0.0,0.0,0.0,1579000.0,0.0,0.0,1579000.0,1579000.0,0.0,15000.0,-6439000.0,0.0,-6454000.0,0.0,0.0,-6490000.0,0.0,0.0,-6490000.0,0.0,-79.25265600195384,-0.17653138940267654,81890.0,36764000.0,https://www.sec.gov/Archives/edgar/data/1131312/000121390015008392/0001213900-15-008392-index.htm,https://www.sec.gov/Archives/edgar/data/1131312/000121390015008392/f10q0915_zionoilandgas.htm,1620600168,18:42:48,20210509
20,2015-06-30,ZNWAA,USD,2015-08-03,2015-08-03 16:43:25,Q2,0.0,0.0,0.0,0.0,0.0,1007000.0,0.0,0.0,1007000.0,1007000.0,0.0,15000.0,-4455000.0,0.0,-4470000.0,0.0,0.0,-4487000.0,0.0,0.0,-4487000.0,0.0,-54.79301502014898,-0.12371105596912048,81890.0,36270000.0,https://www.sec.gov/Archives/edgar/data/1131312/000121390015005641/0001213900-15-005641-index.htm,https://www.sec.gov/Archives/edgar/data/1131312/000121390015005641/f10q0615_zionoilandgas.htm,1620600168,18:42:48,20210509
21,2015-03-31,ZNWAA,USD,2015-05-07,2015-05-07 16:31:02,Q1,0.0,0.0,0.0,0.0,0.0,1855000.0,0.0,0.0,1855000.0,1855000.0,0.0,16000.0,-2370000.0,0.0,-2386000.0,0.0,0.0,-2409000.0,0.0,0.0,-2409000.0,0.0,-29.417511295640494,-66.86094920899251,81890.0,36030.0,https://www.sec.gov/Archives/edgar/data/1131312/000121390015003356/0001213900-15-003356-index.htm,https://www.sec.gov/Archives/edgar/data/1131312/000121390015001649/f10k2014_zionoil.htm,1620600168,18:42:48,20210509
22,2014-12-31,ZNWAA,USD,2015-03-10,2015-03-10 17:24:46,Q4,0.0,0.0,0.0,0.0,0.0,1028000.0,0.0,0.0,1028000.0,1028000.0,0.0,22000.0,-6661000.0,0.0,-6683000.0,0.0,0.0,-6756000.0,0.0,0.0,-6756000.0,0.0,-82.5009158627427,-0.2044237344549003,81890.0,33049000.0,https://www.sec.gov/Archives/edgar/data/1131312/000121390015001649/0001213900-15-001649-index.htm,https://www.sec.gov/Archives/edgar/data/1131312/000121390015001649/f10k2014_zionoil.htm,1620600168,18:42:48,20210509
23,2014-09-30,ZNWAA,USD,2014-11-12,2014-11-12 16:42:26,Q3,0.0,0.0,0.0,0.0,0.0,1442000.0,0.0,0.0,1442000.0,1442000.0,0.0,20000.0,-5083000.0,0.0,-5103000.0,0.0,0.0,-5157000.0,0.0,0.0,-5157000.0,0.0,-62.97472218830138,-0.1480662666168997,81890.0,34829000.0,https://www.sec.gov/Archives/edgar/data/1131312/000121390014007988/0001213900-14-007988-index.htm,https://www.sec.gov/Archives/edgar/data/1131312/000121390014007988/f10q0914_zionoil.htm,1620600168,18:42:48,20210509
24,2014-06-30,ZNWAA,USD,2014-08-04,2014-08-04 16:40:42,Q2,0.0,0.0,0.0,0.0,0.0,598000.0,0.0,0.0,598000.0,598000.0,0.0,22000.0,-3881000.0,0.0,-3903000.0,0.0,0.0,-3907000.0,0.0,0.0,-3907000.0,0.0,-47.710343143240934,-0.11284732251169777,81890.0,34622000.0,https://www.sec.gov/Archives/edgar/data/1131312/000121390014005346/0001213900-14-005346-index.htm,https://www.sec.gov/Archives/edgar/data/1131312/000121390014005346/f10q0614_zionoil.htm,1620600168,18:42:48,20210509
25,2014-03-31,ZNWAA,USD,2014-05-08,2014-05-08 16:47:42,Q1,0.0,0.0,0.0,0.0,0.0,550000.0,0.0,0.0,550000.0,550000.0,0.0,22000.0,-2235000.0,0.0,-2257000.0,0.0,0.0,-2264000.0,0.0,0.0,-2264000.0,0.0,-27.64684332641348,-65.8388344432489,81890.0,34387.0,https://www.sec.gov/Archives/edgar/data/1131312/000121390014002984/0001213900-14-002984-index.htm,https://www.sec.gov/Archives/edgar/data/1131312/000121390014001297/f10k2013_zionoilgasinc.htm,1620600168,18:42:48,20210509
26,2013-12-31,ZNWAA,USD,2014-03-06,2014-03-06 16:46:50,Q4,0.0,0.0,0.0,0.0,0.0,2160000.0,0.0,0.0,2160000.0,2160000.0,0.0,10000.0,-9113000.0,0.0,-9123000.0,0.0,0.0,-9077000.0,0.0,0.0,-9077000.0,0.0,-110.84381487361094,-0.28980556176367295,81890.0,31321000.0,https://www.sec.gov/Archives/edgar/data/1131312/000121390014001297/0001213900-14-001297-index.htm,https://www.sec.gov/Archives/edgar/data/1131312/000121390014001297/f10k2013_zionoilgasinc.htm,1620600168,18:42:48,20210509
27,2013-09-30,ZNWAA,USD,2013-11-12,2013-11-12 16:41:38,Q3,0.0,0.0,0.0,0.0,0.0,527000.0,0.0,0.0,527000.0,527000.0,0.0,22000.0,-6108000.0,0.0,-6130000.0,0.0,0.0,-6092000.0,0.0,0.0,-6092000.0,0.0,-74.39247771400659,-184.33235498804805,81890.0,33049.0,https://www.sec.gov/Archives/edgar/data/1131312/000121390013006262/0001213900-13-006262-index.htm,https://www.sec.gov/Archives/edgar/data/1131312/000121390013006262/f10q0930_zionoil.htm,1620600168,18:42:48,20210509
28,2013-06-30,ZNWAA,USD,2013-08-05,2013-08-05 17:28:49,Q2,0.0,0.0,0.0,0.0,0.0,632000.0,0.0,0.0,632000.0,632000.0,0.0,22000.0,-4842000.0,0.0,-4864000.0,0.0,0.0,-4851000.0,0.0,0.0,-4851000.0,0.0,-59.23800219807058,-0.1475499589378593,81890.0,32877000.0,https://www.sec.gov/Archives/edgar/data/1131312/000114420413043064/0001144204-13-043064-index.htm,https://www.sec.gov/Archives/edgar/data/1131312/000114420413043064/v351156_10q.htm,1620600168,18:42:48,20210509
29,2013-03-31,ZNWAA,USD,2013-05-13,2013-05-13 17:02:30,Q1,0.0,0.0,0.0,0.0,0.0,571000.0,0.0,0.0,571000.0,571000.0,0.0,20000.0,-3229000.0,0.0,-3249000.0,0.0,0.0,-3241000.0,0.0,0.0,-3241000.0,0.0,-39.57748198803273,-0.09879892696012682,81890.0,32804000.0,https://www.sec.gov/Archives/edgar/data/1131312/000114420413028349/0001144204-13-028349-index.htm,https://www.sec.gov/Archives/edgar/data/1131312/000114420413014596/v336966_10k.htm,1620600168,18:42:48,20210509
30,2012-12-31,ZNWAA,USD,2013-03-12,2013-03-12 16:47:09,Q4,0.0,627000.0,-627000.0,0.0,0.0,817000.0,0.0,0.0,817000.0,1444000.0,0.0,19000.0,-10334000.0,0.0,-10353000.0,0.0,0.0,-10294000.0,0.0,0.0,-10294000.0,0.0,-125.70521431188179,-0.3286612815682769,81890.0,31321000.0,https://www.sec.gov/Archives/edgar/data/1131312/000114420413014596/0001144204-13-014596-index.htm,https://www.sec.gov/Archives/edgar/data/1131312/000114420413014596/v336966_10k.htm,1620600168,18:42:48,20210509
31,2012-09-30,ZNWAA,USD,2012-11-05,2012-11-05 17:06:32,Q3,0.0,0.0,0.0,0.0,0.0,869000.0,0.0,0.0,869000.0,869000.0,0.0,20000.0,-6501000.0,0.0,-6521000.0,0.0,0.0,-6489000.0,0.0,0.0,-6489000.0,0.0,-79.24044449871779,-0.20968106763175753,81890.0,30947000.0,https://www.sec.gov/Archives/edgar/data/1131312/000114420412059500/0001144204-12-059500-index.htm,https://www.sec.gov/Archives/edgar/data/1131312/000114420412059500/v325942_10q.htm,1620600168,18:42:48,20210509
32,2012-06-30,ZNWAA,USD,2012-08-06,2012-08-06 16:16:17,Q2,0.0,0.0,0.0,0.0,0.0,957000.0,0.0,0.0,957000.0,957000.0,0.0,19000.0,-4908000.0,0.0,-4927000.0,0.0,0.0,-4902000.0,0.0,0.0,-4902000.0,0.0,-59.86078886310905,-0.16051080550098232,81890.0,30540000.0,https://www.sec.gov/Archives/edgar/data/1131312/000114420412043058/0001144204-12-043058-index.htm,https://www.sec.gov/Archives/edgar/data/1131312/000114420412043058/v318439_10q.htm,1620600168,18:42:48,20210509
33,2012-03-31,ZNWAA,USD,2012-05-03,2012-05-03 16:37:00,Q1,0.0,0.0,0.0,0.0,0.0,1247000.0,0.0,0.0,1247000.0,1247000.0,0.0,16000.0,-2734000.0,0.0,-2750000.0,0.0,0.0,-2702000.0,0.0,0.0,-2702000.0,0.0,-32.995481743802664,-0.08847413228552718,81890.0,30540000.0,https://www.sec.gov/Archives/edgar/data/1131312/000114420412025912/0001144204-12-025912-index.htm,https://www.sec.gov/Archives/edgar/data/1131312/000114420412013556/v302734_10k.htm,1620600168,18:42:48,20210509
34,2011-12-31,ZNWAA,USD,2012-03-07,2012-03-07 16:32:22,Q4,0.0,0.0,0.0,0.0,0.0,1073000.0,0.0,0.0,1073000.0,1073000.0,0.0,24000.0,-51989000.0,0.0,-52013000.0,0.0,0.0,-52182000.0,0.0,0.0,-52182000.0,0.0,-637.2206618634754,-1.7086444007858546,81890.0,30540000.0,https://www.sec.gov/Archives/edgar/data/1131312/000114420412013556/0001144204-12-013556-index.htm,https://www.sec.gov/Archives/edgar/data/1131312/000114420412013556/v302734_10k.htm,1620600168,18:42:48,20210509
35,2011-09-30,ZNWAA,USD,2011-11-07,2011-11-07 16:30:32,Q3,0.0,0.0,0.0,0.0,0.0,592000.0,0.0,0.0,592000.0,592000.0,0.0,14000.0,-48934000.0,0.0,-48948000.0,0.0,0.0,-48977000.0,0.0,0.0,-48977000.0,0.0,-598.0827939919404,-1.6037000654878848,81890.0,30540000.0,https://www.sec.gov/Archives/edgar/data/1131312/000114420411061653/0001144204-11-061653-index.htm,https://www.sec.gov/Archives/edgar/data/1131312/000114420411061653/v238990_10q.htm,1620600168,18:42:48,20210509
36,2011-06-30,ZNWAA,USD,2011-08-09,2011-08-09 16:31:43,Q2,-1321659000.0,524089000.0,797570000.0,-0.60346125589127,-505889000.0,366366000.0,-464091000.0,0.0,-1067705000.0,-1591794000.0,-16971000.0,18000.0,267814000.0,-0.20263471894036209,267796000.0,-0.20262109969364261,0.0,-4331000.0,0.003276942085666575,-5410000.0,-4331000.0,0.003276942085666575,-52.88802051532544,-0.14181401440733465,81890.0,30540000.0,https://www.sec.gov/Archives/edgar/data/1131312/000114420411044966/0001144204-11-044966-index.htm,https://www.sec.gov/Archives/edgar/data/1131312/000114420411044966/v230188_10q.htm,1620600168,18:42:48,20210509
37,2011-03-31,ZNWAA,USD,2011-05-10,2011-05-10 16:54:16,Q1,0.0,0.0,0.0,0.0,0.0,0.0,0.0,0.0,0.0,0.0,-35000.0,8000.0,-2448000.0,0.0,-2456000.0,0.0,0.0,-2421000.0,0.0,0.0,-2421000.0,0.0,-0.0971,-0.0971,24933000.0,24933000.0,https://www.sec.gov/Archives/edgar/data/1131312/000114420411027751/0001144204-11-027751-index.htm,https://www.sec.gov/Archives/edgar/data/1131312/000114420411015330/v214665_10k.htm,1620600168,18:42:48,20210509
38,2010-12-31,ZNWAA,USD,2011-03-16,2011-03-16 17:21:30,Q4,0.0,0.0,0.0,0.0,0.0,0.0,0.0,0.0,0.0,0.0,0.0,10000.0,-27666000.0,0.0,-27676000.0,0.0,0.0,-27658000.0,0.0,0.0,-27658000.0,0.0,-1.29382,-1.29382,21377000.0,21377000.0,https://www.sec.gov/Archives/edgar/data/1131312/000114420411015330/0001144204-11-015330-index.htm,https://www.sec.gov/Archives/edgar/data/1131312/000114420411015330/v214665_10k.htm,1620600168,18:42:48,20210509
39,2010-09-30,ZNWAA,USD,2010-11-08,2010-11-08 16:05:12,Q3,0.0,0.0,0.0,0.0,0.0,0.0,0.0,0.0,0.0,0.0,0.0,9000.0,-26327000.0,0.0,-26336000.0,0.0,0.0,-26319000.0,0.0,0.0,-26319000.0,0.0,-1.35819,-1.35819,19378000.0,19378000.0,https://www.sec.gov/Archives/edgar/data/1131312/000114420410058226/0001144204-10-058226-index.htm,https://www.sec.gov/Archives/edgar/data/1131312/000114420410058226/v201159_10q.htm,1620600168,18:42:48,20210509
40,2010-06-30,ZNWAA,USD,2010-08-09,2010-08-09 16:03:09,Q2,0.0,0.0,0.0,0.0,0.0,0.0,0.0,0.0,0.0,0.0,85000.0,9000.0,-24792000.0,0.0,-24801000.0,0.0,0.0,-24886000.0,0.0,0.0,-24886000.0,0.0,-1.32796,-1.32796,18740000.0,18740000.0,https://www.sec.gov/Archives/edgar/data/1131312/000114420410042214/0001144204-10-042214-index.htm,https://www.sec.gov/Archives/edgar/data/1131312/000114420410042214/v192858_10q.htm,1620600168,18:42:48,20210509
41,2010-03-31,ZNWAA,USD,2010-05-14,2010-05-14 16:11:45,Q1,0.0,0.0,0.0,0.0,0.0,0.0,0.0,0.0,0.0,0.0,3000.0,6000.0,-1351000.0,0.0,-1357000.0,0.0,0.0,-1360000.0,0.0,0.0,-1360000.0,0.0,-0.07260690833377823,-7.000000154411768e-05,18731000.0,19428571000.0,https://www.sec.gov/Archives/edgar/data/1131312/000114420410027516/0001144204-10-027516-index.htm,https://www.sec.gov/Archives/edgar/data/1131312/000114420410013895/v177590_10k.htm,1620600168,18:42:48,20210509
42,2009-12-31,ZNWAA,USD,2010-03-16,2010-03-16 17:29:00,Q4,0.0,0.0,0.0,0.0,0.0,0.0,0.0,0.0,0.0,0.0,0.0,10000.0,-4555000.0,0.0,-4565000.0,0.0,76000.0,-4424000.0,0.0,0.0,-4424000.0,0.0,-0.40051,-0.40051,11046000.0,11046000.0,https://www.sec.gov/Archives/edgar/data/1131312/000114420410013895/0001144204-10-013895-index.htm,https://www.sec.gov/Archives/edgar/data/1131312/000114420410013895/v177590_10k.htm,1620600168,18:42:48,20210509
43,2009-09-30,ZNWAA,USD,2009-11-13,2009-11-13 16:12:44,Q3,0.0,0.0,0.0,0.0,0.0,0.0,0.0,0.0,0.0,0.0,0.0,2000.0,-3205000.0,0.0,-3207000.0,0.0,76000.0,-3065000.0,0.0,0.0,-3065000.0,0.0,-0.23756,-0.23756,12902000.0,12902000.0,https://www.sec.gov/Archives/edgar/data/1131312/000114420409058973/0001144204-09-058973-index.htm,https://www.sec.gov/Archives/edgar/data/1131312/000114420409058973/v165988_10q.htm,1620600168,18:42:48,20210509
44,2009-06-30,ZNWAA,USD,2009-08-14,2009-08-14 16:24:06,Q2,0.0,0.0,0.0,0.0,0.0,0.0,0.0,0.0,0.0,0.0,0.0,5000.0,-2337000.0,0.0,-2342000.0,0.0,76000.0,-2248000.0,0.0,0.0,-2248000.0,0.0,-0.20073,-0.20073,11199000.0,11199000.0,https://www.sec.gov/Archives/edgar/data/1131312/000114420409043701/0001144204-09-043701-index.htm,https://www.sec.gov/Archives/edgar/data/1131312/000114420409043701/v157914_10q.htm,1620600168,18:42:48,20210509
45,2009-03-31,ZNWAA,USD,2009-05-15,2009-05-15 16:02:43,Q1,0.0,0.0,0.0,0.0,0.0,0.0,0.0,0.0,0.0,0.0,0.0,5000.0,-990000.0,0.0,-995000.0,0.0,76000.0,-916000.0,0.0,0.0,-916000.0,0.0,-0.08481,-0.08481,10800000.0,10800000.0,https://www.sec.gov/Archives/edgar/data/1131312/000114420409027472/0001144204-09-027472-index.htm,https://www.sec.gov/Archives/edgar/data/1131312/000114420409017188/v144615_10k.htm,1620600168,18:42:48,20210509
46,2008-12-31,ZNWAA,USD,2009-03-31,2009-03-31 06:14:29,Q4,0.0,0.0,0.0,0.0,0.0,0.0,0.0,0.0,0.0,0.0,0.0,5000.0,-4070000.0,0.0,-4075000.0,0.0,0.0,-4018000.0,0.0,0.0,-4018000.0,0.0,-0.39419,-0.39419,10193000.0,10193000.0,https://www.sec.gov/Archives/edgar/data/1131312/000114420409017188/0001144204-09-017188-index.htm,https://www.sec.gov/Archives/edgar/data/1131312/000114420409017188/v144615_10k.htm,1620600168,18:42:48,20210509
47,2008-09-30,ZNWAA,USD,2008-11-14,2008-11-14 16:07:03,Q3,0.0,0.0,0.0,0.0,0.0,0.0,0.0,0.0,0.0,0.0,-69000.0,10000.0,-3120000.0,0.0,-3130000.0,0.0,0.0,-3061000.0,0.0,0.0,-3061000.0,0.0,-0.30241,-0.30241,10122000.0,10122000.0,https://www.sec.gov/Archives/edgar/data/1131312/000114420408064384/0001144204-08-064384-index.htm,https://www.sec.gov/Archives/edgar/data/1131312/000114420408064384/v132070_10q.htm,1620600168,18:42:48,20210509
48,2008-06-30,ZNWAA,USD,2008-08-14,2008-08-14 16:39:35,Q2,0.0,0.0,0.0,0.0,0.0,0.0,0.0,0.0,0.0,0.0,-57000.0,7000.0,-2258000.0,0.0,-2265000.0,0.0,0.0,-2208000.0,0.0,0.0,-2208000.0,0.0,-0.21816,-0.21816,10121000.0,10121000.0,https://www.sec.gov/Archives/edgar/data/1131312/000114420408047420/0001144204-08-047420-index.htm,https://www.sec.gov/Archives/edgar/data/1131312/000114420408047420/v123364_10q.htm,1620600168,18:42:48,20210509
49,2008-03-31,ZNWAA,USD,2008-05-15,2008-05-15 16:06:07,Q1,0.0,0.0,0.0,0.0,0.0,0.0,0.0,0.0,0.0,0.0,0.0,7000.0,-1063000.0,0.0,-1070000.0,0.0,0.0,-1039000.0,0.0,0.0,-1039000.0,0.0,-0.10266,-0.10266,10121000.0,10121000.0,https://www.sec.gov/Archives/edgar/data/1131312/000114420408029658/0001144204-08-029658-index.htm,https://www.sec.gov/Archives/edgar/data/1131312/000114420408018373/v108461_10ksb.htm,1620600168,18:42:48,20210509
50,2007-12-31,ZNWAA,USD,2008-03-28,2008-03-28 16:32:14,Q4,0.0,0.0,0.0,0.0,0.0,0.0,0.0,0.0,0.0,0.0,-201000.0,6000.0,-13246000.0,0.0,-13252000.0,0.0,4000.0,-13047000.0,0.0,0.0,-13047000.0,0.0,-1.34339,-1.34339,9712000.0,9712000.0,https://www.sec.gov/Archives/edgar/data/1131312/000114420408018373/0001144204-08-018373-index.htm,https://www.sec.gov/Archives/edgar/data/1131312/000114420408018373/v108461_10ksb.htm,1620600168,18:42:48,20210509
51,2007-09-30,ZNWAA,USD,2007-11-19,2007-11-19 17:22:34,Q3,0.0,0.0,0.0,0.0,0.0,0.0,0.0,0.0,0.0,0.0,-63000.0,2000.0,-809000.0,0.0,-811000.0,0.0,0.0,-748000.0,0.0,0.0,-748000.0,0.0,-0.07390574053947238,-7.00000018716578e-05,10121000.0,10685714000.0,https://www.sec.gov/Archives/edgar/data/1131312/000113131207000073/0001131312-07-000073-index.htm,https://www.sec.gov/Archives/edgar/data/1131312/000113131207000073/f10q1107.htm,1620600168,18:42:48,20210509
52,2007-06-30,ZNWAA,USD,2007-08-23,2007-08-23 17:00:33,Q2,0.0,0.0,0.0,0.0,0.0,0.0,0.0,0.0,0.0,0.0,-46000.0,4000.0,-10309000.0,0.0,-10313000.0,0.0,4000.0,-10263000.0,0.0,0.0,-10263000.0,0.0,-1.03011,-1.03011,9963000.0,9963000.0,https://www.sec.gov/Archives/edgar/data/1131312/000113131207000063/0001131312-07-000063-index.htm,https://www.sec.gov/Archives/edgar/data/1131312/000113131207000063/f2qa0607.htm,1620600168,18:42:48,20210509
53,2007-03-31,ZNWAA,USD,2007-05-21,2007-05-21 16:11:40,Q1,0.0,0.0,0.0,0.0,0.0,0.0,0.0,0.0,0.0,0.0,-31000.0,4000.0,-694000.0,0.0,-698000.0,0.0,0.0,-667000.0,0.0,0.0,-667000.0,0.0,-0.07378,-0.07378,9040000.0,9040000.0,https://www.sec.gov/Archives/edgar/data/1131312/000113131207000050/0001131312-07-000050-index.htm,https://www.sec.gov/Archives/edgar/data/1131312/000113131207000039/f10k2006.htm,1620600168,18:42:48,20210509
54,2006-12-31,ZNWAA,USD,2007-04-16,2007-04-16 16:32:33,Q4,0.0,0.0,0.0,0.0,0.0,0.0,0.0,0.0,0.0,0.0,0.0,0.0,0.0,0.0,0.0,0.0,0.0,0.0,0.0,0.0,0.0,0.0,0.18767,0.18767,7878735000.0,7878735000.0,https://www.sec.gov/Archives/edgar/data/1131312/000113131207000039/0001131312-07-000039-index.htm,https://www.sec.gov/Archives/edgar/data/1131312/000113131207000039/f10k2006.htm,1620600168,18:42:48,20210509
55,2006-09-30,ZNWAA,USD,2006-11-20,2006-11-20 16:12:49,Q3,0.0,0.0,0.0,0.0,0.0,0.0,0.0,0.0,0.0,0.0,28767000.0,0.0,-1431440000.0,0.0,-1431440000.0,0.0,0.0,-1460207000.0,0.0,0.0,-1460207000.0,0.0,-0.18534,-0.18534,7878735000.0,7878735000.0,https://www.sec.gov/Archives/edgar/data/1131312/000113131206000115/0001131312-06-000115-index.htm,https://www.sec.gov/Archives/edgar/data/1131312/000113131206000115/f10q0906.htm,1620600168,18:42:48,20210509
56,2006-06-30,ZNWAA,USD,2006-09-19,2006-09-19 15:04:06,Q2,0.0,0.0,0.0,0.0,0.0,0.0,0.0,0.0,0.0,0.0,21814000.0,0.0,-935128000.0,0.0,-935128000.0,0.0,0.0,-956942000.0,0.0,0.0,-956942000.0,0.0,-0.12265,-0.12265,7801981000.0,7801981000.0,https://www.sec.gov/Archives/edgar/data/1131312/000113131206000105/0001131312-06-000105-index.htm,https://www.sec.gov/Archives/edgar/data/1131312/000113131206000105/f10qa606.htm,1620600168,18:42:48,20210509
57,2006-03-31,ZNWAA,USD,2006-09-19,2006-09-19 15:03:50,Q4,0.0,0.0,0.0,0.0,0.0,0.0,0.0,0.0,0.0,0.0,725000.0,0.0,-237218000.0,0.0,-237218000.0,0.0,0.0,-237943000.0,0.0,0.0,-237943000.0,0.0,-0.03049776716964576,-0.03049776716964576,7801981000.0,7801981000.0,https://www.sec.gov/Archives/edgar/data/1131312/000113131206000104/0001131312-06-000104-index.htm,https://www.sec.gov/Archives/edgar/data/1131312/000113131206000104/f10qa306.htm,1620600168,18:42:48,20210509
58,2005-12-31,ZNWAA,USD,2006-09-19,2006-09-19 15:03:33,Q3,0.0,0.0,0.0,0.0,0.0,0.0,0.0,0.0,0.0,0.0,36354000.0,-80000.0,-1131590000.0,0.0,-1131510000.0,0.0,0.0,-1675244000.0,0.0,0.0,-1675244000.0,0.0,-0.2147203383345845,-0.2147203383345845,7801981000.0,7801981000.0,https://www.sec.gov/Archives/edgar/data/1131312/000113131206000103/0001131312-06-000103-index.htm,https://www.sec.gov/Archives/edgar/data/1131312/000113131206000093/amend3v3.htm,1620600168,18:42:48,20210509
59,2004-12-31,ZNWAA,USD,2006-07-27,2006-07-27 15:42:05,Q4,0.0,0.0,0.0,0.0,0.0,0.0,0.0,0.0,0.0,0.0,17645000.0,-367000.0,-798036000.0,0.0,-797669000.0,0.0,0.0,-815314000.0,0.0,0.0,-815314000.0,0.0,-167.13833,-167.13833,4878079.0,4878079.0,https://www.sec.gov/Archives/edgar/data/1131312/000113131206000093/0001131312-06-000093-index.htm,https://www.sec.gov/Archives/edgar/data/1131312/000113131206000093/amend3v3.htm,1620600168,18:42:48,20210509
60,2004-09-30,ZNWAA,USD,2004-11-22,2004-11-22 16:06:36,Q3,0.0,454821000.0,-454821000.0,0.0,0.0,779973000.0,0.0,0.0,779973000.0,1234794000.0,26977000.0,419000.0,-1234375000.0,0.0,-1234794000.0,0.0,0.0,-1261771000.0,0.0,0.0,-1261771000.0,0.0,-258.66145,-258.66145,4878079.0,4878079.0,https://www.sec.gov/Archives/edgar/data/1131312/000113131204000039/0001131312-04-000039-index.htm,https://www.sec.gov/Archives/edgar/data/1131312/000113131204000039/q3-10qsb.htm,1620600168,18:42:48,20210509
61,2004-06-30,ZNWAA,USD,2004-08-20,2004-08-20 14:16:31,Q2,0.0,0.0,0.0,0.0,0.0,103429000.0,0.0,0.0,103429000.0,103429000.0,0.0,10000.0,10000.0,0.0,0.0,0.0,0.0,0.0,0.0,0.0,0.0,0.0,0.341873,0.341873,4878079.0,4878079.0,https://www.sec.gov/Archives/edgar/data/1131312/000113131204000024/0001131312-04-000024-index.htm,https://www.sec.gov/Archives/edgar/data/1131312/000113131204000024/q2-10qsb.htm,1620600168,18:42:48,20210509
62,2004-03-31,ZNWAA,USD,2004-08-17,2004-08-17 15:15:10,Q1,0.0,0.0,0.0,0.0,0.0,103429000.0,0.0,0.0,103429000.0,103429000.0,0.0,18000.0,18000.0,0.0,0.0,0.0,0.0,0.0,0.0,0.0,0.0,0.0,0.341873,0.341873,4220500.0,4220500.0,https://www.sec.gov/Archives/edgar/data/1131312/000113131204000022/0001131312-04-000022-index.htm,https://www.sec.gov/Archives/edgar/data/1131312/000113131204000022/frm10q1a.htm,1620600168,18:42:48,20210509
