,date,symbol,reportedCurrency,fillingDate,acceptedDate,period,revenue,costOfRevenue,grossProfit,grossProfitRatio,researchAndDevelopmentExpenses,generalAndAdministrativeExpenses,sellingAndMarketingExpenses,otherExpenses,operatingExpenses,costAndExpenses,interestExpense,depreciationAndAmortization,ebitda,ebitdaratio,operatingIncome,operatingIncomeRatio,totalOtherIncomeExpensesNet,incomeBeforeTax,incomeBeforeTaxRatio,incomeTaxExpense,netIncome,netIncomeRatio,eps,epsdiluted,weightedAverageShsOut,weightedAverageShsOutDil,link,finalLink,timestamp,est_time,est_date
0,2019-06-30,ERM.L,GBP,2019-06-30,2019-06-30,Q2,64012750.0,14998250.0,49014500.0,0.7656990208981804,0.0,42574500.0,365250.0,0.0,0.0,57632000.0,481250.0,7496500.0,13877250.0,0.21678884284771394,6380750.0,0.09967936075235012,0.0,7362750.0,0.11502005459849796,2329250.0,15232250.0,0.23795650085334563,0.14161762381576623,0.14149265238634887,107559000,107654000,https://find-and-update.company-information.service.gov.uk/search/companies?q=Euromoney+Institutional+Investor+PLC,https://find-and-update.company-information.service.gov.uk/search/companies?q=Euromoney+Institutional+Investor+PLC,1620591751,16:22:31,20210509
1,2019-03-31,ERM.L,GBP,2019-03-31,2019-03-31,Q1,64012750.0,14998250.0,49014500.0,0.7656990208981804,0.0,42574500.0,365250.0,0.0,0.0,57632000.0,481250.0,7496500.0,13877250.0,0.21678884284771394,6380750.0,0.09967936075235012,0.0,7362750.0,0.11502005459849796,2329250.0,15232250.0,0.23795650085334563,0.14161762381576623,0.14149265238634887,107559000,107654000,https://find-and-update.company-information.service.gov.uk/search/companies?q=Euromoney+Institutional+Investor+PLC,https://find-and-update.company-information.service.gov.uk/search/companies?q=Euromoney+Institutional+Investor+PLC,1620591751,16:22:31,20210509
2,2019-01-31,ERM.L,GBP,2019-01-31,2019-01-31,Q1,64012750.0,14998250.0,49014500.0,0.7656990208981804,0.0,42574500.0,365250.0,0.0,0.0,57632000.0,481250.0,7496500.0,13877250.0,0.21678884284771394,6380750.0,0.09967936075235012,0.0,7362750.0,0.11502005459849796,2329250.0,15232250.0,0.23795650085334563,0.14161762381576623,0.14149265238634887,107559000,107654000,https://find-and-update.company-information.service.gov.uk/search/companies?q=Euromoney+Institutional+Investor+PLC,https://find-and-update.company-information.service.gov.uk/search/companies?q=Euromoney+Institutional+Investor+PLC,1620591751,16:22:31,20210509
3,2018-06-30,ERM.L,GBP,2018-06-30,2018-06-30,Q2,97569750.0,22196750.0,75373000.0,0.7725037729419211,0.0,34420250.0,489000.0,0.0,0.0,57106000.0,1228000.0,7250750.0,47714500.0,0.489029642896492,40463750.0,0.4147161389672516,0.0,40306500.0,0.41310447141660195,12840000.0,50267250.0,0.5151929773316012,0.46795,0.4674,107415000,107546000,https://find-and-update.company-information.service.gov.uk/search/companies?q=Euromoney+Institutional+Investor+PLC,https://find-and-update.company-information.service.gov.uk/search/companies?q=Euromoney+Institutional+Investor+PLC,1620591751,16:22:31,20210509
4,2018-03-31,ERM.L,GBP,2018-03-31,2018-03-31,Q1,97569750.0,22196750.0,75373000.0,0.7725037729419211,0.0,34420250.0,489000.0,0.0,0.0,57106000.0,1228000.0,7250750.0,47714500.0,0.489029642896492,40463750.0,0.4147161389672516,0.0,40306500.0,0.41310447141660195,12840000.0,50267250.0,0.5151929773316012,0.46795,0.4674,107415000,107546000,https://find-and-update.company-information.service.gov.uk/search/companies?q=Euromoney+Institutional+Investor+PLC,https://find-and-update.company-information.service.gov.uk/search/companies?q=Euromoney+Institutional+Investor+PLC,1620591751,16:22:31,20210509
5,2018-01-31,ERM.L,GBP,2018-01-31,2018-01-31,Q1,97569750.0,22196750.0,75373000.0,0.7725037729419211,0.0,34420250.0,489000.0,0.0,0.0,57106000.0,1228000.0,7250750.0,47714500.0,0.489029642896492,40463750.0,0.4147161389672516,0.0,40306500.0,0.41310447141660195,12840000.0,50267250.0,0.5151929773316012,0.46795,0.4674,107415000,107546000,https://find-and-update.company-information.service.gov.uk/search/companies?q=Euromoney+Institutional+Investor+PLC,https://find-and-update.company-information.service.gov.uk/search/companies?q=Euromoney+Institutional+Investor+PLC,1620591751,16:22:31,20210509
6,2017-06-30,ERM.L,GBP,2017-06-30,2017-06-30,Q2,96730750.0,24225000.0,72505750.0,0.7495625744657206,0.0,53268750.0,565250.0,0.0,-967000.0,77092000.0,1036500.0,6995500.0,26634250.0,0.2753441899292624,19638750.0,0.20302489125743364,0.0,10172000.0,0.10515787378884171,847500.0,10679500.0,0.1104043957066393,0.09495,0.094775,112492000,112705000,https://find-and-update.company-information.service.gov.uk/search/companies?q=Euromoney+Institutional+Investor+PLC,https://find-and-update.company-information.service.gov.uk/search/companies?q=Euromoney+Institutional+Investor+PLC,1620591751,16:22:31,20210509
7,2017-03-31,ERM.L,GBP,2017-03-31,2017-03-31,Q1,96730750.0,24225000.0,72505750.0,0.7495625744657206,0.0,53268750.0,565250.0,0.0,-967000.0,77092000.0,1036500.0,6995500.0,26634250.0,0.2753441899292624,19638750.0,0.20302489125743364,0.0,10172000.0,0.10515787378884171,847500.0,10679500.0,0.1104043957066393,0.09495,0.094775,112492000,112705000,https://find-and-update.company-information.service.gov.uk/search/companies?q=Euromoney+Institutional+Investor+PLC,https://find-and-update.company-information.service.gov.uk/search/companies?q=Euromoney+Institutional+Investor+PLC,1620591751,16:22:31,20210509
8,2017-01-31,ERM.L,GBP,2017-01-31,2017-01-31,Q1,96730750.0,24225000.0,72505750.0,0.7495625744657206,0.0,53268750.0,565250.0,0.0,-967000.0,77092000.0,1036500.0,6995500.0,26634250.0,0.2753441899292624,19638750.0,0.20302489125743364,0.0,10172000.0,0.10515787378884171,847500.0,10679500.0,0.1104043957066393,0.09495,0.094775,112492000,112705000,https://find-and-update.company-information.service.gov.uk/search/companies?q=Euromoney+Institutional+Investor+PLC,https://find-and-update.company-information.service.gov.uk/search/companies?q=Euromoney+Institutional+Investor+PLC,1620591751,16:22:31,20210509
9,2016-06-30,ERM.L,GBP,2016-06-30,2016-06-30,Q2,100778000.0,26953750.0,73824250.0,0.7325433130246681,0.0,51953000.0,692000.0,0.0,2275000.0,81873750.0,450250.0,5803500.0,24707750.0,0.24517007680247674,18904250.0,0.18758310345511917,0.0,10980500.0,0.10895731211177043,3227250.0,7686000.0,0.07626664549802536,0.060775,0.060725,126473000,126584000,https://find-and-update.company-information.service.gov.uk/search/companies?q=Euromoney+Institutional+Investor+PLC,https://find-and-update.company-information.service.gov.uk/search/companies?q=Euromoney+Institutional+Investor+PLC,1620591751,16:22:31,20210509
10,2016-03-31,ERM.L,GBP,2016-03-31,2016-03-31,Q1,100778000.0,26953750.0,73824250.0,0.7325433130246681,0.0,51953000.0,692000.0,0.0,2275000.0,81873750.0,450250.0,5803500.0,24707750.0,0.24517007680247674,18904250.0,0.18758310345511917,0.0,10980500.0,0.10895731211177043,3227250.0,7686000.0,0.07626664549802536,0.060775,0.060725,126473000,126584000,https://find-and-update.company-information.service.gov.uk/search/companies?q=Euromoney+Institutional+Investor+PLC,https://find-and-update.company-information.service.gov.uk/search/companies?q=Euromoney+Institutional+Investor+PLC,1620591751,16:22:31,20210509
11,2016-01-31,ERM.L,GBP,2016-01-31,2016-01-31,Q1,100778000.0,26953750.0,73824250.0,0.7325433130246681,0.0,51953000.0,692000.0,0.0,2275000.0,81873750.0,450250.0,5803500.0,24707750.0,0.24517007680247674,18904250.0,0.18758310345511917,0.0,10980500.0,0.10895731211177043,3227250.0,7686000.0,0.07626664549802536,0.060775,0.060725,126473000,126584000,https://find-and-update.company-information.service.gov.uk/search/companies?q=Euromoney+Institutional+Investor+PLC,https://find-and-update.company-information.service.gov.uk/search/companies?q=Euromoney+Institutional+Investor+PLC,1620591751,16:22:31,20210509
12,2015-09-30,ERM.L,GBP,2015-09-30,2015-09-30,Q3,100853000.0,26872000.0,73981000.0,0.7335527946615371,0.0,50737250.0,819500.0,0.0,0.0,78428750.0,432000.0,5587500.0,28011750.0,0.27774830694178654,22424250.0,0.22234588956203583,0.0,30821250.0,0.305605683519578,4399750.0,26361000.0,0.26138042497496355,0.20855,0.20845,126395000,126460000,https://find-and-update.company-information.service.gov.uk/search/companies?q=Euromoney+Institutional+Investor+PLC,https://find-and-update.company-information.service.gov.uk/search/companies?q=Euromoney+Institutional+Investor+PLC,1620591751,16:22:31,20210509
13,2015-06-30,ERM.L,GBP,2015-06-30,2015-06-30,Q2,100853000.0,26872000.0,73981000.0,0.7335527946615371,0.0,50737250.0,819500.0,0.0,0.0,78428750.0,432000.0,5587500.0,28011750.0,0.27774830694178654,22424250.0,0.22234588956203583,0.0,30821250.0,0.305605683519578,4399750.0,26361000.0,0.26138042497496355,0.20855,0.20845,126395000,126460000,https://find-and-update.company-information.service.gov.uk/search/companies?q=Euromoney+Institutional+Investor+PLC,https://find-and-update.company-information.service.gov.uk/search/companies?q=Euromoney+Institutional+Investor+PLC,1620591751,16:22:31,20210509
14,2015-03-31,ERM.L,GBP,2015-03-31,2015-03-31,Q1,100853000.0,26872000.0,73981000.0,0.7335527946615371,0.0,50737250.0,819500.0,0.0,0.0,78428750.0,432000.0,5587500.0,28011750.0,0.27774830694178654,22424250.0,0.22234588956203583,0.0,30821250.0,0.305605683519578,4399750.0,26361000.0,0.26138042497496355,0.20855,0.20845,126395000,126460000,https://find-and-update.company-information.service.gov.uk/search/companies?q=Euromoney+Institutional+Investor+PLC,https://find-and-update.company-information.service.gov.uk/search/companies?q=Euromoney+Institutional+Investor+PLC,1620591751,16:22:31,20210509
15,2015-01-31,ERM.L,GBP,2015-01-31,2015-01-31,Q1,100853000.0,26872000.0,73981000.0,0.7335527946615371,0.0,50737250.0,819500.0,0.0,0.0,78428750.0,432000.0,5587500.0,28011750.0,0.27774830694178654,22424250.0,0.22234588956203583,0.0,30821250.0,0.305605683519578,4399750.0,26361000.0,0.26138042497496355,0.20855,0.20845,126395000,126460000,https://find-and-update.company-information.service.gov.uk/search/companies?q=Euromoney+Institutional+Investor+PLC,https://find-and-update.company-information.service.gov.uk/search/companies?q=Euromoney+Institutional+Investor+PLC,1620591751,16:22:31,20210509
16,2014-09-30,ERM.L,GBP,2014-09-30,2014-09-30,Q3,101639750.0,26514250.0,75125500.0,0.739135033291601,0.0,49053250.0,895500.0,0.0,0.0,76463000.0,449750.0,5401250.0,30578000.0,0.3008468635548592,25176750.0,0.24770574504561454,0.0,25368750.0,0.24959476976281425,6402500.0,18816000.0,0.18512442228557233,0.148725,0.147875,126516000,127236000,https://find-and-update.company-information.service.gov.uk/search/companies?q=Euromoney+Institutional+Investor+PLC,https://find-and-update.company-information.service.gov.uk/search/companies?q=Euromoney+Institutional+Investor+PLC,1620591751,16:22:31,20210509
17,2014-06-30,ERM.L,GBP,2014-06-30,2014-06-30,Q2,101639750.0,26514250.0,75125500.0,0.739135033291601,0.0,49053250.0,895500.0,0.0,0.0,76463000.0,449750.0,5401250.0,30578000.0,0.3008468635548592,25176750.0,0.24770574504561454,0.0,25368750.0,0.24959476976281425,6402500.0,18816000.0,0.18512442228557233,0.148725,0.147875,126516000,127236000,https://find-and-update.company-information.service.gov.uk/search/companies?q=Euromoney+Institutional+Investor+PLC,https://find-and-update.company-information.service.gov.uk/search/companies?q=Euromoney+Institutional+Investor+PLC,1620591751,16:22:31,20210509
18,2014-03-31,ERM.L,GBP,2014-03-31,2014-03-31,Q1,101639750.0,26514250.0,75125500.0,0.739135033291601,0.0,49053250.0,895500.0,0.0,0.0,76463000.0,449750.0,5401250.0,30578000.0,0.3008468635548592,25176750.0,0.24770574504561454,0.0,25368750.0,0.24959476976281425,6402500.0,18816000.0,0.18512442228557233,0.148725,0.147875,126516000,127236000,https://find-and-update.company-information.service.gov.uk/search/companies?q=Euromoney+Institutional+Investor+PLC,https://find-and-update.company-information.service.gov.uk/search/companies?q=Euromoney+Institutional+Investor+PLC,1620591751,16:22:31,20210509
19,2014-01-31,ERM.L,GBP,2014-01-31,2014-01-31,Q1,101639750.0,26514250.0,75125500.0,0.739135033291601,0.0,49053250.0,895500.0,0.0,0.0,76463000.0,449750.0,5401250.0,30578000.0,0.3008468635548592,25176750.0,0.24770574504561454,0.0,25368750.0,0.24959476976281425,6402500.0,18816000.0,0.18512442228557233,0.148725,0.147875,126516000,127236000,https://find-and-update.company-information.service.gov.uk/search/companies?q=Euromoney+Institutional+Investor+PLC,https://find-and-update.company-information.service.gov.uk/search/companies?q=Euromoney+Institutional+Investor+PLC,1620591751,16:22:31,20210509
20,2013-09-30,ERM.L,GBP,2013-09-30,2013-09-30,Q3,101176000.0,26026000.0,75150000.0,0.7427650826282913,0.0,48295500.0,1080000.0,0.0,74843500.0,75401500.0,1461000.0,5029250.0,30803750.0,0.3044570846841148,25774500.0,0.2547491499960465,0.0,23815000.0,0.23538190875306397,5558750.0,18155750.0,0.17944720091721356,0.1447,0.14175,125473000,128078000,https://find-and-update.company-information.service.gov.uk/search/companies?q=Euromoney+Institutional+Investor+PLC,https://find-and-update.company-information.service.gov.uk/search/companies?q=Euromoney+Institutional+Investor+PLC,1620591751,16:22:31,20210509
21,2013-06-30,ERM.L,GBP,2013-06-30,2013-06-30,Q2,101176000.0,26026000.0,75150000.0,0.7427650826282913,0.0,48295500.0,1080000.0,0.0,74843500.0,75401500.0,1461000.0,5029250.0,30803750.0,0.3044570846841148,25774500.0,0.2547491499960465,0.0,23815000.0,0.23538190875306397,5558750.0,18155750.0,0.17944720091721356,0.1447,0.14175,125473000,128078000,https://find-and-update.company-information.service.gov.uk/search/companies?q=Euromoney+Institutional+Investor+PLC,https://find-and-update.company-information.service.gov.uk/search/companies?q=Euromoney+Institutional+Investor+PLC,1620591751,16:22:31,20210509
22,2013-03-31,ERM.L,GBP,2013-03-31,2013-03-31,Q1,101176000.0,26026000.0,75150000.0,0.7427650826282913,0.0,48295500.0,1080000.0,0.0,74843500.0,75401500.0,1461000.0,5029250.0,30803750.0,0.3044570846841148,25774500.0,0.2547491499960465,0.0,23815000.0,0.23538190875306397,5558750.0,18155750.0,0.17944720091721356,0.1447,0.14175,125473000,128078000,https://find-and-update.company-information.service.gov.uk/search/companies?q=Euromoney+Institutional+Investor+PLC,https://find-and-update.company-information.service.gov.uk/search/companies?q=Euromoney+Institutional+Investor+PLC,1620591751,16:22:31,20210509
23,2013-01-31,ERM.L,GBP,2013-01-31,2013-01-31,Q1,101176000.0,26026000.0,75150000.0,0.7427650826282913,0.0,48295500.0,1080000.0,0.0,74843500.0,75401500.0,1461000.0,5029250.0,30803750.0,0.3044570846841148,25774500.0,0.2547491499960465,0.0,23815000.0,0.23538190875306397,5558750.0,18155750.0,0.17944720091721356,0.1447,0.14175,125473000,128078000,https://find-and-update.company-information.service.gov.uk/search/companies?q=Euromoney+Institutional+Investor+PLC,https://find-and-update.company-information.service.gov.uk/search/companies?q=Euromoney+Institutional+Investor+PLC,1620591751,16:22:31,20210509
24,2012-09-30,ERM.L,GBP,2012-09-30,2012-09-30,Q3,98536000.0,24577000.0,73959000.0,0.7505784687829828,0.0,49020250.0,1070000.0,-328500.0,68992250.0,74667250.0,1752250.0,3695500.0,27564250.0,0.2797378623041325,23868750.0,0.24223380287407648,0.0,23092000.0,0.2343508971340424,5632000.0,17418000.0,0.17676788178939676,0.14185,0.137925,122800000,126290000,https://find-and-update.company-information.service.gov.uk/search/companies?q=Euromoney+Institutional+Investor+PLC,https://find-and-update.company-information.service.gov.uk/search/companies?q=Euromoney+Institutional+Investor+PLC,1620591751,16:22:31,20210509
25,2012-06-30,ERM.L,GBP,2012-06-30,2012-06-30,Q2,98536000.0,24577000.0,73959000.0,0.7505784687829828,0.0,49020250.0,1070000.0,-328500.0,68992250.0,74667250.0,1752250.0,3695500.0,27564250.0,0.2797378623041325,23868750.0,0.24223380287407648,0.0,23092000.0,0.2343508971340424,5632000.0,17418000.0,0.17676788178939676,0.14185,0.137925,122800000,126290000,https://find-and-update.company-information.service.gov.uk/search/companies?q=Euromoney+Institutional+Investor+PLC,https://find-and-update.company-information.service.gov.uk/search/companies?q=Euromoney+Institutional+Investor+PLC,1620591751,16:22:31,20210509
26,2012-03-31,ERM.L,GBP,2012-03-31,2012-03-31,Q1,98536000.0,24577000.0,73959000.0,0.7505784687829828,0.0,49020250.0,1070000.0,-328500.0,68992250.0,74667250.0,1752250.0,3695500.0,27564250.0,0.2797378623041325,23868750.0,0.24223380287407648,0.0,23092000.0,0.2343508971340424,5632000.0,17418000.0,0.17676788178939676,0.14185,0.137925,122800000,126290000,https://find-and-update.company-information.service.gov.uk/search/companies?q=Euromoney+Institutional+Investor+PLC,https://find-and-update.company-information.service.gov.uk/search/companies?q=Euromoney+Institutional+Investor+PLC,1620591751,16:22:31,20210509
27,2012-01-31,ERM.L,GBP,2012-01-31,2012-01-31,Q1,98536000.0,24577000.0,73959000.0,0.7505784687829828,0.0,49020250.0,1070000.0,-328500.0,68992250.0,74667250.0,1752250.0,3695500.0,27564250.0,0.2797378623041325,23868750.0,0.24223380287407648,0.0,23092000.0,0.2343508971340424,5632000.0,17418000.0,0.17676788178939676,0.14185,0.137925,122800000,126290000,https://find-and-update.company-information.service.gov.uk/search/companies?q=Euromoney+Institutional+Investor+PLC,https://find-and-update.company-information.service.gov.uk/search/companies?q=Euromoney+Institutional+Investor+PLC,1620591751,16:22:31,20210509
28,2011-09-30,ERM.L,GBP,2011-09-30,2011-09-30,Q3,90785500.0,23720250.0,67065250.0,0.7387220426169377,0.0,0.0,1006250.0,102000.0,40727750.0,70816750.0,1886250.0,3793500.0,23762250.0,0.2617405863271117,19968750.0,0.21995527920207522,0.0,17049250.0,0.18779706010321032,5631750.0,11397750.0,0.12554592969141548,0.09505,0.09335,119957000,122171000,https://find-and-update.company-information.service.gov.uk/search/companies?q=Euromoney+Institutional+Investor+PLC,https://find-and-update.company-information.service.gov.uk/search/companies?q=Euromoney+Institutional+Investor+PLC,1620591751,16:22:31,20210509
29,2011-06-30,ERM.L,GBP,2011-06-30,2011-06-30,Q2,90785500.0,23720250.0,67065250.0,0.7387220426169377,0.0,0.0,1006250.0,102000.0,40727750.0,70816750.0,1886250.0,3793500.0,23762250.0,0.2617405863271117,19968750.0,0.21995527920207522,0.0,17049250.0,0.18779706010321032,5631750.0,11397750.0,0.12554592969141548,0.09505,0.09335,119957000,122171000,https://find-and-update.company-information.service.gov.uk/search/companies?q=Euromoney+Institutional+Investor+PLC,https://find-and-update.company-information.service.gov.uk/search/companies?q=Euromoney+Institutional+Investor+PLC,1620591751,16:22:31,20210509
30,2011-03-31,ERM.L,GBP,2011-03-31,2011-03-31,Q1,90785500.0,23720250.0,67065250.0,0.7387220426169377,0.0,0.0,1006250.0,102000.0,40727750.0,70816750.0,1886250.0,3793500.0,23762250.0,0.2617405863271117,19968750.0,0.21995527920207522,0.0,17049250.0,0.18779706010321032,5631750.0,11397750.0,0.12554592969141548,0.09505,0.09335,119957000,122171000,https://find-and-update.company-information.service.gov.uk/search/companies?q=Euromoney+Institutional+Investor+PLC,https://find-and-update.company-information.service.gov.uk/search/companies?q=Euromoney+Institutional+Investor+PLC,1620591751,16:22:31,20210509
31,2011-01-31,ERM.L,GBP,2011-01-31,2011-01-31,Q1,90785500.0,23720250.0,67065250.0,0.7387220426169377,0.0,0.0,1006250.0,102000.0,40727750.0,70816750.0,1886250.0,3793500.0,23762250.0,0.2617405863271117,19968750.0,0.21995527920207522,0.0,17049250.0,0.18779706010321032,5631750.0,11397750.0,0.12554592969141548,0.09505,0.09335,119957000,122171000,https://find-and-update.company-information.service.gov.uk/search/companies?q=Euromoney+Institutional+Investor+PLC,https://find-and-update.company-information.service.gov.uk/search/companies?q=Euromoney+Institutional+Investor+PLC,1620591751,16:22:31,20210509
32,2010-09-30,ERM.L,GBP,2010-09-30,2010-09-30,Q3,82501500.0,21350500.0,61151000.0,0.741210765864863,0.0,0.0,973500.0,70250.0,33637750.0,61656000.0,2468000.0,4150000.0,24995500.0,0.3029702490257753,20845500.0,0.25266813330666715,0.0,17856000.0,0.21643242850129998,3209750.0,14526250.0,0.1760725562565529,0.1251,0.123675,116166000,117510000,https://find-and-update.company-information.service.gov.uk/search/companies?q=Euromoney+Institutional+Investor+PLC,https://find-and-update.company-information.service.gov.uk/search/companies?q=Euromoney+Institutional+Investor+PLC,1620591751,16:22:31,20210509
33,2010-06-30,ERM.L,GBP,2010-06-30,2010-06-30,Q2,82501500.0,21350500.0,61151000.0,0.741210765864863,0.0,0.0,973500.0,70250.0,33637750.0,61656000.0,2468000.0,4150000.0,24995500.0,0.3029702490257753,20845500.0,0.25266813330666715,0.0,17856000.0,0.21643242850129998,3209750.0,14526250.0,0.1760725562565529,0.1251,0.123675,116166000,117510000,https://find-and-update.company-information.service.gov.uk/search/companies?q=Euromoney+Institutional+Investor+PLC,https://find-and-update.company-information.service.gov.uk/search/companies?q=Euromoney+Institutional+Investor+PLC,1620591751,16:22:31,20210509
34,2010-03-31,ERM.L,GBP,2010-03-31,2010-03-31,Q1,82501500.0,21350500.0,61151000.0,0.741210765864863,0.0,0.0,973500.0,70250.0,33637750.0,61656000.0,2468000.0,4150000.0,24995500.0,0.3029702490257753,20845500.0,0.25266813330666715,0.0,17856000.0,0.21643242850129998,3209750.0,14526250.0,0.1760725562565529,0.1251,0.123675,116166000,117510000,https://find-and-update.company-information.service.gov.uk/search/companies?q=Euromoney+Institutional+Investor+PLC,https://find-and-update.company-information.service.gov.uk/search/companies?q=Euromoney+Institutional+Investor+PLC,1620591751,16:22:31,20210509
35,2010-01-31,ERM.L,GBP,2010-01-31,2010-01-31,Q1,82501500.0,21350500.0,61151000.0,0.741210765864863,0.0,0.0,973500.0,70250.0,33637750.0,61656000.0,2468000.0,4150000.0,24995500.0,0.3029702490257753,20845500.0,0.25266813330666715,0.0,17856000.0,0.21643242850129998,3209750.0,14526250.0,0.1760725562565529,0.1251,0.123675,116166000,117510000,https://find-and-update.company-information.service.gov.uk/search/companies?q=Euromoney+Institutional+Investor+PLC,https://find-and-update.company-information.service.gov.uk/search/companies?q=Euromoney+Institutional+Investor+PLC,1620591751,16:22:31,20210509
36,2009-09-30,ERM.L,GBP,2009-09-30,2009-09-30,Q3,79398500.0,22290250.0,57108250.0,0.7192610691637751,0.0,0.0,1209000.0,54750.0,29019750.0,58857250.0,3954250.0,4672750.0,25214000.0,0.3175626743578279,20541250.0,0.25871080687922315,0.0,-4340250.0,-0.0546641309344635,-2603000.0,-1571750.0,-0.019795714024824145,-0.01432888751128169,-0.013986900767978074,109691000,112373000,https://find-and-update.company-information.service.gov.uk/search/companies?q=Euromoney+Institutional+Investor+PLC,https://find-and-update.company-information.service.gov.uk/search/companies?q=Euromoney+Institutional+Investor+PLC,1620591751,16:22:31,20210509
37,2009-06-30,ERM.L,GBP,2009-06-30,2009-06-30,Q2,79398500.0,22290250.0,57108250.0,0.7192610691637751,0.0,0.0,1209000.0,54750.0,29019750.0,58857250.0,3954250.0,4672750.0,25214000.0,0.3175626743578279,20541250.0,0.25871080687922315,0.0,-4340250.0,-0.0546641309344635,-2603000.0,-1571750.0,-0.019795714024824145,-0.01432888751128169,-0.013986900767978074,109691000,112373000,https://find-and-update.company-information.service.gov.uk/search/companies?q=Euromoney+Institutional+Investor+PLC,https://find-and-update.company-information.service.gov.uk/search/companies?q=Euromoney+Institutional+Investor+PLC,1620591751,16:22:31,20210509
38,2009-03-31,ERM.L,GBP,2009-03-31,2009-03-31,Q1,79398500.0,22290250.0,57108250.0,0.7192610691637751,0.0,0.0,1209000.0,54750.0,29019750.0,58857250.0,3954250.0,4672750.0,25214000.0,0.3175626743578279,20541250.0,0.25871080687922315,0.0,-4340250.0,-0.0546641309344635,-2603000.0,-1571750.0,-0.019795714024824145,-0.01432888751128169,-0.013986900767978074,109691000,112373000,https://find-and-update.company-information.service.gov.uk/search/companies?q=Euromoney+Institutional+Investor+PLC,https://find-and-update.company-information.service.gov.uk/search/companies?q=Euromoney+Institutional+Investor+PLC,1620591751,16:22:31,20210509
39,2009-01-31,ERM.L,GBP,2009-01-31,2009-01-31,Q1,79398500.0,22290250.0,57108250.0,0.7192610691637751,0.0,0.0,1209000.0,54750.0,29019750.0,58857250.0,3954250.0,4672750.0,25214000.0,0.3175626743578279,20541250.0,0.25871080687922315,0.0,-4340250.0,-0.0546641309344635,-2603000.0,-1571750.0,-0.019795714024824145,-0.01432888751128169,-0.013986900767978074,109691000,112373000,https://find-and-update.company-information.service.gov.uk/search/companies?q=Euromoney+Institutional+Investor+PLC,https://find-and-update.company-information.service.gov.uk/search/companies?q=Euromoney+Institutional+Investor+PLC,1620591751,16:22:31,20210509
40,2008-09-30,ERM.L,GBP,2008-09-30,2008-09-30,Q3,83016000.0,25662000.0,57354000.0,0.6908788667244868,0.0,0.0,1484500.0,77000.0,32663250.0,65247250.0,4387500.0,3928750.0,21697500.0,0.26136527898236483,17768750.0,0.21404006456586683,0.0,9356500.0,0.11270718897561915,-1819750.0,10929750.0,0.13165835501590054,0.1048,0.1015,104289000,107687000,https://find-and-update.company-information.service.gov.uk/search/companies?q=Euromoney+Institutional+Investor+PLC,https://find-and-update.company-information.service.gov.uk/search/companies?q=Euromoney+Institutional+Investor+PLC,1620591751,16:22:31,20210509
41,2008-06-30,ERM.L,GBP,2008-06-30,2008-06-30,Q2,83016000.0,25662000.0,57354000.0,0.6908788667244868,0.0,0.0,1484500.0,77000.0,32663250.0,65247250.0,4387500.0,3928750.0,21697500.0,0.26136527898236483,17768750.0,0.21404006456586683,0.0,9356500.0,0.11270718897561915,-1819750.0,10929750.0,0.13165835501590054,0.1048,0.1015,104289000,107687000,https://find-and-update.company-information.service.gov.uk/search/companies?q=Euromoney+Institutional+Investor+PLC,https://find-and-update.company-information.service.gov.uk/search/companies?q=Euromoney+Institutional+Investor+PLC,1620591751,16:22:31,20210509
42,2008-03-31,ERM.L,GBP,2008-03-31,2008-03-31,Q1,83016000.0,25662000.0,57354000.0,0.6908788667244868,0.0,0.0,1484500.0,77000.0,32663250.0,65247250.0,4387500.0,3928750.0,21697500.0,0.26136527898236483,17768750.0,0.21404006456586683,0.0,9356500.0,0.11270718897561915,-1819750.0,10929750.0,0.13165835501590054,0.1048,0.1015,104289000,107687000,https://find-and-update.company-information.service.gov.uk/search/companies?q=Euromoney+Institutional+Investor+PLC,https://find-and-update.company-information.service.gov.uk/search/companies?q=Euromoney+Institutional+Investor+PLC,1620591751,16:22:31,20210509
43,2008-01-31,ERM.L,GBP,2008-01-31,2008-01-31,Q1,83016000.0,25662000.0,57354000.0,0.6908788667244868,0.0,0.0,1484500.0,77000.0,32663250.0,65247250.0,4387500.0,3928750.0,21697500.0,0.26136527898236483,17768750.0,0.21404006456586683,0.0,9356500.0,0.11270718897561915,-1819750.0,10929750.0,0.13165835501590054,0.1048,0.1015,104289000,107687000,https://find-and-update.company-information.service.gov.uk/search/companies?q=Euromoney+Institutional+Investor+PLC,https://find-and-update.company-information.service.gov.uk/search/companies?q=Euromoney+Institutional+Investor+PLC,1620591751,16:22:31,20210509
44,2007-09-30,ERM.L,GBP,2007-09-30,2007-09-30,Q3,76288250.0,23042250.0,53246000.0,0.6979580734910029,0.0,0.0,1501250.0,122500.0,32840000.0,63334500.0,4313000.0,4647500.0,17601250.0,0.23072032718013585,12953750.0,0.16980006750711937,0.0,10282000.0,0.13477829154555257,2055750.0,7955500.0,0.10428211421811354,0.0779,0.07585,102137000,104889000,https://find-and-update.company-information.service.gov.uk/search/companies?q=Euromoney+Institutional+Investor+PLC,https://find-and-update.company-information.service.gov.uk/search/companies?q=Euromoney+Institutional+Investor+PLC,1620591751,16:22:31,20210509
45,2007-06-30,ERM.L,GBP,2007-06-30,2007-06-30,Q2,76288250.0,23042250.0,53246000.0,0.6979580734910029,0.0,0.0,1501250.0,122500.0,32840000.0,63334500.0,4313000.0,4647500.0,17601250.0,0.23072032718013585,12953750.0,0.16980006750711937,0.0,10282000.0,0.13477829154555257,2055750.0,7955500.0,0.10428211421811354,0.0779,0.07585,102137000,104889000,https://find-and-update.company-information.service.gov.uk/search/companies?q=Euromoney+Institutional+Investor+PLC,https://find-and-update.company-information.service.gov.uk/search/companies?q=Euromoney+Institutional+Investor+PLC,1620591751,16:22:31,20210509
46,2007-03-31,ERM.L,GBP,2007-03-31,2007-03-31,Q1,76288250.0,23042250.0,53246000.0,0.6979580734910029,0.0,0.0,1501250.0,122500.0,32840000.0,63334500.0,4313000.0,4647500.0,17601250.0,0.23072032718013585,12953750.0,0.16980006750711937,0.0,10282000.0,0.13477829154555257,2055750.0,7955500.0,0.10428211421811354,0.0779,0.07585,102137000,104889000,https://find-and-update.company-information.service.gov.uk/search/companies?q=Euromoney+Institutional+Investor+PLC,https://find-and-update.company-information.service.gov.uk/search/companies?q=Euromoney+Institutional+Investor+PLC,1620591751,16:22:31,20210509
47,2007-01-31,ERM.L,GBP,2007-01-31,2007-01-31,Q1,76288250.0,23042250.0,53246000.0,0.6979580734910029,0.0,0.0,1501250.0,122500.0,32840000.0,63334500.0,4313000.0,4647500.0,17601250.0,0.23072032718013585,12953750.0,0.16980006750711937,0.0,10282000.0,0.13477829154555257,2055750.0,7955500.0,0.10428211421811354,0.0779,0.07585,102137000,104889000,https://find-and-update.company-information.service.gov.uk/search/companies?q=Euromoney+Institutional+Investor+PLC,https://find-and-update.company-information.service.gov.uk/search/companies?q=Euromoney+Institutional+Investor+PLC,1620591751,16:22:31,20210509
48,2006-09-30,ERM.L,GBP,2006-09-30,2006-09-30,Q3,55119000.0,18731000.0,36388000.0,0.6601716286579945,0.0,0.0,1156250.0,302000.0,23185500.0,45007000.0,1317500.0,826500.0,10938500.0,0.1984524392677661,10112000.0,0.18345760989858306,0.0,8808500.0,0.15980877737259383,-878000.0,9357500.0,0.16976904515684246,0.105275,0.10475,88884000,89340000,https://find-and-update.company-information.service.gov.uk/search/companies?q=Euromoney+Institutional+Investor+PLC,https://find-and-update.company-information.service.gov.uk/search/companies?q=Euromoney+Institutional+Investor+PLC,1620591751,16:22:31,20210509
49,2006-06-30,ERM.L,GBP,2006-06-30,2006-06-30,Q2,55119000.0,18731000.0,36388000.0,0.6601716286579945,0.0,0.0,1156250.0,302000.0,23185500.0,45007000.0,1317500.0,826500.0,10938500.0,0.1984524392677661,10112000.0,0.18345760989858306,0.0,8808500.0,0.15980877737259383,-878000.0,9357500.0,0.16976904515684246,0.105275,0.10475,88884000,89340000,https://find-and-update.company-information.service.gov.uk/search/companies?q=Euromoney+Institutional+Investor+PLC,https://find-and-update.company-information.service.gov.uk/search/companies?q=Euromoney+Institutional+Investor+PLC,1620591751,16:22:31,20210509
50,2006-03-31,ERM.L,GBP,2006-03-31,2006-03-31,Q1,55119000.0,18731000.0,36388000.0,0.6601716286579945,0.0,0.0,1156250.0,302000.0,23185500.0,45007000.0,1317500.0,826500.0,10938500.0,0.1984524392677661,10112000.0,0.18345760989858306,0.0,8808500.0,0.15980877737259383,-878000.0,9357500.0,0.16976904515684246,0.105275,0.10475,88884000,89340000,https://find-and-update.company-information.service.gov.uk/search/companies?q=Euromoney+Institutional+Investor+PLC,https://find-and-update.company-information.service.gov.uk/search/companies?q=Euromoney+Institutional+Investor+PLC,1620591751,16:22:31,20210509
51,2006-01-31,ERM.L,GBP,2006-01-31,2006-01-31,Q1,55119000.0,18731000.0,36388000.0,0.6601716286579945,0.0,0.0,1156250.0,302000.0,23185500.0,45007000.0,1317500.0,826500.0,10938500.0,0.1984524392677661,10112000.0,0.18345760989858306,0.0,8808500.0,0.15980877737259383,-878000.0,9357500.0,0.16976904515684246,0.105275,0.10475,88884000,89340000,https://find-and-update.company-information.service.gov.uk/search/companies?q=Euromoney+Institutional+Investor+PLC,https://find-and-update.company-information.service.gov.uk/search/companies?q=Euromoney+Institutional+Investor+PLC,1620591751,16:22:31,20210509
52,2005-09-30,ERM.L,GBP,2005-09-30,2005-09-30,Q3,48708000.0,15880750.0,32827250.0,0.6739601297528127,0.0,0.0,1223500.0,156000.0,20375000.0,39038250.0,1045750.0,436250.0,10106000.0,0.2074813172374148,9669750.0,0.1985248829761025,0.0,8608500.0,0.17673688100517368,604250.0,7545250.0,0.1549078180175741,0.085475,0.08525,88277000,88508000,https://find-and-update.company-information.service.gov.uk/search/companies?q=Euromoney+Institutional+Investor+PLC,https://find-and-update.company-information.service.gov.uk/search/companies?q=Euromoney+Institutional+Investor+PLC,1620591751,16:22:31,20210509
53,2005-06-30,ERM.L,GBP,2005-06-30,2005-06-30,Q2,48708000.0,15880750.0,32827250.0,0.6739601297528127,0.0,0.0,1223500.0,156000.0,20375000.0,39038250.0,1045750.0,436250.0,10106000.0,0.2074813172374148,9669750.0,0.1985248829761025,0.0,8608500.0,0.17673688100517368,604250.0,7545250.0,0.1549078180175741,0.085475,0.08525,88277000,88508000,https://find-and-update.company-information.service.gov.uk/search/companies?q=Euromoney+Institutional+Investor+PLC,https://find-and-update.company-information.service.gov.uk/search/companies?q=Euromoney+Institutional+Investor+PLC,1620591751,16:22:31,20210509
54,2005-03-31,ERM.L,GBP,2005-03-31,2005-03-31,Q1,48708000.0,15880750.0,32827250.0,0.6739601297528127,0.0,0.0,1223500.0,156000.0,20375000.0,39038250.0,1045750.0,436250.0,10106000.0,0.2074813172374148,9669750.0,0.1985248829761025,0.0,8608500.0,0.17673688100517368,604250.0,7545250.0,0.1549078180175741,0.085475,0.08525,88277000,88508000,https://find-and-update.company-information.service.gov.uk/search/companies?q=Euromoney+Institutional+Investor+PLC,https://find-and-update.company-information.service.gov.uk/search/companies?q=Euromoney+Institutional+Investor+PLC,1620591751,16:22:31,20210509
55,2005-01-31,ERM.L,GBP,2005-01-31,2005-01-31,Q1,48708000.0,15880750.0,32827250.0,0.6739601297528127,0.0,0.0,1223500.0,156000.0,20375000.0,39038250.0,1045750.0,436250.0,10106000.0,0.2074813172374148,9669750.0,0.1985248829761025,0.0,8608500.0,0.17673688100517368,604250.0,7545250.0,0.1549078180175741,0.085475,0.08525,88277000,88508000,https://find-and-update.company-information.service.gov.uk/search/companies?q=Euromoney+Institutional+Investor+PLC,https://find-and-update.company-information.service.gov.uk/search/companies?q=Euromoney+Institutional+Investor+PLC,1620591751,16:22:31,20210509
56,2004-09-30,ERM.L,GBP,2004-09-30,2004-09-30,Q3,43663500.0,14497000.0,29166500.0,0.6679835560594088,0.0,0.0,0.0,552000.0,19973500.0,36017750.0,844000.0,490000.0,8135750.0,0.18632839786091357,7645750.0,0.17510620999232768,0.0,5122750.0,0.11732339368122116,974750.0,4003500.0,0.09168985537119104,0.04555,0.0454,87910000,88219000,https://find-and-update.company-information.service.gov.uk/search/companies?q=Euromoney+Institutional+Investor+PLC,https://find-and-update.company-information.service.gov.uk/search/companies?q=Euromoney+Institutional+Investor+PLC,1620591751,16:22:31,20210509
57,2004-06-30,ERM.L,GBP,2004-06-30,2004-06-30,Q2,43663500.0,14497000.0,29166500.0,0.6679835560594088,0.0,0.0,0.0,552000.0,19973500.0,36017750.0,844000.0,490000.0,8135750.0,0.18632839786091357,7645750.0,0.17510620999232768,0.0,5122750.0,0.11732339368122116,974750.0,4003500.0,0.09168985537119104,0.04555,0.0454,87910000,88219000,https://find-and-update.company-information.service.gov.uk/search/companies?q=Euromoney+Institutional+Investor+PLC,https://find-and-update.company-information.service.gov.uk/search/companies?q=Euromoney+Institutional+Investor+PLC,1620591751,16:22:31,20210509
58,2004-03-31,ERM.L,GBP,2004-03-31,2004-03-31,Q1,43663500.0,14497000.0,29166500.0,0.6679835560594088,0.0,0.0,0.0,552000.0,19973500.0,36017750.0,844000.0,490000.0,8135750.0,0.18632839786091357,7645750.0,0.17510620999232768,0.0,5122750.0,0.11732339368122116,974750.0,4003500.0,0.09168985537119104,0.04555,0.0454,87910000,88219000,https://find-and-update.company-information.service.gov.uk/search/companies?q=Euromoney+Institutional+Investor+PLC,https://find-and-update.company-information.service.gov.uk/search/companies?q=Euromoney+Institutional+Investor+PLC,1620591751,16:22:31,20210509
59,2004-01-31,ERM.L,GBP,2004-01-31,2004-01-31,Q1,43663500.0,14497000.0,29166500.0,0.6679835560594088,0.0,0.0,0.0,552000.0,19973500.0,36017750.0,844000.0,490000.0,8135750.0,0.18632839786091357,7645750.0,0.17510620999232768,0.0,5122750.0,0.11732339368122116,974750.0,4003500.0,0.09168985537119104,0.04555,0.0454,87910000,88219000,https://find-and-update.company-information.service.gov.uk/search/companies?q=Euromoney+Institutional+Investor+PLC,https://find-and-update.company-information.service.gov.uk/search/companies?q=Euromoney+Institutional+Investor+PLC,1620591751,16:22:31,20210509
60,2003-09-30,ERM.L,GBP,2003-09-30,2003-09-30,Q3,39735500.0,0.0,39735500.0,1.0,0.0,0.0,0.0,520500.0,32433250.0,33964000.0,1129500.0,555000.0,6326500.0,0.1592153112456116,5771500.0,0.14524795208314983,0.0,1849000.0,0.04653269746196726,775250.0,1017250.0,0.025600533527953592,0.0116,0.0116,97435000,97435000,https://find-and-update.company-information.service.gov.uk/search/companies?q=Euromoney+Institutional+Investor+PLC,https://find-and-update.company-information.service.gov.uk/search/companies?q=Euromoney+Institutional+Investor+PLC,1620591751,16:22:31,20210509
61,2003-06-30,ERM.L,GBP,2003-06-30,2003-06-30,Q2,39735500.0,0.0,39735500.0,1.0,0.0,0.0,0.0,520500.0,32433250.0,33964000.0,1129500.0,555000.0,6326500.0,0.1592153112456116,5771500.0,0.14524795208314983,0.0,1849000.0,0.04653269746196726,775250.0,1017250.0,0.025600533527953592,0.0116,0.0116,97435000,97435000,https://find-and-update.company-information.service.gov.uk/search/companies?q=Euromoney+Institutional+Investor+PLC,https://find-and-update.company-information.service.gov.uk/search/companies?q=Euromoney+Institutional+Investor+PLC,1620591751,16:22:31,20210509
62,2003-03-31,ERM.L,GBP,2003-03-31,2003-03-31,Q1,39735500.0,0.0,39735500.0,1.0,0.0,0.0,0.0,520500.0,32433250.0,33964000.0,1129500.0,555000.0,6326500.0,0.1592153112456116,5771500.0,0.14524795208314983,0.0,1849000.0,0.04653269746196726,775250.0,1017250.0,0.025600533527953592,0.0116,0.0116,97435000,97435000,https://find-and-update.company-information.service.gov.uk/search/companies?q=Euromoney+Institutional+Investor+PLC,https://find-and-update.company-information.service.gov.uk/search/companies?q=Euromoney+Institutional+Investor+PLC,1620591751,16:22:31,20210509
63,2003-01-31,ERM.L,GBP,2003-01-31,2003-01-31,Q1,39735500.0,0.0,39735500.0,1.0,0.0,0.0,0.0,520500.0,32433250.0,33964000.0,1129500.0,555000.0,6326500.0,0.1592153112456116,5771500.0,0.14524795208314983,0.0,1849000.0,0.04653269746196726,775250.0,1017250.0,0.025600533527953592,0.0116,0.0116,97435000,97435000,https://find-and-update.company-information.service.gov.uk/search/companies?q=Euromoney+Institutional+Investor+PLC,https://find-and-update.company-information.service.gov.uk/search/companies?q=Euromoney+Institutional+Investor+PLC,1620591751,16:22:31,20210509
64,2002-09-30,ERM.L,GBP,2002-09-30,2002-09-30,Q3,44933500.0,0.0,44933500.0,1.0,0.0,0.0,0.0,853250.0,35991750.0,38008000.0,1207000.0,706750.0,7632250.0,0.16985656581392503,6925500.0,0.15412776658840285,0.0,5161500.0,0.11486975196679537,-698250.0,5869250.0,0.13062080630264725,0.0669,0.0669,87793000,87793000,https://find-and-update.company-information.service.gov.uk/search/companies?q=Euromoney+Institutional+Investor+PLC,https://find-and-update.company-information.service.gov.uk/search/companies?q=Euromoney+Institutional+Investor+PLC,1620591751,16:22:31,20210509
65,2002-06-30,ERM.L,GBP,2002-06-30,2002-06-30,Q2,44933500.0,0.0,44933500.0,1.0,0.0,0.0,0.0,853250.0,35991750.0,38008000.0,1207000.0,706750.0,7632250.0,0.16985656581392503,6925500.0,0.15412776658840285,0.0,5161500.0,0.11486975196679537,-698250.0,5869250.0,0.13062080630264725,0.0669,0.0669,87793000,87793000,https://find-and-update.company-information.service.gov.uk/search/companies?q=Euromoney+Institutional+Investor+PLC,https://find-and-update.company-information.service.gov.uk/search/companies?q=Euromoney+Institutional+Investor+PLC,1620591751,16:22:31,20210509
66,2002-03-31,ERM.L,GBP,2002-03-31,2002-03-31,Q1,44933500.0,0.0,44933500.0,1.0,0.0,0.0,0.0,853250.0,35991750.0,38008000.0,1207000.0,706750.0,7632250.0,0.16985656581392503,6925500.0,0.15412776658840285,0.0,5161500.0,0.11486975196679537,-698250.0,5869250.0,0.13062080630264725,0.0669,0.0669,87793000,87793000,https://find-and-update.company-information.service.gov.uk/search/companies?q=Euromoney+Institutional+Investor+PLC,https://find-and-update.company-information.service.gov.uk/search/companies?q=Euromoney+Institutional+Investor+PLC,1620591751,16:22:31,20210509
67,2002-01-31,ERM.L,GBP,2002-01-31,2002-01-31,Q1,44933500.0,0.0,44933500.0,1.0,0.0,0.0,0.0,853250.0,35991750.0,38008000.0,1207000.0,706750.0,7632250.0,0.16985656581392503,6925500.0,0.15412776658840285,0.0,5161500.0,0.11486975196679537,-698250.0,5869250.0,0.13062080630264725,0.0669,0.0669,87793000,87793000,https://find-and-update.company-information.service.gov.uk/search/companies?q=Euromoney+Institutional+Investor+PLC,https://find-and-update.company-information.service.gov.uk/search/companies?q=Euromoney+Institutional+Investor+PLC,1620591751,16:22:31,20210509
68,2001-09-30,ERM.L,GBP,2001-09-30,2001-09-30,Q3,51195750.0,0.0,51195750.0,1.0,0.0,0.0,0.0,-1374500.0,40659750.0,42791750.0,1666250.0,792000.0,9196000.0,0.1796242852189879,8404000.0,0.16415425108529516,0.0,3417750.0,0.06675847116215701,1256250.0,2107250.0,0.04116064321745457,0.024,0.024,87757000,87757000,https://find-and-update.company-information.service.gov.uk/search/companies?q=Euromoney+Institutional+Investor+PLC,https://find-and-update.company-information.service.gov.uk/search/companies?q=Euromoney+Institutional+Investor+PLC,1620591751,16:22:31,20210509
69,2001-06-30,ERM.L,GBP,2001-06-30,2001-06-30,Q2,51195750.0,0.0,51195750.0,1.0,0.0,0.0,0.0,-1374500.0,40659750.0,42791750.0,1666250.0,792000.0,9196000.0,0.1796242852189879,8404000.0,0.16415425108529516,0.0,3417750.0,0.06675847116215701,1256250.0,2107250.0,0.04116064321745457,0.024,0.024,87757000,87757000,https://find-and-update.company-information.service.gov.uk/search/companies?q=Euromoney+Institutional+Investor+PLC,https://find-and-update.company-information.service.gov.uk/search/companies?q=Euromoney+Institutional+Investor+PLC,1620591751,16:22:31,20210509
70,2001-03-31,ERM.L,GBP,2001-03-31,2001-03-31,Q1,51195750.0,0.0,51195750.0,1.0,0.0,0.0,0.0,-1374500.0,40659750.0,42791750.0,1666250.0,792000.0,9196000.0,0.1796242852189879,8404000.0,0.16415425108529516,0.0,3417750.0,0.06675847116215701,1256250.0,2107250.0,0.04116064321745457,0.024,0.024,87757000,87757000,https://find-and-update.company-information.service.gov.uk/search/companies?q=Euromoney+Institutional+Investor+PLC,https://find-and-update.company-information.service.gov.uk/search/companies?q=Euromoney+Institutional+Investor+PLC,1620591751,16:22:31,20210509
71,2001-01-31,ERM.L,GBP,2001-01-31,2001-01-31,Q1,51195750.0,0.0,51195750.0,1.0,0.0,0.0,0.0,-1374500.0,40659750.0,42791750.0,1666250.0,792000.0,9196000.0,0.1796242852189879,8404000.0,0.16415425108529516,0.0,3417750.0,0.06675847116215701,1256250.0,2107250.0,0.04116064321745457,0.024,0.024,87757000,87757000,https://find-and-update.company-information.service.gov.uk/search/companies?q=Euromoney+Institutional+Investor+PLC,https://find-and-update.company-information.service.gov.uk/search/companies?q=Euromoney+Institutional+Investor+PLC,1620591751,16:22:31,20210509
72,2000-09-30,ERM.L,GBP,2000-09-30,2000-09-30,Q3,48030500.0,0.0,48030500.0,1.0,0.0,0.0,0.0,-168500.0,37822750.0,39750250.0,1527750.0,776000.0,9056250.0,0.18855206587480872,8280250.0,0.1723956652543696,0.0,5650750.0,0.11764920206951833,1804500.0,3571250.0,0.07435379602544216,0.041,0.0405,87645000,88403000,https://find-and-update.company-information.service.gov.uk/search/companies?q=Euromoney+Institutional+Investor+PLC,https://find-and-update.company-information.service.gov.uk/search/companies?q=Euromoney+Institutional+Investor+PLC,1620591751,16:22:31,20210509
73,2000-06-30,ERM.L,GBP,2000-06-30,2000-06-30,Q2,48030500.0,0.0,48030500.0,1.0,0.0,0.0,0.0,-168500.0,37822750.0,39750250.0,1527750.0,776000.0,9056250.0,0.18855206587480872,8280250.0,0.1723956652543696,0.0,5650750.0,0.11764920206951833,1804500.0,3571250.0,0.07435379602544216,0.041,0.0405,87645000,88403000,https://find-and-update.company-information.service.gov.uk/search/companies?q=Euromoney+Institutional+Investor+PLC,https://find-and-update.company-information.service.gov.uk/search/companies?q=Euromoney+Institutional+Investor+PLC,1620591751,16:22:31,20210509
74,2000-03-31,ERM.L,GBP,2000-03-31,2000-03-31,Q1,48030500.0,0.0,48030500.0,1.0,0.0,0.0,0.0,-168500.0,37822750.0,39750250.0,1527750.0,776000.0,9056250.0,0.18855206587480872,8280250.0,0.1723956652543696,0.0,5650750.0,0.11764920206951833,1804500.0,3571250.0,0.07435379602544216,0.041,0.0405,87645000,88403000,https://find-and-update.company-information.service.gov.uk/search/companies?q=Euromoney+Institutional+Investor+PLC,https://find-and-update.company-information.service.gov.uk/search/companies?q=Euromoney+Institutional+Investor+PLC,1620591751,16:22:31,20210509
75,2000-01-31,ERM.L,GBP,2000-01-31,2000-01-31,Q1,48030500.0,0.0,48030500.0,1.0,0.0,0.0,0.0,-168500.0,37822750.0,39750250.0,1527750.0,776000.0,9056250.0,0.18855206587480872,8280250.0,0.1723956652543696,0.0,5650750.0,0.11764920206951833,1804500.0,3571250.0,0.07435379602544216,0.041,0.0405,87645000,88403000,https://find-and-update.company-information.service.gov.uk/search/companies?q=Euromoney+Institutional+Investor+PLC,https://find-and-update.company-information.service.gov.uk/search/companies?q=Euromoney+Institutional+Investor+PLC,1620591751,16:22:31,20210509
76,1999-09-30,ERM.L,GBP,1999-09-30,1999-09-30,Q3,42060750.0,0.0,42060750.0,1.0,0.0,0.0,0.0,180250.0,33155500.0,35108000.0,1284250.0,774250.0,7727000.0,0.18371046640870645,6952750.0,0.1653025683089341,0.0,5642250.0,0.13414525418590967,1796000.0,3765750.0,0.08953121378006812,0.0434375,0.0433125,87344000,87712000,https://find-and-update.company-information.service.gov.uk/search/companies?q=Euromoney+Institutional+Investor+PLC,https://find-and-update.company-information.service.gov.uk/search/companies?q=Euromoney+Institutional+Investor+PLC,1620591751,16:22:31,20210509
77,1999-06-30,ERM.L,GBP,1999-06-30,1999-06-30,Q2,42060750.0,0.0,42060750.0,1.0,0.0,0.0,0.0,180250.0,33155500.0,35108000.0,1284250.0,774250.0,7727000.0,0.18371046640870645,6952750.0,0.1653025683089341,0.0,5642250.0,0.13414525418590967,1796000.0,3765750.0,0.08953121378006812,0.0434375,0.0433125,87344000,87712000,https://find-and-update.company-information.service.gov.uk/search/companies?q=Euromoney+Institutional+Investor+PLC,https://find-and-update.company-information.service.gov.uk/search/companies?q=Euromoney+Institutional+Investor+PLC,1620591751,16:22:31,20210509
78,1999-03-31,ERM.L,GBP,1999-03-31,1999-03-31,Q1,42060750.0,0.0,42060750.0,1.0,0.0,0.0,0.0,180250.0,33155500.0,35108000.0,1284250.0,774250.0,7727000.0,0.18371046640870645,6952750.0,0.1653025683089341,0.0,5642250.0,0.13414525418590967,1796000.0,3765750.0,0.08953121378006812,0.0434375,0.0433125,87344000,87712000,https://find-and-update.company-information.service.gov.uk/search/companies?q=Euromoney+Institutional+Investor+PLC,https://find-and-update.company-information.service.gov.uk/search/companies?q=Euromoney+Institutional+Investor+PLC,1620591751,16:22:31,20210509
79,1999-01-31,ERM.L,GBP,1999-01-31,1999-01-31,Q1,42060750.0,0.0,42060750.0,1.0,0.0,0.0,0.0,180250.0,33155500.0,35108000.0,1284250.0,774250.0,7727000.0,0.18371046640870645,6952750.0,0.1653025683089341,0.0,5642250.0,0.13414525418590967,1796000.0,3765750.0,0.08953121378006812,0.0434375,0.0433125,87344000,87712000,https://find-and-update.company-information.service.gov.uk/search/companies?q=Euromoney+Institutional+Investor+PLC,https://find-and-update.company-information.service.gov.uk/search/companies?q=Euromoney+Institutional+Investor+PLC,1620591751,16:22:31,20210509
80,1998-09-30,ERM.L,GBP,1998-09-30,1998-09-30,Q3,44232500.0,0.0,44232500.0,1.0,0.0,0.0,0.0,119500.0,33673250.0,35514750.0,1326250.0,662000.0,9379750.0,0.2120556152150568,8717750.0,0.19708924433391736,0.0,8021250.0,0.18134290397332278,2085500.0,5637250.0,0.12744588255242187,0.0653125,0.0650625,86932000,87176000,https://find-and-update.company-information.service.gov.uk/search/companies?q=Euromoney+Institutional+Investor+PLC,https://find-and-update.company-information.service.gov.uk/search/companies?q=Euromoney+Institutional+Investor+PLC,1620591751,16:22:31,20210509
81,1998-06-30,ERM.L,GBP,1998-06-30,1998-06-30,Q2,44232500.0,0.0,44232500.0,1.0,0.0,0.0,0.0,119500.0,33673250.0,35514750.0,1326250.0,662000.0,9379750.0,0.2120556152150568,8717750.0,0.19708924433391736,0.0,8021250.0,0.18134290397332278,2085500.0,5637250.0,0.12744588255242187,0.0653125,0.0650625,86932000,87176000,https://find-and-update.company-information.service.gov.uk/search/companies?q=Euromoney+Institutional+Investor+PLC,https://find-and-update.company-information.service.gov.uk/search/companies?q=Euromoney+Institutional+Investor+PLC,1620591751,16:22:31,20210509
82,1998-03-31,ERM.L,GBP,1998-03-31,1998-03-31,Q1,44232500.0,0.0,44232500.0,1.0,0.0,0.0,0.0,119500.0,33673250.0,35514750.0,1326250.0,662000.0,9379750.0,0.2120556152150568,8717750.0,0.19708924433391736,0.0,8021250.0,0.18134290397332278,2085500.0,5637250.0,0.12744588255242187,0.0653125,0.0650625,86932000,87176000,https://find-and-update.company-information.service.gov.uk/search/companies?q=Euromoney+Institutional+Investor+PLC,https://find-and-update.company-information.service.gov.uk/search/companies?q=Euromoney+Institutional+Investor+PLC,1620591751,16:22:31,20210509
83,1998-01-31,ERM.L,GBP,1998-01-31,1998-01-31,Q1,44232500.0,0.0,44232500.0,1.0,0.0,0.0,0.0,119500.0,33673250.0,35514750.0,1326250.0,662000.0,9379750.0,0.2120556152150568,8717750.0,0.19708924433391736,0.0,8021250.0,0.18134290397332278,2085500.0,5637250.0,0.12744588255242187,0.0653125,0.0650625,86932000,87176000,https://find-and-update.company-information.service.gov.uk/search/companies?q=Euromoney+Institutional+Investor+PLC,https://find-and-update.company-information.service.gov.uk/search/companies?q=Euromoney+Institutional+Investor+PLC,1620591751,16:22:31,20210509
84,1997-09-30,ERM.L,GBP,1997-09-30,1997-09-30,Q3,32762500.0,0.0,0.0,0.0,0.0,0.0,0.0,0.0,24584750.0,25220000.0,208000.0,337500.0,7880000.0,0.24051888592140405,7542500.0,0.23021747424647082,0.0,7584500.0,0.2314994276993514,2296250.0,4824000.0,0.14724151087371232,0.0564375,0.0564375,85520000,85520000,https://find-and-update.company-information.service.gov.uk/search/companies?q=Euromoney+Institutional+Investor+PLC,https://find-and-update.company-information.service.gov.uk/search/companies?q=Euromoney+Institutional+Investor+PLC,1620591751,16:22:31,20210509
85,1997-06-30,ERM.L,GBP,1997-06-30,1997-06-30,Q2,32762500.0,0.0,0.0,0.0,0.0,0.0,0.0,0.0,24584750.0,25220000.0,208000.0,337500.0,7880000.0,0.24051888592140405,7542500.0,0.23021747424647082,0.0,7584500.0,0.2314994276993514,2296250.0,4824000.0,0.14724151087371232,0.0564375,0.0564375,85520000,85520000,https://find-and-update.company-information.service.gov.uk/search/companies?q=Euromoney+Institutional+Investor+PLC,https://find-and-update.company-information.service.gov.uk/search/companies?q=Euromoney+Institutional+Investor+PLC,1620591751,16:22:31,20210509
86,1997-03-31,ERM.L,GBP,1997-03-31,1997-03-31,Q1,32762500.0,0.0,0.0,0.0,0.0,0.0,0.0,0.0,24584750.0,25220000.0,208000.0,337500.0,7880000.0,0.24051888592140405,7542500.0,0.23021747424647082,0.0,7584500.0,0.2314994276993514,2296250.0,4824000.0,0.14724151087371232,0.0564375,0.0564375,85520000,85520000,https://find-and-update.company-information.service.gov.uk/search/companies?q=Euromoney+Institutional+Investor+PLC,https://find-and-update.company-information.service.gov.uk/search/companies?q=Euromoney+Institutional+Investor+PLC,1620591751,16:22:31,20210509
87,1997-01-31,ERM.L,GBP,1997-01-31,1997-01-31,Q1,32762500.0,0.0,0.0,0.0,0.0,0.0,0.0,0.0,24584750.0,25220000.0,208000.0,337500.0,7880000.0,0.24051888592140405,7542500.0,0.23021747424647082,0.0,7584500.0,0.2314994276993514,2296250.0,4824000.0,0.14724151087371232,0.0564375,0.0564375,85520000,85520000,https://find-and-update.company-information.service.gov.uk/search/companies?q=Euromoney+Institutional+Investor+PLC,https://find-and-update.company-information.service.gov.uk/search/companies?q=Euromoney+Institutional+Investor+PLC,1620591751,16:22:31,20210509
88,1996-09-30,ERM.L,GBP,1996-09-30,1996-09-30,Q3,26070750.0,0.0,26070750.0,1.0,0.0,0.0,0.0,340000.0,18339250.0,20878750.0,27000.0,224250.0,5416250.0,0.20775198258584812,5192000.0,0.19915038884573708,0.0,6376000.0,0.24456526950701457,2053250.0,4165750.0,0.15978635060364585,0.0474375,0.0474375,87784000,87784000,https://find-and-update.company-information.service.gov.uk/search/companies?q=Euromoney+Institutional+Investor+PLC,https://find-and-update.company-information.service.gov.uk/search/companies?q=Euromoney+Institutional+Investor+PLC,1620591751,16:22:31,20210509
89,1996-06-30,ERM.L,GBP,1996-06-30,1996-06-30,Q2,26070750.0,0.0,26070750.0,1.0,0.0,0.0,0.0,340000.0,18339250.0,20878750.0,27000.0,224250.0,5416250.0,0.20775198258584812,5192000.0,0.19915038884573708,0.0,6376000.0,0.24456526950701457,2053250.0,4165750.0,0.15978635060364585,0.0474375,0.0474375,87784000,87784000,https://find-and-update.company-information.service.gov.uk/search/companies?q=Euromoney+Institutional+Investor+PLC,https://find-and-update.company-information.service.gov.uk/search/companies?q=Euromoney+Institutional+Investor+PLC,1620591751,16:22:31,20210509
90,1996-03-31,ERM.L,GBP,1996-03-31,1996-03-31,Q1,26070750.0,0.0,26070750.0,1.0,0.0,0.0,0.0,340000.0,18339250.0,20878750.0,27000.0,224250.0,5416250.0,0.20775198258584812,5192000.0,0.19915038884573708,0.0,6376000.0,0.24456526950701457,2053250.0,4165750.0,0.15978635060364585,0.0474375,0.0474375,87784000,87784000,https://find-and-update.company-information.service.gov.uk/search/companies?q=Euromoney+Institutional+Investor+PLC,https://find-and-update.company-information.service.gov.uk/search/companies?q=Euromoney+Institutional+Investor+PLC,1620591751,16:22:31,20210509
91,1996-01-31,ERM.L,GBP,1996-01-31,1996-01-31,Q1,26070750.0,0.0,26070750.0,1.0,0.0,0.0,0.0,340000.0,18339250.0,20878750.0,27000.0,224250.0,5416250.0,0.20775198258584812,5192000.0,0.19915038884573708,0.0,6376000.0,0.24456526950701457,2053250.0,4165750.0,0.15978635060364585,0.0474375,0.0474375,87784000,87784000,https://find-and-update.company-information.service.gov.uk/search/companies?q=Euromoney+Institutional+Investor+PLC,https://find-and-update.company-information.service.gov.uk/search/companies?q=Euromoney+Institutional+Investor+PLC,1620591751,16:22:31,20210509
92,1995-09-30,ERM.L,GBP,1995-09-30,1995-09-30,Q3,29056500.0,0.0,29056500.0,1.0,0.0,0.0,0.0,0.0,24892750.0,25222750.0,11750.0,244750.0,4078500.0,0.14036446234061226,3833750.0,0.13194121797188238,0.0,4554500.0,0.1567463390291329,1701500.0,2749250.0,0.09461738337377179,0.0311875,0.0311875,88204000,88204000,https://find-and-update.company-information.service.gov.uk/search/companies?q=Euromoney+Institutional+Investor+PLC,https://find-and-update.company-information.service.gov.uk/search/companies?q=Euromoney+Institutional+Investor+PLC,1620591751,16:22:31,20210509
93,1995-06-30,ERM.L,GBP,1995-06-30,1995-06-30,Q2,29056500.0,0.0,29056500.0,1.0,0.0,0.0,0.0,0.0,24892750.0,25222750.0,11750.0,244750.0,4078500.0,0.14036446234061226,3833750.0,0.13194121797188238,0.0,4554500.0,0.1567463390291329,1701500.0,2749250.0,0.09461738337377179,0.0311875,0.0311875,88204000,88204000,https://find-and-update.company-information.service.gov.uk/search/companies?q=Euromoney+Institutional+Investor+PLC,https://find-and-update.company-information.service.gov.uk/search/companies?q=Euromoney+Institutional+Investor+PLC,1620591751,16:22:31,20210509
94,1995-03-31,ERM.L,GBP,1995-03-31,1995-03-31,Q1,29056500.0,0.0,29056500.0,1.0,0.0,0.0,0.0,0.0,24892750.0,25222750.0,11750.0,244750.0,4078500.0,0.14036446234061226,3833750.0,0.13194121797188238,0.0,4554500.0,0.1567463390291329,1701500.0,2749250.0,0.09461738337377179,0.0311875,0.0311875,88204000,88204000,https://find-and-update.company-information.service.gov.uk/search/companies?q=Euromoney+Institutional+Investor+PLC,https://find-and-update.company-information.service.gov.uk/search/companies?q=Euromoney+Institutional+Investor+PLC,1620591751,16:22:31,20210509
95,1995-01-31,ERM.L,GBP,1995-01-31,1995-01-31,Q1,29056500.0,0.0,29056500.0,1.0,0.0,0.0,0.0,0.0,24892750.0,25222750.0,11750.0,244750.0,4078500.0,0.14036446234061226,3833750.0,0.13194121797188238,0.0,4554500.0,0.1567463390291329,1701500.0,2749250.0,0.09461738337377179,0.0311875,0.0311875,88204000,88204000,https://find-and-update.company-information.service.gov.uk/search/companies?q=Euromoney+Institutional+Investor+PLC,https://find-and-update.company-information.service.gov.uk/search/companies?q=Euromoney+Institutional+Investor+PLC,1620591751,16:22:31,20210509
96,1994-09-30,ERM.L,GBP,1994-09-30,1994-09-30,Q3,22462750.0,0.0,22462750.0,1.0,0.0,0.0,0.0,0.0,16971000.0,17147500.0,9250.0,176500.0,5491750.0,0.24448253219218483,5315250.0,0.23662507929794882,0.0,6010750.0,0.2675874503344426,2007000.0,3653000.0,0.1626247899299952,0.043375,0.043375,84244000,84244000,https://find-and-update.company-information.service.gov.uk/search/companies?q=Euromoney+Institutional+Investor+PLC,https://find-and-update.company-information.service.gov.uk/search/companies?q=Euromoney+Institutional+Investor+PLC,1620591751,16:22:31,20210509
97,1994-06-30,ERM.L,GBP,1994-06-30,1994-06-30,Q2,22462750.0,0.0,22462750.0,1.0,0.0,0.0,0.0,0.0,16971000.0,17147500.0,9250.0,176500.0,5491750.0,0.24448253219218483,5315250.0,0.23662507929794882,0.0,6010750.0,0.2675874503344426,2007000.0,3653000.0,0.1626247899299952,0.043375,0.043375,84244000,84244000,https://find-and-update.company-information.service.gov.uk/search/companies?q=Euromoney+Institutional+Investor+PLC,https://find-and-update.company-information.service.gov.uk/search/companies?q=Euromoney+Institutional+Investor+PLC,1620591751,16:22:31,20210509
98,1994-03-31,ERM.L,GBP,1994-03-31,1994-03-31,Q1,22462750.0,0.0,22462750.0,1.0,0.0,0.0,0.0,0.0,16971000.0,17147500.0,9250.0,176500.0,5491750.0,0.24448253219218483,5315250.0,0.23662507929794882,0.0,6010750.0,0.2675874503344426,2007000.0,3653000.0,0.1626247899299952,0.043375,0.043375,84244000,84244000,https://find-and-update.company-information.service.gov.uk/search/companies?q=Euromoney+Institutional+Investor+PLC,https://find-and-update.company-information.service.gov.uk/search/companies?q=Euromoney+Institutional+Investor+PLC,1620591751,16:22:31,20210509
99,1994-01-31,ERM.L,GBP,1994-01-31,1994-01-31,Q1,22462750.0,0.0,22462750.0,1.0,0.0,0.0,0.0,0.0,16971000.0,17147500.0,9250.0,176500.0,5491750.0,0.24448253219218483,5315250.0,0.23662507929794882,0.0,6010750.0,0.2675874503344426,2007000.0,3653000.0,0.1626247899299952,0.043375,0.043375,84244000,84244000,https://find-and-update.company-information.service.gov.uk/search/companies?q=Euromoney+Institutional+Investor+PLC,https://find-and-update.company-information.service.gov.uk/search/companies?q=Euromoney+Institutional+Investor+PLC,1620591751,16:22:31,20210509
100,1993-09-30,ERM.L,GBP,1993-09-30,1993-09-30,Q3,13435250.0,0.0,13435250.0,1.0,0.0,0.0,0.0,0.0,9678000.0,9817500.0,12000.0,133500.0,3751250.0,0.27920954206285703,3617750.0,0.2692729945479243,0.0,4415750.0,0.32866898643493797,1343500.0,2915500.0,0.21700377737667703,0.0355,0.0355,82068000,82068000,https://find-and-update.company-information.service.gov.uk/search/companies?q=Euromoney+Institutional+Investor+PLC,https://find-and-update.company-information.service.gov.uk/search/companies?q=Euromoney+Institutional+Investor+PLC,1620591751,16:22:31,20210509
101,1993-06-30,ERM.L,GBP,1993-06-30,1993-06-30,Q2,13435250.0,0.0,13435250.0,1.0,0.0,0.0,0.0,0.0,9678000.0,9817500.0,12000.0,133500.0,3751250.0,0.27920954206285703,3617750.0,0.2692729945479243,0.0,4415750.0,0.32866898643493797,1343500.0,2915500.0,0.21700377737667703,0.0355,0.0355,82068000,82068000,https://find-and-update.company-information.service.gov.uk/search/companies?q=Euromoney+Institutional+Investor+PLC,https://find-and-update.company-information.service.gov.uk/search/companies?q=Euromoney+Institutional+Investor+PLC,1620591751,16:22:31,20210509
102,1993-03-31,ERM.L,GBP,1993-03-31,1993-03-31,Q1,13435250.0,0.0,13435250.0,1.0,0.0,0.0,0.0,0.0,9678000.0,9817500.0,12000.0,133500.0,3751250.0,0.27920954206285703,3617750.0,0.2692729945479243,0.0,4415750.0,0.32866898643493797,1343500.0,2915500.0,0.21700377737667703,0.0355,0.0355,82068000,82068000,https://find-and-update.company-information.service.gov.uk/search/companies?q=Euromoney+Institutional+Investor+PLC,https://find-and-update.company-information.service.gov.uk/search/companies?q=Euromoney+Institutional+Investor+PLC,1620591751,16:22:31,20210509
103,1993-01-31,ERM.L,GBP,1993-01-31,1993-01-31,Q1,13435250.0,0.0,13435250.0,1.0,0.0,0.0,0.0,0.0,9678000.0,9817500.0,12000.0,133500.0,3751250.0,0.27920954206285703,3617750.0,0.2692729945479243,0.0,4415750.0,0.32866898643493797,1343500.0,2915500.0,0.21700377737667703,0.0355,0.0355,82068000,82068000,https://find-and-update.company-information.service.gov.uk/search/companies?q=Euromoney+Institutional+Investor+PLC,https://find-and-update.company-information.service.gov.uk/search/companies?q=Euromoney+Institutional+Investor+PLC,1620591751,16:22:31,20210509
104,1992-09-30,ERM.L,GBP,1992-09-30,1992-09-30,Q3,11216750.0,0.0,11216750.0,1.0,0.0,0.0,0.0,0.0,8179750.0,8324750.0,19250.0,139500.0,3031500.0,0.27026545122250206,2892000.0,0.2578286936946977,0.0,3456750.0,0.3081775023959703,1047500.0,2267750.0,0.20217531816256937,0.02775,0.02775,81704000,81704000,https://find-and-update.company-information.service.gov.uk/search/companies?q=Euromoney+Institutional+Investor+PLC,https://find-and-update.company-information.service.gov.uk/search/companies?q=Euromoney+Institutional+Investor+PLC,1620591751,16:22:31,20210509
105,1992-06-30,ERM.L,GBP,1992-06-30,1992-06-30,Q2,11216750.0,0.0,11216750.0,1.0,0.0,0.0,0.0,0.0,8179750.0,8324750.0,19250.0,139500.0,3031500.0,0.27026545122250206,2892000.0,0.2578286936946977,0.0,3456750.0,0.3081775023959703,1047500.0,2267750.0,0.20217531816256937,0.02775,0.02775,81704000,81704000,https://find-and-update.company-information.service.gov.uk/search/companies?q=Euromoney+Institutional+Investor+PLC,https://find-and-update.company-information.service.gov.uk/search/companies?q=Euromoney+Institutional+Investor+PLC,1620591751,16:22:31,20210509
106,1992-03-31,ERM.L,GBP,1992-03-31,1992-03-31,Q1,11216750.0,0.0,11216750.0,1.0,0.0,0.0,0.0,0.0,8179750.0,8324750.0,19250.0,139500.0,3031500.0,0.27026545122250206,2892000.0,0.2578286936946977,0.0,3456750.0,0.3081775023959703,1047500.0,2267750.0,0.20217531816256937,0.02775,0.02775,81704000,81704000,https://find-and-update.company-information.service.gov.uk/search/companies?q=Euromoney+Institutional+Investor+PLC,https://find-and-update.company-information.service.gov.uk/search/companies?q=Euromoney+Institutional+Investor+PLC,1620591751,16:22:31,20210509
107,1992-01-31,ERM.L,GBP,1992-01-31,1992-01-31,Q1,11216750.0,0.0,11216750.0,1.0,0.0,0.0,0.0,0.0,8179750.0,8324750.0,19250.0,139500.0,3031500.0,0.27026545122250206,2892000.0,0.2578286936946977,0.0,3456750.0,0.3081775023959703,1047500.0,2267750.0,0.20217531816256937,0.02775,0.02775,81704000,81704000,https://find-and-update.company-information.service.gov.uk/search/companies?q=Euromoney+Institutional+Investor+PLC,https://find-and-update.company-information.service.gov.uk/search/companies?q=Euromoney+Institutional+Investor+PLC,1620591751,16:22:31,20210509
108,1991-09-30,ERM.L,GBP,1991-09-30,1991-09-30,Q3,8919500.0,0.0,8919500.0,1.0,0.0,0.0,0.0,0.0,6836750.0,6958250.0,4500.0,116000.0,2077250.0,0.23288861483266998,1961250.0,0.21988340153596053,0.0,2567000.0,0.28779640114356186,839750.0,1683500.0,0.1887437636638825,0.02089425,0.02089425,80572000,80572000,https://find-and-update.company-information.service.gov.uk/search/companies?q=Euromoney+Institutional+Investor+PLC,https://find-and-update.company-information.service.gov.uk/search/companies?q=Euromoney+Institutional+Investor+PLC,1620591751,16:22:31,20210509
109,1991-06-30,ERM.L,GBP,1991-06-30,1991-06-30,Q2,8919500.0,0.0,8919500.0,1.0,0.0,0.0,0.0,0.0,6836750.0,6958250.0,4500.0,116000.0,2077250.0,0.23288861483266998,1961250.0,0.21988340153596053,0.0,2567000.0,0.28779640114356186,839750.0,1683500.0,0.1887437636638825,0.02089425,0.02089425,80572000,80572000,https://find-and-update.company-information.service.gov.uk/search/companies?q=Euromoney+Institutional+Investor+PLC,https://find-and-update.company-information.service.gov.uk/search/companies?q=Euromoney+Institutional+Investor+PLC,1620591751,16:22:31,20210509
110,1991-03-31,ERM.L,GBP,1991-03-31,1991-03-31,Q1,8919500.0,0.0,8919500.0,1.0,0.0,0.0,0.0,0.0,6836750.0,6958250.0,4500.0,116000.0,2077250.0,0.23288861483266998,1961250.0,0.21988340153596053,0.0,2567000.0,0.28779640114356186,839750.0,1683500.0,0.1887437636638825,0.02089425,0.02089425,80572000,80572000,https://find-and-update.company-information.service.gov.uk/search/companies?q=Euromoney+Institutional+Investor+PLC,https://find-and-update.company-information.service.gov.uk/search/companies?q=Euromoney+Institutional+Investor+PLC,1620591751,16:22:31,20210509
111,1991-01-31,ERM.L,GBP,1991-01-31,1991-01-31,Q1,8919500.0,0.0,8919500.0,1.0,0.0,0.0,0.0,0.0,6836750.0,6958250.0,4500.0,116000.0,2077250.0,0.23288861483266998,1961250.0,0.21988340153596053,0.0,2567000.0,0.28779640114356186,839750.0,1683500.0,0.1887437636638825,0.02089425,0.02089425,80572000,80572000,https://find-and-update.company-information.service.gov.uk/search/companies?q=Euromoney+Institutional+Investor+PLC,https://find-and-update.company-information.service.gov.uk/search/companies?q=Euromoney+Institutional+Investor+PLC,1620591751,16:22:31,20210509
112,1990-09-30,ERM.L,GBP,1990-09-30,1990-09-30,Q3,8408250.0,0.0,8408250.0,1.0,0.0,0.0,0.0,1599000.0,8289500.0,8408250.0,16750.0,118750.0,2340250.0,3.5928853754940713,0.0,0.0,0.0,2204750.0,0.2622127077572622,784750.0,1371750.0,0.16314334136116315,0.017031,0.017031,80544000,80544000,https://find-and-update.company-information.service.gov.uk/search/companies?q=Euromoney+Institutional+Investor+PLC,https://find-and-update.company-information.service.gov.uk/search/companies?q=Euromoney+Institutional+Investor+PLC,1620591751,16:22:31,20210509
113,1990-06-30,ERM.L,GBP,1990-06-30,1990-06-30,Q2,8408250.0,0.0,8408250.0,1.0,0.0,0.0,0.0,1599000.0,8289500.0,8408250.0,16750.0,118750.0,2340250.0,3.5928853754940713,0.0,0.0,0.0,2204750.0,0.2622127077572622,784750.0,1371750.0,0.16314334136116315,0.017031,0.017031,80544000,80544000,https://find-and-update.company-information.service.gov.uk/search/companies?q=Euromoney+Institutional+Investor+PLC,https://find-and-update.company-information.service.gov.uk/search/companies?q=Euromoney+Institutional+Investor+PLC,1620591751,16:22:31,20210509
114,1990-03-31,ERM.L,GBP,1990-03-31,1990-03-31,Q1,8408250.0,0.0,8408250.0,1.0,0.0,0.0,0.0,1599000.0,8289500.0,8408250.0,16750.0,118750.0,2340250.0,3.5928853754940713,0.0,0.0,0.0,2204750.0,0.2622127077572622,784750.0,1371750.0,0.16314334136116315,0.017031,0.017031,80544000,80544000,https://find-and-update.company-information.service.gov.uk/search/companies?q=Euromoney+Institutional+Investor+PLC,https://find-and-update.company-information.service.gov.uk/search/companies?q=Euromoney+Institutional+Investor+PLC,1620591751,16:22:31,20210509
115,1990-01-31,ERM.L,GBP,1990-01-31,1990-01-31,Q1,8408250.0,0.0,8408250.0,1.0,0.0,0.0,0.0,1599000.0,8289500.0,8408250.0,16750.0,118750.0,2340250.0,3.5928853754940713,0.0,0.0,0.0,2204750.0,0.2622127077572622,784750.0,1371750.0,0.16314334136116315,0.017031,0.017031,80544000,80544000,https://find-and-update.company-information.service.gov.uk/search/companies?q=Euromoney+Institutional+Investor+PLC,https://find-and-update.company-information.service.gov.uk/search/companies?q=Euromoney+Institutional+Investor+PLC,1620591751,16:22:31,20210509
116,1989-09-30,ERM.L,GBP,1989-09-30,1989-09-30,Q3,6739750.0,0.0,6739750.0,1.0,0.0,0.0,0.0,1324000.0,6640750.0,6739750.0,0.0,99000.0,99000.0,68.07828282828282,0.0,0.0,0.0,1863250.0,0.2764568418709893,654750.0,1208500.0,0.1793093215623725,0.01501925,0.01501925,80464000,80464000,https://find-and-update.company-information.service.gov.uk/search/companies?q=Euromoney+Institutional+Investor+PLC,https://find-and-update.company-information.service.gov.uk/search/companies?q=Euromoney+Institutional+Investor+PLC,1620591751,16:22:31,20210509
117,1989-06-30,ERM.L,GBP,1989-06-30,1989-06-30,Q2,6739750.0,0.0,6739750.0,1.0,0.0,0.0,0.0,1324000.0,6640750.0,6739750.0,0.0,99000.0,99000.0,68.07828282828282,0.0,0.0,0.0,1863250.0,0.2764568418709893,654750.0,1208500.0,0.1793093215623725,0.01501925,0.01501925,80464000,80464000,https://find-and-update.company-information.service.gov.uk/search/companies?q=Euromoney+Institutional+Investor+PLC,https://find-and-update.company-information.service.gov.uk/search/companies?q=Euromoney+Institutional+Investor+PLC,1620591751,16:22:31,20210509
118,1989-03-31,ERM.L,GBP,1989-03-31,1989-03-31,Q1,6739750.0,0.0,6739750.0,1.0,0.0,0.0,0.0,1324000.0,6640750.0,6739750.0,0.0,99000.0,99000.0,68.07828282828282,0.0,0.0,0.0,1863250.0,0.2764568418709893,654750.0,1208500.0,0.1793093215623725,0.01501925,0.01501925,80464000,80464000,https://find-and-update.company-information.service.gov.uk/search/companies?q=Euromoney+Institutional+Investor+PLC,https://find-and-update.company-information.service.gov.uk/search/companies?q=Euromoney+Institutional+Investor+PLC,1620591751,16:22:31,20210509
119,1989-01-31,ERM.L,GBP,1989-01-31,1989-01-31,Q1,6739750.0,0.0,6739750.0,1.0,0.0,0.0,0.0,1324000.0,6640750.0,6739750.0,0.0,99000.0,99000.0,68.07828282828282,0.0,0.0,0.0,1863250.0,0.2764568418709893,654750.0,1208500.0,0.1793093215623725,0.01501925,0.01501925,80464000,80464000,https://find-and-update.company-information.service.gov.uk/search/companies?q=Euromoney+Institutional+Investor+PLC,https://find-and-update.company-information.service.gov.uk/search/companies?q=Euromoney+Institutional+Investor+PLC,1620591751,16:22:31,20210509
120,1988-09-30,ERM.L,GBP,1988-09-30,1988-09-30,Q3,7092250.0,0.0,7092250.0,1.0,0.0,0.0,0.0,1321500.0,6999000.0,7092250.0,0.0,93250.0,93250.0,76.05630026809652,0.0,0.0,0.0,1663750.0,0.23458704924389298,589500.0,1074250.0,0.15146815185589904,0.01336125,0.01336125,80400000,80400000,https://find-and-update.company-information.service.gov.uk/search/companies?q=Euromoney+Institutional+Investor+PLC,https://find-and-update.company-information.service.gov.uk/search/companies?q=Euromoney+Institutional+Investor+PLC,1620591751,16:22:31,20210509
121,1988-06-30,ERM.L,GBP,1988-06-30,1988-06-30,Q2,7092250.0,0.0,7092250.0,1.0,0.0,0.0,0.0,1321500.0,6999000.0,7092250.0,0.0,93250.0,93250.0,76.05630026809652,0.0,0.0,0.0,1663750.0,0.23458704924389298,589500.0,1074250.0,0.15146815185589904,0.01336125,0.01336125,80400000,80400000,https://find-and-update.company-information.service.gov.uk/search/companies?q=Euromoney+Institutional+Investor+PLC,https://find-and-update.company-information.service.gov.uk/search/companies?q=Euromoney+Institutional+Investor+PLC,1620591751,16:22:31,20210509
122,1988-03-31,ERM.L,GBP,1988-03-31,1988-03-31,Q1,7092250.0,0.0,7092250.0,1.0,0.0,0.0,0.0,1321500.0,6999000.0,7092250.0,0.0,93250.0,93250.0,76.05630026809652,0.0,0.0,0.0,1663750.0,0.23458704924389298,589500.0,1074250.0,0.15146815185589904,0.01336125,0.01336125,80400000,80400000,https://find-and-update.company-information.service.gov.uk/search/companies?q=Euromoney+Institutional+Investor+PLC,https://find-and-update.company-information.service.gov.uk/search/companies?q=Euromoney+Institutional+Investor+PLC,1620591751,16:22:31,20210509
123,1988-01-31,ERM.L,GBP,1988-01-31,1988-01-31,Q1,7092250.0,0.0,7092250.0,1.0,0.0,0.0,0.0,1321500.0,6999000.0,7092250.0,0.0,93250.0,93250.0,76.05630026809652,0.0,0.0,0.0,1663750.0,0.23458704924389298,589500.0,1074250.0,0.15146815185589904,0.01336125,0.01336125,80400000,80400000,https://find-and-update.company-information.service.gov.uk/search/companies?q=Euromoney+Institutional+Investor+PLC,https://find-and-update.company-information.service.gov.uk/search/companies?q=Euromoney+Institutional+Investor+PLC,1620591751,16:22:31,20210509
124,1987-09-30,ERM.L,GBP,1987-09-30,1987-09-30,Q3,6490250.0,0.0,6490250.0,1.0,0.0,0.0,0.0,1235000.0,6432250.0,6490250.0,0.0,58000.0,58000.0,111.90086206896552,0.0,0.0,0.0,1629250.0,0.25103039174145836,590500.0,1038750.0,0.16004776395362275,0.01291975,0.01291975,80400000,80400000,https://find-and-update.company-information.service.gov.uk/search/companies?q=Euromoney+Institutional+Investor+PLC,https://find-and-update.company-information.service.gov.uk/search/companies?q=Euromoney+Institutional+Investor+PLC,1620591751,16:22:31,20210509
125,1987-06-30,ERM.L,GBP,1987-06-30,1987-06-30,Q2,6490250.0,0.0,6490250.0,1.0,0.0,0.0,0.0,1235000.0,6432250.0,6490250.0,0.0,58000.0,58000.0,111.90086206896552,0.0,0.0,0.0,1629250.0,0.25103039174145836,590500.0,1038750.0,0.16004776395362275,0.01291975,0.01291975,80400000,80400000,https://find-and-update.company-information.service.gov.uk/search/companies?q=Euromoney+Institutional+Investor+PLC,https://find-and-update.company-information.service.gov.uk/search/companies?q=Euromoney+Institutional+Investor+PLC,1620591751,16:22:31,20210509
126,1987-03-31,ERM.L,GBP,1987-03-31,1987-03-31,Q1,6490250.0,0.0,6490250.0,1.0,0.0,0.0,0.0,1235000.0,6432250.0,6490250.0,0.0,58000.0,58000.0,111.90086206896552,0.0,0.0,0.0,1629250.0,0.25103039174145836,590500.0,1038750.0,0.16004776395362275,0.01291975,0.01291975,80400000,80400000,https://find-and-update.company-information.service.gov.uk/search/companies?q=Euromoney+Institutional+Investor+PLC,https://find-and-update.company-information.service.gov.uk/search/companies?q=Euromoney+Institutional+Investor+PLC,1620591751,16:22:31,20210509
127,1987-01-31,ERM.L,GBP,1987-01-31,1987-01-31,Q1,6490250.0,0.0,6490250.0,1.0,0.0,0.0,0.0,1235000.0,6432250.0,6490250.0,0.0,58000.0,58000.0,111.90086206896552,0.0,0.0,0.0,1629250.0,0.25103039174145836,590500.0,1038750.0,0.16004776395362275,0.01291975,0.01291975,80400000,80400000,https://find-and-update.company-information.service.gov.uk/search/companies?q=Euromoney+Institutional+Investor+PLC,https://find-and-update.company-information.service.gov.uk/search/companies?q=Euromoney+Institutional+Investor+PLC,1620591751,16:22:31,20210509
128,1986-09-30,ERM.L,GBP,1986-09-30,1986-09-30,Q3,4823750.0,0.0,4823750.0,1.0,0.0,0.0,0.0,1142000.0,4785750.0,4823750.0,0.0,38000.0,38000.0,126.9407894736842,0.0,0.0,0.0,1331250.0,0.2759782327027727,513000.0,818250.0,0.16962943767815497,0.01017725,0.01017725,80400000,80400000,https://find-and-update.company-information.service.gov.uk/search/companies?q=Euromoney+Institutional+Investor+PLC,https://find-and-update.company-information.service.gov.uk/search/companies?q=Euromoney+Institutional+Investor+PLC,1620591751,16:22:31,20210509
129,1986-06-30,ERM.L,GBP,1986-06-30,1986-06-30,Q2,4823750.0,0.0,4823750.0,1.0,0.0,0.0,0.0,1142000.0,4785750.0,4823750.0,0.0,38000.0,38000.0,126.9407894736842,0.0,0.0,0.0,1331250.0,0.2759782327027727,513000.0,818250.0,0.16962943767815497,0.01017725,0.01017725,80400000,80400000,https://find-and-update.company-information.service.gov.uk/search/companies?q=Euromoney+Institutional+Investor+PLC,https://find-and-update.company-information.service.gov.uk/search/companies?q=Euromoney+Institutional+Investor+PLC,1620591751,16:22:31,20210509
130,1986-03-31,ERM.L,GBP,1986-03-31,1986-03-31,Q1,4823750.0,0.0,4823750.0,1.0,0.0,0.0,0.0,1142000.0,4785750.0,4823750.0,0.0,38000.0,38000.0,126.9407894736842,0.0,0.0,0.0,1331250.0,0.2759782327027727,513000.0,818250.0,0.16962943767815497,0.01017725,0.01017725,80400000,80400000,https://find-and-update.company-information.service.gov.uk/search/companies?q=Euromoney+Institutional+Investor+PLC,https://find-and-update.company-information.service.gov.uk/search/companies?q=Euromoney+Institutional+Investor+PLC,1620591751,16:22:31,20210509
131,1986-01-31,ERM.L,GBP,1986-01-31,1986-01-31,Q1,4823750.0,0.0,4823750.0,1.0,0.0,0.0,0.0,1142000.0,4785750.0,4823750.0,0.0,38000.0,38000.0,126.9407894736842,0.0,0.0,0.0,1331250.0,0.2759782327027727,513000.0,818250.0,0.16962943767815497,0.01017725,0.01017725,80400000,80400000,https://find-and-update.company-information.service.gov.uk/search/companies?q=Euromoney+Institutional+Investor+PLC,https://find-and-update.company-information.service.gov.uk/search/companies?q=Euromoney+Institutional+Investor+PLC,1620591751,16:22:31,20210509
132,1985-09-30,ERM.L,GBP,1985-09-30,1985-09-30,Q3,3588250.0,0.0,3588250.0,1.0,0.0,0.0,0.0,871750.0,3562250.0,3588250.0,0.0,26000.0,26000.0,138.0096153846154,0.0,0.0,0.0,1015000.0,0.28286769316519195,455000.0,560000.0,0.1560649341601059,0.00696525,0.00696525,80400000,80400000,https://find-and-update.company-information.service.gov.uk/search/companies?q=Euromoney+Institutional+Investor+PLC,https://find-and-update.company-information.service.gov.uk/search/companies?q=Euromoney+Institutional+Investor+PLC,1620591751,16:22:31,20210509
133,1985-06-30,ERM.L,GBP,1985-06-30,1985-06-30,Q2,3588250.0,0.0,3588250.0,1.0,0.0,0.0,0.0,871750.0,3562250.0,3588250.0,0.0,26000.0,26000.0,138.0096153846154,0.0,0.0,0.0,1015000.0,0.28286769316519195,455000.0,560000.0,0.1560649341601059,0.00696525,0.00696525,80400000,80400000,https://find-and-update.company-information.service.gov.uk/search/companies?q=Euromoney+Institutional+Investor+PLC,https://find-and-update.company-information.service.gov.uk/search/companies?q=Euromoney+Institutional+Investor+PLC,1620591751,16:22:31,20210509
134,1985-03-31,ERM.L,GBP,1985-03-31,1985-03-31,Q1,3588250.0,0.0,3588250.0,1.0,0.0,0.0,0.0,871750.0,3562250.0,3588250.0,0.0,26000.0,26000.0,138.0096153846154,0.0,0.0,0.0,1015000.0,0.28286769316519195,455000.0,560000.0,0.1560649341601059,0.00696525,0.00696525,80400000,80400000,https://find-and-update.company-information.service.gov.uk/search/companies?q=Euromoney+Institutional+Investor+PLC,https://find-and-update.company-information.service.gov.uk/search/companies?q=Euromoney+Institutional+Investor+PLC,1620591751,16:22:31,20210509
135,1985-01-31,ERM.L,GBP,1985-01-31,1985-01-31,Q1,3588250.0,0.0,3588250.0,1.0,0.0,0.0,0.0,871750.0,3562250.0,3588250.0,0.0,26000.0,26000.0,138.0096153846154,0.0,0.0,0.0,1015000.0,0.28286769316519195,455000.0,560000.0,0.1560649341601059,0.00696525,0.00696525,80400000,80400000,https://find-and-update.company-information.service.gov.uk/search/companies?q=Euromoney+Institutional+Investor+PLC,https://find-and-update.company-information.service.gov.uk/search/companies?q=Euromoney+Institutional+Investor+PLC,1620591751,16:22:31,20210509
