,date,symbol,reportedCurrency,fillingDate,acceptedDate,period,revenue,costOfRevenue,grossProfit,grossProfitRatio,researchAndDevelopmentExpenses,generalAndAdministrativeExpenses,sellingAndMarketingExpenses,otherExpenses,operatingExpenses,costAndExpenses,interestExpense,depreciationAndAmortization,ebitda,ebitdaratio,operatingIncome,operatingIncomeRatio,totalOtherIncomeExpensesNet,incomeBeforeTax,incomeBeforeTaxRatio,incomeTaxExpense,netIncome,netIncomeRatio,eps,epsdiluted,weightedAverageShsOut,weightedAverageShsOutDil,link,finalLink,timestamp,est_time,est_date
0,2020-09-30,AHX.AX,AUD,2020-09-30,2020-09-30,Q3,29583750.0,13603000.0,15980750.0,0.5401867579329869,0.0,9420250.0,0.0,-94500.0,3155750.0,0.0,245000.0,1463250.0,3404750.0,0.1150885198800017,1941500.0,0.06562724468669455,-83250.0,1516250.0,0.0512527992563485,443500.0,1042750.0,0.035247390881818566,0.009911638656263344,0.009911638656263344,105204602,105204602,,,1620586361,14:52:41,20210509
1,2020-06-30,AHX.AX,AUD,2020-06-30,2020-06-30,Q2,29583750.0,13603000.0,15980750.0,0.5401867579329869,0.0,9420250.0,0.0,-94500.0,3155750.0,0.0,245000.0,1463250.0,3404750.0,0.1150885198800017,1941500.0,0.06562724468669455,-83250.0,1516250.0,0.0512527992563485,443500.0,1042750.0,0.035247390881818566,0.009911638656263344,0.009911638656263344,105204602,105204602,,,1620586361,14:52:41,20210509
2,2020-03-31,AHX.AX,AUD,2020-03-31,2020-03-31,Q1,29583750.0,13603000.0,15980750.0,0.5401867579329869,0.0,9420250.0,0.0,-94500.0,3155750.0,0.0,245000.0,1463250.0,3404750.0,0.1150885198800017,1941500.0,0.06562724468669455,-83250.0,1516250.0,0.0512527992563485,443500.0,1042750.0,0.035247390881818566,0.009911638656263344,0.009911638656263344,105204602,105204602,,,1620586361,14:52:41,20210509
3,2020-01-31,AHX.AX,AUD,2020-01-31,2020-01-31,Q1,29583750.0,13603000.0,15980750.0,0.5401867579329869,0.0,9420250.0,0.0,-94500.0,3155750.0,0.0,245000.0,1463250.0,3404750.0,0.1150885198800017,1941500.0,0.06562724468669455,-83250.0,1516250.0,0.0512527992563485,443500.0,1042750.0,0.035247390881818566,0.009911638656263344,0.009911638656263344,105204602,105204602,,,1620586361,14:52:41,20210509
4,2019-06-30,AHX.AX,AUD,2019-06-30,2019-06-30,Q2,27930000.0,13908000.0,14022000.0,0.5020408163265306,0.0,8271250.0,0.0,4750.0,3546000.0,0.0,268500.0,786750.0,2204750.0,0.07893841747225205,1418000.0,0.050769781596849264,9250.0,1142250.0,0.0408968850698174,354750.0,791250.0,0.028329752953813105,0.007525,0.007525,105204602,105204602,,,1620586361,14:52:41,20210509
5,2019-03-31,AHX.AX,AUD,2019-03-31,2019-03-31,Q1,27930000.0,13908000.0,14022000.0,0.5020408163265306,0.0,8271250.0,0.0,4750.0,3546000.0,0.0,268500.0,786750.0,2204750.0,0.07893841747225205,1418000.0,0.050769781596849264,9250.0,1142250.0,0.0408968850698174,354750.0,791250.0,0.028329752953813105,0.007525,0.007525,105204602,105204602,,,1620586361,14:52:41,20210509
6,2019-01-31,AHX.AX,AUD,2019-01-31,2019-01-31,Q1,27930000.0,13908000.0,14022000.0,0.5020408163265306,0.0,8271250.0,0.0,4750.0,3546000.0,0.0,268500.0,786750.0,2204750.0,0.07893841747225205,1418000.0,0.050769781596849264,9250.0,1142250.0,0.0408968850698174,354750.0,791250.0,0.028329752953813105,0.007525,0.007525,105204602,105204602,,,1620586361,14:52:41,20210509
7,2018-06-30,AHX.AX,AUD,2018-06-30,2018-06-30,Q2,26649250.0,13759000.0,12890250.0,0.48370029175305124,0.0,7530250.0,0.0,5250.0,3323000.0,0.0,211750.0,608000.0,2037000.0,0.07643742319202229,1429000.0,0.05362252220981829,7250.0,1207750.0,0.045320224771804085,386250.0,819500.0,0.030751334465322664,0.008025,0.008025,102122567,102122567,,,1620586361,14:52:41,20210509
8,2018-03-31,AHX.AX,AUD,2018-03-31,2018-03-31,Q1,26649250.0,13759000.0,12890250.0,0.48370029175305124,0.0,7530250.0,0.0,5250.0,3323000.0,0.0,211750.0,608000.0,2037000.0,0.07643742319202229,1429000.0,0.05362252220981829,7250.0,1207750.0,0.045320224771804085,386250.0,819500.0,0.030751334465322664,0.008025,0.008025,102122567,102122567,,,1620586361,14:52:41,20210509
9,2018-01-31,AHX.AX,AUD,2018-01-31,2018-01-31,Q1,26649250.0,13759000.0,12890250.0,0.48370029175305124,0.0,7530250.0,0.0,5250.0,3323000.0,0.0,211750.0,608000.0,2037000.0,0.07643742319202229,1429000.0,0.05362252220981829,7250.0,1207750.0,0.045320224771804085,386250.0,819500.0,0.030751334465322664,0.008025,0.008025,102122567,102122567,,,1620586361,14:52:41,20210509
10,2017-06-30,AHX.AX,AUD,2017-06-30,2017-06-30,Q2,24497750.0,12681250.0,11816500.0,0.4823504199365248,0.0,6776250.0,0.0,312500.0,3195750.0,0.0,208500.0,348750.0,1844500.0,0.07529262891490035,1495750.0,0.061056627649478015,312500.0,1578750.0,0.06444469390046025,316250.0,1256750.0,0.05130062964966171,0.0125,0.0125,100589539,100589539,,,1620586361,14:52:41,20210509
11,2017-03-31,AHX.AX,AUD,2017-03-31,2017-03-31,Q1,24497750.0,12681250.0,11816500.0,0.4823504199365248,0.0,6776250.0,0.0,312500.0,3195750.0,0.0,208500.0,348750.0,1844500.0,0.07529262891490035,1495750.0,0.061056627649478015,312500.0,1578750.0,0.06444469390046025,316250.0,1256750.0,0.05130062964966171,0.0125,0.0125,100589539,100589539,,,1620586361,14:52:41,20210509
12,2017-01-31,AHX.AX,AUD,2017-01-31,2017-01-31,Q1,24497750.0,12681250.0,11816500.0,0.4823504199365248,0.0,6776250.0,0.0,312500.0,3195750.0,0.0,208500.0,348750.0,1844500.0,0.07529262891490035,1495750.0,0.061056627649478015,312500.0,1578750.0,0.06444469390046025,316250.0,1256750.0,0.05130062964966171,0.0125,0.0125,100589539,100589539,,,1620586361,14:52:41,20210509
13,2016-06-30,AHX.AX,AUD,2016-06-30,2016-06-30,Q2,13524250.0,7191750.0,6332500.0,0.46823298889032666,0.0,3844250.0,0.0,0.0,1959250.0,0.0,103250.0,153500.0,529000.0,0.03911492319352275,375500.0,0.027764940754570495,0.0,267000.0,0.019742314730946262,243750.0,12500.0,0.0009242656709244505,0.0002,0.0002,59447120,59447120,,,1620586361,14:52:41,20210509
14,2016-03-31,AHX.AX,AUD,2016-03-31,2016-03-31,Q1,13524250.0,7191750.0,6332500.0,0.46823298889032666,0.0,3844250.0,0.0,0.0,1959250.0,0.0,103250.0,153500.0,529000.0,0.03911492319352275,375500.0,0.027764940754570495,0.0,267000.0,0.019742314730946262,243750.0,12500.0,0.0009242656709244505,0.0002,0.0002,59447120,59447120,,,1620586361,14:52:41,20210509
15,2016-01-31,AHX.AX,AUD,2016-01-31,2016-01-31,Q1,13524250.0,7191750.0,6332500.0,0.46823298889032666,0.0,3844250.0,0.0,0.0,1959250.0,0.0,103250.0,153500.0,529000.0,0.03911492319352275,375500.0,0.027764940754570495,0.0,267000.0,0.019742314730946262,243750.0,12500.0,0.0009242656709244505,0.0002,0.0002,59447120,59447120,,,1620586361,14:52:41,20210509
16,2015-09-30,AHX.AX,AUD,2015-09-30,2015-09-30,Q3,0.0,0.0,0.0,0.0,0.0,0.0,0.0,0.0,0.0,0.0,0.0,0.0,0.0,0.0,0.0,0.0,0.0,0.0,0.0,0.0,0.0,0.0,0.0,0.0,98475574,98475574,,,1620586361,14:52:41,20210509
17,2015-06-30,AHX.AX,AUD,2015-06-30,2015-06-30,Q2,0.0,0.0,0.0,0.0,0.0,0.0,0.0,0.0,0.0,0.0,0.0,0.0,0.0,0.0,0.0,0.0,0.0,0.0,0.0,0.0,0.0,0.0,0.0,0.0,98475574,98475574,,,1620586361,14:52:41,20210509
18,2015-03-31,AHX.AX,AUD,2015-03-31,2015-03-31,Q1,0.0,0.0,0.0,0.0,0.0,0.0,0.0,0.0,0.0,0.0,0.0,0.0,0.0,0.0,0.0,0.0,0.0,0.0,0.0,0.0,0.0,0.0,0.0,0.0,98475574,98475574,,,1620586361,14:52:41,20210509
19,2015-01-31,AHX.AX,AUD,2015-01-31,2015-01-31,Q1,0.0,0.0,0.0,0.0,0.0,0.0,0.0,0.0,0.0,0.0,0.0,0.0,0.0,0.0,0.0,0.0,0.0,0.0,0.0,0.0,0.0,0.0,0.0,0.0,98475574,98475574,,,1620586361,14:52:41,20210509
