,date,symbol,reportedCurrency,fillingDate,acceptedDate,period,revenue,costOfRevenue,grossProfit,grossProfitRatio,researchAndDevelopmentExpenses,generalAndAdministrativeExpenses,sellingAndMarketingExpenses,otherExpenses,operatingExpenses,costAndExpenses,interestExpense,depreciationAndAmortization,ebitda,ebitdaratio,operatingIncome,operatingIncomeRatio,totalOtherIncomeExpensesNet,incomeBeforeTax,incomeBeforeTaxRatio,incomeTaxExpense,netIncome,netIncomeRatio,eps,epsdiluted,weightedAverageShsOut,weightedAverageShsOutDil,link,finalLink,timestamp,est_time,est_date
0,2021-01-02,SUM,USD,2021-02-24,2021-02-24 13:49:43,Q4,2332451000,2970295000,-637844.0,-0.00027346512316871825,0.0,309531000,0.0,0.0,309531000.0,3279826000.0,-103595.0,227817000.0,452990000.0,0.19421201131342095,225173000,0.09653921990215443,-3982.0,129055000.0,0.05533020843739054,-12185.0,141240000.0,0.06055432675756104,1.2395639753852294,1.2339975660437699,113943292,114457276,https://www.sec.gov/Archives/edgar/data/1621563/000162828021003021/0001628280-21-003021-index.htm,https://www.sec.gov/Archives/edgar/data/1621563/000162828021003021/sum-20210102.htm,1620598426,18:13:46,20210509
1,2020-09-26,SUM,USD,2020-10-28,2020-10-28 12:43:07,Q3,709619000,873635000,-164016000.0,-0.23113248095104555,0.0,81499000,0.0,0.0,81499000.0,955134000.0,-24623000.0,53119000.0,153736000.0,0.2166458338911444,100617000,0.14179017190915125,-1226000.0,73156000.0,0.10309194088658843,-19613000.0,92769000.0,0.13073071606030842,0.8141681565598439,0.8105120376969307,113943292,114457276,https://www.sec.gov/Archives/edgar/data/1621563/000162828020014943/0001628280-20-014943-index.htm,https://www.sec.gov/Archives/edgar/data/1621563/000162828020014943/sum-20200926.htm,1620598426,18:13:46,20210509
2,2020-06-27,SUM,USD,2020-07-24,2020-07-24 11:44:32,Q2,631009000,410158000,220851000.0,0.3499965927585819,0.0,66544000,0.0,0.0,120790999.99999994,530948999.99999994,25608000.0,56000000.00000001,156060000.0,0.24731818405125758,100060000,0.15857143083537636,1616000.0,76068000.0,0.12054978613617238,17181000.0,57064000.0,0.09043294152698297,0.49996,0.49996,114137860,114137860,https://www.sec.gov/Archives/edgar/data/1621563/000162828020010601/0001628280-20-010601-index.htm,https://www.sec.gov/Archives/edgar/data/1621563/000162828020010601/sum-20200627.htm,1620598426,18:13:46,20210509
3,2020-03-28,SUM,USD,2020-04-29,2020-04-29 12:53:17,Q1,367190000,286155000,81035000.0,0.22068956126256162,0.0,70224000,0.0,0.0,122755000.00000004,408910000.00000006,27818000.0,55278000.0,13558000.0,0.03692366349846129,-41720000,-0.11361965195130587,-89000.0,-69627000.0,-0.18962117704730522,-22901000.0,-44979000.0,-0.12249516599035921,-0.39593,-0.39593,113602110,113602110,https://www.sec.gov/Archives/edgar/data/1621563/000162828020001083/a10k2019.htm,https://www.sec.gov/Archives/edgar/data/1621563/000162828020001083/a10k2019.htm,1620598426,18:13:46,20210509
4,2019-12-28,SUM,USD,2020-02-05 00:00:00,2020-02-05 14:22:47,Q4,556528000,370856000,185672000.0,0.33362562171175575,0.0,72011000,0.0,0.0,125745999.99999999,496602000.0,28086000.0,55864999.99999998,115790999.99999997,0.20805961245435983,59926000,0.10767831986890147,-12614000.0,19226000.0,0.034546330103786334,-17171000.0,35671000.0,0.06409560704942069,0.31499,0.31499,113246040,113246040,https://www.sec.gov/Archives/edgar/data/1571371/000162828020001083/0001628280-20-001083-index.html,https://www.sec.gov/Archives/edgar/data/1571371/000162828020001083/a10k2019.htm,1620598426,18:13:46,20210509
5,2019-09-28,SUM,USD,2019-10-30,2019-10-30 12:42:42,Q3,732082000,482979000,249103000.0,0.3402665275201412,0.0,62344000,0.0,0.0,118222000.00000004,601201000.0,28917000.0,56015000.000000015,186896000.0,0.25529380588513306,130881000,0.17877915315497445,1875000.0,103839000.0,0.14184066812187707,45602000.0,55757000.0,0.07616223319245659,0.48272,0.48272,115505120,115505120,https://www.sec.gov/Archives/edgar/data/1621563/000162828019012765/a10q32019.htm,https://www.sec.gov/Archives/edgar/data/1621563/000162828019012765/a10q32019.htm,1620598426,18:13:46,20210509
6,2019-06-29,SUM,USD,2019-08-01,2019-08-01 12:48:14,Q2,600891000,405493000,195398000.0,0.32518044037937,0.0,60961000,0.0,0.0,114976000.00000006,520469000.00000006,29401000.0,53943000.0,134365000.0,0.22360960640116095,80422000,0.13383791735938796,3676000.0,54697000.0,0.0910264923255632,16707000.0,36410000.0,0.06059335220530845,0.32456,0.32456,112182560,112182560,https://www.sec.gov/Archives/edgar/data/1621563/000162828019009735/a10q22019.htm,https://www.sec.gov/Archives/edgar/data/1621563/000162828019009735/a10q22019.htm,1620598426,18:13:46,20210509
7,2019-03-30,SUM,USD,2019-05-08,2019-05-08 12:55:22,Q1,332639000,267004000,65635000.0,0.19731600924726206,0.0,67610000,0.0,0.0,137870999.99999997,404875000.0,30105000.0,57039000.0,-15197000.0,-0.045686164280195646,-72236000,-0.21716034499863215,2803000.0,-99538000.0,-0.29923731131947845,-28037000.0,-68772000.0,-0.2067466532787797,-0.61507,-0.61507,111811680,111811680,https://www.sec.gov/Archives/edgar/data/1621563/000162828019001027/a122918summitmaterials10k.htm,https://www.sec.gov/Archives/edgar/data/1621563/000162828019001027/a122918summitmaterials10k.htm,1620598426,18:13:46,20210509
8,2018-12-29,SUM,USD,2019-02-06,2019-02-06 16:11:05,Q4,491030000,345183000,145847000.0,0.29702258517809504,0.0,62634000,0.0,0.0,117302000.00000001,462485000.0,29932000.0,55971999.99999998,84516999.99999997,0.17212186628108256,28545000,0.058132904303199395,26258000.0,24871000.0,0.05065067307496487,25898000.0,-19163000.0,-0.03902612874977089,-0.17163,-0.17163,111656070,111656070,https://www.sec.gov/Archives/edgar/data/1621563/000162828019001027/a122918summitmaterials10k.htm,https://www.sec.gov/Archives/edgar/data/1621563/000162828019001027/a122918summitmaterials10k.htm,1620598426,18:13:46,20210509
9,2018-09-29,SUM,USD,2018-11-06,2018-11-06 13:22:19,Q3,694700000,471800000,222900000.0,0.32085792428386356,0.0,59500000,0.0,0.0,102599999.99999997,574400000.0,28889000.0,54200000.00000002,174500000.00000003,0.2511875629768246,120300000,0.17316827407514035,3400000.0,94800000.0,0.13646178206420037,20800000.0,71300000.0,0.10263423060313805,0.63718,0.63718,111900000,111900000,https://www.sec.gov/Archives/edgar/data/1621563/000162828018013732/sum9-29x1810q.htm,https://www.sec.gov/Archives/edgar/data/1621563/000162828018013732/sum9-29x1810q.htm,1620598426,18:13:46,20210509
10,2018-06-30,SUM,USD,2018-08-02,2018-08-02 17:23:01,Q2,600890000,410932000,189958000.0,0.3161277438466275,0.0,62948000,0.0,916000.0,112679000.0,523611000.0,28943000.0,0.0,131049000.0,0.2180914976118757,77279000,0.1286075654445905,916000.0,49103000.0,0.08171711960591789,12190000.0,35509000.0,0.05909401055101599,0.3182831336829497,0.3154019590521761,111564190,112583321,https://www.sec.gov/Archives/edgar/data/1621563/000155837018006259/sum-20180630x10q.htm,https://www.sec.gov/Archives/edgar/data/1621563/000155837018006259/sum-20180630x10q.htm,1620598426,18:13:46,20210509
11,2018-03-31,SUM,USD,2018-05-08,2018-05-08 13:15:31,Q1,314421000,247861000,66560000.0,0.21169069495994225,0.0,71127000,0.0,7655000.0,118085000.0,365946000.0,28784000.0,0.0,3088000.0,0.009821226953670397,-51525000,-0.16387264209451657,7655000.0,-72654000.0,-0.23107235203755475,-16706000.0,-53729000.0,-0.17088235200575025,-0.49,-0.49,110659098,110659098,https://www.sec.gov/Archives/edgar/data/1621563/000155837018000708/sum-20171230x10k.htm,https://www.sec.gov/Archives/edgar/data/1621563/000155837018000708/sum-20171230x10k.htm,1620598426,18:13:46,20210509
12,2017-12-30,SUM,USD,2018-02-14 00:00:00,2018-02-14 17:35:40,Q4,490000000,318800000,171300000.0,0.34959183673469385,0.0,66900000,0.0,-1340000.0,118500000.0,437300000.0,28673000.0,52500000.0,105200000.0,0.2146938775510204,52700000,0.10755102040816326,221100000.0,245100000.0,0.5002040816326531,415300000.0,45200000.0,0.09224489795918367,0.38966,0.38966,116000000,116000000,https://www.sec.gov/Archives/edgar/data/1621563/000155837018000708/0001558370-18-000708-index.html,https://www.sec.gov/Archives/edgar/data/1571371/000155837018000708/sum-20171230x10k.htm,1620598426,18:13:46,20210509
13,2017-09-30,SUM,USD,2017-11-02,2017-11-02 12:28:15,Q3,634181000,409545000,224636000.0,0.35421433313202383,0.0,61756000,0.0,-486499000.0,110725000.0,520270000.0,28921000.0,0.0,-322735000.0,-0.5089004558635468,113911000,0.17961906774248992,-486499000.0,-401509000.0,-0.6331142055659189,-483584000.0,79052000.0,0.12465211035966073,0.719921,0.710059,109536391,110833659,https://www.sec.gov/Archives/edgar/data/1621563/000155837017007976/sum-20170930x10q.htm,https://www.sec.gov/Archives/edgar/data/1621563/000155837017007976/sum-20170930x10q.htm,1620598426,18:13:46,20210509
14,2017-07-01,SUM,USD,2017-08-04,2017-08-04 17:21:36,Q2,524100000,335900000,188200000.0,0.3590917763785537,0.0,58100000,0.0,-1247000.0,105700000.00000004,441600000.00000006,25986000.0,47500000.0,129900000.0,0.24785346307956496,82400000,0.15722190421675253,-900000.0,55500000.0,0.10589582140812821,3400000.0,50000000.0,0.09540164090822362,0.45704,0.45704,109400000,109400000,https://www.sec.gov/Archives/edgar/data/1621563/000155837017006005/sum-20170701x10q.htm,https://www.sec.gov/Archives/edgar/data/1621563/000155837017006005/sum-20170701x10q.htm,1620598426,18:13:46,20210509
15,2017-04-01,SUM,USD,2017-05-03,2017-05-03 14:29:17,Q1,284300000,217600000,66700000.0,0.23461132606401688,0.0,58500000,0.0,0.0,99700000.00000001,317300000.0,24969000.0,43300000.0,10300000.0,0.036229335209285965,-33000000,-0.1160745691171298,700000.0,-57300000.0,-0.20154766092156173,-2200000.0,-52400000.0,-0.18431234611326064,-0.49156,-0.49156,106600000,106600000,https://www.sec.gov/Archives/edgar/data/1621563/000155837017001167/sum-20161231x10k.htm,https://www.sec.gov/Archives/edgar/data/1621563/000155837017001167/sum-20161231x10k.htm,1620598426,18:13:46,20210509
16,2016-12-31,SUM,USD,2017-02-28,2017-02-28 17:04:09,Q4,422973000,274103000,148870000.0,0.3519609998746965,0.0,60161000,0.0,-14872000.0,100266000.0,374369000.0,25069000.0,0.0,76339000.0,0.18048196929827673,48604000,0.11491040799294518,-14872000.0,8663000.0,0.0204812127488043,2614000.0,-290000.0,-0.0006856229593851144,-0.003277,-0.003277,88498518,88498518,https://www.sec.gov/Archives/edgar/data/1621563/000155837017001167/sum-20161231x10k.htm,https://www.sec.gov/Archives/edgar/data/1621563/000155837017001167/sum-20161231x10k.htm,1620598426,18:13:46,20210509
17,2016-10-01,SUM,USD,2016-11-03,2016-11-03 06:18:15,Q3,529400000,335900000,193600000.0,0.3656970154892331,0.0,64200000,0.0,565000.0,105300000.00000001,441200000.0,25273000.0,41700000.0,130000000.0,0.2455610124669437,88300000,0.16679259539100869,-600000.0,62400000.0,0.11786928598413299,1300000.0,44800000.0,0.08462410275783906,0.59416,0.59416,75400000,75400000,https://www.sec.gov/Archives/edgar/data/1621563/000155837016009127/sum-20161001x10q.htm,https://www.sec.gov/Archives/edgar/data/1621563/000155837016009127/sum-20161001x10q.htm,1620598426,18:13:46,20210509
18,2016-07-02,SUM,USD,2016-08-10,2016-08-10 16:38:36,Q2,445300000,285100000,160100000.0,0.3595328991690995,0.0,75500000,0.0,666000.0,113199999.99999999,398300000.0,25617000.0,39500000.0,86400000.0,0.19402649898944532,46900000,0.10532225465977993,-900000.0,20400000.0,0.045811812261396814,-1100000.0,13400000.0,0.03009207275993712,0.20679,0.20679,64800000,64800000,https://www.sec.gov/Archives/edgar/data/1621563/000155837016007855/sum-20160702x10q.htm,https://www.sec.gov/Archives/edgar/data/1621563/000155837016007855/sum-20160702x10q.htm,1620598426,18:13:46,20210509
19,2016-04-02,SUM,USD,2016-05-04,2016-05-04 17:15:21,Q1,228400000,176800000,51600000.0,0.22591943957968477,0.0,45400000,0.0,-432000.0,81000000.0,257800000.0,21577000.0,36800000.0,7300000.0,0.0319614711033275,-29500000,-0.12915936952714535,300000.0,-50700000.0,-0.22197898423817863,-8200000.0,-21100000.0,-0.09238178633975482,-0.40891,-0.40891,51600000,51600000,https://www.sec.gov/Archives/edgar/data/1621563/000119312516470366/d62652d10k.htm,https://www.sec.gov/Archives/edgar/data/1621563/000119312516470366/d62652d10k.htm,1620598426,18:13:46,20210509
20,2016-01-02,SUM,USD,2016-02-22,2016-02-19 21:17:44,Q4,401500000,270800000,130700000.0,0.32552926525529263,0.0,28300000,0.0,0.0,70000000.0,340800000.0,22398000.0,34200000.0,94900000.0,0.23636363636363636,60700000,0.15118306351183064,1700000.0,40000000.0,0.099626400996264,-5800000.0,23400000.0,0.058281444582814444,0.08891,0.08891,263200000,263200000,https://www.sec.gov/Archives/edgar/data/1621563/000119312516470366/d62652d10k.htm,https://www.sec.gov/Archives/edgar/data/1621563/000119312516470366/d62652d10k.htm,1620598426,18:13:46,20210509
21,2015-09-26,SUM,USD,2015-11-03,2015-11-03 14:00:18,Q3,471900000,312400000,159500000.0,0.337995337995338,0.0,42500000,0.0,-493000.0,108800000.00000001,421200000.0,20727000.0,33699999.99999999,84400000.0,0.1788514515787243,50700000,0.10743801652892562,1200000.0,31200000.0,0.06611570247933884,-2700000.0,14700000.0,0.031150667514303877,0.37215,0.37215,39500000,39500000,https://www.sec.gov/Archives/edgar/data/1621563/000119312515364032/d69739d10q.htm,https://www.sec.gov/Archives/edgar/data/1621563/000119312515364032/d69739d10q.htm,1620598426,18:13:46,20210509
22,2015-06-27,SUM,USD,2015-08-10,2015-08-10 06:09:14,Q2,364900000,249200000,115800000.0,0.3173472184160044,0.0,39700000,0.0,102000.0,104300000.00000001,353500000.0,17395000.0,29700000.000000004,41100000.0,0.11263359824609483,11400000,0.031241436009865717,-100000.0,-6100000.0,-0.016716908742121128,-5300000.0,-200000.0,-0.0005480953685941354,-0.00722,-0.00722,27700000,27700000,https://www.sec.gov/Archives/edgar/data/1621563/000119312515283773/d142878d10q.htm,https://www.sec.gov/Archives/edgar/data/1621563/000119312515283773/d142878d10q.htm,1620598426,18:13:46,20210509
23,2015-03-31,SUM,USD,2015-05-05,2015-05-05,Q1,193987000,158269000,35718000.0,0.18412574038466495,0.0,68598000,0.0,-391000.0,94724000.0,252993000.0,24109000.0,0.0,-32838000.0,-0.16927938470103668,-59006000,-0.3041750220375592,-391000.0,-84305000.0,-0.4345909777459314,-4468000.0,-10151000.0,-0.052328248800177335,-0.37031,-0.37031,27280407,27280407,https://www.sec.gov/Archives/edgar/data/1621563/000119312515172353/0001193125-15-172353-index.htm,https://www.sec.gov/Archives/edgar/data/1571371/000119312515172353/d901322d10q.htm,1620598426,18:13:46,20210509
24,2014-12-31,SUM,USD,2014-12-31,2014-12-31,Q4,334086000,241226000,92860000.0,0.2779523835180163,0.0,45677000,0.0,1148000.0,69553000.0,310779000.0,24187000.0,0.0,51694000.0,0.15473261375813413,23307000,0.06976347407553744,1148000.0,268000.0,0.000802188658010213,-4485000.0,2647000.0,0.007923109618481469,0.11094145074367236,0.11094145074367236,23859432,23859432,,,1620598426,18:13:46,20210509
25,2014-09-30,SUM,USD,2014-09-30,2014-09-30,Q3,394759000,285497000,109262000.0,0.27678152999678285,0.0,38258000,0.0,1408000.0,61513000.0,347010000.0,22085000.0,0.0,73363000.0,0.1858425013742562,47749000,0.12095734359444624,1408000.0,27072000.0,0.06857855045736766,-1038000.0,26874000.0,0.06807697861226723,1.126347,1.106502,23859432,24287344,,,1620598426,18:13:46,20210509
26,2014-06-30,SUM,USD,2014-06-30,2014-06-30,Q2,324295000,231762000,92533000.0,0.2853358824527051,0.0,37272000,0.0,697000.0,58611000.0,290373000.0,21651000.0,0.0,57596000.0,0.17760372500346908,33922000,0.10460229112382245,697000.0,12968000.0,0.03998828227385559,-864000.0,12255000.0,0.03778966681570792,0.513633,0.504584,23859432,24287344,,,1620598426,18:13:46,20210509
27,2014-03-31,SUM,USD,2014-03-31,2014-03-31,Q1,151091000,128675000,22416000.0,0.14836092156382577,0.0,38079000,0.0,194000.0,57435000.0,186110000.0,18819000.0,0.0,-14036000.0,-0.0928976577029737,-35019000,-0.23177422877603562,194000.0,-53644000.0,-0.35504431104433753,-596000.0,-50553000.0,-0.33458644128372966,-2.118785,-2.118785,23859432,24287344,,,1620598426,18:13:46,20210509
28,2013-12-31,SUM,USD,2013-12-31,2013-12-31,Q4,238267000,173854000,64413000.0,0.2703395770291312,0.0,35596000,0.0,749000.0,53953000.0,227807000.0,14063000.0,0.0,-37891000.0,-0.15902747757767546,10460000,0.04390033030172034,-67453000.0,-71056000.0,-0.2982200640457974,-865000.0,-72469000.0,-0.30415038591160337,-3.0373313161855657,-3.0373313161855657,23859432,23859432,,,1620598426,18:13:46,20210509
