,date,symbol,reportedCurrency,fillingDate,acceptedDate,period,revenue,costOfRevenue,grossProfit,grossProfitRatio,researchAndDevelopmentExpenses,generalAndAdministrativeExpenses,sellingAndMarketingExpenses,otherExpenses,operatingExpenses,costAndExpenses,interestExpense,depreciationAndAmortization,ebitda,ebitdaratio,operatingIncome,operatingIncomeRatio,totalOtherIncomeExpensesNet,incomeBeforeTax,incomeBeforeTaxRatio,incomeTaxExpense,netIncome,netIncomeRatio,eps,epsdiluted,weightedAverageShsOut,weightedAverageShsOutDil,link,finalLink,timestamp,est_time,est_date
0,2020-03-31,SGZA,USD,2020-05-06,2020-05-06 14:32:58,Q1,664829000.0,9060000.0,655769000.0,0.9863724356187832,0.0,95346000.0,0.0,2259000.0,95346000.0,104406000.0,0.0,15415000.0,31412000.0,0.047248239772934096,15997000.0,0.024061826424539242,2259000.0,15997000.0,0.024061826424539242,761000.0,15236000.0,0.022917171182364186,0.26,0.25,58950000,58950000,https://www.sec.gov/Archives/edgar/data/230557/000023055720000010/0000230557-20-000010-index.htm,https://www.sec.gov/Archives/edgar/data/230557/000023055720000010/sigi-3312020x10q.htm,1620597846,18:04:06,20210509
1,2019-12-31,SGZA,USD,2020-02-12,2020-02-12 17:20:25,Q4,0.0,0.0,0.0,0.0,0.0,0.0,0.0,8808000.0,8808000.0,8808000.0,-16000.0,12859000.0,21667000.0,0.0,8808000.0,0.0,8808000.0,0.0,0.0,0.0,0.0,0.0,0.0,0.0,58950000,58950000,https://www.sec.gov/Archives/edgar/data/230557/000023055720000005/0000230557-20-000005-index.htm,https://www.sec.gov/Archives/edgar/data/230557/000023055720000005/sigi-12312019x10k.htm,1620597846,18:04:06,20210509
2,2019-09-30,SGZA,USD,2019-10-31,2019-10-31 14:51:59,Q3,710425000.0,6369000.0,704056000.0,0.9910349438716262,0.0,90234000.0,0.0,6631000.0,90234000.0,96603000.0,0.0,14019000.0,85197000.0,0.11992398916141746,71178000.0,0.10019073090051729,6631000.0,71178000.0,0.10019073090051729,15028000.0,56150000.0,0.07903719604462117,0.95,0.93,58950000,58950000,https://www.sec.gov/Archives/edgar/data/230557/000023055719000028/0000230557-19-000028-index.htm,https://www.sec.gov/Archives/edgar/data/230557/000023055719000028/sigi-9302019x10q.htm,1620597846,18:04:06,20210509
3,2019-06-30,SGZA,USD,2019-08-01,2019-08-01 12:50:34,Q2,708204000.0,9566000.0,698638000.0,0.986492592529836,0.0,86662000.0,0.0,4397000.0,86662000.0,96228000.0,0.0,12049000.0,102274000.0,0.14441319167923367,90225000.0,0.12739973228052934,4397000.0,90225000.0,0.12739973228052934,17959000.0,72266000.0,0.10204121976153764,1.21,1.21,58950000,58950000,https://www.sec.gov/Archives/edgar/data/230557/000023055719000023/0000230557-19-000023-index.htm,https://www.sec.gov/Archives/edgar/data/230557/000023055719000023/sigi-6302019x10q.htm,1620597846,18:04:06,20210509
4,2019-03-31,SGZA,USD,2019-05-02,2019-05-02 16:03:44,Q1,698962000.0,12410000.0,686552000.0,0.9822451005920207,0.0,85079000.0,0.0,2152000.0,85079000.0,97489000.0,0.0,16278000.0,89972000.0,0.12872230536137874,73694000.0,0.10543348565444187,2152000.0,73694000.0,0.10543348565444187,12346000.0,61348000.0,0.08777015059473905,1.04,1.02,58950000,58950000,https://www.sec.gov/Archives/edgar/data/230557/000023055719000018/0000230557-19-000018-index.htm,https://www.sec.gov/Archives/edgar/data/230557/000023055719000018/sigi-3312019x10q.htm,1620597846,18:04:06,20210509
5,2018-12-31,SGZA,USD,2019-02-15,2019-02-15 14:57:43,Q4,643004000.0,3381000.0,639623000.0,0.9947418678577428,0.0,86976000.0,0.0,25446000.0,86976000.0,90357000.0,0.0,9913000.0,62048000.0,0.09649706689227439,52135000.0,0.08108036652960168,0.0,52135000.0,0.08108036652960168,6375000.0,45760000.0,0.07116596475294089,0.7762510602205259,0.7663322894512082,58950000,59713000,https://www.sec.gov/Archives/edgar/data/230557/000023055719000012/0000230557-19-000012-index.htm,https://www.sec.gov/Archives/edgar/data/230557/000023055719000012/sigi-12312018x10k.htm,1620597846,18:04:06,20210509
6,2018-09-30,SGZA,USD,2018-10-26,2018-10-26 14:29:53,Q3,664471000.0,7450000.0,657021000.0,0.9887880735201385,0.0,80108000.0,0.0,80108000.0,80108000.0,87558000.0,0.0,13190000.0,80320000.0,0.12087811206207645,67130000.0,0.10102773484471106,2538000.0,67130000.0,0.10102773484471106,11695000.0,55435000.0,0.08342726770619034,0.9403731976251061,0.9283573091286654,58950000,59713000,https://www.sec.gov/Archives/edgar/data/230557/000023055718000042/0000230557-18-000042-index.htm,https://www.sec.gov/Archives/edgar/data/230557/000023055718000042/sigi-9302018x10q.htm,1620597846,18:04:06,20210509
7,2018-06-30,SGZA,USD,2018-08-02,2018-08-02 15:41:08,Q2,651916000.0,3283000.0,648633000.0,0.9949640751262433,0.0,80994000.0,0.0,80994000.0,80994000.0,84277000.0,0.0,10571000.0,83096000.0,0.12746427453843748,72525000.0,0.11124899526932917,3179000.0,72525000.0,0.11124899526932917,13706000.0,58819000.0,0.0902248142398714,0.9977777777777778,0.9850283857786412,58950000,59713000,https://www.sec.gov/Archives/edgar/data/230557/000023055718000037/0000230557-18-000037-index.htm,https://www.sec.gov/Archives/edgar/data/230557/000023055718000037/sigi-6302018x10q.htm,1620597846,18:04:06,20210509
8,2018-03-31,SGZA,USD,2018-05-03,2018-05-03 13:09:59,Q1,626689000.0,11332000.0,615357000.0,0.9819176657002118,0.0,83240000.0,0.0,83240000.0,83240000.0,94572000.0,0.0,11200000.0,31131000.0,0.049675357314393584,19931000.0,0.03180365380595479,2179000.0,19931000.0,0.03180365380595479,1006000.0,18925000.0,0.030198391865821805,0.3210347752332485,0.316932661229548,58950000,59713000,https://www.sec.gov/Archives/edgar/data/230557/000023055718000024/0000230557-18-000024-index.htm,https://www.sec.gov/Archives/edgar/data/230557/000023055718000024/sigi-3312018x10q.htm,1620597846,18:04:06,20210509
9,2017-12-31,SGZA,USD,2018-02-20,2018-02-20 07:43:25,Q4,633737000.0,36255000.0,597482000.0,0.9427917259052256,0.0,333097000.0,0.0,36251000.0,333097000.0,369352000.0,0.0,13937000.0,82087000.0,0.12952849525907434,68150000.0,0.10753672264677619,0.0,68150000.0,0.10753672264677619,37908000.0,30242000.0,0.047720111023973666,0.5173286804201307,0.5094934043162559,58458000,59357000,https://www.sec.gov/Archives/edgar/data/230557/000023055718000009/0000230557-18-000009-index.htm,https://www.sec.gov/Archives/edgar/data/230557/000023055718000009/sigi-12312017x10k.htm,1620597846,18:04:06,20210509
10,2017-09-30,SGZA,USD,2017-10-26,2017-10-26 15:04:56,Q3,621293000.0,0.0,621293000.0,1.0,0.0,0.0,0.0,8671000.0,0.0,0.0,0.0,12754000.0,80069000.0,0.1288747821076368,67315000.0,0.10834662550519641,-30000.0,67315000.0,0.10834662550519641,20597000.0,46718000.0,0.07519479537030033,0.7991720551507064,0.7870680795862325,58458000,59357000,https://www.sec.gov/Archives/edgar/data/230557/000023055717000019/0000230557-17-000019-index.htm,https://www.sec.gov/Archives/edgar/data/230557/000023055717000019/sigi-9302017x10q.htm,1620597846,18:04:06,20210509
11,2017-06-30,SGZA,USD,2017-07-27,2017-07-27 16:08:50,Q2,614485000.0,0.0,614485000.0,1.0,0.0,0.0,0.0,11092000.0,0.0,0.0,0.0,12527000.0,71456000.0,0.11628599558980285,58929000.0,0.09589981854723874,-3247000.0,58929000.0,0.09589981854723874,17503000.0,41426000.0,0.06741580347770898,0.7086455232816723,0.6979126303553077,58458000,59357000,https://www.sec.gov/Archives/edgar/data/230557/000023055717000011/0000230557-17-000011-index.htm,https://www.sec.gov/Archives/edgar/data/230557/000023055717000011/sigi-6302017x10q.htm,1620597846,18:04:06,20210509
12,2017-03-31,SGZA,USD,2017-04-27,2017-04-27 16:57:47,Q1,600469000.0,0.0,600469000.0,1.0,0.0,0.0,0.0,13089000.0,0.0,0.0,0.0,12882000.0,80456000.0,0.13398859891185058,67574000.0,0.11253536818720034,3241000.0,67574000.0,0.11253536818720034,17134000.0,50440000.0,0.08400100588040349,0.8628416983133189,0.8497734049901444,58458000,59357000,https://www.sec.gov/Archives/edgar/data/230557/000023055717000008/0000230557-17-000008-index.htm,https://www.sec.gov/Archives/edgar/data/230557/000023055717000008/sigi-3312017x10q.htm,1620597846,18:04:06,20210509
13,2016-12-31,SGZA,USD,2017-02-22,2017-02-21 18:39:20,Q4,582358000.0,0.0,582358000.0,1.0,0.0,0.0,0.0,35020000.0,0.0,0.0,0.0,16108000.0,66434000.0,0.114077594881499,50326000.0,0.08641763313975252,0.0,50326000.0,0.08641763313975252,10966000.0,39360000.0,0.06758729166595119,0.679921919535663,0.6699916591485523,57889000,58747000,https://www.sec.gov/Archives/edgar/data/230557/000023055717000003/0000230557-17-000003-index.htm,https://www.sec.gov/Archives/edgar/data/230557/000023055717000003/sigi-12312016x10k.htm,1620597846,18:04:06,20210509
14,2016-09-30,SGZA,USD,2016-10-27,2016-10-27 15:08:16,Q3,581691000.0,0.0,581691000.0,1.0,0.0,0.0,0.0,10441000.0,0.0,0.0,0.0,15408000.0,70851000.0,0.12180178135814376,55443000.0,0.09531349118346338,0.0,55443000.0,0.09531349118346338,16941000.0,38502000.0,0.06618978117247817,0.6651004508628582,0.6553866580421128,57889000,58747000,https://www.sec.gov/Archives/edgar/data/230557/000023055716000038/0000230557-16-000038-index.htm,https://www.sec.gov/Archives/edgar/data/230557/000023055716000038/sigi-9302016x10q.htm,1620597846,18:04:06,20210509
15,2016-06-30,SGZA,USD,2016-07-28,2016-07-28 14:03:00,Q2,568747000.0,0.0,568747000.0,1.0,0.0,0.0,0.0,25228000.0,0.0,0.0,0.0,15528000.0,77839000.0,0.13686050212132986,62311000.0,0.10955838008815871,10000.0,62311000.0,0.10955838008815871,18710000.0,43601000.0,0.0766615032694678,0.7531828153880703,0.7421825795359763,57889000,58747000,https://www.sec.gov/Archives/edgar/data/230557/000023055716000035/0000230557-16-000035-index.htm,https://www.sec.gov/Archives/edgar/data/230557/000023055716000035/sigi-6302016x10q.htm,1620597846,18:04:06,20210509
16,2016-03-31,SGZA,USD,2016-05-05,2016-05-05 13:02:22,Q1,551474000.0,0.0,551474000.0,1.0,0.0,0.0,0.0,13622000.0,0.0,0.0,0.0,14627000.0,66502000.0,0.12058954728600078,51875000.0,0.09406608471115592,951000.0,51875000.0,0.09406608471115592,14843000.0,37032000.0,0.06715094455948965,0.6397070255143464,0.6303641036989123,57889000,58747000,https://www.sec.gov/Archives/edgar/data/230557/000023055716000030/0000230557-16-000030-index.htm,https://www.sec.gov/Archives/edgar/data/230557/000023055716000030/sigi-3312016x10q.htm,1620597846,18:04:06,20210509
17,2015-12-31,SGZA,USD,2016-02-24,2016-02-24 14:41:35,Q4,545530000.0,0.0,545530000.0,1.0,0.0,0.0,0.0,28393000.0,0.0,0.0,0.0,15820000.0,79618000.0,0.14594614411673051,63798000.0,0.11694682235624072,0.0,63798000.0,0.11694682235624072,18409000.0,45389000.0,0.0832016571041006,0.7933475494651472,0.7804697709608639,57212000,58156000,https://www.sec.gov/Archives/edgar/data/230557/000023055716000025/0000230557-16-000025-index.htm,https://www.sec.gov/Archives/edgar/data/230557/000023055716000025/sigi-12312015x10k.htm,1620597846,18:04:06,20210509
18,2015-09-30,SGZA,USD,2015-10-29,2015-10-29 13:27:48,Q3,540457000.0,0.0,540457000.0,1.0,0.0,0.0,0.0,9166000.0,0.0,0.0,0.0,14783000.0,80622000.0,0.14917375480380493,65839000.0,0.12182097743206212,698000.0,65839000.0,0.12182097743206212,18843000.0,46996000.0,0.08695603905583608,0.8214360623645389,0.8081023454157783,57212000,58156000,https://www.sec.gov/Archives/edgar/data/230557/000023055715000021/0000230557-15-000021-index.htm,https://www.sec.gov/Archives/edgar/data/230557/000023055715000021/sigi-9302015x10q.htm,1620597846,18:04:06,20210509
19,2015-06-30,SGZA,USD,2015-07-30,2015-07-30 11:40:06,Q2,521973000.0,0.0,521973000.0,1.0,0.0,0.0,0.0,8387000.0,0.0,0.0,0.0,15044000.0,61809000.0,0.11841417084791742,46765000.0,0.08959275671346985,2854000.0,46765000.0,0.08959275671346985,12997000.0,33768000.0,0.06469300136213942,0.590225826749633,0.5806451612903226,57212000,58156000,https://www.sec.gov/Archives/edgar/data/230557/000023055715000017/0000230557-15-000017-index.htm,https://www.sec.gov/Archives/edgar/data/230557/000023055715000017/sigi-6302015x10q.htm,1620597846,18:04:06,20210509
20,2015-03-31,SGZA,USD,2015-04-30,2015-04-30 15:10:45,Q1,523892000.0,0.0,523892000.0,1.0,0.0,0.0,0.0,12401000.0,0.0,0.0,0.0,14041000.0,70331000.0,0.1342471349056676,56290000.0,0.10744580944164064,1969000.0,56290000.0,0.10744580944164064,16582000.0,39708000.0,0.07579424766936697,0.6940501992588968,0.6827842355045052,57212000,58156000,https://www.sec.gov/Archives/edgar/data/230557/000023055715000007/0000230557-15-000007-index.htm,https://www.sec.gov/Archives/edgar/data/230557/000023055715000007/sigi-3312015x10q.htm,1620597846,18:04:06,20210509
21,2014-12-31,SGZA,USD,2015-02-26,2015-02-26 16:18:40,Q4,503583000.0,0.0,503583000.0,1.0,0.0,0.0,0.0,10683000.0,0.0,0.0,0.0,14287000.0,71487000.0,0.14195673801538178,57200000.0,0.11358604242001814,2014000.0,57200000.0,0.11358604242001814,15850000.0,41350000.0,0.08211158835782781,0.734327828094477,0.7209987620093808,56310000,57351000,https://www.sec.gov/Archives/edgar/data/230557/000023055715000003/0000230557-15-000003-index.htm,https://www.sec.gov/Archives/edgar/data/230557/000023055715000003/sigi-12312014x10k.htm,1620597846,18:04:06,20210509
22,2014-09-30,SGZA,USD,2014-10-30,2014-10-30 12:40:53,Q3,515358000.0,0.0,515358000.0,1.0,0.0,0.0,0.0,5441000.0,0.0,0.0,0.0,12147000.0,87473000.0,0.16973249663340823,75326000.0,0.1461624734650476,3196000.0,75326000.0,0.1461624734650476,22164000.0,53162000.0,0.10315547638728806,0.9440951873557095,0.9269585534689893,56310000,57351000,https://www.sec.gov/Archives/edgar/data/230557/000023055714000012/0000230557-14-000012-index.htm,https://www.sec.gov/Archives/edgar/data/230557/000023055714000012/sigi-9302014x10q.htm,1620597846,18:04:06,20210509
23,2014-06-30,SGZA,USD,2014-07-31,2014-07-31 15:48:33,Q2,506849000.0,0.0,506849000.0,1.0,0.0,0.0,0.0,8935000.0,0.0,0.0,0.0,8334000.0,47855000.0,0.09441668031307154,39521000.0,0.07797391333513531,1911000.0,39521000.0,0.07797391333513531,10180000.0,29341000.0,0.05788903598507642,0.5210619783342213,0.5116039824937665,56310000,57351000,https://www.sec.gov/Archives/edgar/data/230557/000023055714000009/0000230557-14-000009-index.htm,https://www.sec.gov/Archives/edgar/data/230557/000023055714000009/sigi-6302014x10q.htm,1620597846,18:04:06,20210509
24,2014-03-31,SGZA,USD,2014-04-24,2014-04-24 14:28:05,Q1,509071000.0,0.0,509071000.0,1.0,0.0,0.0,0.0,8614000.0,0.0,0.0,0.0,10578000.0,35662000.0,0.07005309671931813,25084000.0,0.049274069825230665,9824000.0,25084000.0,0.049274069825230665,7110000.0,17974000.0,0.03530745220214862,0.3191973006570769,0.313403428013461,56310000,57351000,https://www.sec.gov/Archives/edgar/data/230557/000023055714000006/0000230557-14-000006-index.htm,https://www.sec.gov/Archives/edgar/data/230557/000023055714000006/sigi-3312014x10q.htm,1620597846,18:04:06,20210509
25,2013-12-31,SGZA,USD,2014-02-28,2014-02-28 14:04:16,Q4,488034000.0,0.0,488034000.0,1.0,0.0,0.0,0.0,7834000.0,0.0,0.0,0.0,10600000.0,44848000.0,0.09189523680727163,34248000.0,0.07017543859649122,0.0,34248000.0,0.07017543859649122,8913000.0,25335000.0,0.0519123667613322,0.4553542542866386,0.44596021827143106,55638000,56810000,https://www.sec.gov/Archives/edgar/data/230557/000023055714000003/0000230557-14-000003-index.htm,https://www.sec.gov/Archives/edgar/data/230557/000023055714000003/sigi-12312013x10k.htm,1620597846,18:04:06,20210509
26,2013-09-30,SGZA,USD,2013-10-31,2013-10-31 15:38:34,Q3,486813000.0,0.0,486813000.0,1.0,0.0,0.0,0.0,8127000.0,0.0,0.0,0.0,9758000.0,54243000.0,0.1114247154451504,44485000.0,0.09138005764020271,0.0,44485000.0,0.09138005764020271,11832000.0,32653000.0,0.06707503702653791,0.5868830655307523,0.5747755676817462,55638000,56810000,https://www.sec.gov/Archives/edgar/data/230557/000023055713000017/0000230557-13-000017-index.htm,https://www.sec.gov/Archives/edgar/data/230557/000023055713000017/sigi-9302013x10q.htm,1620597846,18:04:06,20210509
27,2013-06-30,SGZA,USD,2013-08-01,2013-08-01 12:35:38,Q2,468945000.0,0.0,468945000.0,1.0,0.0,0.0,0.0,3852000.0,0.0,0.0,0.0,9955000.0,46156000.0,0.09842518845493609,36201000.0,0.07719668617854972,-47000.0,36201000.0,0.07719668617854972,9079000.0,27122000.0,0.057836206804635935,0.48747259067543763,0.4774159478964971,55638000,56810000,https://www.sec.gov/Archives/edgar/data/230557/000023055713000012/0000230557-13-000012-index.htm,https://www.sec.gov/Archives/edgar/data/230557/000023055713000012/sigi-6302013x10q.htm,1620597846,18:04:06,20210509
28,2013-03-31,SGZA,USD,2013-04-25,2013-04-25 15:15:11,Q1,459949000.0,0.0,459949000.0,1.0,0.0,0.0,0.0,15873000.0,0.0,0.0,0.0,13148000.0,42016000.0,0.09134925828733186,28868000.0,0.0627634802989027,-30000.0,28868000.0,0.0627634802989027,6563000.0,21308000.0,0.04632687537096504,0.38297566411445416,0.3750748107727513,55638000,56810000,https://www.sec.gov/Archives/edgar/data/230557/000023055713000008/0000230557-13-000008-index.htm,https://www.sec.gov/Archives/edgar/data/230557/000023055713000008/sigi-3312013x10q.htm,1620597846,18:04:06,20210509
29,2012-12-31,SGZA,USD,2013-02-21,2013-02-21 16:32:08,Q4,448975000.0,0.0,448975000.0,1.0,0.0,0.0,0.0,20632000.0,0.0,0.0,0.0,9307000.0,47270000.0,0.10528425858900829,37963000.0,0.08455481931065204,464000.0,155707000.0,0.3468055014199009,-6486000.0,1308000.0,0.002913302522412161,0.023833819241982506,0.0233851214846334,54880000,55933000,https://www.sec.gov/Archives/edgar/data/230557/000023055713000003/0000230557-13-000003-index.htm,https://www.sec.gov/Archives/edgar/data/230557/000023055713000003/sigi-12312012x10k.htm,1620597846,18:04:06,20210509
30,2012-09-30,SGZA,USD,2012-10-25,2012-10-25 16:18:24,Q3,436872000.0,0.0,436872000.0,1.0,0.0,0.0,0.0,7733000.0,0.0,0.0,0.0,9836000.0,30150000.0,0.06901334944789321,20314000.0,0.046498745628010034,-2023000.0,20314000.0,0.046498745628010034,2040000.0,18274000.0,0.04182918566536652,0.3329810495626822,0.3267123165215526,54880000,55933000,https://www.sec.gov/Archives/edgar/data/230557/000023055712000004/0000230557-12-000004-index.htm,https://www.sec.gov/Archives/edgar/data/230557/000023055712000004/sigi-9302012x10q.htm,1620597846,18:04:06,20210509
31,2012-06-30,SGZA,USD,2012-07-26,2012-07-26 14:09:48,Q2,428907000.0,0.0,428907000.0,1.0,0.0,0.0,0.0,5754000.0,0.0,0.0,0.0,9802000.0,9110000.0,0.021240035718698924,-692000.0,-0.0016134033718265264,-54000.0,-692000.0,-0.0016134033718265264,-980000.0,288000.0,0.0006714742356734676,0.0052478134110787176,0.00514901757459818,54880000,55933000,https://www.sec.gov/Archives/edgar/data/230557/000144530512002286/0001445305-12-002286-index.htm,https://www.sec.gov/Archives/edgar/data/230557/000144530512002286/sigi-6302012x10q.htm,1620597846,18:04:06,20210509
32,2012-03-31,SGZA,USD,2012-04-26,2012-04-26 14:10:42,Q1,419348000.0,0.0,419348000.0,1.0,0.0,0.0,0.0,10593000.0,0.0,0.0,0.0,9748000.0,32939000.0,0.07854812709253413,23191000.0,0.05530251724105039,-164000.0,23191000.0,0.05530251724105039,5098000.0,18093000.0,0.04314554975819606,0.329682944606414,0.3234763020041836,54880000,55933000,https://www.sec.gov/Archives/edgar/data/230557/000114420412023976/0001144204-12-023976-index.htm,https://www.sec.gov/Archives/edgar/data/230557/000114420412023976/v310379_10q.htm,1620597846,18:04:06,20210509
33,2011-12-31,SGZA,USD,2012-02-24,2012-02-24 15:39:07,Q4,400380000.0,0.0,400380000.0,1.0,0.0,0.0,0.0,16832000.0,0.0,0.0,0.0,9385000.0,29285000.0,0.07314301413657026,19900000.0,0.04970278235676108,362000.0,19900000.0,0.04970278235676108,3767000.0,16133000.0,0.040294220490533994,0.29823458730012015,0.29215334745839444,54095000,55221000,https://www.sec.gov/Archives/edgar/data/230557/000114420412010820/0001144204-12-010820-index.htm,https://www.sec.gov/Archives/edgar/data/230557/000114420412010820/v303166_10k.htm,1620597846,18:04:06,20210509
34,2011-09-30,SGZA,USD,2011-10-27,2011-10-27 14:36:45,Q3,394069000.0,0.0,394069000.0,1.0,0.0,0.0,0.0,4924000.0,0.0,0.0,0.0,8999000.0,-10493000.0,-0.0266273165359366,-19492000.0,-0.049463418842892994,150000.0,-40828000.0,-0.10360622124551792,-21336000.0,-19492000.0,-0.049463418842892994,-0.36032905074406135,-0.35298165552959926,54095000,55221000,https://www.sec.gov/Archives/edgar/data/230557/000114420411059727/0001144204-11-059727-index.htm,https://www.sec.gov/Archives/edgar/data/230557/000114420411059727/v237974_10q.htm,1620597846,18:04:06,20210509
35,2011-06-30,SGZA,USD,2011-07-28,2011-07-28 14:41:00,Q2,399570000.0,0.0,399570000.0,1.0,0.0,0.0,0.0,5392000.0,0.0,0.0,0.0,8260000.0,10585000.0,0.026490977801136222,2325000.0,0.005818755161798934,-332000.0,1221000.0,0.0030557849688415046,-1104000.0,2325000.0,0.005818755161798934,0.04297994269340974,0.042103547563426956,54095000,55221000,https://www.sec.gov/Archives/edgar/data/230557/000114420411042584/0001144204-11-042584-index.htm,https://www.sec.gov/Archives/edgar/data/230557/000114420411042584/v229723_10q.htm,1620597846,18:04:06,20210509
36,2011-03-31,SGZA,USD,2011-04-28,2011-04-28 15:25:56,Q1,403456000.0,0.0,403456000.0,1.0,0.0,0.0,0.0,8491000.0,0.0,0.0,0.0,8001000.0,29550000.0,0.0732421875,21549000.0,0.05341102871192893,-98000.0,27772000.0,0.0688352633248731,6223000.0,21549000.0,0.05341102871192893,0.39835474627969314,0.39023197696528494,54095000,55221000,https://www.sec.gov/Archives/edgar/data/230557/000114420411024541/0001144204-11-024541-index.htm,https://www.sec.gov/Archives/edgar/data/230557/000114420411024541/v219656_10q.htm,1620597846,18:04:06,20210509
37,2010-12-31,SGZA,USD,2011-02-25,2011-02-25 13:53:27,Q4,394089000.0,0.0,394089000.0,1.0,0.0,0.0,0.0,16039000.0,0.0,0.0,0.0,8595000.0,32370000.0,0.0821388062087498,23775000.0,0.06032901197445247,107000.0,29370000.0,0.07452631258421322,5595000.0,23775000.0,0.06032901197445247,0.4395045752842222,0.4305427283098821,54095000,55221000,https://www.sec.gov/Archives/edgar/data/230557/000114420411010997/0001144204-11-010997-index.htm,https://www.sec.gov/Archives/edgar/data/230557/000114420411010997/v212317_10k.htm,1620597846,18:04:06,20210509
38,2010-09-30,SGZA,USD,2010-10-28,2010-10-28 16:41:16,Q3,389702000.0,0.0,389702000.0,1.0,0.0,0.0,0.0,4022000.0,0.0,0.0,0.0,8370000.0,25567000.0,0.06560654038213815,17197000.0,0.044128590564072034,1284000.0,20426000.0,0.05241440895864019,3229000.0,17197000.0,0.044128590564072034,0.317903687956373,0.3114213795476359,54095000,55221000,https://www.sec.gov/Archives/edgar/data/230557/000114420410056130/0001144204-10-056130-index.htm,https://www.sec.gov/Archives/edgar/data/230557/000114420410056130/v199917_10q.htm,1620597846,18:04:06,20210509
39,2010-06-30,SGZA,USD,2010-07-29,2010-07-29 14:08:54,Q2,699454000.0,0.0,699454000.0,1.0,0.0,-12556000.0,0.0,5631000.0,-61252000.0,-61252000.0,-3537000.0,-6528000.0,-2083000.0,-0.0029780371546949476,4445000.0,0.006354956866355757,1816000.0,10072000.0,0.014399803275126027,3811000.0,6261000.0,0.008951267703094127,0.11574082632405952,0.11338077905144782,54095000,55221000,https://www.sec.gov/Archives/edgar/data/230557/000114420410040015/0001144204-10-040015-index.htm,https://www.sec.gov/Archives/edgar/data/230557/000114420410040015/v191507_10q.htm,1620597846,18:04:06,20210509
40,2010-03-31,SGZA,USD,2010-04-29,2010-04-29 14:05:52,Q1,393112000.0,0.0,393112000.0,1.0,0.0,0.0,0.0,8983000.0,0.0,0.0,-4842000.0,44153000.0,50746000.0,0.1290878935265268,6593000.0,0.0167713018172938,-2167000.0,7647000.0,0.01945247156026781,1054000.0,5803000.0,0.014761696412218401,0.12,0.12,48358333,48358333,https://www.sec.gov/Archives/edgar/data/230557/000114420410022934/0001144204-10-022934-index.htm,https://www.sec.gov/Archives/edgar/data/230557/000114420410022934/v182450_10q.htm,1620597846,18:04:06,20210509
41,2009-12-31,SGZA,USD,2010-02-24,2010-02-24 16:36:58,Q4,24833000.0,0.0,24833000.0,1.0,0.0,0.0,0.0,16410000.0,0.0,0.0,-21377000.0,7548000.0,52206000.0,2.1022832521241894,44658000.0,1.7983328635283695,0.0,-12954000.0,-0.5216445858333669,0.0,36398000.0,1.465710949140257,1.01246,1.01246,35950000,35950000,https://www.sec.gov/Archives/edgar/data/230557/000114420410009710/0001144204-10-009710-index.htm,https://www.sec.gov/Archives/edgar/data/230557/000114420410009710/v175220_10k.htm,1620597846,18:04:06,20210509
42,2009-09-30,SGZA,USD,2009-10-29,2009-10-29 17:22:03,Q3,366402000.0,0.0,366402000.0,1.0,0.0,0.0,0.0,-17275000.0,0.0,0.0,-4751000.0,7135000.0,38440000.0,0.10491209109120583,31305000.0,0.08543894411056709,1591000.0,21383000.0,0.05835939760154148,1180000.0,13007000.0,0.03549926037521629,0.36181,0.36181,35950000,35950000,https://www.sec.gov/Archives/edgar/data/230557/000114420409055418/0001144204-09-055418-index.htm,https://www.sec.gov/Archives/edgar/data/230557/000114420409055418/v164047_10q.htm,1620597846,18:04:06,20210509
43,2009-06-30,SGZA,USD,2009-07-30,2009-07-30 16:47:24,Q2,388249000.0,0.0,388249000.0,1.0,0.0,0.0,0.0,16392000.0,0.0,0.0,-4843000.0,7122000.0,19753000.0,0.05087714327660857,12631000.0,0.032533245417245116,-13941000.0,12631000.0,0.032533245417245116,-3057000.0,15688000.0,0.040407058356879216,0.27905,0.27905,56220000,56220000,https://www.sec.gov/Archives/edgar/data/230557/000095012309027740/0000950123-09-027740-index.htm,https://www.sec.gov/Archives/edgar/data/230557/000095012309027740/c88445e10vq.htm,1620597846,18:04:06,20210509
44,2009-03-31,SGZA,USD,2009-04-30,2009-04-30 15:01:48,Q1,369565000.0,0.0,369565000.0,1.0,0.0,0.0,0.0,19698000.0,0.0,0.0,-5024000.0,6788000.0,-14134000.0,-0.03824496367350804,-20922000.0,-0.05661250388970817,14000000.0,-20922000.0,-0.05661250388970817,-8045000.0,-12877000.0,-0.03484366755509856,-0.25,-0.25,51508000,51508000,https://www.sec.gov/Archives/edgar/data/230557/000136231009006159/0001362310-09-006159-index.htm,https://www.sec.gov/Archives/edgar/data/230557/000136231009006159/c84482e10vq.htm,1620597846,18:04:06,20210509
45,2008-12-31,SGZA,USD,2009-02-27,2009-02-27 16:11:52,Q4,380398000.0,0.0,380398000.0,1.0,0.0,0.0,0.0,5392000.0,0.0,0.0,-5036000.0,7223000.0,-18644000.0,-0.04901182445754184,-25867000.0,-0.0679998317551617,-426000.0,-25867000.0,-0.0679998317551617,-11479000.0,-14388000.0,-0.0378235427105295,-0.2761990957800606,-0.2696229292975895,52092857,53363414,https://www.sec.gov/Archives/edgar/data/230557/000136231009002965/0001362310-09-002965-index.htm,https://www.sec.gov/Archives/edgar/data/230557/000136231009002965/c81649e10vk.htm,1620597846,18:04:06,20210509
46,2008-09-30,SGZA,USD,2008-10-31,2008-10-31 12:14:26,Q3,417116000.0,0.0,417116000.0,1.0,0.0,0.0,0.0,6852000.0,0.0,0.0,-5036000.0,7132000.0,9698000.0,0.023250127062975287,2566000.0,0.0061517659356150325,568000.0,2566000.0,0.0061517659356150325,-6426000.0,8992000.0,0.02155755233556133,0.17165617840162478,0.16856327217003506,52383783,53344954,https://www.sec.gov/Archives/edgar/data/230557/000136231008006448/0001362310-08-006448-index.htm,https://www.sec.gov/Archives/edgar/data/230557/000136231008006448/c76506e10vq.htm,1620597846,18:04:06,20210509
47,2008-06-30,SGZA,USD,2008-08-01,2008-08-01 14:59:42,Q2,447352000.0,0.0,447352000.0,1.0,0.0,0.0,0.0,1661000.0,0.0,0.0,-5127000.0,7068000.0,43153000.0,0.09646318782524724,36085000.0,0.08066354906203616,1761000.0,36085000.0,0.08066354906203616,7434000.0,28651000.0,0.06404576262093385,0.5479094313034383,0.5362517888473254,52291489,53428260,https://www.sec.gov/Archives/edgar/data/230557/000136231008004049/0001362310-08-004049-index.htm,https://www.sec.gov/Archives/edgar/data/230557/000136231008004049/c74182e10vq.htm,1620597846,18:04:06,20210509
48,2008-03-31,SGZA,USD,2008-05-02,2008-05-02 10:31:01,Q1,451113000.0,0.0,451113000.0,1.0,0.0,0.0,0.0,11294000.0,0.0,0.0,-5309000.0,7129000.0,33731000.0,0.07477283962111489,26602000.0,0.0589697038214372,660000.0,26602000.0,0.0589697038214372,6099000.0,20503000.0,0.04544980969291508,0.39000000646734634,0.3800000011120324,52571794,53955263,https://www.sec.gov/Archives/edgar/data/230557/000136231008002349/0001362310-08-002349-index.htm,https://www.sec.gov/Archives/edgar/data/230557/000136231008002349/c73164e10vq.htm,1620597846,18:04:06,20210509
49,2007-12-31,SGZA,USD,2008-02-28,2008-02-28 16:30:51,Q4,146335000.0,0.0,146335000.0,1.0,0.0,0.0,0.0,25588000.0,0.0,0.0,-23795000.0,7748000.0,104700000.0,0.7154816004373526,96952000.0,0.6625345952779581,63000.0,96952000.0,0.6625345952779581,0.0,146498000.0,1.0011138825298118,2.790235656997762,2.5510726048483825,52503809,57426041,https://www.sec.gov/Archives/edgar/data/230557/000136231008001168/0001362310-08-001168-index.htm,https://www.sec.gov/Archives/edgar/data/230557/000136231008001168/c72552e10vk.htm,1620597846,18:04:06,20210509
50,2007-09-30,SGZA,USD,2007-11-02,2007-11-02 12:01:40,Q3,455470000.0,0.0,455470000.0,1.0,0.0,0.0,0.0,4424000.0,0.0,0.0,-5832000.0,7089000.0,53804000.0,0.1181285265769425,46715000.0,0.10256438404285682,1391000.0,46715000.0,0.10256438404285682,9595000.0,37120000.0,0.08149823259490196,0.7069963247809317,0.6463966408549738,52503809,57426041,https://www.sec.gov/Archives/edgar/data/230557/000136231007002655/0001362310-07-002655-index.htm,https://www.sec.gov/Archives/edgar/data/230557/000136231007002655/c71415e10vq.htm,1620597846,18:04:06,20210509
51,2007-06-30,SGZA,USD,2007-08-09,2007-08-09 10:11:27,Q2,462038000.0,0.0,462038000.0,1.0,0.0,0.0,0.0,6693000.0,0.0,0.0,-5992000.0,7327000.0,55113000.0,0.11928239668598686,47786000.0,0.10342439366459036,1220000.0,47786000.0,0.10342439366459036,11900000.0,35886000.0,0.07766893632125496,0.6771128644085546,0.6182334843875888,52998550,58046031,https://www.sec.gov/Archives/edgar/data/230557/000095012307011146/0000950123-07-011146-index.htm,https://www.sec.gov/Archives/edgar/data/230557/000095012307011146/y37864e10vq.htm,1620597846,18:04:06,20210509
52,2007-03-31,SGZA,USD,2007-05-02,2007-05-02 12:38:32,Q1,462109000.0,0.0,462109000.0,1.0,0.0,0.0,0.0,11070000.0,0.0,0.0,-6331000.0,6975000.0,56174000.0,0.12156006483318871,49199000.0,0.10646622333691834,1812000.0,49199000.0,0.10646622333691834,11947000.0,37252000.0,0.08061301554395175,0.6800000116825944,0.6200000099860412,54782352,60083870,https://www.sec.gov/Archives/edgar/data/230557/000095012307006522/0000950123-07-006522-index.htm,https://www.sec.gov/Archives/edgar/data/230557/000095012307006522/y34304e10vq.htm,1620597846,18:04:06,20210509
53,2006-12-31,SGZA,USD,2007-03-01,2007-03-01 10:29:34,Q4,116323000.0,0.0,116323000.0,1.0,0.0,0.0,0.0,26152000.0,0.0,0.0,-21411000.0,6892000.0,75652000.0,0.6503614934277829,68760000.0,0.5911126776303912,6000.0,68760000.0,0.5911126776303912,0.0,163574000.0,1.4062051356997327,5.96891,5.96891,27404337,27404337,https://www.sec.gov/Archives/edgar/data/230557/000095012307002992/0000950123-07-002992-index.htm,https://www.sec.gov/Archives/edgar/data/230557/000095012307002992/y30980e10vk.htm,1620597846,18:04:06,20210509
54,2006-09-30,SGZA,USD,2006-11-03,2006-11-03 15:39:31,Q3,450786000.0,0.0,450786000.0,1.0,0.0,0.0,0.0,6500000.0,0.0,0.0,-4619000.0,6477000.0,-75494000.0,-0.167471926812279,-81971000.0,-0.18184016362531225,1091000.0,50683000.0,0.11243250677705163,12627000.0,38056000.0,0.08442143278628884,1.38869,1.38869,27404337,27404337,https://www.sec.gov/Archives/edgar/data/230557/000095012306013479/0000950123-06-013479-index.htm,https://www.sec.gov/Archives/edgar/data/230557/000095012306013479/y26565e10vq.htm,1620597846,18:04:06,20210509
55,2006-06-30,SGZA,USD,2006-08-04,2006-08-04 17:29:27,Q2,455461000.0,0.0,455461000.0,1.0,0.0,0.0,0.0,7761000.0,0.0,0.0,-4905000.0,6400000.0,48397000.0,0.10625937237216798,41997000.0,0.09220767530040991,1280000.0,57300000.0,0.1258066003455839,15303000.0,41997000.0,0.09220767530040991,1.54207,1.54207,27234219,27234219,https://www.sec.gov/Archives/edgar/data/230557/000095012306009945/0000950123-06-009945-index.htm,https://www.sec.gov/Archives/edgar/data/230557/000095012306009945/y23915e10vq.htm,1620597846,18:04:06,20210509
56,2006-03-31,SGZA,USD,2006-05-05,2006-05-05 17:02:09,Q1,442666000.0,0.0,442666000.0,1.0,0.0,0.0,0.0,8744000.0,0.0,0.0,-5518000.0,5915000.0,45893000.0,0.10367410191882818,39978000.0,0.09031188299982379,1862000.0,54272000.0,0.12260259428101548,14294000.0,39978000.0,0.09031188299982379,1.49,1.49,26830872,26830872,https://www.sec.gov/Archives/edgar/data/230557/000023055706000062/0000230557-06-000062-index.htm,https://www.sec.gov/Archives/edgar/data/230557/000023055706000062/selective1stqtr10q20061.htm,1620597846,18:04:06,20210509
57,2005-12-31,SGZA,USD,2006-03-01,2006-03-01 14:36:21,Q4,47501000.0,0.0,47501000.0,1.0,0.0,0.0,0.0,14509000.0,0.0,0.0,-17582000.0,5686000.0,3052000.0,0.06425127892044379,-2634000.0,-0.05545146417970148,106000.0,25168000.0,0.5298414770215364,0.0,148493000.0,3.1261026083661396,5.4309,5.4309,27342239,27342239,https://www.sec.gov/Archives/edgar/data/230557/000023055706000036/0000230557-06-000036-index.htm,https://www.sec.gov/Archives/edgar/data/230557/000023055706000036/annualreport200510k.htm,1620597846,18:04:06,20210509
58,2005-09-30,SGZA,USD,2005-10-28,2005-10-28 15:29:00,Q3,430566000.0,0.0,430566000.0,1.0,0.0,0.0,0.0,3747000.0,0.0,0.0,-3983000.0,5438000.0,59644000.0,0.13852463966035405,54206000.0,0.12589475248858478,1053000.0,54206000.0,0.12589475248858478,14930000.0,39276000.0,0.09121946461169717,1.43646,1.43646,27342239,27342239,https://www.sec.gov/Archives/edgar/data/230557/000023055705000114/0000230557-05-000114-index.htm,https://www.sec.gov/Archives/edgar/data/230557/000023055705000114/selective10q3q05.htm,1620597846,18:04:06,20210509
59,2005-06-30,SGZA,USD,2005-08-05,2005-08-05 14:25:53,Q2,414359000.0,0.0,414359000.0,1.0,0.0,0.0,0.0,5735000.0,0.0,0.0,-4288000.0,5340000.0,49517000.0,0.11950265349612292,44177000.0,0.10661527805598527,904000.0,44177000.0,0.10661527805598527,11604000.0,32078000.0,0.07741596055594303,1.17154,1.17154,27381124,27381124,https://www.sec.gov/Archives/edgar/data/230557/000023055705000093/0000230557-05-000093-index.htm,https://www.sec.gov/Archives/edgar/data/230557/000023055705000093/selective10q2q05.htm,1620597846,18:04:06,20210509
60,2005-03-31,SGZA,USD,2005-05-05,2005-05-05 16:42:26,Q1,408306000.0,0.0,408306000.0,1.0,0.0,0.0,0.0,3433000.0,0.0,0.0,-4377000.0,4916000.0,54276000.0,0.13292971447884674,49360000.0,0.12088972486321534,854000.0,49360000.0,0.12088972486321534,13754000.0,36101000.0,0.0884165307392005,1.31,1.31,27558015,27558015,https://www.sec.gov/Archives/edgar/data/230557/000023055705000077/0000230557-05-000077-index.htm,https://www.sec.gov/Archives/edgar/data/230557/000023055705000077/selective10q1q05.htm,1620597846,18:04:06,20210509
61,2004-12-31,SGZA,USD,2005-03-02,2005-03-02 17:24:19,Q4,39672000.0,0.0,39672000.0,1.0,0.0,0.0,0.0,9971000.0,0.0,0.0,-15466000.0,4683000.0,28108000.0,0.7085097801976205,23425000.0,0.590466827989514,108000.0,23425000.0,0.590466827989514,0.0,128639000.0,3.2425640250050414,4.76811,4.76811,26979047,26979047,https://www.sec.gov/Archives/edgar/data/230557/000023055705000063/0000230557-05-000063-index.htm,https://www.sec.gov/Archives/edgar/data/230557/000023055705000063/selective10k2004.htm,1620597846,18:04:06,20210509
62,2004-09-30,SGZA,USD,2004-11-05,2004-11-05 17:22:32,Q3,14050000.0,0.0,14050000.0,1.0,0.0,0.0,0.0,-501000.0,0.0,0.0,307000.0,4061000.0,281000.0,0.02,-3780000.0,-0.2690391459074733,-252000.0,-3780000.0,-0.2690391459074733,-3234000.0,-546000.0,-0.038861209964412814,-0.02024,-0.02024,26979047,26979047,https://www.sec.gov/Archives/edgar/data/230557/000023055704000177/0000230557-04-000177-index.htm,https://www.sec.gov/Archives/edgar/data/230557/000023055704000177/selective10q3rdqtr2004.htm,1620597846,18:04:06,20210509
