,date,symbol,reportedCurrency,fillingDate,acceptedDate,period,revenue,costOfRevenue,grossProfit,grossProfitRatio,researchAndDevelopmentExpenses,generalAndAdministrativeExpenses,sellingAndMarketingExpenses,otherExpenses,operatingExpenses,costAndExpenses,interestExpense,depreciationAndAmortization,ebitda,ebitdaratio,operatingIncome,operatingIncomeRatio,totalOtherIncomeExpensesNet,incomeBeforeTax,incomeBeforeTaxRatio,incomeTaxExpense,netIncome,netIncomeRatio,eps,epsdiluted,weightedAverageShsOut,weightedAverageShsOutDil,link,finalLink,timestamp,est_time,est_date
0,2020-12-31,DNB,USD,2021-02-25,2021-02-25 11:51:59,Q4,480100000,0.0,480100000.0,1.0,0.0,156600000.0,426000000.0,63000000.0,434000000,434000000,49300000,135900000,182000000,0.3790876900645699,46100000.0,0.09602166215371798,11600000.0,8500000.0,0.01770464486565299,600000.0,7000000.0,0.014580295771714226,0.016839066634592254,0.016839066634592254,415700000,415700000,https://www.sec.gov/Archives/edgar/data/1799208/000179920821000013/0001799208-21-000013-index.htm,https://www.sec.gov/Archives/edgar/data/1799208/000179920821000013/dnb-20201231.htm,1620591198,16:13:18,20210509
1,2020-09-30,DNB,USD,2020-11-05,2020-09-30,Q3,442100000,0.0,442100000.0,1.0,0.0,900000.0,131000000.0,-9500000.0,392000000,392000000,60800000,134100000,184200000,0.4166478172359195,50100000.0,0.1133227776521149,-14400000.0,-24900000.0,-0.05632209907260801,-9300000.0,-17000000.0,-0.03845283872427053,-0.04,-0.04,415700000,415700000,https://www.sec.gov/Archives/edgar/data/1799208/000179920820000031/0001799208-20-000031-index.htm,https://www.sec.gov/Archives/edgar/data/1799208/000179920820000031/dnb-20200930.htm,1620591198,16:13:18,20210509
2,2020-06-30,DNB,USD,2020-08-06,2020-08-06,Q2,420600000,0.0,0.0,0.0,0.0,143400000.0,0.0,-20100000.0,415200000,415200000,78000000,132600000,138000000,0.3281027104136947,5400000.0,0.012838801711840228,-129500000.0,-201900000.0,-0.48002853067047074,-27500000.0,-175000000.0,-0.4160722776985259,-0.51704,-0.51704,411255940,411255940,https://www.sec.gov/Archives/edgar/data/1799208/000179920820000007/0001799208-20-000007-index.htm,https://www.sec.gov/ix?doc=/Archives/edgar/data/1799208/000179920820000007/dnb-20200630.htm,1620591198,16:13:18,20210509
3,2020-03-31,DNB,USD,2020-03-31,2020-03-31,Q1,395300000,0.0,0.0,0.0,0.0,125900000.0,0.0,20200000.0,399100000,399100000,83000000,134300000,130500000,0.33012901593726285,-3800000.0,-0.009612952188211486,85500000.0,-1000000.0,-0.0025297242600556538,-74300000.0,73500000.0,0.18593473311409056,0.023,0.023,411300000,411300000,,,1620591198,16:13:18,20210509
4,2019-12-31,DNB,USD,2019-12-31,2019-12-31,Q4,432700000,0.0,0.0,0.0,0.0,158900000.0,0.0,-1000000.0,432000000,432000000,82900000,141800000,142500000,0.32932747862260225,700000.0,0.0016177490177952392,-181100000.0,-263000000.0,-0.6078114166859255,-34100000.0,-231300000.0,-0.5345504968800555,-0.562363238512035,-0.562363238512035,411300000,411300000,,,1620591198,16:13:18,20210509
5,2019-09-30,DNB,USD,2019-09-30,2019-09-30,Q3,408200000,0.0,0.0,0.0,0.0,152700000.0,0.0,6300000.0,401000000,401000000,85600000,123300000,130500000,0.31969622733953945,7200000.0,0.017638412542871143,-1900000.0,-79800000.0,-0.1954924056834885,-24000000.0,-56700000.0,-0.13890249877511024,-0.215901,-0.215901,411300000,411300000,,,1620591198,16:13:18,20210509
6,2019-06-30,DNB,USD,2019-06-30,2019-06-30,Q2,398900000,0.0,0.0,0.0,0.0,126000000.0,0.0,8100000.0,390600000,390600000,86000000,136800000,145100000,0.3637503133617448,8300000.0,0.02080721985460015,-9300000.0,-86400000.0,-0.2165956380045124,-23100000.0,-62000000.0,-0.15542742541990473,-0.228544,-0.228544,411300000,411300000,,,1620591198,16:13:18,20210509
7,2019-03-31,DNB,USD,2019-03-31,2019-03-31,Q1,174100000,0.0,0.0,0.0,0.0,213700000.0,0.0,4200000.0,358500000,358500000,49100000,80500000,-103900000,-0.5967834577828834,-184400000.0,-1.0591614014933945,-14300000.0,-246700000.0,-1.4170017231476164,-37000000.0,-210000000.0,-1.2062033314187248,-0.554097,-0.554097,411300000,411300000,,,1620591198,16:13:18,20210509
