,date,symbol,reportedCurrency,fillingDate,acceptedDate,period,revenue,costOfRevenue,grossProfit,grossProfitRatio,researchAndDevelopmentExpenses,generalAndAdministrativeExpenses,sellingAndMarketingExpenses,otherExpenses,operatingExpenses,costAndExpenses,interestExpense,depreciationAndAmortization,ebitda,ebitdaratio,operatingIncome,operatingIncomeRatio,totalOtherIncomeExpensesNet,incomeBeforeTax,incomeBeforeTaxRatio,incomeTaxExpense,netIncome,netIncomeRatio,eps,epsdiluted,weightedAverageShsOut,weightedAverageShsOutDil,link,finalLink,timestamp,est_time,est_date
0,2020-12-31,RADAAN.NS,INR,2020-12-31,2020-12-31,Q4,41390081.0,40892453,497628.0,0.012022880554401427,0.0,0.0,0.0,0.0,7899105.0,48791558,3737696.0,1180386.0,-6221091.0,-0.15030390977007269,-7401477.0,-0.1788224816472333,0.0,-11139174.0,-0.26912665379901046,687701.0,-11826875.0,-0.28574176986993577,-0.22,-0.22,53758523,53758523,https://www.nseindia.com/companies-listing/corporate-filings-annual-reports,https://www.nseindia.com/companies-listing/corporate-filings-annual-reports,1620597047,17:50:47,20210509
1,2020-09-30,RADAAN.NS,INR,2020-09-30,2020-09-30,Q3,16266172.0,31443167,-15176995.0,-0.933040361309348,0.0,0.0,0.0,42496.0,6785335.0,38228502,3970418.0,1188657.0,-20773673.0,-1.2771088981476404,-21962330.0,-1.3501842965880355,0.0,-25890253.0,-1.5916623161245314,695973.0,-26586226.0,-1.6344488426656254,-0.49,-0.49,54257604,54257604,https://www.nseindia.com/companies-listing/corporate-filings-annual-reports,https://www.nseindia.com/companies-listing/corporate-filings-annual-reports,1620597047,17:50:47,20210509
2,2020-06-30,RADAAN.NS,INR,2020-06-30,2020-06-30,Q2,1862015.0,11060630,-9198615.0,-4.940140117023762,0.0,0.0,0.0,0.0,6236911.0,17297541,3522370.0,1214005.0,-14221521.0,-7.637704852001729,-15435526.0,-8.289689395627855,0.0,-18957896.0,-10.181387367985756,704245.0,-19662141.0,-10.559603977411568,-0.36,-0.36,54617058,54617058,https://www.nseindia.com/companies-listing/corporate-filings-annual-reports,https://www.nseindia.com/companies-listing/corporate-filings-annual-reports,1620597047,17:50:47,20210509
3,2019-12-31,RADAAN.NS,INR,2019-12-31,2019-12-31,Q4,17778689.0,15298958,2479731.0,0.13947771964513245,0.0,0.0,0.0,30290.0,8251866.0,23550824,2836082.0,757420.0,-5014715.0,-0.28206326124496583,-5772135.0,-0.3246659525907675,0.0,-8577927.0,-0.48248366344672544,757311.0,-9335238.0,-0.525080223856776,-0.17,-0.17,54913165,54913165,https://www.nseindia.com/companies-listing/corporate-filings-annual-reports,https://www.nseindia.com/companies-listing/corporate-filings-annual-reports,1620597047,17:50:47,20210509
4,2019-09-30,RADAAN.NS,INR,2019-09-30,2019-09-30,Q3,18232626.0,20062701,-1830075.0,-0.10037363789505692,0.0,0.0,0.0,29769.0,9503354.0,29566055,2513809.0,998850.0,-10334579.0,-0.5668179120221081,-11333429.0,-0.6216015729165947,0.0,-13817469.0,-0.7578430556300557,852176.0,-14669645.0,-0.8045821265680544,-0.27,-0.27,54332019,54332019,https://www.nseindia.com/companies-listing/corporate-filings-annual-reports,https://www.nseindia.com/companies-listing/corporate-filings-annual-reports,1620597047,17:50:47,20210509
5,2019-06-30,RADAAN.NS,INR,2019-06-30,2019-06-30,Q2,33935009.0,49689517,-15754508.0,-0.4642553063710695,0.0,0.0,0.0,45505.0,10025247.0,59714764,2964359.0,1121246.0,-24658509.0,-0.7266392356047409,-25779755.0,-0.7596802169700323,0.0,-28698609.0,-0.845693277995005,677594.0,-29376203.0,-0.8656606809799284,-0.54,-0.54,54400376,54400376,https://www.nseindia.com/companies-listing/corporate-filings-annual-reports,https://www.nseindia.com/companies-listing/corporate-filings-annual-reports,1620597047,17:50:47,20210509
6,2019-03-31,RADAAN.NS,INR,2019-03-31,2019-03-31,Q1,72134849.0,139072899,-66938050.0,-0.9279571653362718,0.0,0.0,0.0,-829012.0,11841932.0,150914831,3029905.0,1138194.0,-77641788.0,-1.0763422822164639,-78779982.0,-1.0921209802490888,0.0,-81900871.0,-1.1353856303213443,547091.0,-82447962.0,-1.142969911810587,-1.5195651101733132,-1.5195651101733132,54257604,54257604,https://www.nseindia.com/companies-listing/corporate-filings-annual-reports,https://www.nseindia.com/companies-listing/corporate-filings-annual-reports,1620597047,17:50:47,20210509
7,2018-12-31,RADAAN.NS,INR,2018-12-31,2018-12-31,Q4,69525064.0,52139090,17385974.0,0.25006771658635224,0.0,0.0,0.0,89272.0,13036708.0,65175798,2884911.0,1199494.0,5548760.0,0.07980949143750518,4349266.0,0.06255680685169883,0.0,1553627.0,0.022346286513306914,651296.0,902331.0,0.01297849937973448,0.02,0.02,45116550,45116550,https://www.nseindia.com/companies-listing/corporate-filings-annual-reports,https://www.nseindia.com/companies-listing/corporate-filings-annual-reports,1620597047,17:50:47,20210509
8,2018-09-30,RADAAN.NS,INR,2018-09-30,2018-09-30,Q3,68684179.0,52669211,16014968.0,0.23316822350020375,0.0,0.0,0.0,461561.0,12015703.0,64684914,3385645.0,1380145.0,5379410.0,0.07832094782700977,3999265.0,0.05822687346965303,0.0,1075181.0,0.0156539834304491,258081.0,817100.0,0.011896480556315597,0.02,0.02,40855000,40855000,https://www.nseindia.com/companies-listing/corporate-filings-annual-reports,https://www.nseindia.com/companies-listing/corporate-filings-annual-reports,1620597047,17:50:47,20210509
9,2018-06-30,RADAAN.NS,INR,2018-06-30,2018-06-30,Q2,70030798.0,54857959,15172839.0,0.2166595188591168,0.0,0.0,0.0,409846.0,11612966.0,66470925,2438951.0,1429582.0,4989455.0,0.0712465821109164,3559873.0,0.05083296351985022,0.0,1530768.0,0.021858497171487322,540875.0,989893.0,0.014135109527096922,0.02,0.02,49494650,49494650,https://www.nseindia.com/companies-listing/corporate-filings-annual-reports,https://www.nseindia.com/companies-listing/corporate-filings-annual-reports,1620597047,17:50:47,20210509
10,2017-06-30,RADAAN.NS,INR,2017-06-30,2017-06-30,Q2,74125764.0,57103417,17022347.0,0.2296414374899394,0.0,0.0,0.0,0.0,11359108.0,68462525,3043876.0,1495803.0,7159042.0,0.09657967235251701,5663239.0,0.07640041322204787,0.0,2619363.0,0.03533674202669938,202735.0,2416628.0,0.03260172805773712,0.04,0.04,60415700,60415700,https://www.nseindia.com/companies-listing/corporate-filings-annual-reports,https://www.nseindia.com/companies-listing/corporate-filings-annual-reports,1620597047,17:50:47,20210509
11,2016-06-30,RADAAN.NS,INR,2016-06-30,2016-06-30,Q2,83566470.0,67501668,16064802.0,0.1922398062285029,0.0,0.0,0.0,0.0,10386761.0,77888429,3025644.0,1368334.0,7046375.0,0.08432060131294286,5678041.0,0.06794640242671493,0.0,2652397.0,0.03173996699872569,214400.0,2437997.0,0.029174344686331732,0.05,0.05,48759940,48759940,https://www.nseindia.com/companies-listing/corporate-filings-annual-reports,https://www.nseindia.com/companies-listing/corporate-filings-annual-reports,1620597047,17:50:47,20210509
12,2014-09-30,RADAAN.NS,INR,2014-09-30,2014-09-30,Q3,79315000.0,66021000,13294000.0,0.16761016201222972,0.0,0.0,0.0,0.0,8750000.0,74771000,0.0,1716000.0,6260000.0,0.07892580218117633,4544000.0,0.05729055033726281,0.0,2044000.0,0.02577066128727227,0.0,2044000.0,0.02577066128727227,0.04,0.04,51100000,51100000,https://www.nseindia.com/companies-listing/corporate-filings-annual-reports,https://www.nseindia.com/companies-listing/corporate-filings-annual-reports,1620597047,17:50:47,20210509
13,2014-06-30,RADAAN.NS,INR,2014-06-30,2014-06-30,Q2,86028000.0,72096000,13932000.0,0.16194727298088996,0.0,0.0,0.0,0.0,9315000.0,81411000,0.0,1744000.0,6361000.0,0.07394104245129493,4617000.0,0.05366857302273678,0.0,2415000.0,0.028072255544706375,0.0,2415000.0,0.028072255544706375,0.04,0.04,60375000,60375000,https://www.nseindia.com/companies-listing/corporate-filings-annual-reports,https://www.nseindia.com/companies-listing/corporate-filings-annual-reports,1620597047,17:50:47,20210509
14,2014-03-31,RADAAN.NS,INR,2014-03-31,2014-03-31,Q1,110260936.0,80799884,29461052.0,0.2671939226055545,0.0,0.0,0.0,0.0,24839923.0,105639807,0.0,1717930.0,6339059.0,0.05749143105405889,4621129.0,0.0419108450158631,0.0,1755375.0,0.015920189540201257,-1251142.0,3006517.0,0.02726729074746835,0.055411901343819014,0.055411901343819014,54257604,54257604,https://www.nseindia.com/companies-listing/corporate-filings-annual-reports,https://www.nseindia.com/companies-listing/corporate-filings-annual-reports,1620597047,17:50:47,20210509
15,2013-12-31,RADAAN.NS,INR,2013-12-31,2013-12-31,Q4,66886000.0,56509000,10377000.0,0.15514457435038723,0.0,0.0,0.0,0.0,6422000.0,62931000,0.0,1524000.0,5479000.0,0.08191549801154202,3955000.0,0.05913046078402057,0.0,1255000.0,0.01876326884549831,0.0,1255000.0,0.01876326884549831,0.02,0.02,54161540,54161540,https://www.nseindia.com/companies-listing/corporate-filings-annual-reports,https://www.nseindia.com/companies-listing/corporate-filings-annual-reports,1620597047,17:50:47,20210509
16,2013-09-30,RADAAN.NS,INR,2013-09-30,2013-09-30,Q3,71081000.0,59539000,11542000.0,0.16237813199026463,0.0,0.0,0.0,0.0,6444000.0,65983000,0.0,1511000.0,6609000.0,0.09297843305524683,5098000.0,0.0717209943585487,0.0,2010000.0,0.028277598795740072,0.0,2010000.0,0.028277598795740072,0.04,0.04,54161540,54161540,https://www.nseindia.com/companies-listing/corporate-filings-annual-reports,https://www.nseindia.com/companies-listing/corporate-filings-annual-reports,1620597047,17:50:47,20210509
17,2013-06-30,RADAAN.NS,INR,2013-06-30,2013-06-30,Q2,68512000.0,62530000,5982000.0,0.08731317141522653,0.0,0.0,0.0,0.0,1488000.0,64018000,0.0,1448000.0,5942000.0,0.08672933208780943,4494000.0,0.0655943484353106,0.0,1829000.0,0.02669605324614666,0.0,1829000.0,0.02669605324614666,0.03,0.03,54161540,54161540,https://www.nseindia.com/companies-listing/corporate-filings-annual-reports,https://www.nseindia.com/companies-listing/corporate-filings-annual-reports,1620597047,17:50:47,20210509
18,2013-03-31,RADAAN.NS,INR,2013-03-31,2013-03-31,Q1,71277228.0,59366135,11911093.0,0.16710937467994688,0.0,0.0,0.0,0.0,4172155.0,63538290,0.0,1327306.0,9066244.0,0.12719692185560302,7738938.0,0.10857518196414709,0.0,4706415.0,0.06602971428686873,-1437914.0,6144329.0,0.08620325414450741,0.11324364783966502,0.11324364783966502,54257604,54257604,https://www.nseindia.com/companies-listing/corporate-filings-annual-reports,https://www.nseindia.com/companies-listing/corporate-filings-annual-reports,1620597047,17:50:47,20210509
19,2012-12-31,RADAAN.NS,INR,2012-12-31,2012-12-31,Q4,78851000.0,62160000,16691000.0,0.21167772127176573,0.0,0.0,0.0,0.0,11791000.0,73951000,0.0,1837000.0,6737000.0,0.08543962663758227,4900000.0,0.06214252197182027,0.0,1944000.0,0.0246540944312691,0.0,1944000.0,0.0246540944312691,0.04,0.04,54161540,54161540,https://www.nseindia.com/companies-listing/corporate-filings-annual-reports,https://www.nseindia.com/companies-listing/corporate-filings-annual-reports,1620597047,17:50:47,20210509
20,2012-09-30,RADAAN.NS,INR,2012-09-30,2012-09-30,Q3,89156000.0,71533000,17623000.0,0.197664767374041,0.0,0.0,0.0,0.0,12998000.0,84531000,0.0,3077000.0,7702000.0,0.08638790434743596,4625000.0,0.05187536452958859,0.0,1879000.0,0.021075418367804747,0.0,1879000.0,0.021075418367804747,0.03,0.03,54161540,54161540,https://www.nseindia.com/companies-listing/corporate-filings-annual-reports,https://www.nseindia.com/companies-listing/corporate-filings-annual-reports,1620597047,17:50:47,20210509
21,2012-06-30,RADAAN.NS,INR,2012-06-30,2012-06-30,Q2,80715000.0,63313000,17402000.0,0.21559809205228272,0.0,0.0,0.0,0.0,14311000.0,77624000,0.0,3948000.0,7039000.0,0.0872080778046212,3091000.0,0.038295236325342256,0.0,543000.0,0.006727374094034566,0.0,543000.0,0.006727374094034566,0.01,0.01,54161540,54161540,https://www.nseindia.com/companies-listing/corporate-filings-annual-reports,https://www.nseindia.com/companies-listing/corporate-filings-annual-reports,1620597047,17:50:47,20210509
22,2012-03-31,RADAAN.NS,INR,2012-03-31,2012-03-31,Q1,85728027.0,68213035,17514992.0,0.20430881956492478,0.0,0.0,0.0,0.0,13781718.0,81994753,0.0,4207532.0,7940806.0,0.09262788702695794,3733274.0,0.043547881954637775,0.0,2012025.0,0.023469862429004694,-392778.0,2404803.0,0.028051537917698724,0.0443219534721806,0.0443219534721806,54257604,54257604,https://www.nseindia.com/companies-listing/corporate-filings-annual-reports,https://www.nseindia.com/companies-listing/corporate-filings-annual-reports,1620597047,17:50:47,20210509
23,2011-12-31,RADAAN.NS,INR,2011-12-31,2011-12-31,Q4,104832000.0,83507000,21325000.0,0.20342071123321123,0.0,0.0,0.0,0.0,12518000.0,96025000,0.0,5471000.0,14278000.0,0.13619887057387056,8807000.0,0.08401060744810745,0.0,6730000.0,0.06419795482295482,0.0,6730000.0,0.06419795482295482,0.12,0.12,54161540,54161540,https://www.nseindia.com/companies-listing/corporate-filings-annual-reports,https://www.nseindia.com/companies-listing/corporate-filings-annual-reports,1620597047,17:50:47,20210509
