,date,symbol,reportedCurrency,fillingDate,acceptedDate,period,revenue,costOfRevenue,grossProfit,grossProfitRatio,researchAndDevelopmentExpenses,generalAndAdministrativeExpenses,sellingAndMarketingExpenses,otherExpenses,operatingExpenses,costAndExpenses,interestExpense,depreciationAndAmortization,ebitda,ebitdaratio,operatingIncome,operatingIncomeRatio,totalOtherIncomeExpensesNet,incomeBeforeTax,incomeBeforeTaxRatio,incomeTaxExpense,netIncome,netIncomeRatio,eps,epsdiluted,weightedAverageShsOut,weightedAverageShsOutDil,link,finalLink,timestamp,est_time,est_date
0,2019-06-30,UNAC.ME,RUB,2019-06-30,2019-06-30,Q2,87831750000,69610250000,18221500000,0.2074591477455476,2106250000,2412250000,4412500000,-702500000.0,100250000,93720750000,9885000000,9067250000,3178250000,0.0361856617908672,-5889000000,-0.06704864698699502,0.0,-15692500000,-0.1786654598137917,-568000000,-14417250000,-0.16414622274974597,-0.031621625150132095,-0.031621625150132095,455930077330,455930077330,http://www.cbr.ru/eng/search/?text=UNAC&category=Any&time=Any&dateFrom=&dateTo=,http://www.cbr.ru/eng/search/?text=UNAC&category=Any&time=Any&dateFrom=&dateTo=,1620599280,18:28:00,20210509
1,2019-03-31,UNAC.ME,RUB,2019-03-31,2019-03-31,Q1,87831750000,69610250000,18221500000,0.2074591477455476,2106250000,2412250000,4412500000,-702500000.0,100250000,93720750000,9885000000,9067250000,3178250000,0.0361856617908672,-5889000000,-0.06704864698699502,0.0,-15692500000,-0.1786654598137917,-568000000,-14417250000,-0.16414622274974597,-0.031621625150132095,-0.031621625150132095,455930077330,455930077330,http://www.cbr.ru/eng/search/?text=UNAC&category=Any&time=Any&dateFrom=&dateTo=,http://www.cbr.ru/eng/search/?text=UNAC&category=Any&time=Any&dateFrom=&dateTo=,1620599280,18:28:00,20210509
2,2019-01-31,UNAC.ME,RUB,2019-01-31,2019-01-31,Q1,87831750000,69610250000,18221500000,0.2074591477455476,2106250000,2412250000,4412500000,-702500000.0,100250000,93720750000,9885000000,9067250000,3178250000,0.0361856617908672,-5889000000,-0.06704864698699502,0.0,-15692500000,-0.1786654598137917,-568000000,-14417250000,-0.16414622274974597,-0.031621625150132095,-0.031621625150132095,455930077330,455930077330,http://www.cbr.ru/eng/search/?text=UNAC&category=Any&time=Any&dateFrom=&dateTo=,http://www.cbr.ru/eng/search/?text=UNAC&category=Any&time=Any&dateFrom=&dateTo=,1620599280,18:28:00,20210509
3,2018-06-30,UNAC.ME,RUB,2018-06-30,2018-06-30,Q2,102894500000,78857000000,24037500000,0.23361306969760287,29250000,10238500000,5547750000,-869500000.0,2192750000,95697000000,7613000000,5872250000,13069750000,0.12702088061072264,7197500000,0.069950288888133,0.0,-4670250000,-0.04538872340115361,-41750000,-4327500000,-0.04205764156490386,-0.0095,-0.0095,455930077330,455930077330,http://www.cbr.ru/eng/search/?text=UNAC&category=Any&time=Any&dateFrom=&dateTo=,http://www.cbr.ru/eng/search/?text=UNAC&category=Any&time=Any&dateFrom=&dateTo=,1620599280,18:28:00,20210509
4,2018-03-31,UNAC.ME,RUB,2018-03-31,2018-03-31,Q1,102894500000,78857000000,24037500000,0.23361306969760287,29250000,10238500000,5547750000,-869500000.0,2192750000,95697000000,7613000000,5872250000,13069750000,0.12702088061072264,7197500000,0.069950288888133,0.0,-4670250000,-0.04538872340115361,-41750000,-4327500000,-0.04205764156490386,-0.0095,-0.0095,455930077330,455930077330,http://www.cbr.ru/eng/search/?text=UNAC&category=Any&time=Any&dateFrom=&dateTo=,http://www.cbr.ru/eng/search/?text=UNAC&category=Any&time=Any&dateFrom=&dateTo=,1620599280,18:28:00,20210509
5,2018-01-31,UNAC.ME,RUB,2018-01-31,2018-01-31,Q1,102894500000,78857000000,24037500000,0.23361306969760287,29250000,10238500000,5547750000,-869500000.0,2192750000,95697000000,7613000000,5872250000,13069750000,0.12702088061072264,7197500000,0.069950288888133,0.0,-4670250000,-0.04538872340115361,-41750000,-4327500000,-0.04205764156490386,-0.0095,-0.0095,455930077330,455930077330,http://www.cbr.ru/eng/search/?text=UNAC&category=Any&time=Any&dateFrom=&dateTo=,http://www.cbr.ru/eng/search/?text=UNAC&category=Any&time=Any&dateFrom=&dateTo=,1620599280,18:28:00,20210509
6,2017-06-30,UNAC.ME,RUB,2017-06-30,2017-06-30,Q2,112945750000,89560000000,23385750000,0.2070529435591866,466000000,9489500000,7322500000,-818500000.0,-665500000,104950000000,7054500000,5464750000,13460500000,0.11917668438166111,7995750000,0.07079283638383914,0.0,-795750000,-0.007045417822273082,-141500000,-347750000,-0.003078911778442305,-0.00085,-0.00085,406422618993,406422618993,http://www.cbr.ru/eng/search/?text=UNAC&category=Any&time=Any&dateFrom=&dateTo=,http://www.cbr.ru/eng/search/?text=UNAC&category=Any&time=Any&dateFrom=&dateTo=,1620599280,18:28:00,20210509
7,2017-03-31,UNAC.ME,RUB,2017-03-31,2017-03-31,Q1,112945750000,89560000000,23385750000,0.2070529435591866,466000000,9489500000,7322500000,-818500000.0,-665500000,104950000000,7054500000,5464750000,13460500000,0.11917668438166111,7995750000,0.07079283638383914,0.0,-795750000,-0.007045417822273082,-141500000,-347750000,-0.003078911778442305,-0.00085,-0.00085,406422618993,406422618993,http://www.cbr.ru/eng/search/?text=UNAC&category=Any&time=Any&dateFrom=&dateTo=,http://www.cbr.ru/eng/search/?text=UNAC&category=Any&time=Any&dateFrom=&dateTo=,1620599280,18:28:00,20210509
8,2017-01-31,UNAC.ME,RUB,2017-01-31,2017-01-31,Q1,112945750000,89560000000,23385750000,0.2070529435591866,466000000,9489500000,7322500000,-818500000.0,-665500000,104950000000,7054500000,5464750000,13460500000,0.11917668438166111,7995750000,0.07079283638383914,0.0,-795750000,-0.007045417822273082,-141500000,-347750000,-0.003078911778442305,-0.00085,-0.00085,406422618993,406422618993,http://www.cbr.ru/eng/search/?text=UNAC&category=Any&time=Any&dateFrom=&dateTo=,http://www.cbr.ru/eng/search/?text=UNAC&category=Any&time=Any&dateFrom=&dateTo=,1620599280,18:28:00,20210509
9,2016-06-30,UNAC.ME,RUB,2016-06-30,2016-06-30,Q2,104231500000,84572250000,19659250000,0.1886114082594993,239500000,8872000000,6797000000,-1552750000.0,93500000,99010750000,9644500000,5035750000,10256500000,0.09840115512105266,5220750000,0.05008802521310736,0.0,-1269500000,-0.012179619404882401,-149250000,-624250000,-0.0059890724013374076,-0.0017,-0.0017,366818417110,366818417110,http://www.cbr.ru/eng/search/?text=UNAC&category=Any&time=Any&dateFrom=&dateTo=,http://www.cbr.ru/eng/search/?text=UNAC&category=Any&time=Any&dateFrom=&dateTo=,1620599280,18:28:00,20210509
10,2016-03-31,UNAC.ME,RUB,2016-03-31,2016-03-31,Q1,104231500000,84572250000,19659250000,0.1886114082594993,239500000,8872000000,6797000000,-1552750000.0,93500000,99010750000,9644500000,5035750000,10256500000,0.09840115512105266,5220750000,0.05008802521310736,0.0,-1269500000,-0.012179619404882401,-149250000,-624250000,-0.0059890724013374076,-0.0017,-0.0017,366818417110,366818417110,http://www.cbr.ru/eng/search/?text=UNAC&category=Any&time=Any&dateFrom=&dateTo=,http://www.cbr.ru/eng/search/?text=UNAC&category=Any&time=Any&dateFrom=&dateTo=,1620599280,18:28:00,20210509
11,2016-01-31,UNAC.ME,RUB,2016-01-31,2016-01-31,Q1,104231500000,84572250000,19659250000,0.1886114082594993,239500000,8872000000,6797000000,-1552750000.0,93500000,99010750000,9644500000,5035750000,10256500000,0.09840115512105266,5220750000,0.05008802521310736,0.0,-1269500000,-0.012179619404882401,-149250000,-624250000,-0.0059890724013374076,-0.0017,-0.0017,366818417110,366818417110,http://www.cbr.ru/eng/search/?text=UNAC&category=Any&time=Any&dateFrom=&dateTo=,http://www.cbr.ru/eng/search/?text=UNAC&category=Any&time=Any&dateFrom=&dateTo=,1620599280,18:28:00,20210509
12,2015-09-30,UNAC.ME,RUB,2015-09-30,2015-09-30,Q3,87960500000,76827000000,11133500000,0.1265738598575497,71250000,8570500000,3848500000,-1031750000.0,3361250000,92618000000,8468250000,5099500000,442000000,0.005024982804781692,-4657500000,-0.05294990364993378,0.0,-27250500000,-0.3098038324020441,-58750000,-20789750000,-0.23635324946993252,-0.090845,-0.090845,228848229000,228848229000,http://www.cbr.ru/eng/search/?text=UNAC&category=Any&time=Any&dateFrom=&dateTo=,http://www.cbr.ru/eng/search/?text=UNAC&category=Any&time=Any&dateFrom=&dateTo=,1620599280,18:28:00,20210509
13,2015-06-30,UNAC.ME,RUB,2015-06-30,2015-06-30,Q2,87960500000,76827000000,11133500000,0.1265738598575497,71250000,8570500000,3848500000,-1031750000.0,3361250000,92618000000,8468250000,5099500000,442000000,0.005024982804781692,-4657500000,-0.05294990364993378,0.0,-27250500000,-0.3098038324020441,-58750000,-20789750000,-0.23635324946993252,-0.090845,-0.090845,228848229000,228848229000,http://www.cbr.ru/eng/search/?text=UNAC&category=Any&time=Any&dateFrom=&dateTo=,http://www.cbr.ru/eng/search/?text=UNAC&category=Any&time=Any&dateFrom=&dateTo=,1620599280,18:28:00,20210509
14,2015-03-31,UNAC.ME,RUB,2015-03-31,2015-03-31,Q1,87960500000,76827000000,11133500000,0.1265738598575497,71250000,8570500000,3848500000,-1031750000.0,3361250000,92618000000,8468250000,5099500000,442000000,0.005024982804781692,-4657500000,-0.05294990364993378,0.0,-27250500000,-0.3098038324020441,-58750000,-20789750000,-0.23635324946993252,-0.090845,-0.090845,228848229000,228848229000,http://www.cbr.ru/eng/search/?text=UNAC&category=Any&time=Any&dateFrom=&dateTo=,http://www.cbr.ru/eng/search/?text=UNAC&category=Any&time=Any&dateFrom=&dateTo=,1620599280,18:28:00,20210509
15,2015-01-31,UNAC.ME,RUB,2015-01-31,2015-01-31,Q1,87960500000,76827000000,11133500000,0.1265738598575497,71250000,8570500000,3848500000,-1031750000.0,3361250000,92618000000,8468250000,5099500000,442000000,0.005024982804781692,-4657500000,-0.05294990364993378,0.0,-27250500000,-0.3098038324020441,-58750000,-20789750000,-0.23635324946993252,-0.090845,-0.090845,228848229000,228848229000,http://www.cbr.ru/eng/search/?text=UNAC&category=Any&time=Any&dateFrom=&dateTo=,http://www.cbr.ru/eng/search/?text=UNAC&category=Any&time=Any&dateFrom=&dateTo=,1620599280,18:28:00,20210509
16,2014-09-30,UNAC.ME,RUB,2014-09-30,2014-09-30,Q3,73634500000,61696500000,11938000000,0.16212509082019977,162750000,6659000000,1946250000,-302250000.0,-484250000,69893250000,5658250000,5446500000,9187750000,0.12477507146785814,3741250000,0.05080838465664872,0.0,-2975000000,-0.04040225709416102,438500000,-1972750000,-0.02679111014538022,-0.008975,-0.008975,219344894000,219344894000,http://www.cbr.ru/eng/search/?text=UNAC&category=Any&time=Any&dateFrom=&dateTo=,http://www.cbr.ru/eng/search/?text=UNAC&category=Any&time=Any&dateFrom=&dateTo=,1620599280,18:28:00,20210509
17,2014-06-30,UNAC.ME,RUB,2014-06-30,2014-06-30,Q2,73634500000,61696500000,11938000000,0.16212509082019977,162750000,6659000000,1946250000,-302250000.0,-484250000,69893250000,5658250000,5446500000,9187750000,0.12477507146785814,3741250000,0.05080838465664872,0.0,-2975000000,-0.04040225709416102,438500000,-1972750000,-0.02679111014538022,-0.008975,-0.008975,219344894000,219344894000,http://www.cbr.ru/eng/search/?text=UNAC&category=Any&time=Any&dateFrom=&dateTo=,http://www.cbr.ru/eng/search/?text=UNAC&category=Any&time=Any&dateFrom=&dateTo=,1620599280,18:28:00,20210509
18,2014-03-31,UNAC.ME,RUB,2014-03-31,2014-03-31,Q1,73634500000,61696500000,11938000000,0.16212509082019977,162750000,6659000000,1946250000,-302250000.0,-484250000,69893250000,5658250000,5446500000,9187750000,0.12477507146785814,3741250000,0.05080838465664872,0.0,-2975000000,-0.04040225709416102,438500000,-1972750000,-0.02679111014538022,-0.008975,-0.008975,219344894000,219344894000,http://www.cbr.ru/eng/search/?text=UNAC&category=Any&time=Any&dateFrom=&dateTo=,http://www.cbr.ru/eng/search/?text=UNAC&category=Any&time=Any&dateFrom=&dateTo=,1620599280,18:28:00,20210509
19,2014-01-31,UNAC.ME,RUB,2014-01-31,2014-01-31,Q1,73634500000,61696500000,11938000000,0.16212509082019977,162750000,6659000000,1946250000,-302250000.0,-484250000,69893250000,5658250000,5446500000,9187750000,0.12477507146785814,3741250000,0.05080838465664872,0.0,-2975000000,-0.04040225709416102,438500000,-1972750000,-0.02679111014538022,-0.008975,-0.008975,219344894000,219344894000,http://www.cbr.ru/eng/search/?text=UNAC&category=Any&time=Any&dateFrom=&dateTo=,http://www.cbr.ru/eng/search/?text=UNAC&category=Any&time=Any&dateFrom=&dateTo=,1620599280,18:28:00,20210509
20,2013-09-30,UNAC.ME,RUB,2013-09-30,2013-09-30,Q3,55016250000,43916000000,11100250000,0.20176311544316453,92500000,6377750000,2999250000,-259750000.0,254250000,53480750000,4253250000,4021250000,5556750000,0.10100197668870561,1535500000,0.02790993570081567,0.0,-3208000000,-0.058310044759502876,-105500000,-2183250000,-0.03968372980710245,-0.00995,-0.00995,219344894000,219344894000,http://www.cbr.ru/eng/search/?text=UNAC&category=Any&time=Any&dateFrom=&dateTo=,http://www.cbr.ru/eng/search/?text=UNAC&category=Any&time=Any&dateFrom=&dateTo=,1620599280,18:28:00,20210509
21,2013-06-30,UNAC.ME,RUB,2013-06-30,2013-06-30,Q2,55016250000,43916000000,11100250000,0.20176311544316453,92500000,6377750000,2999250000,-259750000.0,254250000,53480750000,4253250000,4021250000,5556750000,0.10100197668870561,1535500000,0.02790993570081567,0.0,-3208000000,-0.058310044759502876,-105500000,-2183250000,-0.03968372980710245,-0.00995,-0.00995,219344894000,219344894000,http://www.cbr.ru/eng/search/?text=UNAC&category=Any&time=Any&dateFrom=&dateTo=,http://www.cbr.ru/eng/search/?text=UNAC&category=Any&time=Any&dateFrom=&dateTo=,1620599280,18:28:00,20210509
22,2013-03-31,UNAC.ME,RUB,2013-03-31,2013-03-31,Q1,55016250000,43916000000,11100250000,0.20176311544316453,92500000,6377750000,2999250000,-259750000.0,254250000,53480750000,4253250000,4021250000,5556750000,0.10100197668870561,1535500000,0.02790993570081567,0.0,-3208000000,-0.058310044759502876,-105500000,-2183250000,-0.03968372980710245,-0.00995,-0.00995,219344894000,219344894000,http://www.cbr.ru/eng/search/?text=UNAC&category=Any&time=Any&dateFrom=&dateTo=,http://www.cbr.ru/eng/search/?text=UNAC&category=Any&time=Any&dateFrom=&dateTo=,1620599280,18:28:00,20210509
23,2013-01-31,UNAC.ME,RUB,2013-01-31,2013-01-31,Q1,55016250000,43916000000,11100250000,0.20176311544316453,92500000,6377750000,2999250000,-259750000.0,254250000,53480750000,4253250000,4021250000,5556750000,0.10100197668870561,1535500000,0.02790993570081567,0.0,-3208000000,-0.058310044759502876,-105500000,-2183250000,-0.03968372980710245,-0.00995,-0.00995,219344894000,219344894000,http://www.cbr.ru/eng/search/?text=UNAC&category=Any&time=Any&dateFrom=&dateTo=,http://www.cbr.ru/eng/search/?text=UNAC&category=Any&time=Any&dateFrom=&dateTo=,1620599280,18:28:00,20210509
24,2012-09-30,UNAC.ME,RUB,2012-09-30,2012-09-30,Q3,42754750000,33783000000,8971750000,0.2098421812781036,31000000,5829750000,3980750000,-290000000.0,251000000,43761500000,3690500000,3028750000,2022000000,0.04729299083727539,-1006750000,-0.023547091258865973,0.0,-1767500000,-0.04134043585800408,-355000000,-204750000,-0.004788941579590571,-0.000977,-0.000977,209565484000,209565484000,http://www.cbr.ru/eng/search/?text=UNAC&category=Any&time=Any&dateFrom=&dateTo=,http://www.cbr.ru/eng/search/?text=UNAC&category=Any&time=Any&dateFrom=&dateTo=,1620599280,18:28:00,20210509
25,2012-06-30,UNAC.ME,RUB,2012-06-30,2012-06-30,Q2,42754750000,33783000000,8971750000,0.2098421812781036,31000000,5829750000,3980750000,-290000000.0,251000000,43761500000,3690500000,3028750000,2022000000,0.04729299083727539,-1006750000,-0.023547091258865973,0.0,-1767500000,-0.04134043585800408,-355000000,-204750000,-0.004788941579590571,-0.000977,-0.000977,209565484000,209565484000,http://www.cbr.ru/eng/search/?text=UNAC&category=Any&time=Any&dateFrom=&dateTo=,http://www.cbr.ru/eng/search/?text=UNAC&category=Any&time=Any&dateFrom=&dateTo=,1620599280,18:28:00,20210509
26,2012-03-31,UNAC.ME,RUB,2012-03-31,2012-03-31,Q1,42754750000,33783000000,8971750000,0.2098421812781036,31000000,5829750000,3980750000,-290000000.0,251000000,43761500000,3690500000,3028750000,2022000000,0.04729299083727539,-1006750000,-0.023547091258865973,0.0,-1767500000,-0.04134043585800408,-355000000,-204750000,-0.004788941579590571,-0.000977,-0.000977,209565484000,209565484000,http://www.cbr.ru/eng/search/?text=UNAC&category=Any&time=Any&dateFrom=&dateTo=,http://www.cbr.ru/eng/search/?text=UNAC&category=Any&time=Any&dateFrom=&dateTo=,1620599280,18:28:00,20210509
27,2012-01-31,UNAC.ME,RUB,2012-01-31,2012-01-31,Q1,42754750000,33783000000,8971750000,0.2098421812781036,31000000,5829750000,3980750000,-290000000.0,251000000,43761500000,3690500000,3028750000,2022000000,0.04729299083727539,-1006750000,-0.023547091258865973,0.0,-1767500000,-0.04134043585800408,-355000000,-204750000,-0.004788941579590571,-0.000977,-0.000977,209565484000,209565484000,http://www.cbr.ru/eng/search/?text=UNAC&category=Any&time=Any&dateFrom=&dateTo=,http://www.cbr.ru/eng/search/?text=UNAC&category=Any&time=Any&dateFrom=&dateTo=,1620599280,18:28:00,20210509
28,2011-09-30,UNAC.ME,RUB,2011-09-30,2011-09-30,Q3,40413250000,28579250000,11834000000,0.2928247542575764,167500000,5219000000,4571250000,20750000.0,1334500000,38946750000,3277250000,3136000000,4602500000,0.11388591612899235,1466500000,0.036287603694332926,0.0,-2202000000,-0.054487080351122465,767250000,-2166750000,-0.05361484166702752,-0.00987825,-0.00987825,219344894000,219344894000,http://www.cbr.ru/eng/search/?text=UNAC&category=Any&time=Any&dateFrom=&dateTo=,http://www.cbr.ru/eng/search/?text=UNAC&category=Any&time=Any&dateFrom=&dateTo=,1620599280,18:28:00,20210509
29,2011-06-30,UNAC.ME,RUB,2011-06-30,2011-06-30,Q2,40413250000,28579250000,11834000000,0.2928247542575764,167500000,5219000000,4571250000,20750000.0,1334500000,38946750000,3277250000,3136000000,4602500000,0.11388591612899235,1466500000,0.036287603694332926,0.0,-2202000000,-0.054487080351122465,767250000,-2166750000,-0.05361484166702752,-0.00987825,-0.00987825,219344894000,219344894000,http://www.cbr.ru/eng/search/?text=UNAC&category=Any&time=Any&dateFrom=&dateTo=,http://www.cbr.ru/eng/search/?text=UNAC&category=Any&time=Any&dateFrom=&dateTo=,1620599280,18:28:00,20210509
30,2011-03-31,UNAC.ME,RUB,2011-03-31,2011-03-31,Q1,40413250000,28579250000,11834000000,0.2928247542575764,167500000,5219000000,4571250000,20750000.0,1334500000,38946750000,3277250000,3136000000,4602500000,0.11388591612899235,1466500000,0.036287603694332926,0.0,-2202000000,-0.054487080351122465,767250000,-2166750000,-0.05361484166702752,-0.00987825,-0.00987825,219344894000,219344894000,http://www.cbr.ru/eng/search/?text=UNAC&category=Any&time=Any&dateFrom=&dateTo=,http://www.cbr.ru/eng/search/?text=UNAC&category=Any&time=Any&dateFrom=&dateTo=,1620599280,18:28:00,20210509
31,2011-01-31,UNAC.ME,RUB,2011-01-31,2011-01-31,Q1,40413250000,28579250000,11834000000,0.2928247542575764,167500000,5219000000,4571250000,20750000.0,1334500000,38946750000,3277250000,3136000000,4602500000,0.11388591612899235,1466500000,0.036287603694332926,0.0,-2202000000,-0.054487080351122465,767250000,-2166750000,-0.05361484166702752,-0.00987825,-0.00987825,219344894000,219344894000,http://www.cbr.ru/eng/search/?text=UNAC&category=Any&time=Any&dateFrom=&dateTo=,http://www.cbr.ru/eng/search/?text=UNAC&category=Any&time=Any&dateFrom=&dateTo=,1620599280,18:28:00,20210509
32,2010-09-30,UNAC.ME,RUB,2010-09-30,2010-09-30,Q3,35170500000,26060750000,9109750000,0.25901678963904406,743250000,4460500000,4021500000,0.0,772250000,35899750000,3533250000,2102250000,1373000000,0.03903839865796619,-729250000,-0.020734706643351673,0.0,-5015500000,-0.14260530842609573,26000000,-4736500000,-0.13467252384811135,-0.02159375,-0.02159375,219344894000,219344894000,http://www.cbr.ru/eng/search/?text=UNAC&category=Any&time=Any&dateFrom=&dateTo=,http://www.cbr.ru/eng/search/?text=UNAC&category=Any&time=Any&dateFrom=&dateTo=,1620599280,18:28:00,20210509
33,2010-06-30,UNAC.ME,RUB,2010-06-30,2010-06-30,Q2,35170500000,26060750000,9109750000,0.25901678963904406,743250000,4460500000,4021500000,0.0,772250000,35899750000,3533250000,2102250000,1373000000,0.03903839865796619,-729250000,-0.020734706643351673,0.0,-5015500000,-0.14260530842609573,26000000,-4736500000,-0.13467252384811135,-0.02159375,-0.02159375,219344894000,219344894000,http://www.cbr.ru/eng/search/?text=UNAC&category=Any&time=Any&dateFrom=&dateTo=,http://www.cbr.ru/eng/search/?text=UNAC&category=Any&time=Any&dateFrom=&dateTo=,1620599280,18:28:00,20210509
34,2010-03-31,UNAC.ME,RUB,2010-03-31,2010-03-31,Q1,35170500000,26060750000,9109750000,0.25901678963904406,743250000,4460500000,4021500000,0.0,772250000,35899750000,3533250000,2102250000,1373000000,0.03903839865796619,-729250000,-0.020734706643351673,0.0,-5015500000,-0.14260530842609573,26000000,-4736500000,-0.13467252384811135,-0.02159375,-0.02159375,219344894000,219344894000,http://www.cbr.ru/eng/search/?text=UNAC&category=Any&time=Any&dateFrom=&dateTo=,http://www.cbr.ru/eng/search/?text=UNAC&category=Any&time=Any&dateFrom=&dateTo=,1620599280,18:28:00,20210509
35,2010-01-31,UNAC.ME,RUB,2010-01-31,2010-01-31,Q1,35170500000,26060750000,9109750000,0.25901678963904406,743250000,4460500000,4021500000,0.0,772250000,35899750000,3533250000,2102250000,1373000000,0.03903839865796619,-729250000,-0.020734706643351673,0.0,-5015500000,-0.14260530842609573,26000000,-4736500000,-0.13467252384811135,-0.02159375,-0.02159375,219344894000,219344894000,http://www.cbr.ru/eng/search/?text=UNAC&category=Any&time=Any&dateFrom=&dateTo=,http://www.cbr.ru/eng/search/?text=UNAC&category=Any&time=Any&dateFrom=&dateTo=,1620599280,18:28:00,20210509
36,2009-09-30,UNAC.ME,RUB,2009-09-30,2009-09-30,Q3,24643000000,19120500000,5522500000,0.22410015014405713,359750000,3987500000,3732000000,0.0,822250000,27589750000,3111000000,1470500000,-1476250000,-0.059905449823479284,-2946750000,-0.11957756766627439,0.0,-7466000000,-0.3029663596153066,-536250000,-6496000000,-0.26360426896075967,-0.0296155,-0.0296155,219344894000,219344894000,http://www.cbr.ru/eng/search/?text=UNAC&category=Any&time=Any&dateFrom=&dateTo=,http://www.cbr.ru/eng/search/?text=UNAC&category=Any&time=Any&dateFrom=&dateTo=,1620599280,18:28:00,20210509
37,2009-06-30,UNAC.ME,RUB,2009-06-30,2009-06-30,Q2,24643000000,19120500000,5522500000,0.22410015014405713,359750000,3987500000,3732000000,0.0,822250000,27589750000,3111000000,1470500000,-1476250000,-0.059905449823479284,-2946750000,-0.11957756766627439,0.0,-7466000000,-0.3029663596153066,-536250000,-6496000000,-0.26360426896075967,-0.0296155,-0.0296155,219344894000,219344894000,http://www.cbr.ru/eng/search/?text=UNAC&category=Any&time=Any&dateFrom=&dateTo=,http://www.cbr.ru/eng/search/?text=UNAC&category=Any&time=Any&dateFrom=&dateTo=,1620599280,18:28:00,20210509
38,2009-03-31,UNAC.ME,RUB,2009-03-31,2009-03-31,Q1,24643000000,19120500000,5522500000,0.22410015014405713,359750000,3987500000,3732000000,0.0,822250000,27589750000,3111000000,1470500000,-1476250000,-0.059905449823479284,-2946750000,-0.11957756766627439,0.0,-7466000000,-0.3029663596153066,-536250000,-6496000000,-0.26360426896075967,-0.0296155,-0.0296155,219344894000,219344894000,http://www.cbr.ru/eng/search/?text=UNAC&category=Any&time=Any&dateFrom=&dateTo=,http://www.cbr.ru/eng/search/?text=UNAC&category=Any&time=Any&dateFrom=&dateTo=,1620599280,18:28:00,20210509
39,2009-01-31,UNAC.ME,RUB,2009-01-31,2009-01-31,Q1,24643000000,19120500000,5522500000,0.22410015014405713,359750000,3987500000,3732000000,0.0,822250000,27589750000,3111000000,1470500000,-1476250000,-0.059905449823479284,-2946750000,-0.11957756766627439,0.0,-7466000000,-0.3029663596153066,-536250000,-6496000000,-0.26360426896075967,-0.0296155,-0.0296155,219344894000,219344894000,http://www.cbr.ru/eng/search/?text=UNAC&category=Any&time=Any&dateFrom=&dateTo=,http://www.cbr.ru/eng/search/?text=UNAC&category=Any&time=Any&dateFrom=&dateTo=,1620599280,18:28:00,20210509
40,2007-09-30,UNAC.ME,RUB,2007-09-30,2007-09-30,Q3,19598500000,13562500000,6036000000,0.3079827537821772,177000000,2676750000,2305750000,0.0,457750000,18567000000,853000000,1056000000,2087500000,0.10651325356532387,1031500000,0.05263157894736842,0.0,489000000,0.024950889098655508,362750000,320750000,0.016366048422073117,0.00146225,0.00146225,219344894000,219344894000,http://www.cbr.ru/eng/search/?text=UNAC&category=Any&time=Any&dateFrom=&dateTo=,http://www.cbr.ru/eng/search/?text=UNAC&category=Any&time=Any&dateFrom=&dateTo=,1620599280,18:28:00,20210509
41,2007-06-30,UNAC.ME,RUB,2007-06-30,2007-06-30,Q2,19598500000,13562500000,6036000000,0.3079827537821772,177000000,2676750000,2305750000,0.0,457750000,18567000000,853000000,1056000000,2087500000,0.10651325356532387,1031500000,0.05263157894736842,0.0,489000000,0.024950889098655508,362750000,320750000,0.016366048422073117,0.00146225,0.00146225,219344894000,219344894000,http://www.cbr.ru/eng/search/?text=UNAC&category=Any&time=Any&dateFrom=&dateTo=,http://www.cbr.ru/eng/search/?text=UNAC&category=Any&time=Any&dateFrom=&dateTo=,1620599280,18:28:00,20210509
42,2007-03-31,UNAC.ME,RUB,2007-03-31,2007-03-31,Q1,19598500000,13562500000,6036000000,0.3079827537821772,177000000,2676750000,2305750000,0.0,457750000,18567000000,853000000,1056000000,2087500000,0.10651325356532387,1031500000,0.05263157894736842,0.0,489000000,0.024950889098655508,362750000,320750000,0.016366048422073117,0.00146225,0.00146225,219344894000,219344894000,http://www.cbr.ru/eng/search/?text=UNAC&category=Any&time=Any&dateFrom=&dateTo=,http://www.cbr.ru/eng/search/?text=UNAC&category=Any&time=Any&dateFrom=&dateTo=,1620599280,18:28:00,20210509
43,2007-01-31,UNAC.ME,RUB,2007-01-31,2007-01-31,Q1,19598500000,13562500000,6036000000,0.3079827537821772,177000000,2676750000,2305750000,0.0,457750000,18567000000,853000000,1056000000,2087500000,0.10651325356532387,1031500000,0.05263157894736842,0.0,489000000,0.024950889098655508,362750000,320750000,0.016366048422073117,0.00146225,0.00146225,219344894000,219344894000,http://www.cbr.ru/eng/search/?text=UNAC&category=Any&time=Any&dateFrom=&dateTo=,http://www.cbr.ru/eng/search/?text=UNAC&category=Any&time=Any&dateFrom=&dateTo=,1620599280,18:28:00,20210509
