,date,symbol,reportedCurrency,fillingDate,acceptedDate,period,revenue,costOfRevenue,grossProfit,grossProfitRatio,researchAndDevelopmentExpenses,generalAndAdministrativeExpenses,sellingAndMarketingExpenses,otherExpenses,operatingExpenses,costAndExpenses,interestExpense,depreciationAndAmortization,ebitda,ebitdaratio,operatingIncome,operatingIncomeRatio,totalOtherIncomeExpensesNet,incomeBeforeTax,incomeBeforeTaxRatio,incomeTaxExpense,netIncome,netIncomeRatio,eps,epsdiluted,weightedAverageShsOut,weightedAverageShsOutDil,link,finalLink,timestamp,est_time,est_date
0,2020-09-30,TYX.AX,AUD,2020-09-30,2020-09-30,Q3,0.0,0.0,0.0,0.0,0.0,6.5,716.0,18022.75,1733942.75,0.0,0.0,16097.25,-1734665.25,0.0,-1750762.5,0.0,15697.75,-1734988.0,0.0,0.0,-1734988.0,0.0,-0.0019331240695898636,-0.0019331240695898636,897504732,897504732,,,1620599180,18:26:20,20210509
1,2020-06-30,TYX.AX,AUD,2020-06-30,2020-06-30,Q2,0.0,0.0,0.0,0.0,0.0,6.5,716.0,18022.75,1733942.75,0.0,0.0,16097.25,-1734665.25,0.0,-1750762.5,0.0,15697.75,-1734988.0,0.0,0.0,-1734988.0,0.0,-0.0019331240695898636,-0.0019331240695898636,897504732,897504732,,,1620599180,18:26:20,20210509
2,2020-03-31,TYX.AX,AUD,2020-03-31,2020-03-31,Q1,0.0,0.0,0.0,0.0,0.0,6.5,716.0,18022.75,1733942.75,0.0,0.0,16097.25,-1734665.25,0.0,-1750762.5,0.0,15697.75,-1734988.0,0.0,0.0,-1734988.0,0.0,-0.0019331240695898636,-0.0019331240695898636,897504732,897504732,,,1620599180,18:26:20,20210509
3,2020-01-31,TYX.AX,AUD,2020-01-31,2020-01-31,Q1,0.0,0.0,0.0,0.0,0.0,6.5,716.0,18022.75,1733942.75,0.0,0.0,16097.25,-1734665.25,0.0,-1750762.5,0.0,15697.75,-1734988.0,0.0,0.0,-1734988.0,0.0,-0.0019331240695898636,-0.0019331240695898636,897504732,897504732,,,1620599180,18:26:20,20210509
4,2019-06-30,TYX.AX,AUD,2019-06-30,2019-06-30,Q2,0.0,0.0,0.0,0.0,0.0,212513.25,10005.75,-438727.5,615211.5,0.0,1834.75,63094.25,-837730.5,0.0,-900824.75,0.0,-1150296.5,-2051808.0,0.0,0.0,-2051808.0,0.0,-0.002275,-0.002275,897504732,897504732,,,1620599180,18:26:20,20210509
5,2019-03-31,TYX.AX,AUD,2019-03-31,2019-03-31,Q1,0.0,0.0,0.0,0.0,0.0,212513.25,10005.75,-438727.5,615211.5,0.0,1834.75,63094.25,-837730.5,0.0,-900824.75,0.0,-1150296.5,-2051808.0,0.0,0.0,-2051808.0,0.0,-0.002275,-0.002275,897504732,897504732,,,1620599180,18:26:20,20210509
6,2019-01-31,TYX.AX,AUD,2019-01-31,2019-01-31,Q1,0.0,0.0,0.0,0.0,0.0,212513.25,10005.75,-438727.5,615211.5,0.0,1834.75,63094.25,-837730.5,0.0,-900824.75,0.0,-1150296.5,-2051808.0,0.0,0.0,-2051808.0,0.0,-0.002275,-0.002275,897504732,897504732,,,1620599180,18:26:20,20210509
7,2018-06-30,TYX.AX,AUD,2018-06-30,2018-06-30,Q2,0.0,0.0,0.0,0.0,0.0,266653.5,14035.0,166003.75,633115.75,0.0,353.5,90819.0,-924604.25,0.0,-1015423.25,0.0,166003.75,-845426.75,0.0,-167559.75,-677867.0,0.0,-0.0012,-0.0012,570116082,570116082,,,1620599180,18:26:20,20210509
8,2018-03-31,TYX.AX,AUD,2018-03-31,2018-03-31,Q1,0.0,0.0,0.0,0.0,0.0,266653.5,14035.0,166003.75,633115.75,0.0,353.5,90819.0,-924604.25,0.0,-1015423.25,0.0,166003.75,-845426.75,0.0,-167559.75,-677867.0,0.0,-0.0012,-0.0012,570116082,570116082,,,1620599180,18:26:20,20210509
9,2018-01-31,TYX.AX,AUD,2018-01-31,2018-01-31,Q1,0.0,0.0,0.0,0.0,0.0,266653.5,14035.0,166003.75,633115.75,0.0,353.5,90819.0,-924604.25,0.0,-1015423.25,0.0,166003.75,-845426.75,0.0,-167559.75,-677867.0,0.0,-0.0012,-0.0012,570116082,570116082,,,1620599180,18:26:20,20210509
10,2017-06-30,TYX.AX,AUD,2017-06-30,2017-06-30,Q2,0.0,0.0,0.0,0.0,0.0,298278.5,19982.0,282.75,1315987.75,0.0,1599.5,91900.0,-1634248.25,0.0,-1726148.25,0.0,282.75,-1721734.0,0.0,-194183.25,-1527550.75,0.0,-0.00205,-0.00205,747015512,747015512,,,1620599180,18:26:20,20210509
11,2017-03-31,TYX.AX,AUD,2017-03-31,2017-03-31,Q1,0.0,0.0,0.0,0.0,0.0,298278.5,19982.0,282.75,1315987.75,0.0,1599.5,91900.0,-1634248.25,0.0,-1726148.25,0.0,282.75,-1721734.0,0.0,-194183.25,-1527550.75,0.0,-0.00205,-0.00205,747015512,747015512,,,1620599180,18:26:20,20210509
12,2017-01-31,TYX.AX,AUD,2017-01-31,2017-01-31,Q1,0.0,0.0,0.0,0.0,0.0,298278.5,19982.0,282.75,1315987.75,0.0,1599.5,91900.0,-1634248.25,0.0,-1726148.25,0.0,282.75,-1721734.0,0.0,-194183.25,-1527550.75,0.0,-0.00205,-0.00205,747015512,747015512,,,1620599180,18:26:20,20210509
13,2016-06-30,TYX.AX,AUD,2016-06-30,2016-06-30,Q2,0.0,0.0,0.0,0.0,0.0,233470.25,14050.5,587104.25,769266.5,0.0,19796.0,118207.25,-1016787.25,0.0,-1134994.5,0.0,449916.75,-704417.0,0.0,-303415.75,-401001.25,0.0,-0.001525,-0.001525,262394237,262394237,,,1620599180,18:26:20,20210509
14,2016-03-31,TYX.AX,AUD,2016-03-31,2016-03-31,Q1,0.0,0.0,0.0,0.0,0.0,233470.25,14050.5,587104.25,769266.5,0.0,19796.0,118207.25,-1016787.25,0.0,-1134994.5,0.0,449916.75,-704417.0,0.0,-303415.75,-401001.25,0.0,-0.001525,-0.001525,262394237,262394237,,,1620599180,18:26:20,20210509
15,2016-01-31,TYX.AX,AUD,2016-01-31,2016-01-31,Q1,0.0,0.0,0.0,0.0,0.0,233470.25,14050.5,587104.25,769266.5,0.0,19796.0,118207.25,-1016787.25,0.0,-1134994.5,0.0,449916.75,-704417.0,0.0,-303415.75,-401001.25,0.0,-0.001525,-0.001525,262394237,262394237,,,1620599180,18:26:20,20210509
16,2015-09-30,TYX.AX,AUD,2015-09-30,2015-09-30,Q3,0.0,0.0,0.0,0.0,0.0,331548.5,4304.5,1334571.25,827338.5,0.0,34306.75,80754.75,-1163191.5,0.0,-1243946.25,0.0,1202712.5,-68148.0,0.0,-1032186.5,964038.5,0.0,0.007525,0.007525,127917770,127917770,,,1620599180,18:26:20,20210509
17,2015-06-30,TYX.AX,AUD,2015-06-30,2015-06-30,Q2,0.0,0.0,0.0,0.0,0.0,331548.5,4304.5,1334571.25,827338.5,0.0,34306.75,80754.75,-1163191.5,0.0,-1243946.25,0.0,1202712.5,-68148.0,0.0,-1032186.5,964038.5,0.0,0.007525,0.007525,127917770,127917770,,,1620599180,18:26:20,20210509
18,2015-03-31,TYX.AX,AUD,2015-03-31,2015-03-31,Q1,0.0,0.0,0.0,0.0,0.0,331548.5,4304.5,1334571.25,827338.5,0.0,34306.75,80754.75,-1163191.5,0.0,-1243946.25,0.0,1202712.5,-68148.0,0.0,-1032186.5,964038.5,0.0,0.007525,0.007525,127917770,127917770,,,1620599180,18:26:20,20210509
19,2015-01-31,TYX.AX,AUD,2015-01-31,2015-01-31,Q1,0.0,0.0,0.0,0.0,0.0,331548.5,4304.5,1334571.25,827338.5,0.0,34306.75,80754.75,-1163191.5,0.0,-1243946.25,0.0,1202712.5,-68148.0,0.0,-1032186.5,964038.5,0.0,0.007525,0.007525,127917770,127917770,,,1620599180,18:26:20,20210509
20,2014-09-30,TYX.AX,AUD,2014-09-30,2014-09-30,Q3,0.0,0.0,0.0,0.0,0.0,550923.0,6738.75,0.0,5550439.0,0.0,4069.0,4441.75,-6108100.75,0.0,-6112542.5,0.0,-725295.0,-6818141.25,0.0,-803101.5,-6015039.75,0.0,-0.05575,-0.05575,107903871,107903871,,,1620599180,18:26:20,20210509
21,2014-06-30,TYX.AX,AUD,2014-06-30,2014-06-30,Q2,0.0,0.0,0.0,0.0,0.0,550923.0,6738.75,0.0,5550439.0,0.0,4069.0,4441.75,-6108100.75,0.0,-6112542.5,0.0,-725295.0,-6818141.25,0.0,-803101.5,-6015039.75,0.0,-0.05575,-0.05575,107903871,107903871,,,1620599180,18:26:20,20210509
22,2014-03-31,TYX.AX,AUD,2014-03-31,2014-03-31,Q1,0.0,0.0,0.0,0.0,0.0,550923.0,6738.75,0.0,5550439.0,0.0,4069.0,4441.75,-6108100.75,0.0,-6112542.5,0.0,-725295.0,-6818141.25,0.0,-803101.5,-6015039.75,0.0,-0.05575,-0.05575,107903871,107903871,,,1620599180,18:26:20,20210509
23,2014-01-31,TYX.AX,AUD,2014-01-31,2014-01-31,Q1,0.0,0.0,0.0,0.0,0.0,550923.0,6738.75,0.0,5550439.0,0.0,4069.0,4441.75,-6108100.75,0.0,-6112542.5,0.0,-725295.0,-6818141.25,0.0,-803101.5,-6015039.75,0.0,-0.05575,-0.05575,107903871,107903871,,,1620599180,18:26:20,20210509
24,2013-09-30,TYX.AX,AUD,2013-09-30,2013-09-30,Q3,0.0,0.0,0.0,0.0,0.0,363425.75,21499.75,15480.0,408996.0,0.0,43281.75,4642.0,-793921.5,0.0,-798563.5,0.0,-252719.5,-1019171.0,0.0,-1280998.25,261827.25,0.0,0.002425,0.002425,107903871,107903871,,,1620599180,18:26:20,20210509
25,2013-06-30,TYX.AX,AUD,2013-06-30,2013-06-30,Q2,0.0,0.0,0.0,0.0,0.0,363425.75,21499.75,15480.0,408996.0,0.0,43281.75,4642.0,-793921.5,0.0,-798563.5,0.0,-252719.5,-1019171.0,0.0,-1280998.25,261827.25,0.0,0.002425,0.002425,107903871,107903871,,,1620599180,18:26:20,20210509
26,2013-03-31,TYX.AX,AUD,2013-03-31,2013-03-31,Q1,0.0,0.0,0.0,0.0,0.0,363425.75,21499.75,15480.0,408996.0,0.0,43281.75,4642.0,-793921.5,0.0,-798563.5,0.0,-252719.5,-1019171.0,0.0,-1280998.25,261827.25,0.0,0.002425,0.002425,107903871,107903871,,,1620599180,18:26:20,20210509
27,2013-01-31,TYX.AX,AUD,2013-01-31,2013-01-31,Q1,0.0,0.0,0.0,0.0,0.0,363425.75,21499.75,15480.0,408996.0,0.0,43281.75,4642.0,-793921.5,0.0,-798563.5,0.0,-252719.5,-1019171.0,0.0,-1280998.25,261827.25,0.0,0.002425,0.002425,107903871,107903871,,,1620599180,18:26:20,20210509
28,2012-09-30,TYX.AX,AUD,2012-09-30,2012-09-30,Q3,0.0,0.0,0.0,0.0,0.0,384813.5,42344.0,0.0,269497.5,0.0,46886.25,761.0,-696655.0,0.0,-697416.0,0.0,0.0,-654460.25,0.0,-179190.5,-475269.75,0.0,-0.00555,-0.00555,85513462,85513462,,,1620599180,18:26:20,20210509
29,2012-06-30,TYX.AX,AUD,2012-06-30,2012-06-30,Q2,0.0,0.0,0.0,0.0,0.0,384813.5,42344.0,0.0,269497.5,0.0,46886.25,761.0,-696655.0,0.0,-697416.0,0.0,0.0,-654460.25,0.0,-179190.5,-475269.75,0.0,-0.00555,-0.00555,85513462,85513462,,,1620599180,18:26:20,20210509
30,2012-03-31,TYX.AX,AUD,2012-03-31,2012-03-31,Q1,0.0,0.0,0.0,0.0,0.0,384813.5,42344.0,0.0,269497.5,0.0,46886.25,761.0,-696655.0,0.0,-697416.0,0.0,0.0,-654460.25,0.0,-179190.5,-475269.75,0.0,-0.00555,-0.00555,85513462,85513462,,,1620599180,18:26:20,20210509
31,2012-01-31,TYX.AX,AUD,2012-01-31,2012-01-31,Q1,0.0,0.0,0.0,0.0,0.0,384813.5,42344.0,0.0,269497.5,0.0,46886.25,761.0,-696655.0,0.0,-697416.0,0.0,0.0,-654460.25,0.0,-179190.5,-475269.75,0.0,-0.00555,-0.00555,85513462,85513462,,,1620599180,18:26:20,20210509
32,2011-09-30,TYX.AX,AUD,2011-09-30,2011-09-30,Q3,0.0,0.0,0.0,0.0,0.0,170819.5,71211.75,0.0,114417.25,0.0,16759.25,19708.0,-356448.5,0.0,-376156.5,0.0,0.0,-317919.25,0.0,-175134.5,-142784.75,0.0,-0.0024,-0.0024,59301472,59301472,,,1620599180,18:26:20,20210509
33,2011-06-30,TYX.AX,AUD,2011-06-30,2011-06-30,Q2,0.0,0.0,0.0,0.0,0.0,170819.5,71211.75,0.0,114417.25,0.0,16759.25,19708.0,-356448.5,0.0,-376156.5,0.0,0.0,-317919.25,0.0,-175134.5,-142784.75,0.0,-0.0024,-0.0024,59301472,59301472,,,1620599180,18:26:20,20210509
34,2011-03-31,TYX.AX,AUD,2011-03-31,2011-03-31,Q1,0.0,0.0,0.0,0.0,0.0,170819.5,71211.75,0.0,114417.25,0.0,16759.25,19708.0,-356448.5,0.0,-376156.5,0.0,0.0,-317919.25,0.0,-175134.5,-142784.75,0.0,-0.0024,-0.0024,59301472,59301472,,,1620599180,18:26:20,20210509
35,2011-01-31,TYX.AX,AUD,2011-01-31,2011-01-31,Q1,0.0,0.0,0.0,0.0,0.0,170819.5,71211.75,0.0,114417.25,0.0,16759.25,19708.0,-356448.5,0.0,-376156.5,0.0,0.0,-317919.25,0.0,-175134.5,-142784.75,0.0,-0.0024,-0.0024,59301472,59301472,,,1620599180,18:26:20,20210509
36,2010-09-30,TYX.AX,AUD,2010-09-30,2010-09-30,Q3,0.0,0.0,0.0,0.0,0.0,119886.75,28620.75,0.0,131001.5,0.0,0.0,22875.5,-279509.0,0.0,-302384.5,0.0,0.0,-277448.0,0.0,-47018.5,-230429.5,0.0,-0.005525,-0.005525,41658854,41658854,,,1620599180,18:26:20,20210509
37,2010-06-30,TYX.AX,AUD,2010-06-30,2010-06-30,Q2,0.0,0.0,0.0,0.0,0.0,119886.75,28620.75,0.0,131001.5,0.0,0.0,22875.5,-279509.0,0.0,-302384.5,0.0,0.0,-277448.0,0.0,-47018.5,-230429.5,0.0,-0.005525,-0.005525,41658854,41658854,,,1620599180,18:26:20,20210509
38,2010-03-31,TYX.AX,AUD,2010-03-31,2010-03-31,Q1,0.0,0.0,0.0,0.0,0.0,119886.75,28620.75,0.0,131001.5,0.0,0.0,22875.5,-279509.0,0.0,-302384.5,0.0,0.0,-277448.0,0.0,-47018.5,-230429.5,0.0,-0.005525,-0.005525,41658854,41658854,,,1620599180,18:26:20,20210509
39,2010-01-31,TYX.AX,AUD,2010-01-31,2010-01-31,Q1,0.0,0.0,0.0,0.0,0.0,119886.75,28620.75,0.0,131001.5,0.0,0.0,22875.5,-279509.0,0.0,-302384.5,0.0,0.0,-277448.0,0.0,-47018.5,-230429.5,0.0,-0.005525,-0.005525,41658854,41658854,,,1620599180,18:26:20,20210509
40,2009-09-30,TYX.AX,AUD,2009-09-30,2009-09-30,Q3,0.0,0.0,0.0,0.0,0.0,-24106.5,33698.0,47273.5,56150.5,0.0,0.0,20898.0,-65742.0,0.0,-86640.0,0.0,44298.75,35518.75,0.0,0.0,35518.75,0.0,0.00089425,0.00089425,40261603,40261603,,,1620599180,18:26:20,20210509
41,2009-06-30,TYX.AX,AUD,2009-06-30,2009-06-30,Q2,0.0,0.0,0.0,0.0,0.0,-24106.5,33698.0,47273.5,56150.5,0.0,0.0,20898.0,-65742.0,0.0,-86640.0,0.0,44298.75,35518.75,0.0,0.0,35518.75,0.0,0.00089425,0.00089425,40261603,40261603,,,1620599180,18:26:20,20210509
42,2009-03-31,TYX.AX,AUD,2009-03-31,2009-03-31,Q1,0.0,0.0,0.0,0.0,0.0,-24106.5,33698.0,47273.5,56150.5,0.0,0.0,20898.0,-65742.0,0.0,-86640.0,0.0,44298.75,35518.75,0.0,0.0,35518.75,0.0,0.00089425,0.00089425,40261603,40261603,,,1620599180,18:26:20,20210509
43,2009-01-31,TYX.AX,AUD,2009-01-31,2009-01-31,Q1,0.0,0.0,0.0,0.0,0.0,-24106.5,33698.0,47273.5,56150.5,0.0,0.0,20898.0,-65742.0,0.0,-86640.0,0.0,44298.75,35518.75,0.0,0.0,35518.75,0.0,0.00089425,0.00089425,40261603,40261603,,,1620599180,18:26:20,20210509
44,2008-09-30,TYX.AX,AUD,2008-09-30,2008-09-30,Q3,227.25,0.0,227.25,1.0,0.0,499924.5,51216.5,0.0,200255.0,0.0,0.0,20348.0,-751168.75,-3305.4730473047307,-771516.75,-3395.013201320132,0.0,-525201.75,-2311.1188118811883,0.0,-525201.75,-2311.1188118811883,-0.01311425,-0.01311425,40040991,40040991,,,1620599180,18:26:20,20210509
45,2008-06-30,TYX.AX,AUD,2008-06-30,2008-06-30,Q2,227.25,0.0,227.25,1.0,0.0,499924.5,51216.5,0.0,200255.0,0.0,0.0,20348.0,-751168.75,-3305.4730473047307,-771516.75,-3395.013201320132,0.0,-525201.75,-2311.1188118811883,0.0,-525201.75,-2311.1188118811883,-0.01311425,-0.01311425,40040991,40040991,,,1620599180,18:26:20,20210509
46,2008-03-31,TYX.AX,AUD,2008-03-31,2008-03-31,Q1,227.25,0.0,227.25,1.0,0.0,499924.5,51216.5,0.0,200255.0,0.0,0.0,20348.0,-751168.75,-3305.4730473047307,-771516.75,-3395.013201320132,0.0,-525201.75,-2311.1188118811883,0.0,-525201.75,-2311.1188118811883,-0.01311425,-0.01311425,40040991,40040991,,,1620599180,18:26:20,20210509
47,2008-01-31,TYX.AX,AUD,2008-01-31,2008-01-31,Q1,227.25,0.0,227.25,1.0,0.0,499924.5,51216.5,0.0,200255.0,0.0,0.0,20348.0,-751168.75,-3305.4730473047307,-771516.75,-3395.013201320132,0.0,-525201.75,-2311.1188118811883,0.0,-525201.75,-2311.1188118811883,-0.01311425,-0.01311425,40040991,40040991,,,1620599180,18:26:20,20210509
