,date,symbol,reportedCurrency,fillingDate,acceptedDate,period,revenue,costOfRevenue,grossProfit,grossProfitRatio,researchAndDevelopmentExpenses,generalAndAdministrativeExpenses,sellingAndMarketingExpenses,otherExpenses,operatingExpenses,costAndExpenses,interestExpense,depreciationAndAmortization,ebitda,ebitdaratio,operatingIncome,operatingIncomeRatio,totalOtherIncomeExpensesNet,incomeBeforeTax,incomeBeforeTaxRatio,incomeTaxExpense,netIncome,netIncomeRatio,eps,epsdiluted,weightedAverageShsOut,weightedAverageShsOutDil,link,finalLink,timestamp,est_time,est_date
0,2020-09-30,CRT,USD,2020-11-06,2020-11-06,Q3,829258.0,0.0,0.0,0.0,0.0,215400.0,0.0,0.0,215400.0,215400.0,0.0,0.0,613858.0,0.7402497172170784,613858.0,0.7402497172170784,0.0,613992.0,0.7404113074579926,0.0,613992.0,0.7404113074579926,0.102332,0.102332,6000000.0,6000000.0,https://www.sec.gov/Archives/edgar/data/881787/000119312520287895/0001193125-20-287895-index.htm,https://www.sec.gov/Archives/edgar/data/881787/000119312520287895/d933355d10q.htm,1620590708,16:05:08,20210509
1,2020-06-30,CRT,USD,2020-08-10,2020-08-10 17:26:52,Q2,1255092.0,0.0,0.0,0.0,0.0,147450.0,0.0,0.0,147450.0,147450.0,0.0,0.0,1107642.0,0.8825185723437007,1107642.0,0.8825185723437007,0.0,1108992.0,0.8835941907047451,0.0,1108992.0,0.8835941907047451,0.184832,0.184832,6000000.0,6000000.0,https://www.sec.gov/Archives/edgar/data/881787/000119312520215072/0001193125-20-215072-index.htm,https://www.sec.gov/Archives/edgar/data/881787/000119312520215072/d98031d10q.htm,1620590708,16:05:08,20210509
2,2020-03-31,CRT,USD,2020-05-11 00:00:00,2020-05-11 15:40:06,Q1,2023519.0,0.0,0.0,0.0,0.0,218878.0,0.0,0.0,218878.0,218878.0,0.0,0.0,1804641.0,0.8918329899546286,1804641.0,0.8918329899546286,0.0,1808934.0,0.8939545415684261,0.0,1808934.0,0.8939545415684261,0.301489,0.301489,6000000.0,6000000.0,https://www.sec.gov/Archives/edgar/data/881787/000119312520138962/0001193125-20-138962-index.htm,https://www.sec.gov/Archives/edgar/data/881787/000119312520138962/d908256d10q.htm,1620590708,16:05:08,20210509
3,2019-12-31,CRT,USD,2020-03-12 00:00:00,2020-03-12 14:59:36,Q4,1468480.0,0.0,0.0,0.0,0.0,144398.0,0.0,0.0,144398.0,144398.0,0.0,0.0,1324082.0,0.9016683918064938,1324082.0,0.9016683918064938,0.0,1329186.0,0.9051440945739813,0.0,1329186.0,0.9051440945739813,0.221531,0.221531,6000000.0,6000000.0,https://www.sec.gov/Archives/edgar/data/881787/000119312520071453/0001193125-20-071453-index.html,https://www.sec.gov/Archives/edgar/data/881787/000119312520071453/d871205d10k.htm,1620590708,16:05:08,20210509
4,2019-09-30,CRT,USD,2019-11-08 00:00:00,2019-11-08 16:09:56,Q3,1272845.0,0.0,0.0,0.0,0.0,154308.0,0.0,0.0,154308.0,154308.0,0.0,0.0,1118537.0,0.8787692138477191,1118537.0,0.8787692138477191,0.0,1124874.0,0.8837478247547816,0.0,1124874.0,0.8837478247547816,0.187479,0.187479,6000000.0,6000000.0,https://www.sec.gov/Archives/edgar/data/881787/000119312519288363/0001193125-19-288363-index.html,https://www.sec.gov/Archives/edgar/data/881787/000119312519288363/d822975d10q.htm,1620590708,16:05:08,20210509
5,2019-06-30,CRT,USD,2019-08-07 00:00:00,2019-08-07 17:23:33,Q2,1857396.0,0.0,0.0,0.0,0.0,144365.0,0.0,0.0,144365.0,144365.0,0.0,0.0,1713031.0,0.9222755944343587,1713031.0,0.9222755944343587,0.0,1719888.0,0.9259673219927252,0.0,1719888.0,0.9259673219927252,0.286648,0.286648,6000000.0,6000000.0,https://www.sec.gov/Archives/edgar/data/881787/000119312519215515/0001193125-19-215515-index.html,https://www.sec.gov/Archives/edgar/data/881787/000119312519215515/d788265d10q.htm,1620590708,16:05:08,20210509
6,2019-03-31,CRT,USD,2019-05-09 00:00:00,2019-05-09 15:22:05,Q1,1335885.0,0.0,0.0,0.0,0.0,259572.0,0.0,0.0,259572.0,259572.0,0.0,0.0,1076313.0,0.8056928552981731,1076313.0,0.8056928552981731,0.0,1083084.0,0.8107614053604913,0.0,1083084.0,0.8107614053604913,0.180514,0.180514,6000000.0,6000000.0,https://www.sec.gov/Archives/edgar/data/881787/000119312519142882/0001193125-19-142882-index.html,https://www.sec.gov/Archives/edgar/data/881787/000119312519142882/d903646d10q.htm,1620590708,16:05:08,20210509
7,2018-12-31,CRT,USD,2019-03-12 00:00:00,2019-03-12 15:34:04,Q4,2265711.0,0.0,0.0,0.0,0.0,57653.0,0.0,0.0,57653.0,57653.0,0.0,0.0,2208058.0,0.9745541245110254,2208058.0,0.9745541245110254,0.0,2214312.0,0.9773144059414461,0.0,2214312.0,0.9773144059414461,0.369052,0.369052,6000000.0,6000000.0,https://www.sec.gov/Archives/edgar/data/881787/000119312519071868/0001193125-19-071868-index.html,https://www.sec.gov/Archives/edgar/data/881787/000119312519071868/d626684d10k.htm,1620590708,16:05:08,20210509
8,2018-09-30,CRT,USD,2018-11-06 00:00:00,2018-11-06 15:21:05,Q3,2257576.0,0.0,0.0,0.0,0.0,118614.0,0.0,0.0,118614.0,118614.0,0.0,0.0,2138962.0,0.9474595761117234,2138962.0,0.9474595761117234,0.0,2144706.0,0.9500038979861586,0.0,2144706.0,0.9500038979861586,0.357451,0.357451,6000000.0,6000000.0,https://www.sec.gov/Archives/edgar/data/881787/000119312518319468/0001193125-18-319468-index.html,https://www.sec.gov/Archives/edgar/data/881787/000119312518319468/d648228d10q.htm,1620590708,16:05:08,20210509
9,2018-06-30,CRT,USD,2018-08-06 00:00:00,2018-08-06 17:03:02,Q2,2333173.0,0.0,0.0,0.0,0.0,168660.0,0.0,0.0,168660.0,168660.0,0.0,0.0,2164513.0,0.9277121756509269,2164513.0,0.9277121756509269,0.0,2169228.0,0.9297330287981217,0.0,2169228.0,0.9297330287981217,0.361538,0.361538,6000000.0,6000000.0,https://www.sec.gov/Archives/edgar/data/881787/000119312518239816/0001193125-18-239816-index.html,https://www.sec.gov/Archives/edgar/data/881787/000119312518239816/d602399d10q.htm,1620590708,16:05:08,20210509
10,2018-03-31,CRT,USD,2018-05-10 00:00:00,2018-05-10 15:50:03,Q1,2277499.0,0.0,0.0,0.0,0.0,250679.0,0.0,0.0,250679.0,250679.0,0.0,0.0,2026820.0,0.8899323336695208,2026820.0,0.8899323336695208,0.0,2030280.0,0.8914515439962871,0.0,2030280.0,0.8914515439962871,0.33838,0.33838,6000000.0,6000000.0,https://www.sec.gov/Archives/edgar/data/881787/000119312518159150/0001193125-18-159150-index.html,https://www.sec.gov/Archives/edgar/data/881787/000119312518159150/d561753d10q.htm,1620590708,16:05:08,20210509
11,2017-12-31,CRT,USD,2018-03-12 00:00:00,2018-03-12 17:19:56,Q4,1689363.0,0.0,0.0,0.0,0.0,69764.0,0.0,0.0,69764.0,69764.0,0.0,0.0,1619599.0,0.9587039611972087,1619599.0,0.9587039611972087,-2789.0,1622388.0,0.960354879324337,0.0,1622388.0,0.960354879324337,0.270398,0.270398,6000000.0,6000000.0,https://www.sec.gov/Archives/edgar/data/881787/000119312518079455/0001193125-18-079455-index.html,https://www.sec.gov/Archives/edgar/data/881787/000119312518079455/d518137d10k.htm,1620590708,16:05:08,20210509
12,2017-09-30,CRT,USD,2017-11-06 00:00:00,2017-11-06 10:25:03,Q3,1674186.0,0.0,0.0,0.0,0.0,150045.0,0.0,0.0,150045.0,150045.0,0.0,0.0,1524141.0,0.9103773415857019,1524141.0,0.9103773415857019,-2289.0,1526430.0,0.9117445731836248,0.0,1526430.0,0.9117445731836248,0.254405,0.254405,6000000.0,6000000.0,https://www.sec.gov/Archives/edgar/data/881787/000119312517333764/0001193125-17-333764-index.html,https://www.sec.gov/Archives/edgar/data/881787/000119312517333764/d487048d10q.htm,1620590708,16:05:08,20210509
13,2017-06-30,CRT,USD,2017-08-04 00:00:00,2017-08-04 10:27:59,Q2,1633117.0,0.0,0.0,0.0,0.0,113097.0,0.0,0.0,113097.0,113097.0,0.0,0.0,1520020.0,0.9307477663878339,1520020.0,0.9307477663878339,-1532.0,1521552.0,0.9316858498197006,0.0,1521552.0,0.9316858498197006,0.253592,0.253592,6000000.0,6000000.0,https://www.sec.gov/Archives/edgar/data/881787/000119312517248314/0001193125-17-248314-index.html,https://www.sec.gov/Archives/edgar/data/881787/000119312517248314/d433398d10q.htm,1620590708,16:05:08,20210509
14,2017-03-31,CRT,USD,2017-05-05 00:00:00,2017-05-05 15:10:03,Q1,1624671.0,0.0,0.0,0.0,0.0,242238.0,0.0,0.0,242238.0,242238.0,0.0,0.0,1382433.0,0.8509002745786686,1382433.0,0.8509002745786686,-987.0,1383420.0,0.851507782190979,0.0,1383420.0,0.851507782190979,0.23057,0.23057,6000000.0,6000000.0,https://www.sec.gov/Archives/edgar/data/881787/000119312517160673/0001193125-17-160673-index.html,https://www.sec.gov/Archives/edgar/data/881787/000119312517160673/d383908d10q.htm,1620590708,16:05:08,20210509
15,2016-12-31,CRT,USD,2017-03-10 00:00:00,2017-03-10 12:38:02,Q4,1930990.0,0.0,0.0,0.0,0.0,44776.0,0.0,0.0,44776.0,44776.0,0.0,-163777.0,1722437.0,0.8919968513560401,1886214.0,0.9768118944168536,-22512.0,1908726.0,0.9884701629733971,0.0,1908726.0,0.9884701629733971,0.318121,0.318121,6000000.0,6000000.0,https://www.sec.gov/Archives/edgar/data/881787/000119312517078269/0001193125-17-078269-index.html,https://www.sec.gov/Archives/edgar/data/881787/000119312517078269/d339290d10k.htm,1620590708,16:05:08,20210509
16,2016-09-30,CRT,USD,2016-11-04 00:00:00,2016-11-04 11:27:02,Q3,1513537.0,0.0,0.0,0.0,0.0,88981.0,0.0,0.0,213981.0,213981.0,0.0,-124909.0,1174647.0,0.776094010255448,1299556.0,0.8586218903138807,-356.0,1299912.0,0.8588571009496299,0.0,1299912.0,0.8588571009496299,0.216652,0.216652,6000000.0,6000000.0,https://www.sec.gov/Archives/edgar/data/881787/000119312516759783/0001193125-16-759783-index.html,https://www.sec.gov/Archives/edgar/data/881787/000119312516759783/d271633d10q.htm,1620590708,16:05:08,20210509
17,2016-06-30,CRT,USD,2016-08-04 00:00:00,2016-08-04 14:51:56,Q2,1391073.0,0.0,0.0,0.0,0.0,116076.0,0.0,0.0,416076.0,416076.0,0.0,0.0,974997.0,0.7008956395530644,974997.0,0.7008956395530644,-183.0,975180.0,0.7010271926778825,0.0,975180.0,0.7010271926778825,0.16253,0.16253,6000000.0,6000000.0,https://www.sec.gov/Archives/edgar/data/881787/000119312516671594/0001193125-16-671594-index.html,https://www.sec.gov/Archives/edgar/data/881787/000119312516671594/d206112d10q.htm,1620590708,16:05:08,20210509
18,2016-03-31,CRT,USD,2016-05-05 00:00:00,2016-05-05 10:35:36,Q1,2706106.0,0.0,0.0,0.0,0.0,225182.0,0.0,0.0,525182.0,525182.0,0.0,0.0,2180924.0,0.8059270405519962,2180924.0,0.8059270405519962,-58.0,2180982.0,0.8059484735631198,0.0,2180982.0,0.8059484735631198,0.363497,0.363497,6000000.0,6000000.0,https://www.sec.gov/Archives/edgar/data/881787/000119312516579061/0001193125-16-579061-index.html,https://www.sec.gov/Archives/edgar/data/881787/000119312516579061/d187118d10q.htm,1620590708,16:05:08,20210509
19,2015-12-31,CRT,USD,2016-03-11 00:00:00,2016-03-11 12:17:08,Q4,2314162.0,0.0,2314162.0,1.0,0.0,248788.0,0.0,0.0,248788.0,248788.0,0.0,-134052.0,1931322.0,0.8345664650962206,2065374.0,0.8924932653807296,-12.0,2065386.0,0.892498450843113,0.0,2065386.0,0.892498450843113,0.344231,0.344231,6000000.0,6000000.0,https://www.sec.gov/Archives/edgar/data/881787/000119312516501214/0001193125-16-501214-index.html,https://www.sec.gov/Archives/edgar/data/881787/000119312516501214/d112490d10k.htm,1620590708,16:05:08,20210509
20,2015-09-30,CRT,USD,2015-11-06 00:00:00,2015-11-06 14:50:04,Q3,1894473.0,0.0,1894473.0,1.0,0.0,133817.0,0.0,0.0,133817.0,133817.0,0.0,-102416.0,1658240.0,0.8753041083193057,1760656.0,0.9293645251212342,-8.0,1760664.0,0.9293687479314828,0.0,1760664.0,0.9293687479314828,0.293444,0.293444,6000000.0,6000000.0,https://www.sec.gov/Archives/edgar/data/881787/000119312515369941/0001193125-15-369941-index.html,https://www.sec.gov/Archives/edgar/data/881787/000119312515369941/d87604d10q.htm,1620590708,16:05:08,20210509
21,2015-06-30,CRT,USD,2015-08-07 00:00:00,2015-08-07 11:10:33,Q2,1851313.0,0.0,1851313.0,1.0,0.0,114696.0,0.0,0.0,114696.0,114696.0,0.0,0.0,1736617.0,0.9380461326636825,1736617.0,0.9380461326636825,-11.0,1736628.0,0.9380520743926067,0.0,1736628.0,0.9380520743926067,0.289438,0.289438,6000000.0,6000000.0,https://www.sec.gov/Archives/edgar/data/881787/000119312515282495/0001193125-15-282495-index.html,https://www.sec.gov/Archives/edgar/data/881787/000119312515282495/d89528d10q.htm,1620590708,16:05:08,20210509
22,2015-03-31,CRT,USD,2015-05-05 00:00:00,2015-05-05 14:49:00,Q1,2824371.0,0.0,2824371.0,1.0,0.0,258393.0,0.0,0.0,258393.0,258393.0,0.0,0.0,2565978.0,0.9085130813196991,2565978.0,0.9085130813196991,-12.0,2565990.0,0.908517330053311,0.0,2565990.0,0.908517330053311,0.427665,0.427665,6000000.0,6000000.0,https://www.sec.gov/Archives/edgar/data/881787/000119312515171727/0001193125-15-171727-index.html,https://www.sec.gov/Archives/edgar/data/881787/000119312515171727/d918212d10q.htm,1620590708,16:05:08,20210509
23,2014-12-31,CRT,USD,2014-12-31,2014-12-31,Q4,3530797.0,0.0,3530797.0,1.0,0.0,93359.0,0.0,0.0,93359.0,93359.0,0.0,0.0,3437438.0,0.9735586611181555,3437438.0,0.9735586611181555,-28.0,3437466.0,0.9735665913390092,0.0,3437466.0,0.9735665913390092,0.572911,0.572911,6000000.0,6000000.0,,,1620590708,16:05:08,20210509
24,2014-09-30,CRT,USD,2014-11-10 00:00:00,2014-11-10 12:10:53,Q3,4672606.0,0.0,0.0,0.0,0.0,135267.0,0.0,0.0,135267.0,135267.0,0.0,0.0,4537339.0,0.9710510580177314,4537339.0,0.9710510580177314,0.0,4537620.0,0.9711111957652753,0.0,4537620.0,0.9711111957652753,0.75627,0.75627,6000000.0,6000000.0,https://www.sec.gov/Archives/edgar/data/881787/000119312514405264/0001193125-14-405264-index.html,https://www.sec.gov/Archives/edgar/data/881787/000119312514405264/d816111d10q.htm,1620590708,16:05:08,20210509
25,2014-06-30,CRT,USD,2014-08-06 00:00:00,2014-08-06 10:30:29,Q2,3859488.0,0.0,3859488.0,1.0,0.0,93299.0,0.0,0.0,93299.0,93299.0,0.0,0.0,3766189.0,0.9758260681209528,3766189.0,0.9758260681209528,-65.0,3766254.0,0.9758429097331045,0.0,3766254.0,0.9758429097331045,0.627709,0.627709,6000000.0,6000000.0,https://www.sec.gov/Archives/edgar/data/881787/000119312514297332/0001193125-14-297332-index.html,https://www.sec.gov/Archives/edgar/data/881787/000119312514297332/d764701d10q.htm,1620590708,16:05:08,20210509
26,2014-03-31,CRT,USD,2014-05-09 00:00:00,2014-05-09 12:10:00,Q1,4386145.0,0.0,4386145.0,1.0,0.0,182242.0,0.0,0.0,182242.0,182242.0,0.0,0.0,4203903.0,0.9584505300212374,4203903.0,0.9584505300212374,-57.0,4203960.0,0.9584635254876435,0.0,4203960.0,0.9584635254876435,0.70066,0.70066,6000000.0,6000000.0,https://www.sec.gov/Archives/edgar/data/881787/000119312514191775/0001193125-14-191775-index.html,https://www.sec.gov/Archives/edgar/data/881787/000119312514191775/d722442d10q.htm,1620590708,16:05:08,20210509
27,2013-12-31,CRT,USD,2013-12-31,2013-12-31,Q4,4045446.0,0.0,4045446.0,1.0,0.0,79200.0,0.0,0.0,79200.0,79200.0,0.0,0.0,3966246.0,0.9804224305552466,3966246.0,0.9804224305552466,-78.0,3966324.0,0.9804417114948513,0.0,3966324.0,0.9804417114948513,0.661054,0.661054,6000000.0,6000000.0,,,1620590708,16:05:08,20210509
28,2013-09-30,CRT,USD,2013-11-12 00:00:00,2013-11-12 11:06:52,Q3,4227291.0,0.0,4227291.0,1.0,0.0,62813.0,0.0,0.0,62813.0,62813.0,0.0,0.0,4164478.0,0.9851410749815899,4164478.0,0.9851410749815899,-86.0,4164564.0,0.9851614189796728,0.0,4164564.0,0.9851614189796728,0.694094,0.694094,6000000.0,6000000.0,https://www.sec.gov/Archives/edgar/data/881787/000119312513437460/0001193125-13-437460-index.html,https://www.sec.gov/Archives/edgar/data/881787/000119312513437460/d623874d10q.htm,1620590708,16:05:08,20210509
29,2013-06-30,CRT,USD,2013-08-06 00:00:00,2013-08-06 15:58:53,Q2,3225021.0,0.0,3225021.0,1.0,0.0,127847.0,0.0,0.0,127847.0,127847.0,0.0,0.0,3097174.0,0.9603577775152472,3097174.0,0.9603577775152472,-56.0,3097230.0,0.9603751417432631,0.0,3097230.0,0.9603751417432631,0.516205,0.516205,6000000.0,6000000.0,https://www.sec.gov/Archives/edgar/data/881787/000119312513321476/0001193125-13-321476-index.html,https://www.sec.gov/Archives/edgar/data/881787/000119312513321476/d578665d10q.htm,1620590708,16:05:08,20210509
30,2013-03-31,CRT,USD,2013-05-09 00:00:00,2013-05-09 15:20:59,Q1,2792598.0,0.0,2792598.0,1.0,0.0,133183.0,0.0,0.0,133183.0,133183.0,0.0,0.0,2659415.0,0.9523085671478674,2659415.0,0.9523085671478674,-61.0,2659476.0,0.9523304106068973,0.0,2659476.0,0.9523304106068973,0.443246,0.443246,6000000.0,6000000.0,https://www.sec.gov/Archives/edgar/data/881787/000119312513210792/0001193125-13-210792-index.html,https://www.sec.gov/Archives/edgar/data/881787/000119312513210792/d533844d10q.htm,1620590708,16:05:08,20210509
31,2012-12-31,CRT,USD,2013-03-08 00:00:00,2013-03-08 16:56:32,Q4,3625081.0,0.0,3625081.0,1.0,0.0,75632.0,0.0,0.0,75632.0,75632.0,0.0,0.0,3549449.0,0.9791364661920657,3549449.0,0.9791364661920657,-67.0,3549516.0,0.9791549485377017,0.0,3549516.0,0.9791549485377017,0.591586,0.591586,6000000.0,6000000.0,https://www.sec.gov/Archives/edgar/data/881787/000119312513098796/0001193125-13-098796-index.html,https://www.sec.gov/Archives/edgar/data/881787/000119312513098796/d476519d10k.htm,1620590708,16:05:08,20210509
32,2012-09-30,CRT,USD,2012-11-05 00:00:00,2012-11-05 16:21:54,Q3,3320147.0,0.0,3320147.0,1.0,0.0,52621.0,0.0,0.0,52621.0,52621.0,0.0,0.0,3267526.0,0.9841510029525801,3267526.0,0.9841510029525801,-80.0,3267606.0,0.9841750982712513,0.0,3267606.0,0.9841750982712513,0.5446,0.5446,6000000.0,6000000.0,https://www.sec.gov/Archives/edgar/data/881787/000119312512451844/0001193125-12-451844-index.html,https://www.sec.gov/Archives/edgar/data/881787/000119312512451844/d433099d10q.htm,1620590708,16:05:08,20210509
33,2012-06-30,CRT,USD,2012-07-24 00:00:00,2012-07-24 13:10:53,Q2,3961296.0,0.0,3961296.0,1.0,0.0,138130.0,0.0,0.0,138130.0,138130.0,0.0,0.0,3823166.0,0.9651300988363404,3823166.0,0.9651300988363404,0.0,0.0,0.0,0.0,3823242.0,0.9651492844765955,0.63721,0.63721,6000000.0,6000000.0,https://www.sec.gov/Archives/edgar/data/881787/000119312512311913/0001193125-12-311913-index.html,https://www.sec.gov/Archives/edgar/data/881787/000119312512311913/d383279d10q.htm,1620590708,16:05:08,20210509
34,2012-03-31,CRT,USD,2012-03-31,2012-03-31,Q1,4376980.0,0.0,4376980.0,1.0,0.0,127842.0,0.0,0.0,127842.0,127842.0,0.0,0.0,4249138.0,0.9707921900488464,4249138.0,0.9707921900488464,0.0,0.0,0.0,0.0,4249224.0,0.9708118382994667,0.7082,0.7082,6000000.0,6000000.0,,,1620590708,16:05:08,20210509
35,2011-12-31,CRT,USD,2012-02-29 00:00:00,2012-02-29 16:15:55,Q4,4204557.0,0.0,4204557.0,1.0,0.0,68015.0,0.0,0.0,68015.0,68015.0,0.0,0.0,4136542.0,0.9838235038792434,4136542.0,0.9838235038792434,0.0,0.0,0.0,0.0,4136268.0,0.9837583364906219,0.689378,0.689378,6000000.0,6000000.0,https://www.sec.gov/Archives/edgar/data/881787/000119312512089170/0001193125-12-089170-index.html,https://www.sec.gov/Archives/edgar/data/881787/000119312512089170/d303510d10k.htm,1620590708,16:05:08,20210509
36,2011-09-30,CRT,USD,2011-10-27 00:00:00,2011-10-27 14:26:00,Q3,5257619.0,0.0,5257619.0,1.0,0.0,91828.0,0.0,0.0,91828.0,91828.0,0.0,-302276.0,4863515.0,0.925041354270821,5165791.0,0.98253429927121,0.0,0.0,0.0,0.0,5165922.0,0.9825592154927925,0.86099,0.86099,6000000.0,6000000.0,https://www.sec.gov/Archives/edgar/data/881787/000114420411059724/0001144204-11-059724-index.html,https://www.sec.gov/Archives/edgar/data/881787/000114420411059724/v237962_10q.htm,1620590708,16:05:08,20210509
37,2011-06-30,CRT,USD,2011-08-01 00:00:00,2011-08-01 11:26:42,Q2,4569004.0,0.0,4569004.0,1.0,0.0,138923.0,0.0,0.0,138923.0,138923.0,0.0,0.0,4430081.0,0.9695944674156556,4430081.0,0.9695944674156556,0.0,0.0,0.0,0.0,4430130.0,0.9696051918536294,0.73836,0.73836,6000000.0,6000000.0,https://www.sec.gov/Archives/edgar/data/881787/000119312511203978/0001193125-11-203978-index.html,https://www.sec.gov/Archives/edgar/data/881787/000119312511203978/d10q.htm,1620590708,16:05:08,20210509
38,2011-03-31,CRT,USD,2011-04-28 00:00:00,2011-04-28 11:57:46,Q1,4350947.0,0.0,4350947.0,1.0,0.0,126773.0,0.0,0.0,126773.0,126773.0,0.0,0.0,4224174.0,0.97086312474043,4224174.0,0.97086312474043,0.0,0.0,0.0,0.0,4224174.0,0.97086312474043,0.704029,0.704029,6000000.0,6000000.0,https://www.sec.gov/Archives/edgar/data/881787/000114420411024469/0001144204-11-024469-index.html,https://www.sec.gov/Archives/edgar/data/881787/000114420411024469/v219804_10q.htm,1620590708,16:05:08,20210509
39,2010-12-31,CRT,USD,2010-12-31,2010-12-31,Q4,4131039.0,0.0,4131039.0,1.0,0.0,50985.0,0.0,0.0,50985.0,50985.0,0.0,-465303.0,3614751.0,0.8750222401676673,4080054.0,0.9876580685875878,0.0,0.0,0.0,0.0,4080054.0,0.9876580685875878,0.680009,0.680009,6000000.0,6000000.0,,,1620590708,16:05:08,20210509
40,2010-09-30,CRT,USD,2010-10-25 00:00:00,2010-10-25 16:56:09,Q3,4142832.0,0.0,4142832.0,1.0,0.0,79542.0,0.0,0.0,79542.0,79542.0,0.0,0.0,4063290.0,0.9808000903729622,4063290.0,0.9808000903729622,0.0,0.0,0.0,0.0,4063290.0,0.9808000903729622,0.677215,0.677215,6000000.0,6000000.0,https://www.sec.gov/Archives/edgar/data/881787/000119312510235647/0001193125-10-235647-index.html,https://www.sec.gov/Archives/edgar/data/881787/000119312510235647/d10q.htm,1620590708,16:05:08,20210509
41,2010-06-30,CRT,USD,2010-07-21 00:00:00,2010-07-21 15:08:38,Q2,4599382.0,0.0,4599382.0,1.0,0.0,115978.0,0.0,0.0,115978.0,115978.0,0.0,0.0,4483404.0,0.9747840035900476,4483404.0,0.9747840035900476,0.0,0.0,0.0,0.0,4483404.0,0.9747840035900476,0.747234,0.747234,6000000.0,6000000.0,https://www.sec.gov/Archives/edgar/data/881787/000119312510162692/0001193125-10-162692-index.html,https://www.sec.gov/Archives/edgar/data/881787/000119312510162692/d10q.htm,1620590708,16:05:08,20210509
42,2010-03-31,CRT,USD,2010-04-27 00:00:00,2010-04-27 16:17:49,Q1,4269134.0,0.0,4269134.0,1.0,0.0,170558.0,0.0,0.0,170558.0,170558.0,0.0,-424773.0,3673803.0,0.8605499382310323,4098576.0,0.9600485719117742,0.0,0.0,0.0,0.0,4098576.0,0.9600485719117742,0.683096,0.683096,6000000.0,6000000.0,https://www.sec.gov/Archives/edgar/data/881787/000119312510094881/0001193125-10-094881-index.html,https://www.sec.gov/Archives/edgar/data/881787/000119312510094881/d10q.htm,1620590708,16:05:08,20210509
43,2009-12-31,CRT,USD,2010-02-23 00:00:00,2010-02-23 13:03:07,Q4,3653570.0,0.0,3653570.0,1.0,0.0,60998.0,0.0,0.0,60998.0,60998.0,0.0,0.0,3592572.0,0.9833045487016808,3592572.0,0.9833045487016808,0.0,0.0,0.0,0.0,3592572.0,0.9833045487016808,0.598762,0.598762,6000000.0,6000000.0,https://www.sec.gov/Archives/edgar/data/881787/000119312510037289/0001193125-10-037289-index.html,https://www.sec.gov/Archives/edgar/data/881787/000119312510037289/d10k.htm,1620590708,16:05:08,20210509
44,2009-09-30,CRT,USD,2009-10-27 00:00:00,2009-10-27 15:26:32,Q3,2894540.0,0.0,2894540.0,1.0,0.0,129458.0,0.0,0.0,129458.0,129458.0,0.0,0.0,2765082.0,0.9552751041616284,2765082.0,0.9552751041616284,0.0,0.0,0.0,0.0,2765082.0,0.9552751041616284,0.460847,0.460847,6000000.0,6000000.0,https://www.sec.gov/Archives/edgar/data/881787/000119312509214776/0001193125-09-214776-index.html,https://www.sec.gov/Archives/edgar/data/881787/000119312509214776/d10q.htm,1620590708,16:05:08,20210509
45,2009-06-30,CRT,USD,2009-07-21 00:00:00,2009-07-21 15:26:24,Q2,2389287.0,0.0,2389287.0,1.0,0.0,100593.0,0.0,0.0,100593.0,100593.0,0.0,-148429.0,2140265.0,0.8957756016753115,2288694.0,0.9578983186197388,0.0,0.0,0.0,0.0,2288694.0,0.9578983186197388,0.381449,0.381449,6000000.0,6000000.0,https://www.sec.gov/Archives/edgar/data/881787/000119312509152215/0001193125-09-152215-index.html,https://www.sec.gov/Archives/edgar/data/881787/000119312509152215/d10q.htm,1620590708,16:05:08,20210509
46,2009-03-31,CRT,USD,2009-04-29 00:00:00,2009-04-28 17:45:57,Q1,2805371.0,0.0,2805371.0,1.0,0.0,135581.0,0.0,0.0,135581.0,135581.0,0.0,-184804.0,2484986.0,0.8857958537391312,2669790.0,0.9516709198177353,0.0,0.0,0.0,0.0,2669790.0,0.9516709198177353,0.444965,0.444965,6000000.0,6000000.0,https://www.sec.gov/Archives/edgar/data/881787/000119312509090384/0001193125-09-090384-index.html,https://www.sec.gov/Archives/edgar/data/881787/000119312509090384/d10q.htm,1620590708,16:05:08,20210509
47,2008-12-31,CRT,USD,2009-02-25 00:00:00,2009-02-25 13:01:57,Q4,6735823.0,0.0,6735823.0,1.0,0.0,54205.0,0.0,0.0,54205.0,54205.0,0.0,-269460.0,6412158.0,0.9519487076783342,6681618.0,0.9919527279739981,0.0,0.0,0.0,0.0,6681618.0,0.9919527279739981,1.113603,1.113603,6000000.0,6000000.0,https://www.sec.gov/Archives/edgar/data/881787/000119312509037175/0001193125-09-037175-index.html,https://www.sec.gov/Archives/edgar/data/881787/000119312509037175/d10k.htm,1620590708,16:05:08,20210509
48,2008-09-30,CRT,USD,2008-10-29 00:00:00,2008-10-29 15:35:38,Q3,9171218.0,0.0,9171218.0,1.0,0.0,57008.0,0.0,0.0,57008.0,57008.0,0.0,-305668.0,8808542.0,0.9604549799165171,9114210.0,0.9937840317392957,0.0,0.0,0.0,0.0,9114210.0,0.9937840317392957,1.519035,1.519035,6000000.0,6000000.0,https://www.sec.gov/Archives/edgar/data/881787/000119312508218991/0001193125-08-218991-index.html,https://www.sec.gov/Archives/edgar/data/881787/000119312508218991/d10q.htm,1620590708,16:05:08,20210509
49,2008-06-30,CRT,USD,2008-07-22 00:00:00,2008-07-22 15:45:50,Q2,8532910.0,0.0,8532910.0,1.0,0.0,152596.0,0.0,0.0,152596.0,152596.0,0.0,-262335.0,8117979.0,0.9513728610755299,8380314.0,0.9821167690740907,0.0,0.0,0.0,0.0,8380314.0,0.9821167690740907,1.396719,1.396719,6000000.0,6000000.0,https://www.sec.gov/Archives/edgar/data/881787/000119312508155213/0001193125-08-155213-index.html,https://www.sec.gov/Archives/edgar/data/881787/000119312508155213/d10q.htm,1620590708,16:05:08,20210509
50,2008-03-31,CRT,USD,2008-04-25 00:00:00,2008-04-25 12:18:58,Q1,6892332.0,0.0,0.0,0.0,0.0,126054.0,0.0,0.0,2000000.0,0.0,0.0,-294528.0,6597804.0,0.9572672935662414,6892332.0,1.0,0.0,0.0,0.0,0.0,6766278.0,0.9817109796800271,1.127,1.127,6000000.0,6000000.0,https://www.sec.gov/Archives/edgar/data/881787/000119312508090542/0001193125-08-090542-index.html,https://www.sec.gov/Archives/edgar/data/881787/000119312508090542/d10q.htm,1620590708,16:05:08,20210509
51,2007-12-31,CRT,USD,2007-12-31,2007-12-31,Q4,5246231.0,0.0,0.0,0.0,0.0,48557.0,0.0,0.0,3000000.0,0.0,0.0,0.0,5246231.0,1.0,5246231.0,1.0,0.0,0.0,0.0,0.0,5197674.0,0.990744402981874,0.866279,0.866279,6000000.0,6000000.0,,,1620590708,16:05:08,20210509
52,2007-09-30,CRT,USD,2007-10-19 00:00:00,2007-10-19 17:04:27,Q3,5040734.0,0.0,0.0,0.0,0.0,58094.0,0.0,0.0,3000000.0,0.0,0.0,0.0,5040734.0,1.0,5040734.0,1.0,0.0,0.0,0.0,0.0,4982640.0,0.9884750911276017,0.8304,0.8304,6000000.0,6000000.0,https://www.sec.gov/Archives/edgar/data/881787/000119312507222173/0001193125-07-222173-index.html,https://www.sec.gov/Archives/edgar/data/881787/000119312507222173/d10q.htm,1620590708,16:05:08,20210509
53,2007-06-30,CRT,USD,2007-07-20 00:00:00,2007-07-20 16:32:59,Q2,5232876.0,0.0,0.0,0.0,0.0,155916.0,0.0,0.0,3000000.0,0.0,0.0,0.0,5232876.0,1.0,5232876.0,1.0,0.0,0.0,0.0,0.0,5076960.0,0.9702045299754858,0.8461,0.8461,6000000.0,6000000.0,https://www.sec.gov/Archives/edgar/data/881787/000119312507158999/0001193125-07-158999-index.html,https://www.sec.gov/Archives/edgar/data/881787/000119312507158999/d10q.htm,1620590708,16:05:08,20210509
54,2007-03-31,CRT,USD,2007-04-30 00:00:00,2007-04-30 17:07:35,Q1,4708958.0,0.0,0.0,0.0,0.0,160508.0,0.0,0.0,3000000.0,0.0,0.0,0.0,4708958.0,1.0,4708958.0,1.0,0.0,0.0,0.0,0.0,4548450.0,0.9659143275433758,0.758,0.758,6000000.0,6000000.0,https://www.sec.gov/Archives/edgar/data/881787/000119312507096185/0001193125-07-096185-index.html,https://www.sec.gov/Archives/edgar/data/881787/000119312507096185/d10q.htm,1620590708,16:05:08,20210509
55,2006-12-31,CRT,USD,2006-12-31,2006-12-31,Q4,7179899.0,0.0,0.0,0.0,0.0,52179.0,0.0,0.0,376592.0,376592.0,0.0,0.0,6803307.0,0.9475491229054893,6803307.0,0.9475491229054893,0.0,0.0,0.0,0.0,7185336.0,1.0007572529919988,1.197556,1.197556,6000000.0,6000000.0,,,1620590708,16:05:08,20210509
56,2006-09-30,CRT,USD,2006-09-30,2006-09-30,Q3,6195414.0,0.0,0.0,0.0,0.0,48498.0,0.0,0.0,2000000.0,0.0,0.0,0.0,6195414.0,1.0,6195414.0,1.0,0.0,0.0,0.0,0.0,6146916.0,0.9921719517049223,1.0244,1.0244,6000000.0,6000000.0,,,1620590708,16:05:08,20210509
57,2006-06-30,CRT,USD,2006-06-30,2006-06-30,Q2,5227308.0,0.0,0.0,0.0,0.0,163134.0,0.0,0.0,2000000.0,0.0,0.0,-326381.0,4900927.0,0.9375623169708003,5227308.0,1.0,0.0,0.0,0.0,0.0,5064174.0,0.9687919671081175,0.844,0.844,6000000.0,6000000.0,,,1620590708,16:05:08,20210509
58,2006-03-31,CRT,USD,2006-04-28,2006-04-28,Q1,7164533.0,0.0,0.0,0.0,0.0,112781.0,0.0,0.0,3000000.0,0.0,0.0,-425974.0,6738559.0,0.9405440661659316,7164533.0,1.0,0.0,0.0,0.0,0.0,7051752.0,0.984258429684112,1.1753,1.1753,6000000.0,6000000.0,https://www.sec.gov/Archives/edgar/data/881787/000119312506092889/0001193125-06-092889-index.htm,https://www.sec.gov/Archives/edgar/data/881787/000119312506092889/d10q.htm,1620590708,16:05:08,20210509
59,2005-12-31,CRT,USD,2005-12-31,2005-12-31,Q4,6497249.0,0.0,0.0,0.0,0.0,63293.0,0.0,0.0,2000000.0,0.0,0.0,-382997.0,6114252.0,0.9410524361926101,6497249.0,1.0,0.0,0.0,0.0,0.0,6433956.0,0.9902584924788937,1.072326,1.072326,6000000.0,6000000.0,,,1620590708,16:05:08,20210509
60,2005-09-30,CRT,USD,2005-09-30,2005-09-30,Q3,5074688.0,0.0,0.0,0.0,0.0,35600.0,0.0,0.0,2000000.0,0.0,0.0,-379578.0,4695110.0,0.9252017069817888,5074688.0,1.0,0.0,0.0,0.0,0.0,5039088.0,0.9929847903949958,0.8398,0.8398,6000000.0,6000000.0,,,1620590708,16:05:08,20210509
61,2005-06-30,CRT,USD,2005-06-30,2005-06-30,Q2,4593466.0,0.0,0.0,0.0,0.0,139618.0,0.0,0.0,2000000.0,0.0,0.0,-443720.0,4149746.0,0.9034019191608254,4593466.0,1.0,0.0,0.0,0.0,0.0,4453848.0,0.969605086877752,0.7423,0.7423,6000000.0,6000000.0,,,1620590708,16:05:08,20210509
62,2005-03-31,CRT,USD,2005-03-31,2005-03-31,Q1,4465615.0,0.0,0.0,0.0,0.0,125071.0,0.0,0.0,2000000.0,0.0,0.0,-436676.0,4028939.0,0.9022136928508168,4465615.0,1.0,0.0,0.0,0.0,0.0,4340544.0,0.9719924355323959,0.7234,0.7234,6000000.0,6000000.0,,,1620590708,16:05:08,20210509
63,2004-12-31,CRT,USD,2005-03-14,2005-03-14,Q4,4432966.0,0.0,0.0,0.0,0.0,39424.0,0.0,0.0,0.0,0.0,0.0,0.0,4432966.0,1.0,4432966.0,1.0,0.0,0.0,0.0,0.0,4393542.0,0.9911066315419518,0.732257,0.732257,6000000.0,6000000.0,https://www.sec.gov/Archives/edgar/data/881787/000119312505049624/0001193125-05-049624-index.htm,https://www.sec.gov/Archives/edgar/data/881787/000119312505049624/d10k.htm,1620590708,16:05:08,20210509
64,2004-09-30,CRT,USD,2004-09-30,2004-09-30,Q3,4018945.0,0.0,0.0,0.0,0.0,90205.0,0.0,0.0,0.0,0.0,0.0,-474216.0,3544729.0,0.8820048545078373,4018945.0,1.0,0.0,0.0,0.0,0.0,3928740.0,0.9775550548713655,0.6547,0.6547,6000000.0,6000000.0,,,1620590708,16:05:08,20210509
65,2004-06-30,CRT,USD,2004-06-30,2004-06-30,Q2,3659971.0,0.0,0.0,0.0,0.0,104179.0,0.0,0.0,0.0,0.0,0.0,-427420.0,3232551.0,0.8832176539103725,3659971.0,1.0,0.0,0.0,0.0,0.0,3555792.0,0.9715355668118681,0.5926,0.5926,6000000.0,6000000.0,,,1620590708,16:05:08,20210509
66,2004-03-31,CRT,USD,2004-03-31,2004-03-31,Q1,3116566.0,0.0,0.0,0.0,0.0,70582.0,0.0,0.0,0.0,0.0,0.0,-422082.0,2694484.0,0.8645682459476232,3116566.0,1.0,0.0,0.0,0.0,0.0,3045984.0,0.9773526374862589,0.5077,0.5077,6000000.0,6000000.0,,,1620590708,16:05:08,20210509
67,2003-12-31,CRT,USD,2003-12-31,2003-12-31,Q4,3405306.0,0.0,0.0,0.0,0.0,49536.0,0.0,0.0,0.0,0.0,0.0,0.0,3405306.0,1.0,3405306.0,1.0,0.0,0.0,0.0,0.0,3355770.0,0.9854532896603124,0.559295,0.559295,6000000.0,6000000.0,,,1620590708,16:05:08,20210509
68,2003-09-30,CRT,USD,2003-10-17,2003-10-17,Q3,3123069.0,0.0,0.0,0.0,0.0,53457.0,0.0,0.0,0.0,0.0,0.0,-415857.0,2707212.0,0.8668434799231141,3123069.0,1.0,0.0,0.0,0.0,0.0,3069612.0,0.9828831831765484,0.5116,0.5116,6000000.0,6000000.0,https://www.sec.gov/Archives/edgar/data/881787/000119312503063584/0001193125-03-063584-index.htm,https://www.sec.gov/Archives/edgar/data/881787/000119312503063584/d10q.htm,1620590708,16:05:08,20210509
69,2003-06-30,CRT,USD,2003-06-30,2003-06-30,Q2,3756545.0,0.0,0.0,0.0,0.0,88409.0,0.0,0.0,0.0,0.0,0.0,0.0,3756545.0,1.0,3756545.0,1.0,0.0,0.0,0.0,0.0,3668136.0,0.9764653424889094,0.611356,0.611356,6000000.0,6000000.0,,,1620590708,16:05:08,20210509
70,2003-03-31,CRT,USD,2003-05-07,2003-05-07,Q1,2663637.0,0.0,0.0,0.0,0.0,68409.0,0.0,0.0,0.0,0.0,0.0,0.0,2663637.0,1.0,2663637.0,1.0,0.0,0.0,0.0,0.0,2595228.0,0.9743174464088012,0.4325,0.4325,6000000.0,6000000.0,https://www.sec.gov/Archives/edgar/data/881787/000119312503003573/0001193125-03-003573-index.htm,https://www.sec.gov/Archives/edgar/data/881787/000119312503003573/d10q.htm,1620590708,16:05:08,20210509
71,2002-12-31,CRT,USD,2002-12-31,2002-12-31,Q4,2828397.0,0.0,0.0,0.0,0.0,28815.0,0.0,0.0,0.0,0.0,0.0,0.0,2828397.0,1.0,2828397.0,1.0,0.0,0.0,0.0,0.0,2799582.0,0.989812250543329,0.466597,0.466597,6000000.0,6000000.0,,,1620590708,16:05:08,20210509
72,2002-09-30,CRT,USD,2002-10-25,2002-10-25,Q3,2527831.0,0.0,0.0,0.0,0.0,33397.0,0.0,0.0,0.0,0.0,0.0,-650922.0,1876909.0,0.7424978172987039,2527831.0,1.0,0.0,0.0,0.0,0.0,2494434.0,0.9867882781720771,0.42,0.42,6000000.0,6000000.0,https://www.sec.gov/Archives/edgar/data/881787/000093066102003616/0000930661-02-003616-index.htm,https://www.sec.gov/Archives/edgar/data/881787/000093066102003616/d10q.htm,1620590708,16:05:08,20210509
73,2002-06-30,CRT,USD,2002-06-30,2002-06-30,Q2,1817053.0,0.0,0.0,0.0,0.0,93505.0,0.0,0.0,0.0,0.0,0.0,0.0,1817053.0,1.0,1817053.0,1.0,0.0,0.0,0.0,0.0,1723548.0,0.9485403012460286,0.2873,0.2873,6000000.0,6000000.0,,,1620590708,16:05:08,20210509
74,2002-03-31,CRT,USD,2002-03-31,2002-03-31,Q1,1880476.0,0.0,0.0,0.0,0.0,75730.0,0.0,0.0,0.0,0.0,0.0,0.0,1880476.0,1.0,1880476.0,1.0,0.0,0.0,0.0,0.0,1804746.0,0.9597282815627532,0.3008,0.3008,6000000.0,6000000.0,,,1620590708,16:05:08,20210509
75,2001-12-31,CRT,USD,2001-12-31,2001-12-31,Q4,2610657.0,0.0,0.0,0.0,0.0,27285.0,0.0,0.0,0.0,0.0,0.0,0.0,2610657.0,1.0,2610657.0,1.0,0.0,0.0,0.0,0.0,2583372.0,0.9895486078791661,0.430562,0.430562,6000000.0,6000000.0,,,1620590708,16:05:08,20210509
76,2001-09-30,CRT,USD,2001-10-19 00:00:00,2001-10-19 00:00:00,Q3,3455647.0,0.0,0.0,0.0,0.0,57007.0,0.0,0.0,0.0,0.0,0.0,-483763.0,2971884.0,0.8600079811392772,3455647.0,1.0,0.0,0.0,0.0,0.0,3398640.0,0.9835032339819432,0.57,0.57,6000000.0,6000000.0,https://www.sec.gov/Archives/edgar/data/881787/000093066101502050/0000930661-01-502050-index.html,https://www.sec.gov/Archives/edgar/data/881787/000093066101502050/d10q.txt,1620590708,16:05:08,20210509
77,2001-06-30,CRT,USD,2001-08-02 00:00:00,2001-08-02 00:00:00,Q2,4227567.0,0.0,0.0,0.0,0.0,48597.0,0.0,0.0,0.0,0.0,0.0,0.0,4227567.0,1.0,4227567.0,1.0,0.0,0.0,0.0,0.0,4178970.0,0.988504735702592,0.6965,0.6965,6000000.0,6000000.0,https://www.sec.gov/Archives/edgar/data/881787/000093066101501398/0000930661-01-501398-index.html,https://www.sec.gov/Archives/edgar/data/881787/000093066101501398/d10q.txt,1620590708,16:05:08,20210509
78,2001-03-31,CRT,USD,2001-05-10,2001-05-10,Q1,4114495.0,0.0,0.0,0.0,0.0,65593.0,0.0,0.0,0.0,0.0,0.0,0.0,4114495.0,1.0,4114495.0,1.0,0.0,0.0,0.0,0.0,4048902.0,0.9840580678795332,0.6748,0.6748,6000000.0,6000000.0,https://www.sec.gov/Archives/edgar/data/881787/000093066101500496/0000930661-01-500496-index.htm,https://www.sec.gov/Archives/edgar/data/881787/000093066101500496/d10q.txt,1620590708,16:05:08,20210509
79,2000-12-31,CRT,USD,2000-12-31,2000-12-31,Q4,3445105.0,0.0,0.0,0.0,0.0,14749.0,0.0,0.0,0.0,0.0,0.0,0.0,3445105.0,1.0,3445105.0,1.0,0.0,0.0,0.0,0.0,3430356.0,0.9957188532715259,0.571726,0.571726,6000000.0,6000000.0,,,1620590708,16:05:08,20210509
80,2000-09-30,CRT,USD,2000-11-13 00:00:00,2000-11-13 00:00:00,Q3,3402751.0,0.0,0.0,0.0,0.0,56419.0,0.0,0.0,0.0,0.0,0.0,0.0,3402751.0,1.0,3402751.0,1.0,0.0,0.0,0.0,0.0,3346332.0,0.9834195919713197,0.56,0.56,6000000.0,6000000.0,https://www.sec.gov/Archives/edgar/data/881787/000093066100002905/0000930661-00-002905-index.html,https://www.sec.gov/Archives/edgar/data/881787/000093066100002905/0000930661-00-002905-0001.txt,1620590708,16:05:08,20210509
81,2000-06-30,CRT,USD,2000-07-10 00:00:00,2000-07-10 00:00:00,Q2,2483053.0,0.0,0.0,0.0,0.0,58423.0,0.0,0.0,0.0,0.0,0.0,0.0,2483053.0,1.0,2483053.0,1.0,0.0,0.0,0.0,0.0,2424630.0,0.9764713036733409,0.4,0.4,6000000.0,6000000.0,https://www.sec.gov/Archives/edgar/data/881787/000093066100001666/0000930661-00-001666-index.html,https://www.sec.gov/Archives/edgar/data/881787/000093066100001666/0000930661-00-001666-0001.txt,1620590708,16:05:08,20210509
82,2000-03-31,CRT,USD,2000-05-11 00:00:00,2000-05-11 00:00:00,Q1,2356829.0,0.0,0.0,0.0,0.0,56033.0,0.0,0.0,0.0,0.0,0.0,0.0,2356829.0,1.0,2356829.0,1.0,0.0,0.0,0.0,0.0,2300796.0,0.9762252585995844,0.38,0.38,6000000.0,6000000.0,https://www.sec.gov/Archives/edgar/data/881787/000093066100001196/0000930661-00-001196-index.html,https://www.sec.gov/Archives/edgar/data/881787/0000930661-00-001196.txt,1620590708,16:05:08,20210509
83,1999-12-31,CRT,USD,1999-12-31,1999-12-31,Q4,2305644.0,0.0,0.0,0.0,0.0,25656.0,0.0,0.0,0.0,0.0,0.0,0.0,2305644.0,1.0,2305644.0,1.0,0.0,0.0,0.0,0.0,2279988.0,0.9888725232516381,0.379998,0.379998,6000000.0,6000000.0,,,1620590708,16:05:08,20210509
84,1999-09-30,CRT,USD,1999-09-30,1999-09-30,Q3,1699597.0,0.0,0.0,0.0,0.0,41545.0,0.0,0.0,0.0,0.0,0.0,0.0,1699597.0,1.0,1699597.0,1.0,0.0,0.0,0.0,0.0,1658052.0,0.9755559700328961,0.28,0.28,6000000.0,6000000.0,,,1620590708,16:05:08,20210509
85,1999-06-30,CRT,USD,1999-06-30,1999-06-30,Q2,1215310.0,0.0,0.0,0.0,0.0,43935.0,0.0,0.0,0.0,0.0,0.0,0.0,1215310.0,1.0,1215310.0,1.0,0.0,0.0,0.0,0.0,1171375.0,0.9638487299536743,0.2,0.2,6000000.0,6000000.0,,,1620590708,16:05:08,20210509
86,1999-03-31,CRT,USD,1999-03-31,1999-03-31,Q1,1481883.0,0.0,0.0,0.0,0.0,41495.0,0.0,0.0,0.0,0.0,0.0,0.0,1481883.0,1.0,1481883.0,1.0,0.0,0.0,0.0,0.0,1440388.0,0.9719984641162629,0.24,0.24,6000000.0,6000000.0,,,1620590708,16:05:08,20210509
87,1998-12-31,CRT,USD,1998-12-31,1998-12-31,Q4,1419353.0,0.0,0.0,0.0,0.0,31671.0,0.0,0.0,0.0,0.0,0.0,0.0,1419353.0,1.0,1419353.0,1.0,0.0,0.0,0.0,0.0,1387682.0,0.9776863120027224,0.23128033333333334,0.23128033333333334,6000000.0,6000000.0,,,1620590708,16:05:08,20210509
88,1998-09-30,CRT,USD,1998-09-30,1998-09-30,Q3,1675051.0,0.0,0.0,0.0,0.0,37763.0,0.0,0.0,0.0,0.0,0.0,0.0,1675051.0,1.0,1675051.0,1.0,0.0,0.0,0.0,0.0,1637288.0,0.9774556117992825,0.27,0.27,6000000.0,6000000.0,,,1620590708,16:05:08,20210509
89,1998-06-30,CRT,USD,1998-06-30,1998-06-30,Q2,1656896.0,0.0,0.0,0.0,0.0,49497.0,0.0,0.0,0.0,0.0,0.0,0.0,1656896.0,1.0,1656896.0,1.0,0.0,0.0,0.0,0.0,1607399.0,0.9701266705936884,0.27,0.27,6000000.0,6000000.0,,,1620590708,16:05:08,20210509
90,1998-03-31,CRT,USD,1998-03-31,1998-03-31,Q1,2339189.0,0.0,0.0,0.0,0.0,44220.0,0.0,0.0,0.0,0.0,0.0,0.0,2339189.0,1.0,2339189.0,1.0,0.0,0.0,0.0,0.0,2294969.0,0.9810960123358993,0.38,0.38,6000000.0,6000000.0,,,1620590708,16:05:08,20210509
91,1997-12-31,CRT,USD,1997-12-31,1997-12-31,Q4,2026832.0,0.0,0.0,0.0,0.0,23889.0,0.0,0.0,0.0,0.0,0.0,0.0,2026832.0,1.0,2026832.0,1.0,0.0,0.0,0.0,0.0,2002943.0,0.9882136259936689,0.3338238333333333,0.3338238333333333,6000000.0,6000000.0,,,1620590708,16:05:08,20210509
92,1997-09-30,CRT,USD,1997-09-30,1997-09-30,Q3,2162537.0,0.0,0.0,0.0,0.0,44404.0,0.0,0.0,0.0,0.0,0.0,0.0,2162537.0,1.0,2162537.0,1.0,0.0,0.0,0.0,0.0,2118133.0,0.9794667097025392,0.35,0.35,6000000.0,6000000.0,,,1620590708,16:05:08,20210509
93,1997-06-30,CRT,USD,1997-06-30,1997-06-30,Q2,3257610.0,0.0,0.0,0.0,0.0,40971.0,0.0,0.0,0.0,0.0,0.0,0.0,3257610.0,1.0,3257610.0,1.0,0.0,0.0,0.0,0.0,3216639.0,0.9874229880188237,0.54,0.54,6000000.0,6000000.0,,,1620590708,16:05:08,20210509
94,1997-03-31,CRT,USD,1997-03-31,1997-03-31,Q1,3118940.0,0.0,0.0,0.0,0.0,49405.0,0.0,0.0,0.0,0.0,0.0,0.0,3118940.0,1.0,3118940.0,1.0,0.0,0.0,0.0,0.0,3069535.0,0.9841596824562191,0.51,0.51,6000000.0,6000000.0,,,1620590708,16:05:08,20210509
95,1996-12-31,CRT,USD,1996-12-31,1996-12-31,Q4,3000000.0,0.0,0.0,0.0,0.0,0.0,0.0,0.0,0.0,0.0,0.0,0.0,3000000.0,1.0,3000000.0,1.0,0.0,0.0,0.0,0.0,2900000.0,0.9666666666666667,0.48333333333333334,0.48333333333333334,6000000.0,6000000.0,,,1620590708,16:05:08,20210509
96,1996-09-30,CRT,USD,1996-09-30,1996-09-30,Q3,1900000.0,0.0,0.0,0.0,0.0,100000.0,0.0,0.0,0.0,0.0,0.0,0.0,1900000.0,1.0,1900000.0,1.0,0.0,0.0,0.0,0.0,1800000.0,0.9473684210526315,0.3,0.3,6000000.0,6000000.0,,,1620590708,16:05:08,20210509
97,1996-06-30,CRT,USD,1996-06-30,1996-06-30,Q1,1900000.0,0.0,0.0,0.0,0.0,100000.0,0.0,0.0,0.0,0.0,0.0,0.0,1900000.0,1.0,1900000.0,1.0,0.0,0.0,0.0,0.0,1900000.0,1.0,0.31,0.31,6000000.0,6000000.0,,,1620590708,16:05:08,20210509
98,1996-03-31,CRT,USD,1996-03-31,1996-03-31,Q4,1600000.0,0.0,0.0,0.0,0.0,0.0,0.0,0.0,0.0,0.0,0.0,0.0,1600000.0,1.0,1600000.0,1.0,0.0,0.0,0.0,0.0,1500000.0,0.9375,0.25,0.25,6000000.0,6000000.0,,,1620590708,16:05:08,20210509
99,1995-09-30,CRT,USD,1995-09-30,1995-09-30,Q3,1200000.0,0.0,0.0,0.0,0.0,100000.0,0.0,0.0,0.0,0.0,0.0,0.0,1200000.0,1.0,1200000.0,1.0,0.0,0.0,0.0,0.0,1200000.0,1.0,0.2,0.2,6000000.0,6000000.0,,,1620590708,16:05:08,20210509
100,1995-06-30,CRT,USD,1995-06-30,1995-06-30,Q1,1700000.0,0.0,0.0,0.0,0.0,100000.0,0.0,0.0,0.0,0.0,0.0,0.0,1700000.0,1.0,1700000.0,1.0,0.0,0.0,0.0,0.0,1700000.0,1.0,0.28,0.28,6000000.0,6000000.0,,,1620590708,16:05:08,20210509
101,1995-03-31,CRT,USD,1995-03-31,1995-03-31,Q4,1600000.0,0.0,0.0,0.0,0.0,0.0,0.0,0.0,0.0,0.0,0.0,0.0,1600000.0,1.0,1600000.0,1.0,0.0,0.0,0.0,0.0,1500000.0,0.9375,0.25,0.25,6000000.0,6000000.0,,,1620590708,16:05:08,20210509
102,1994-09-30,CRT,USD,1994-09-30,1994-09-30,Q3,1700000.0,0.0,0.0,0.0,0.0,0.0,0.0,0.0,0.0,0.0,0.0,0.0,1700000.0,1.0,1700000.0,1.0,0.0,0.0,0.0,0.0,1600000.0,0.9411764705882353,0.27,0.27,6000000.0,6000000.0,,,1620590708,16:05:08,20210509
103,1994-06-30,CRT,USD,1994-06-30,1994-06-30,Q1,1700000.0,0.0,0.0,0.0,0.0,100000.0,0.0,0.0,0.0,0.0,0.0,0.0,1700000.0,1.0,1700000.0,1.0,0.0,0.0,0.0,0.0,1600000.0,0.9411764705882353,0.27,0.27,6000000.0,6000000.0,,,1620590708,16:05:08,20210509
104,1994-03-31,CRT,USD,1994-03-31,1994-03-31,Q4,1500000.0,0.0,0.0,0.0,0.0,0.0,0.0,0.0,0.0,0.0,0.0,0.0,1500000.0,1.0,1500000.0,1.0,0.0,0.0,0.0,0.0,1500000.0,1.0,0.25,0.25,6000000.0,6000000.0,,,1620590708,16:05:08,20210509
105,1993-09-30,CRT,USD,1993-09-30,1993-09-30,Q3,2000000.0,0.0,0.0,0.0,0.0,0.0,0.0,0.0,0.0,0.0,0.0,0.0,2000000.0,1.0,2000000.0,1.0,0.0,0.0,0.0,0.0,2000000.0,1.0,0.34,0.34,5882353.0,5882353.0,,,1620590708,16:05:08,20210509
106,1993-06-30,CRT,USD,1993-06-30,1993-06-30,Q1,2200000.0,0.0,0.0,0.0,0.0,0.0,0.0,0.0,-100000.0,-100000.0,0.0,0.0,2300000.0,1.0454545454545454,2300000.0,1.0454545454545454,0.0,0.0,0.0,0.0,2100000.0,0.9545454545454546,0.36,0.36,5833333.0,5833333.0,,,1620590708,16:05:08,20210509
107,1993-03-31,CRT,USD,1993-03-31,1993-03-31,Q4,2000000.0,0.0,0.0,0.0,0.0,0.0,0.0,0.0,-100000.0,-100000.0,0.0,0.0,2100000.0,1.05,2100000.0,1.05,0.0,0.0,0.0,0.0,2000000.0,1.0,0.33,0.33,6060606.0,6060606.0,,,1620590708,16:05:08,20210509
108,1992-09-30,CRT,USD,1992-09-30,1992-09-30,Q3,2100000.0,0.0,0.0,0.0,0.0,0.0,0.0,0.0,0.0,0.0,0.0,0.0,2100000.0,1.0,2100000.0,1.0,0.0,0.0,0.0,0.0,2100000.0,1.0,0.34,0.34,6176471.0,6176471.0,,,1620590708,16:05:08,20210509
109,1992-06-30,CRT,USD,1992-06-30,1992-06-30,Q1,1500000.0,0.0,0.0,0.0,0.0,100000.0,0.0,0.0,0.0,0.0,0.0,0.0,1500000.0,1.0,1500000.0,1.0,0.0,0.0,0.0,0.0,1400000.0,0.9333333333333333,0.24,0.24,5833333.0,5833333.0,,,1620590708,16:05:08,20210509
110,1992-03-31,CRT,USD,1992-03-31,1992-03-31,Q4,1600000.0,0.0,0.0,0.0,0.0,0.0,0.0,0.0,0.0,0.0,0.0,0.0,1600000.0,1.0,1600000.0,1.0,0.0,0.0,0.0,0.0,1600000.0,1.0,0.27,0.27,5925926.0,5925926.0,,,1620590708,16:05:08,20210509
