,date,symbol,reportedCurrency,fillingDate,acceptedDate,period,revenue,costOfRevenue,grossProfit,grossProfitRatio,researchAndDevelopmentExpenses,generalAndAdministrativeExpenses,sellingAndMarketingExpenses,otherExpenses,operatingExpenses,costAndExpenses,interestExpense,depreciationAndAmortization,ebitda,ebitdaratio,operatingIncome,operatingIncomeRatio,totalOtherIncomeExpensesNet,incomeBeforeTax,incomeBeforeTaxRatio,incomeTaxExpense,netIncome,netIncomeRatio,eps,epsdiluted,weightedAverageShsOut,weightedAverageShsOutDil,link,finalLink,timestamp,est_time,est_date
0,2020-12-31,IAG,USD,2020-12-31,2020-12-31,Q4,347500000,263500000,84000000.0,0.24172661870503598,0.0,11500000.0,0.0,500000.0,44300000.0,307800000.0,2300000.0,73900000.0,113600000.0,0.3269064748201439,39700000.0,0.11424460431654676,49600000.0,84900000.0,0.24431654676258993,16900000.0,63100000.0,0.18158273381294965,0.13,0.13,474700000,480500000,,,1620593360,16:49:20,20210509
1,2020-09-30,IAG,USD,2020-09-30,2020-09-30,Q3,335100000,257000000,78100000.0,0.2330647567890182,0.0,11500000.0,0.0,0.0,17900000.0,274900000.0,2400000.0,68300000.0,128500000.0,0.3834676216054909,60200000.0,0.1796478663085646,-54500000.0,1600000.0,0.004774694121157864,9300000.0,-11600000.0,-0.03461653237839451,-0.02,-0.02,473800000,473800000,,,1620593360,16:49:20,20210509
2,2020-06-30,IAG,USD,2020-07-02 00:00:00,2020-07-02 17:04:32,Q2,284600000,228300000,56300000.0,0.1978215038650738,5000000.0,9300000.0,0.0,1100000.0,18100000.0,251099999.99999997,11600000.0,62000000.0,95500000.0,0.3355586788475053,33500000.0,0.11770906535488405,-3500000.0,41600000.0,0.14617006324666199,14300000.0,25500000.0,0.08959943780744906,0.05354,0.05354,476300000,476300000,https://www.sec.gov/Archives/edgar/data/1203464/000106299320003129/0001062993-20-003129-index.html,https://www.sec.gov/Archives/edgar/data/1203464/000106299320003129/form6k.htm,1620593360,16:49:20,20210509
3,2020-03-31,IAG,USD,2020-04-13 00:00:00,2020-04-13 11:04:09,Q1,274500000,242600000,31900000.0,0.1162112932604736,8400000.0,12600000.0,0.0,1100000.0,22700000.0,265800000.00000003,-34400000.0,63800000.0,72500000.0,0.2641165755919854,8700000.0,0.03169398907103825,-3600000.0,-29300000.0,-0.10673952641165756,3600000.0,-34400000.0,-0.12531876138433515,-0.07318,-0.07318,470100000,470100000,https://www.sec.gov/Archives/edgar/data/1203464/000119312520104965/0001193125-20-104965-index.html,https://www.sec.gov/Archives/edgar/data/1203464/000119312520104965/d852241d6k.htm,1620593360,16:49:20,20210509
4,2019-12-31,IAG,USD,2020-01-13 00:00:00,2020-01-13 16:58:02,Q4,293400000,252300000,41100000.0,0.14008179959100203,7300000.0,12700000.0,0.0,22400000.0,41200000.0,569299999.9999999,-6700000.0,73500000.00000003,-202399999.99999997,-0.6898432174505793,-275900000.0,-0.9403544648943422,-2800000.0,-285400000.0,-0.972733469665985,16500000.0,-353900000.0,-1.2062031356509884,-0.75571,-0.75571,468300000,468300000,https://www.sec.gov/Archives/edgar/data/1203464/000106299320000128/0001062993-20-000128-index.html,https://www.sec.gov/Archives/edgar/data/1203464/000106299320000128/form6k.htm,1620593360,16:49:20,20210509
5,2019-09-30,IAG,USD,2019-10-02 00:00:00,2019-10-02 07:07:48,Q3,274400000,251600000,22800000.0,0.08309037900874636,7700000.0,11400000.0,0.0,4300000.0,21800000.0,275900000.0,10200000.0,70199999.99999999,68699999.99999999,0.2503644314868804,-1500000.0,-0.005466472303206997,-1300000.0,7400000.0,0.02696793002915452,8600000.0,-3000000.0,-0.010932944606413994,-0.00641,-0.00641,468000000,468000000,https://www.sec.gov/Archives/edgar/data/1203464/000106299319003790/0001062993-19-003790-index.html,https://www.sec.gov/Archives/edgar/data/1203464/000106299319003790/form6k.htm,1620593360,16:49:20,20210509
6,2019-06-30,IAG,USD,2019-07-31 00:00:00,2019-07-31 07:34:14,Q2,246500000,239900000,6600000.0,0.026774847870182555,10600000.0,11900000.0,0.0,1100000.0,23600000.0,265800000.0,6300000.0,64000000.0,44700000.0,0.18133874239350914,-19300000.0,-0.07829614604462475,-1600000.0,-14600000.0,-0.05922920892494929,3900000.0,-14400000.0,-0.05841784989858012,-0.03077,-0.03077,468000000,468000000,https://www.sec.gov/Archives/edgar/data/1203464/000106299319003088/0001062993-19-003088-index.html,https://www.sec.gov/Archives/edgar/data/1203464/000106299319003088/form6k.htm,1620593360,16:49:20,20210509
7,2019-03-31,IAG,USD,2019-04-05 00:00:00,2019-04-05 16:53:02,Q1,251000000,251900000,-900000.0,-0.0035856573705179283,8900000.0,11100000.0,0.0,5100000.0,23600000.0,292399999.99999994,2700000.0,68900000.0,27500000.0,0.10956175298804781,-41400000.0,-0.1649402390438247,-1200000.0,-39900000.0,-0.1589641434262948,1400000.0,-41300000.0,-0.1645418326693227,-0.08832,-0.08832,467600000,467600000,https://www.sec.gov/Archives/edgar/data/1203464/000106299319001594/0001062993-19-001594-index.html,https://www.sec.gov/Archives/edgar/data/1203464/000106299319001594/form6k.htm,1620593360,16:49:20,20210509
8,2018-12-31,IAG,USD,2019-01-10 00:00:00,2019-01-10 07:38:17,Q4,274300000,250300000,24000000.0,0.08749544294567992,11400000.0,11300000.0,0.0,12500000.0,26800000.0,285899999.99999994,500000.0,64600000.0,53000000.0,0.19321910317170982,-11600000.0,-0.042289464090411955,-3200000.0,-14300000.0,-0.052132701421800945,18300000.0,-34800000.0,-0.12686839227123586,-0.07455,-0.07455,466800000,466800000,https://www.sec.gov/Archives/edgar/data/1203464/000106299319000120/0001062993-19-000120-index.html,https://www.sec.gov/Archives/edgar/data/1203464/000106299319000120/form6k.htm,1620593360,16:49:20,20210509
9,2018-09-30,IAG,USD,2018-10-16 00:00:00,2018-10-16 17:22:05,Q3,244800000,237300000,7500000.0,0.030637254901960783,8400000.0,10800000.0,0.0,-1400000.0,17799999.99999998,255099999.99999997,2800000.0,64900000.0,54600000.0,0.22303921568627452,-10300000.0,-0.042075163398692814,-1000000.0,-8500000.0,-0.034722222222222224,500000.0,-9500000.0,-0.03880718954248366,-0.02036,-0.02036,466600000,466600000,https://www.sec.gov/Archives/edgar/data/1203464/000127956918002027/0001279569-18-002027-index.html,https://www.sec.gov/Archives/edgar/data/1203464/000127956918002027/iamgold6k.htm,1620593360,16:49:20,20210509
10,2018-06-30,IAG,USD,2018-07-10 00:00:00,2018-07-10 07:50:57,Q2,277400000,247800000,29600000.0,0.10670511896178803,11100000.0,9900000.0,0.0,5700000.0,26699999.99999999,274500000.0,-8300000.0,72299999.99999999,75199999.99999999,0.2710886806056236,2900000.0,0.010454217736121124,-11400000.0,-16800000.0,-0.06056236481614996,7400000.0,-26200000.0,-0.09444844989185291,-0.05616,-0.05616,466500000,466500000,https://www.sec.gov/Archives/edgar/data/1203464/000127956918001439/0001279569-18-001439-index.html,https://www.sec.gov/Archives/edgar/data/1203464/000127956918001439/iamgold6k.htm,1620593360,16:49:20,20210509
11,2018-03-31,IAG,USD,2018-04-03 00:00:00,2018-04-03 09:11:15,Q1,314500000,238700000,75800000.0,0.2410174880763116,8300000.0,9700000.0,0.0,4700000.0,22699999.99999999,261400000.0,5500000.0,64400000.0,117500000.0,0.37360890302066774,53100000.0,0.16883942766295706,-700000.0,57900000.0,0.18410174880763117,11800000.0,42300000.0,0.13449920508744037,0.08983,0.08983,470900000,470900000,https://www.sec.gov/Archives/edgar/data/1203464/000127956918000651/0001279569-18-000651-index.html,https://www.sec.gov/Archives/edgar/data/1203464/000127956918000651/iamgold6k.htm,1620593360,16:49:20,20210509
12,2017-12-31,IAG,USD,2018-01-17 00:00:00,2018-01-16 18:36:31,Q4,291100000,250000000,41100000.0,0.1411885949845414,8800000.0,12600000.0,0.0,10300000.0,30000000.0,281600000.0,3700000.0,68300000.00000001,77800000.00000001,0.2672621092408108,9500000.0,0.032634833390587425,200000.0,13400000.0,0.046032291308828584,30300000.0,-17700000.0,-0.06080384747509447,-0.03806,-0.03806,465100000,465100000,https://www.sec.gov/Archives/edgar/data/1203464/000127956918000091/0001279569-18-000091-index.html,https://www.sec.gov/Archives/edgar/data/1203464/000127956918000091/iamgold6k.htm,1620593360,16:49:20,20210509
13,2017-09-30,IAG,USD,2017-10-17 00:00:00,2017-10-17 14:00:03,Q3,268800000,227900000,40900000.0,0.15215773809523808,6600000.0,8900000.0,0.0,-1500000.0,14000000.0,241900000.0,11400000.0,62399999.99999998,89299999.99999997,0.3322172619047618,26900000.0,0.10007440476190477,-600000.0,37700000.0,0.1402529761904762,5100000.0,30800000.0,0.11458333333333333,0.06563,0.06563,469300000,469300000,https://www.sec.gov/Archives/edgar/data/1203464/000119312517311628/0001193125-17-311628-index.html,https://www.sec.gov/Archives/edgar/data/1203464/000119312517311628/d416046d6k.htm,1620593360,16:49:20,20210509
14,2017-06-30,IAG,USD,2017-07-06 00:00:00,2017-07-06 08:57:47,Q2,274500000,238600000,35900000.0,0.1307832422586521,12100000.0,8600000.0,0.0,6900000.0,27600000.0,-257900000.0,12800000.0,71700000.00000001,604100000.0,2.200728597449909,532400000.0,1.9395264116575592,700000.0,565100000.0,2.0586520947176683,53500000.0,506500000.0,1.8451730418943533,1.07927,1.07927,469300000,469300000,https://www.sec.gov/Archives/edgar/data/1203464/000127956917001389/0001279569-17-001389-index.html,https://www.sec.gov/Archives/edgar/data/1203464/000127956917001389/iamgold6k.htm,1620593360,16:49:20,20210509
15,2017-03-31,IAG,USD,2017-04-04 00:00:00,2017-04-03 18:46:12,Q1,260500000,225500000,35000000.0,0.1343570057581574,10900000.0,10300000.0,0.0,2600000.0,23800000.0,269500000.0,-200000.0,63600000.0,54600000.0,0.20959692898272553,-9000000.0,-0.0345489443378119,1100000.0,-8100000.0,-0.03109404990403071,8700000.0,-18000000.0,-0.0690978886756238,-0.03934,-0.03934,457500000,457500000,https://www.sec.gov/Archives/edgar/data/1203464/000127956917000680/0001279569-17-000680-index.html,https://www.sec.gov/Archives/edgar/data/1203464/000127956917000680/iamgold6k.htm,1620593360,16:49:20,20210509
16,2016-12-31,IAG,USD,2017-01-17 00:00:00,2017-01-17 07:36:30,Q4,252500000,233400000,19100000.0,0.07564356435643564,11100000.0,5800000.0,0.0,-11000000.0,2600000.0,243500000.0,-12300000.0,68600000.0,77600000.0,0.3073267326732673,9000000.0,0.03564356435643564,-500000.0,-3800000.0,-0.015049504950495049,-1000000.0,-5300000.0,-0.02099009900990099,-0.01172,-0.01172,452300000,452300000,https://www.sec.gov/Archives/edgar/data/1203464/000127956917000074/0001279569-17-000074-index.html,https://www.sec.gov/Archives/edgar/data/1203464/000127956917000074/iamgold6k.htm,1620593360,16:49:20,20210509
17,2016-09-30,IAG,USD,2016-11-07 00:00:00,2016-11-07 17:16:38,Q3,282400000,230200000,52200000.0,0.1848441926345609,6500000.0,10000000.0,0.0,1900000.0,18400000.0,244600000.0,-1300000.0,69700000.0,107500000.0,0.3806657223796034,37800000.0,0.13385269121813032,-1000000.0,35500000.0,0.12570821529745044,14400000.0,17000000.0,0.06019830028328612,0.03933,0.03933,432200000,432200000,https://www.sec.gov/Archives/edgar/data/1203464/000162828016020948/0001628280-16-020948-index.html,https://www.sec.gov/Archives/edgar/data/1203464/000162828016020948/copyofq32016ofiag-6kx20161.htm,1620593360,16:49:20,20210509
18,2016-06-30,IAG,USD,2016-08-16 00:00:00,2016-08-16 13:53:03,Q2,232500000,208100000,24400000.0,0.10494623655913979,8100000.0,9400000.0,0.0,900000.0,18400000.000000007,226500000.0,-4100000.0,62900000.00000001,68900000.0,0.29634408602150536,6000000.0,0.025806451612903226,2900000.0,4800000.0,0.02064516129032258,14000000.0,-12200000.0,-0.052473118279569894,-0.03006,-0.03006,405900000,405900000,https://www.sec.gov/Archives/edgar/data/1203464/000119312516682940/0001193125-16-682940-index.html,https://www.sec.gov/Archives/edgar/data/1203464/000119312516682940/d233257d6k.htm,1620593360,16:49:20,20210509
19,2016-03-31,IAG,USD,2016-04-05 00:00:00,2016-04-05 13:08:01,Q1,219700000,213200000,6500000.0,0.029585798816568046,6000000.0,9400000.0,0.0,7400000.0,22800000.00000001,236000000.0,800000.0,62300000.0,46000000.0,0.20937642239417387,-16300000.0,-0.07419208010923987,1300000.0,58700000.0,0.26718252162039147,6000000.0,53100000.0,0.24169321802457897,0.13342,0.13342,398000000,398000000,https://www.sec.gov/Archives/edgar/data/1203464/000119312516530407/0001193125-16-530407-index.html,https://www.sec.gov/Archives/edgar/data/1203464/000119312516530407/d104129d6k.htm,1620593360,16:49:20,20210509
20,2015-12-31,IAG,USD,2016-01-19 00:00:00,2016-01-19 09:18:50,Q4,238200000,283500000,-45300000.0,-0.190176322418136,6600000.0,2700000.0,0.0,1500000.0,6300000.0,923000000.0,-20000000.0,64699999.99999999,-620100000.0,-2.6032745591939546,-684800000.0,-2.874895046179681,2300000.0,-702500000.0,-2.949202350965575,-25000000.0,-675900000.0,-2.8375314861460956,-1.72556,-1.72556,391700000,391700000,https://www.sec.gov/Archives/edgar/data/1203464/000127956916002536/0001279569-16-002536-index.html,https://www.sec.gov/Archives/edgar/data/1203464/000127956916002536/iamgold6k.htm,1620593360,16:49:20,20210509
21,2015-09-30,IAG,USD,2015-10-08 00:00:00,2015-10-08 08:44:04,Q3,207600000,227600000,-20000000.0,-0.09633911368015415,6500000.0,9300000.0,0.0,6400000.0,22200000.0,247500000.0,-35300000.0,69100000.0,29200000.0,0.14065510597302505,-39900000.0,-0.19219653179190752,-1700000.0,-76900000.0,-0.37042389210019266,8000000.0,-83800000.0,-0.40366088631984587,-0.2141,-0.2141,391400000,391400000,https://www.sec.gov/Archives/edgar/data/1203464/000127956915001936/0001279569-15-001936-index.html,https://www.sec.gov/Archives/edgar/data/1203464/000127956915001936/iamgold6k.htm,1620593360,16:49:20,20210509
22,2015-06-30,IAG,USD,2015-07-06 00:00:00,2015-07-06 08:31:22,Q2,226500000,228800000,-2300000.0,-0.010154525386313467,8000000.0,10100000.0,0.0,-1400000.0,16699999.99999999,245500000.0,6500000.0,67200000.0,48200000.0,0.21280353200883,-19000000.0,-0.08388520971302428,-1100000.0,-13600000.0,-0.060044150110375276,6700000.0,-19700000.0,-0.0869757174392936,-0.05033,-0.05033,391400000,391400000,https://www.sec.gov/Archives/edgar/data/1203464/000127956915001359/0001279569-15-001359-index.html,https://www.sec.gov/Archives/edgar/data/1203464/000127956915001359/iamgold6k.htm,1620593360,16:49:20,20210509
23,2015-03-31,IAG,USD,2015-04-14 00:00:00,2015-04-14 14:24:31,Q1,244700000,231700000,13000000.0,0.05312627707396812,9600000.0,10500000.0,0.0,9800000.0,29900000.0,260700000.0,-17600000.0,63200000.0,47200000.0,0.19288925214548427,-16000000.0,-0.06538618716796077,-700000.0,9200000.0,0.03759705762157744,21800000.0,24100000.0,0.09848794442174091,0.06258,0.06258,385100000,385100000,https://www.sec.gov/Archives/edgar/data/1203464/000119312515129060/0001193125-15-129060-index.html,https://www.sec.gov/Archives/edgar/data/1203464/000119312515129060/d892291d6k.htm,1620593360,16:49:20,20210509
24,2014-12-31,IAG,USD,2014-12-31,2014-12-31,Q4,272500000,239500000,33000000.0,0.12110091743119267,11900000.0,4900000.0,0.0,47000000.0,52900000.0,309200000.0,-71100000.0,58000000.0,21300000.0,0.0781651376146789,-36700000.0,-0.1346788990825688,2000000.0,-105800000.0,-0.38825688073394493,42000000.0,-122000000.0,-0.44770642201834865,-0.32378,-0.32378,376800000,376800000,,,1620593360,16:49:20,20210509
25,2014-09-30,IAG,USD,2014-10-03 00:00:00,2014-10-03 09:22:23,Q3,286700000,261400000,25300000.0,0.08824555284269271,10200000.0,12600000.0,0.0,7700000.0,30400000.0,291500000.0,-18100000.0,165200000.0,160400000.0,0.5594698290896407,-4800000.0,-0.016742239274502965,5100000.0,-17800000.0,-0.06208580397628183,61500000.0,-72500000.0,-0.25287757237530517,-0.19236,-0.19236,376900000,376900000,https://www.sec.gov/Archives/edgar/data/1203464/000127956914001581/0001279569-14-001581-index.html,https://www.sec.gov/Archives/edgar/data/1203464/000127956914001581/iamgold6k.htm,1620593360,16:49:20,20210509
26,2014-06-30,IAG,USD,2014-07-31 00:00:00,2014-07-31 09:21:31,Q2,231400000,206800000,24600000.0,0.1063094209161625,11500000.0,12000000.0,0.0,8500000.0,32100000.0,238400000.0,-8300000.0,-38400000.0,-45400000.0,-0.1961970613656007,-7000000.0,-0.03025064822817632,-800000.0,-16100000.0,-0.06957649092480553,5300000.0,-16000000.0,-0.06914433880726016,-0.04246,-0.04246,376800000,376800000,https://www.sec.gov/Archives/edgar/data/1203464/000127956914001242/0001279569-14-001242-index.html,https://www.sec.gov/Archives/edgar/data/1203464/000127956914001242/iamgold6k.htm,1620593360,16:49:20,20210509
27,2014-03-31,IAG,USD,2014-04-08 00:00:00,2014-04-08 09:20:40,Q1,217300000,185200000,32100000.0,0.14772204325816843,9100000.0,11100000.0,0.0,6900000.0,27200000.0,208300000.00000003,-11500000.0,46400000.0,55400000.0,0.2549470777726645,9000000.0,0.04141739530602853,-1500000.0,-4000000.0,-0.01840773124712379,9100000.0,3700000.0,0.017027151403589506,0.00982,0.00982,376700000,376700000,https://www.sec.gov/Archives/edgar/data/1203464/000119312514134619/0001193125-14-134619-index.html,https://www.sec.gov/Archives/edgar/data/1203464/000119312514134619/d707619d6k.htm,1620593360,16:49:20,20210509
28,2013-12-31,IAG,USD,2013-12-31,2013-12-31,Q4,47600000,53800000,-6200000.0,-0.13025210084033614,17600000.0,10300000.0,0.0,10900000.0,38000000.0,984200000.0000001,-69800000.0,46199999.99999999,-890400000.0,-18.705882352941178,-936600000.0,-19.676470588235293,-40500000.0,-1032600000.0,-21.69327731092437,-122400000.0,-840300000.0,-17.653361344537814,-2.18657,-2.18657,384300000,384300000,,,1620593360,16:49:20,20210509
29,2013-09-30,IAG,USD,2013-11-06 00:00:00,2013-11-06 11:03:40,Q3,293500000,217700000,75800000.0,0.25826235093696764,13700000.0,12100000.0,0.0,1600000.0,27800000.0,243600000.0,1200000.0,48000000.0,97900000.0,0.3335604770017036,49900000.0,0.17001703577512778,-1000000.0,50100000.0,0.1706984667802385,22600000.0,25300000.0,0.08620102214650767,0.06713,0.06713,376900000,376900000,https://www.sec.gov/Archives/edgar/data/1203464/000119312513429382/0001193125-13-429382-index.html,https://www.sec.gov/Archives/edgar/data/1203464/000119312513429382/d623780d6k.htm,1620593360,16:49:20,20210509
30,2013-06-30,IAG,USD,2013-07-23 00:00:00,2013-07-22 17:50:37,Q2,301100000,212600000,88500000.0,0.29392228495516437,15800000.0,12900000.0,0.0,-8800000.0,20700000.0,272600000.00000006,-18600000.0,42000000.0,70500000.0,0.23414148123546993,28500000.0,0.09465293922284955,-6400000.0,3600000.0,0.01195616074393889,28900000.0,-28400000.0,-0.09432082364662903,-0.07541,-0.07541,376600000,376600000,https://www.sec.gov/Archives/edgar/data/1203464/000127956913001000/0001279569-13-001000-index.html,https://www.sec.gov/Archives/edgar/data/1203464/000127956913001000/iamgold6k.htm,1620593360,16:49:20,20210509
31,2013-03-31,IAG,USD,2013-04-04 00:00:00,2013-04-03 20:55:31,Q1,305300000,184400000,120900000.0,0.3960039305601048,22100000.0,12100000.0,0.0,-2100000.0,32700000.0,244500000.0,-7000000.0,39000000.0,99800000.0,0.32689158205044216,60800000.0,0.19914837864395676,-200000.0,53300000.0,0.17458237798886342,36000000.0,10900000.0,0.03570258761873567,0.02892,0.02892,376900000,376900000,https://www.sec.gov/Archives/edgar/data/1203464/000127956913000428/0001279569-13-000428-index.html,https://www.sec.gov/Archives/edgar/data/1203464/000127956913000428/iamgold6k.htm,1620593360,16:49:20,20210509
32,2012-12-31,IAG,USD,2013-01-23 00:00:00,2013-01-22 20:51:29,Q4,398600000,209400000,189200000.0,0.4746613146011039,34300000.0,14900000.0,0.0,6700000.0,56100000.0,269300000.0,20100000.0,37899999.99999999,167200000.0,0.41946813848469644,129300000.0,0.3243853487205218,-900000.0,147200000.0,0.369292523833417,52600000.0,84600000.0,0.2122428499749122,0.22417,0.22417,377400000,377400000,https://www.sec.gov/Archives/edgar/data/1203464/000127956913000078/0001279569-13-000078-index.html,https://www.sec.gov/Archives/edgar/data/1203464/000127956913000078/iamgold6k.htm,1620593360,16:49:20,20210509
33,2012-09-30,IAG,USD,2012-10-05 00:00:00,2012-10-05 10:56:53,Q3,336200000,185200000,151000000.0,0.4491374182034503,32100000.0,15600000.0,0.0,-600000.0,49800000.0,234100000.0,28700000.0,37900000.00000001,140000000.0,0.4164187983343248,102100000.0,0.3036882807852469,500000.0,130400000.0,0.38786436644854255,43700000.0,78000000.0,0.23200475907198095,0.20701,0.20701,376800000,376800000,https://www.sec.gov/Archives/edgar/data/1203464/000127956912001196/0001279569-12-001196-index.html,https://www.sec.gov/Archives/edgar/data/1203464/000127956912001196/iamgold6k.htm,1620593360,16:49:20,20210509
34,2012-06-30,IAG,USD,2012-08-14 00:00:00,2012-08-14 09:11:01,Q2,364500000,201600000,162900000.0,0.4469135802469136,22100000.0,0.0,0.0,4800000.0,37000000.0,257300000.00000003,0.0,40800000.0,148000000.0,0.4060356652949246,107200000.0,0.29410150891632375,1200000.0,108300000.0,0.297119341563786,47400000.0,52900000.0,0.14513031550068586,0.14047,0.14047,376600000,376600000,https://www.sec.gov/Archives/edgar/data/1203464/000119312512354174/0001193125-12-354174-index.html,https://www.sec.gov/Archives/edgar/data/1203464/000119312512354174/d397337d6k.htm,1620593360,16:49:20,20210509
35,2012-03-31,IAG,USD,2012-04-10 00:00:00,2012-04-10 09:38:50,Q1,354100000,178800000,175300000.0,0.4950578932504942,19500000.0,0.0,0.0,-2400000.0,32900000.0,213199999.99999997,35900000.0,38000000.0,178900000.0,0.5052245128494776,140900000.0,0.39791019486020895,-300000.0,178800000.0,0.5049421067495058,49800000.0,119200000.0,0.3366280711663372,0.31635,0.31635,376800000,376800000,https://www.sec.gov/Archives/edgar/data/1203464/000127956912000457/0001279569-12-000457-index.html,https://www.sec.gov/Archives/edgar/data/1203464/000127956912000457/iamgold6k.htm,1620593360,16:49:20,20210509
36,2011-12-31,IAG,USD,2012-01-17 00:00:00,2012-01-17 11:52:31,Q4,481600000,241600000,240000000.0,0.4983388704318937,21000000.0,0.0,0.0,24400000.0,88588000.0,305100000.00000006,16300000.0,44800000.00000001,221300000.0,0.45950996677740863,176500000.0,0.36648671096345514,-500000.0,205700000.0,0.4271179401993355,59900000.0,133600000.0,0.27740863787375414,0.35419,0.35419,377200000,377200000,https://www.sec.gov/Archives/edgar/data/1203464/000127956912000069/0001279569-12-000069-index.html,https://www.sec.gov/Archives/edgar/data/1203464/000127956912000069/iamgold6k.htm,1620593360,16:49:20,20210509
37,2011-09-30,IAG,USD,2011-10-12 00:00:00,2011-10-12 07:34:50,Q3,431900000,240700000,191200000.0,0.4426950683028479,20400000.0,13816000.0,0.0,-100000.0,14241000.0,275300000.0,-28000000.0,37500000.0,194100000.0,0.44940958555221117,156600000.0,0.362583931465617,1800000.0,130300000.0,0.30169020606621905,70300000.0,40700000.0,0.09423477656865015,0.10801,0.10801,376800000,376800000,https://www.sec.gov/Archives/edgar/data/1203464/000119907311000969/0001199073-11-000969-index.html,https://www.sec.gov/Archives/edgar/data/1203464/000119907311000969/d6k.htm,1620593360,16:49:20,20210509
38,2011-06-30,IAG,USD,2011-07-14 00:00:00,2011-07-14 15:31:12,Q2,345700000,200000000,145700000.0,0.42146369684697715,18000000.0,0.0,0.0,800000.0,11737000.0,229800000.0,6500000.0,32300000.0,148200000.0,0.42869540063638994,115900000.0,0.33526178767717674,2600000.0,127500000.0,0.36881689326005207,47400000.0,478900000.0,1.3853051778999133,1.27198,1.27198,376500000,376500000,https://www.sec.gov/Archives/edgar/data/1203464/000119907311000712/0001199073-11-000712-index.html,https://www.sec.gov/Archives/edgar/data/1203464/000119907311000712/d6k.htm,1620593360,16:49:20,20210509
39,2011-03-31,IAG,USD,2011-04-15 00:00:00,2011-04-15 08:52:14,Q1,414000000,209500000,204500000.0,0.4939613526570048,13900000.0,0.0,0.0,600000.0,13094000.0,236400000.0,-2800000.0,42200000.0,219800000.0,0.5309178743961352,177600000.0,0.4289855072463768,0.0,185500000.0,0.44806763285024154,43400000.0,153400000.0,0.3705314009661836,0.40863,0.40863,375400000,375400000,https://www.sec.gov/Archives/edgar/data/1203464/000119907311000382/0001199073-11-000382-index.html,https://www.sec.gov/Archives/edgar/data/1203464/000119907311000382/d6k.htm,1620593360,16:49:20,20210509
40,2010-12-31,IAG,USD,2010-12-31,2010-12-31,Q4,440900000,256300000,184600000.0,0.41868904513495125,14000000.0,0.0,0.0,500000.0,27751000.0,284399999.99999994,8500000.0,32000000.0,188500000.0,0.4275345883420277,156500000.0,0.35495577228396463,1500000.0,170100000.0,0.3858017691086414,49800000.0,124100000.0,0.28146972102517576,0.33146,0.33146,374400000,374400000,,,1620593360,16:49:20,20210509
41,2010-09-30,IAG,USD,2010-10-20 00:00:00,2010-10-20 09:36:26,Q3,234700000,139200000,95500000.0,0.40690242863229653,12200000.0,0.0,0.0,100000.0,22427000.0,162000000.0,-4700000.0,32599999.999999993,105300000.0,0.4486578610992757,72700000.0,0.3097571367703451,2200000.0,70100000.0,0.29867916489135066,30300000.0,52000000.0,0.22155943757988922,0.13907,0.13907,373900000,373900000,https://www.sec.gov/Archives/edgar/data/1203464/000119907310000904/0001199073-10-000904-index.html,https://www.sec.gov/Archives/edgar/data/1203464/000119907310000904/d6k.htm,1620593360,16:49:20,20210509
42,2010-06-30,IAG,USD,2010-07-07 00:00:00,2010-07-07 13:01:51,Q2,198100000,122700000,75400000.0,0.3806158505805149,11400000.0,0.0,0.0,-400000.0,23846000.0,146700000.0,900000.0,20500000.0,71900000.0,0.3629480060575467,51400000.0,0.25946491670873295,900000.0,53200000.0,0.26855123674911663,28900000.0,29500000.0,0.14891468955073195,0.07842,0.07842,376200000,376200000,https://www.sec.gov/Archives/edgar/data/1203464/000119907310000616/0001199073-10-000616-index.html,https://www.sec.gov/Archives/edgar/data/1203464/000119907310000616/d6k.htm,1620593360,16:49:20,20210509
43,2010-03-31,IAG,USD,2010-04-01 00:00:00,2010-03-31 18:34:06,Q1,223400000,131100000,92200000.0,0.41271262309758283,8300000.0,0.0,0.0,-800000.0,10447000.0,150300000.00000003,3500000.0,31500000.0,104600000.0,0.468218442256043,73100000.0,0.3272157564905998,1400000.0,78000000.0,0.34914950760966873,29300000.0,57000000.0,0.25514771709937334,0.15339,0.15339,371600000,371600000,https://www.sec.gov/Archives/edgar/data/1203464/000119907310000244/0001199073-10-000244-index.html,https://www.sec.gov/Archives/edgar/data/1203464/000119907310000244/d6k.htm,1620593360,16:49:20,20210509
44,2009-12-31,IAG,USD,2010-01-04 00:00:00,2010-01-04 10:32:02,Q4,265300000,139200000,126100000.0,0.47531096871466266,11600000.0,0.0,0.0,2800000.0,15620000.0,281900000.0,-2500000.0,43300000.00000001,26600000.000000007,0.10026385224274409,-16700000.0,-0.06294760648322653,2800000.0,-19100000.0,-0.07199396909159442,28200000.0,-47400000.0,-0.17866566151526575,-0.12866,-0.12866,368400000,368400000,https://www.sec.gov/Archives/edgar/data/1203464/000119907310000003/0001199073-10-000003-index.html,https://www.sec.gov/Archives/edgar/data/1203464/000119907310000003/d6k.htm,1620593360,16:49:20,20210509
45,2009-09-30,IAG,USD,2009-10-14 00:00:00,2009-10-14 10:12:26,Q3,235200000,109900000,125300000.0,0.5327380952380952,10900000.0,0.0,0.0,-3800000.0,11046000.0,146500000.0,-2500000.0,39400000.00000001,128100000.0,0.5446428571428571,88700000.0,0.37712585034013607,-3800000.0,86200000.0,0.3664965986394558,21400000.0,64900000.0,0.27593537414965985,0.17564,0.17564,369500000,369500000,https://www.sec.gov/Archives/edgar/data/1203464/000119907309000803/0001199073-09-000803-index.html,https://www.sec.gov/Archives/edgar/data/1203464/000119907309000803/d6k.htm,1620593360,16:49:20,20210509
46,2009-06-30,IAG,USD,2009-07-10 00:00:00,2009-07-10 17:11:12,Q2,225200000,108500000,116800000.0,0.5186500888099467,10700000.0,0.0,0.0,400000.0,17250000.0,144800000.0,-2300000.0,38999999.99999999,119500000.0,0.5306394316163411,80500000.0,0.3574600355239787,400000.0,78200000.0,0.347246891651865,34000000.0,44100000.0,0.1958259325044405,0.12056,0.12056,365800000,365800000,https://www.sec.gov/Archives/edgar/data/1203464/000119312509147495/0001193125-09-147495-index.html,https://www.sec.gov/Archives/edgar/data/1203464/000119312509147495/d6k.htm,1620593360,16:49:20,20210509
47,2009-03-31,IAG,USD,2009-04-17 00:00:00,2009-04-17 15:57:33,Q1,188600000,89300000,99400000.0,0.5270413573700954,6600000.0,0.0,0.0,2300000.0,10873000.0,110300000.0,-1500000.0,32100000.0,110400000.0,0.5853658536585366,78300000.0,0.4151643690349947,2300000.0,76800000.0,0.40721102863202546,24300000.0,52500000.0,0.27836691410392367,0.16881,0.16881,311000000,311000000,https://www.sec.gov/Archives/edgar/data/1203464/000119312509081687/0001193125-09-081687-index.html,https://www.sec.gov/Archives/edgar/data/1203464/000119312509081687/d6k.htm,1620593360,16:49:20,20210509
48,2008-12-31,IAG,USD,2009-01-08 00:00:00,2009-01-08 15:49:29,Q4,209700000,100300000,109400000.0,0.5216976633285646,9300000.0,0.0,0.0,8300000.0,-116838000.0,298600000.0,-600000.0,41000000.0,-47900000.0,-0.2284215546018121,-88900000.0,-0.4239389604196471,8300000.0,-89600000.0,-0.42727706247019553,6800000.0,-96400000.0,-0.4597043395326657,-0.32601,-0.32601,295700000,295700000,https://www.sec.gov/Archives/edgar/data/1203464/000119907309000014/0001199073-09-000014-index.html,https://www.sec.gov/Archives/edgar/data/1203464/000119907309000014/d6k.htm,1620593360,16:49:20,20210509
49,2008-09-30,IAG,USD,2008-10-02 00:00:00,2008-10-02 16:11:59,Q3,226900000,123400000,103500000.0,0.45614808285588365,8400000.0,0.0,0.0,200000.0,52405000.0,186199999.99999997,-800000.0,40699999.99999999,81500000.0,0.3591890700749229,40800000.0,0.17981489643014545,200000.0,39900000.0,0.17584839136183342,21100000.0,18800000.0,0.08285588364918467,0.06356,0.06356,295800000,295800000,https://www.sec.gov/Archives/edgar/data/1203464/000119907308000775/0001199073-08-000775-index.html,https://www.sec.gov/Archives/edgar/data/1203464/000119907308000775/d6k.htm,1620593360,16:49:20,20210509
50,2008-06-30,IAG,USD,2008-07-07 00:00:00,2008-07-07 10:20:08,Q2,225100000,120200000,104900000.0,0.46601510439804533,8000000.0,0.0,0.0,0.0,57194000.0,169900000.0,-800000.0,47200000.0,102400000.0,0.45490892936472677,55200000.0,0.24522434473567303,0.0,54400000.0,0.2416703687250111,21100000.0,33300000.0,0.14793425144380276,0.11152,0.11152,298600000,298600000,https://www.sec.gov/Archives/edgar/data/1203464/000119907308000544/0001199073-08-000544-index.html,https://www.sec.gov/Archives/edgar/data/1203464/000119907308000544/d6k.htm,1620593360,16:49:20,20210509
51,2008-03-31,IAG,USD,2008-04-01 00:00:00,2008-04-01 17:00:53,Q1,208000000,108100000,99900000.0,0.48028846153846155,8000000.0,0.0,0.0,0.0,49274000.0,153300000.00000003,-900000.0,40700000.0,95300000.0,0.4581730769230769,54600000.0,0.2625,0.0,53800000.0,0.2586538461538462,19400000.0,34400000.0,0.16538461538461538,0.11637,0.11637,295600000,295600000,https://www.sec.gov/Archives/edgar/data/1203464/000119907308000254/0001199073-08-000254-index.html,https://www.sec.gov/Archives/edgar/data/1203464/000119907308000254/d6k.htm,1620593360,16:49:20,20210509
52,2007-12-31,IAG,USD,2008-01-30 00:00:00,2008-01-30 15:03:50,Q4,194200000,114200000,80100000.0,0.41246138002059735,9700000.0,0.0,0.0,0.0,46136000.0,168600000.0,-1000000.0,38099999.99999999,63799999.99999999,0.3285272914521112,25700000.0,0.13233779608650875,0.0,24700000.0,0.12718846549948506,16200000.0,8500000.0,0.04376930998970134,0.02885,0.02885,294600000,294600000,https://www.sec.gov/Archives/edgar/data/1203464/000119907308000062/0001199073-08-000062-index.html,https://www.sec.gov/Archives/edgar/data/1203464/000119907308000062/d6k.htm,1620593360,16:49:20,20210509
53,2007-09-30,IAG,USD,2007-10-09 00:00:00,2007-10-09 09:20:21,Q3,170200000,105800000,64400000.0,0.3783783783783784,4700000.0,0.0,0.0,0.0,36000000.0,138500000.0,0.0,27000000.0,58700000.0,0.34488836662749706,31700000.0,0.1862514688601645,0.0,31700000.0,0.1862514688601645,11800000.0,19500000.0,0.1145710928319624,0.06646,0.06646,293400000,293400000,https://www.sec.gov/Archives/edgar/data/1203464/000119907307000882/0001199073-07-000882-index.html,https://www.sec.gov/Archives/edgar/data/1203464/000119907307000882/d6k.htm,1620593360,16:49:20,20210509
54,2007-06-30,IAG,USD,2007-07-10 00:00:00,2007-07-10 13:40:56,Q2,167300000,110900000,56400000.0,0.3371189479976091,8000000.0,0.0,0.0,0.0,37957000.0,243500000.0,0.0,28900000.0,-47300000.0,-0.28272564255827853,-76200000.0,-0.45546921697549314,0.0,-76200000.0,-0.45546921697549314,4900000.0,-81400000.0,-0.48655110579796773,-0.27782,-0.27782,293000000,293000000,https://www.sec.gov/Archives/edgar/data/1203464/000119907307000613/0001199073-07-000613-index.html,https://www.sec.gov/Archives/edgar/data/1203464/000119907307000613/d6k.htm,1620593360,16:49:20,20210509
55,2007-03-31,IAG,USD,2007-04-03 00:00:00,2007-04-02 17:34:03,Q1,146400000,95600000,50800000.0,0.3469945355191257,6000000.0,0.0,0.0,0.0,30571000.0,126400000.00000001,0.0,23600000.0,43500000.0,0.29713114754098363,19900000.0,0.1359289617486339,0.0,19900000.0,0.1359289617486339,8500000.0,11300000.0,0.07718579234972678,0.03834,0.03834,294700000,294700000,https://www.sec.gov/Archives/edgar/data/1203464/000119907307000242/0001199073-07-000242-index.html,https://www.sec.gov/Archives/edgar/data/1203464/000119907307000242/img20070331.htm,1620593360,16:49:20,20210509
56,2006-12-31,IAG,USD,2006-12-31,2006-12-31,Q4,121300000,73000000,48300000.0,0.39818631492168177,8200000.0,0.0,0.0,0.0,26722000.0,102400000.0,0.0,19100000.0,37900000.0,0.3124484748557296,18800000.0,0.1549876339653751,0.0,18800000.0,0.1549876339653751,9300000.0,9400000.0,0.07749381698268755,0.03837,0.03837,245000000,245000000,,,1620593360,16:49:20,20210509
57,2006-09-30,IAG,USD,2006-11-15 00:00:00,2006-11-15 17:09:51,Q3,65700000,30600000,35000000.0,0.532724505327245,3300000.0,0.0,0.0,0.0,16197000.0,43500000.0,0.0,11500000.0,33600000.0,0.5114155251141552,22100000.0,0.3363774733637747,0.0,22100000.0,0.3363774733637747,8700000.0,13400000.0,0.2039573820395738,0.07592,0.07592,176500000,176500000,https://www.sec.gov/Archives/edgar/data/1203464/000114036106016524/0001140361-06-016524-index.html,https://www.sec.gov/Archives/edgar/data/1203464/000114036106016524/form6-k.htm,1620593360,16:49:20,20210509
58,2006-06-30,IAG,USD,2006-06-30,2006-06-30,Q2,72000000,29100000,42900000.0,0.5958333333333333,2400000.0,0.0,0.0,0.0,16077000.0,37600000.0,0.0,12500000.0,46900000.0,0.6513888888888889,34400000.0,0.4777777777777778,0.0,34400000.0,0.4777777777777778,4600000.0,29800000.0,0.41388888888888886,0.16903,0.16903,176300000,176300000,,,1620593360,16:49:20,20210509
59,2006-03-31,IAG,USD,2006-03-31,2006-03-31,Q1,44500000,20600000,23900000.0,0.5370786516853933,1300000.0,0.0,0.0,0.0,9649000.0,22500000.0,0.0,7000000.0,29000000.0,0.651685393258427,22000000.0,0.4943820224719101,0.0,22000000.0,0.4943820224719101,2100000.0,19900000.0,0.44719101123595506,0.13024,0.13024,152800000,152800000,,,1620593360,16:49:20,20210509
60,2005-12-31,IAG,USD,2006-03-31 00:00:00,2006-03-31 09:53:28,Q4,39400000,25000000,14400000.0,0.36548223350253806,2000000.0,0.0,0.0,0.0,11204000.0,34100000.0,0.0,7500000.0,12800000.0,0.3248730964467005,5300000.0,0.13451776649746192,0.0,5300000.0,0.13451776649746192,-800000.0,6200000.0,0.15736040609137056,0.04172,0.04172,148600000,148600000,https://www.sec.gov/Archives/edgar/data/1203464/000127956906000386/0001279569-06-000386-index.html,https://www.sec.gov/Archives/edgar/data/1203464/000127956906000386/iamgold6k.htm,1620593360,16:49:20,20210509
61,2005-09-30,IAG,USD,2005-09-30,2005-09-30,Q3,31300000,16500000,14800000.0,0.4728434504792332,2300000.0,0.0,0.0,0.0,8711000.0,25600000.0,0.0,6799999.999999999,12600000.0,0.402555910543131,5800000.0,0.1853035143769968,0.0,5800000.0,0.1853035143769968,1600000.0,4200000.0,0.134185303514377,0.02789,0.02789,150600000,150600000,,,1620593360,16:49:20,20210509
62,2005-06-30,IAG,USD,2005-06-30,2005-06-30,Q2,29500000,18900000,10600000.0,0.3593220338983051,3500000.0,0.0,0.0,0.0,8316000.0,26500000.0,0.0,6199999.999999999,9200000.0,0.31186440677966104,3000000.0,0.1016949152542373,0.0,3000000.0,0.1016949152542373,700000.0,2400000.0,0.08135593220338982,0.01635,0.01635,146800000,146800000,,,1620593360,16:49:20,20210509
63,2005-03-31,IAG,USD,2005-03-31,2005-03-31,Q1,29500000,18500000,11000000.0,0.3728813559322034,1200000.0,0.0,0.0,0.0,7704000.0,21500000.0,0.0,5900000.0,13900000.0,0.4711864406779661,8000000.0,0.2711864406779661,0.0,8000000.0,0.2711864406779661,300000.0,7700000.0,0.26101694915254237,0.05281,0.05281,145800000,145800000,,,1620593360,16:49:20,20210509
64,2004-12-31,IAG,USD,2004-12-31,2004-12-31,Q4,34700000,19400000,15200000.0,0.43804034582132567,2400000.0,0.0,0.0,0.0,6768000.0,32100000.000000004,0.0,7699999.999999999,10300000.0,0.2968299711815562,2600000.0,0.07492795389048991,0.0,2600000.0,0.07492795389048991,-300000.0,2900000.0,0.08357348703170028,0.01989,0.01989,145800000,145800000,,,1620593360,16:49:20,20210509
65,2004-09-30,IAG,USD,2004-09-30,2004-09-30,Q3,28100000,15900000,12200000.0,0.43416370106761565,2300000.0,0.0,0.0,0.0,13416000.0,27500000.0,0.0,5800000.000000001,6300000.000000001,0.22419928825622779,500000.0,0.017793594306049824,0.0,500000.0,0.017793594306049824,-400000.0,900000.0,0.03202846975088968,0.00618,0.00618,145600000,145600000,,,1620593360,16:49:20,20210509
66,2004-06-30,IAG,USD,2004-06-30,2004-06-30,Q2,31500000,18400000,13100000.0,0.4158730158730159,2000000.0,0.0,0.0,0.0,15450000.0,31600000.000000004,0.0,6400000.0,6300000.0,0.2,-100000.0,-0.0031746031746031746,0.0,-100000.0,-0.0031746031746031746,-700000.0,600000.0,0.01904761904761905,0.00412,0.00412,145500000,145500000,,,1620593360,16:49:20,20210509
67,2004-03-31,IAG,USD,2004-03-31,2004-03-31,Q1,27600000,15600000,12100000.0,0.4384057971014493,1100000.0,0.0,0.0,0.0,9910000.0,19300000.0,0.0,5900000.0,14200000.0,0.5144927536231884,8300000.0,0.3007246376811594,0.0,8300000.0,0.3007246376811594,1100000.0,7200000.0,0.2608695652173913,0.04948,0.04948,145500000,145500000,,,1620593360,16:49:20,20210509
68,2003-12-31,IAG,USD,2004-02-04 00:00:00,2004-02-04 14:37:09,Q4,29300000,16900000,12400000.0,0.4232081911262799,1100000.0,0.0,0.0,0.0,10379000.0,21700000.0,0.0,2000000.0,9600000.0,0.32764505119453924,7600000.0,0.2593856655290102,0.0,7600000.0,0.2593856655290102,600000.0,7000000.0,0.23890784982935154,0.04818,0.04818,145300000,145300000,https://www.sec.gov/Archives/edgar/data/1203464/000089109204000511/0000891092-04-000511-index.html,https://www.sec.gov/Archives/edgar/data/1203464/000089109204000511/e16757_6k.htm,1620593360,16:49:20,20210509
69,2003-09-30,IAG,USD,2003-09-30,2003-09-30,Q3,23800000,12600000,11200000.0,0.47058823529411764,1200000.0,0.0,0.0,0.0,8547000.0,15400000.0,0.0,7299999.999999999,15700000.0,0.6596638655462185,8400000.0,0.35294117647058826,0.0,8400000.0,0.35294117647058826,900000.0,7500000.0,0.31512605042016806,0.0499,0.0499,150300000,150300000,,,1620593360,16:49:20,20210509
70,2003-06-30,IAG,USD,2003-06-30,2003-06-30,Q2,24200000,13400000,10800000.0,0.4462809917355372,2400000.0,0.0,0.0,0.0,7329000.0,22000000.0,0.0,6100000.000000001,8300000.000000001,0.34297520661157027,2200000.0,0.09090909090909091,0.0,2200000.0,0.09090909090909091,100000.0,2000000.0,0.08264462809917356,0.01392,0.01392,143700000,143700000,,,1620593360,16:49:20,20210509
71,2003-03-31,IAG,USD,2003-05-30 00:00:00,2003-05-30 16:37:59,Q1,23800000,13700000,10100000.0,0.42436974789915966,900000.0,0.0,0.0,0.0,6923000.0,20200000.0,0.0,5800000.0,9400000.0,0.3949579831932773,3600000.0,0.15126050420168066,0.0,3600000.0,0.15126050420168066,200000.0,3500000.0,0.14705882352941177,0.02439,0.02439,143500000,143500000,https://www.sec.gov/Archives/edgar/data/1203464/000104746903020200/0001047469-03-020200-index.html,https://www.sec.gov/Archives/edgar/data/1203464/000104746903020200/a2112258z6-k.htm,1620593360,16:49:20,20210509
72,2002-12-31,IAG,USD,2002-12-31,2002-12-31,Q4,24700000,15100000,9600000.0,0.38866396761133604,1100000.0,0.0,0.0,0.0,10200000.0,24700000.0,0.0,4500000.0,4500000.0,0.182186,0.0,0.0,0.0,0.0,0.0,700000.0,-700000.0,-0.02834008097165992,-0.00904,-0.00904,77400000,77400000,,,1620593360,16:49:20,20210509
