,date,symbol,reportedCurrency,fillingDate,acceptedDate,period,revenue,costOfRevenue,grossProfit,grossProfitRatio,researchAndDevelopmentExpenses,generalAndAdministrativeExpenses,sellingAndMarketingExpenses,otherExpenses,operatingExpenses,costAndExpenses,interestExpense,depreciationAndAmortization,ebitda,ebitdaratio,operatingIncome,operatingIncomeRatio,totalOtherIncomeExpensesNet,incomeBeforeTax,incomeBeforeTaxRatio,incomeTaxExpense,netIncome,netIncomeRatio,eps,epsdiluted,weightedAverageShsOut,weightedAverageShsOutDil,link,finalLink,timestamp,est_time,est_date
0,2021-03-31,VNO,USD,2021-05-03,2021-05-03 16:18:43,Q1,379977000,190979000.0,188998000.0,0.4973932632764615,0.0,44186000.0,0.0,-843000.0,139540000.0,330519000.0,45384000.0,100034000.0,149492000.0,0.3934238124939141,49458000.0,0.07625987888740635,28961000.0,28977000.0,0.07625987888740635,1984000.0,20550000.0,0.054082220765993734,0.02,0.02,191418000,192031000,https://www.sec.gov/Archives/edgar/data/899689/000089968921000029/0000899689-21-000029-index.htm,https://www.sec.gov/Archives/edgar/data/899689/000089968921000029/vno-20210331.htm,1620599582,18:33:02,20210509
1,2020-06-30,VNO,USD,2020-08-03 00:00:00,2020-08-03 16:29:03,Q2,343026000,174425000.0,168601000.0,0.49151084757423635,0.0,35014000.0,0.0,70128000.0,133927000.0,308352000.0,54099000.0,97007000.0,131681000.0,0.3838805221761616,34674000.0,0.10108271676199472,-194092000.0,-215515000.0,-0.6282759907412266,1837000.0,-185220000.0,-0.5399590701579472,-1.03,-1.03,191104000,191104000,https://www.sec.gov/Archives/edgar/data/899689/000089968920000039/0000899689-20-000039-index.htm,https://www.sec.gov/Archives/edgar/data/899689/000089968920000039/vno-063020x10q.htm,1620599582,18:33:02,20210509
2,2020-03-31,VNO,USD,2020-05-04,2020-05-04 16:32:38,Q1,444532000,230007000.0,214525000.0,0.48258618052243707,0.0,52834000.0,0.0,832000.0,152888000.0,382895000.0,54580000.0,96913000.0,158550000.0,0.3566672365543988,61637000.0,0.13865593478084817,-99877000.0,-91690000.0,-0.20626186641231678,12813000.0,17494000.0,0.03935374731177958,0.09157340424418178,0.09153746736224119,191038000,191113000,https://www.sec.gov/Archives/edgar/data/899689/000089968920000025/0000899689-20-000025-index.htm,https://www.sec.gov/Archives/edgar/data/899689/000089968920000025/vno-033120x10q.htm,1620599582,18:33:02,20210509
3,2019-12-31,VNO,USD,2020-02-18 00:00:00,2020-02-18 16:34:43,Q4,460968000,223975000.0,236993000.0,0.5141202860068378,0.0,39791000.0,0.0,906000.0,132717000.0,356692000.0,55403000.0,96982000.0,201258000.0,0.4365986359139897,104276000.0,0.22621093004286633,132817000.0,183518000.0,0.39811440273511395,22897000.0,205750000.0,0.44634334704361256,1.01,1.01,191303960,191303960,https://www.sec.gov/Archives/edgar/data/1040765/000089968920000007/0000899689-20-000007-index.html,https://www.sec.gov/Archives/edgar/data/899689/000089968920000007/vno-12312019x10k.htm,1620599582,18:33:02,20210509
4,2019-09-30,VNO,USD,2019-10-28,2019-10-28,Q3,465961000,226359000.0,239602000.0,0.5142104167516166,0.0,33237000.0,0.0,937000.0,129674000.0,356033000.0,56298000.0,101085000.0,211013000.0,0.4528554964900496,109928000.0,0.23591673981298864,333598000.0,387742000.0,0.8321340197999403,23885000.0,335438000.0,0.7198842821609533,1.7579318079386208,1.7559992461680207,190814000,191024000,https://www.sec.gov/Archives/edgar/data/899689/000089968919000072/0000899689-19-000072-index.htm,https://www.sec.gov/ix?doc=/Archives/edgar/data/899689/000089968919000072/vno-093019x10q.htm,1620599582,18:33:02,20210509
5,2019-06-30,VNO,USD,2019-06-30,2019-06-30,Q2,463103000,220752000.0,242351000.0,0.5233198662068698,0.0,38872000.0,0.0,-100636000.0,151907000.0,372659000.0,56793000.0,117731000.0,208175000.0,0.4495220285767961,90444000.0,0.19529996566638524,2591871000.0,2623547000.0,5.665147926055327,26914000.0,2412727000.0,5.2099144250847,12.58,12.56,190781000,191058000,processing...,processing...,1620599582,18:33:02,20210509
6,2019-03-31,VNO,USD,2019-04-29,2019-04-29,Q1,534668000,246895000.0,287773000.0,0.5382274607793995,0.0,58020000.0,0.0,762000.0,174729000.0,421624000.0,94322000.0,123135000.0,236179000.0,0.44173019518654566,113044000.0,0.2114284004279291,228670000.0,242924000.0,0.4543455003852858,29743000.0,194022000.0,0.3628831349547757,1.0174787218979595,1.015843263733272,190689000,190996000,https://www.sec.gov/Archives/edgar/data/899689/000089968919000032/0000899689-19-000032-index.htm,https://www.sec.gov/ix?doc=/Archives/edgar/data/899689/000089968919000032/vno-033119x10q.htm,1620599582,18:33:02,20210509
7,2018-12-31,VNO,USD,2018-12-31,2018-12-31,Q4,543417000,254320000.0,289097000.0,0.5319984468649306,0.0,32934000.0,0.0,-13411000.0,145803000.0,400123000.0,75682000.0,119024000.0,262318000.0,0.48271953214566343,143294000.0,0.26369068321381184,65311000.0,130233000.0,0.23965573399433585,32669000.0,113027000.0,0.20799312498504832,0.53,0.53,189611321,189611321,processing...,processing...,1620599582,18:33:02,20210509
8,2018-09-30,VNO,USD,2018-10-29,2018-10-29,Q3,542048000,235575000.0,306473000.0,0.56539826731212,0.0,31977000.0,0.0,-1582000.0,145146000.0,380721000.0,80603000.0,120013000.0,281340000.0,0.5190315248834052,161327000.0,0.2976249335852175,142358000.0,221044000.0,0.40779414369207156,1943000.0,203179000.0,0.37483580789893145,1.0,1.0,190645000,190645000,https://www.sec.gov/Archives/edgar/data/899689/000089968918000067/0000899689-18-000067-index.htm,https://www.sec.gov/Archives/edgar/data/899689/000089968918000067/vno-093018x10q.htm,1620599582,18:33:02,20210509
9,2018-06-30,VNO,USD,2018-07-30,2018-07-30,Q2,541818000,235981000.0,305837000.0,0.5644644511625675,0.0,34427000.0,0.0,4433000.0,146273000.0,382254000.0,79623000.0,118411000.0,277975000.0,0.5130412795440535,159564000.0,0.2944974142608773,27010000.0,105122000.0,0.1940171792003957,467000.0,124068000.0,0.2289846405988727,0.59,0.58,189040678,192300000,https://www.sec.gov/Archives/edgar/data/899689/000089968918000049/0000899689-18-000049-index.htm,https://www.sec.gov/Archives/edgar/data/899689/000089968918000049/vno-063018x10q.htm,1620599582,18:33:02,20210509
10,2018-03-31,VNO,USD,2018-04-30,2018-04-30,Q1,536437000,237602000.0,298835000.0,0.5570738036339775,0.0,43633000.0,0.0,-8650000.0,152319000.0,389921000.0,80062000.0,115337000.0,261853000.0,0.4881337417068547,146516000.0,0.27312806536461876,-56994000.0,2099000.0,0.0039128546315783585,1454000.0,9680000.0,0.018044989439580043,-0.09,-0.09,198233333,198233333,https://www.sec.gov/Archives/edgar/data/899689/000089968918000030/0000899689-18-000030-index.htm,https://www.sec.gov/Archives/edgar/data/899689/000089968918000030/vno-033118x10q.htm,1620599582,18:33:02,20210509
11,2017-12-31,VNO,USD,2018-02-12,2018-02-12,Q4,536226000,225011000.0,311215000.0,0.5803802874161268,0.0,36838000.0,0.0,4188000.0,151004000.0,376015000.0,83530000.0,122287000.0,282498000.0,0.5268263754461738,160211000.0,0.29877514331643745,23048000.0,90939000.0,0.1695908068612861,38661000.0,44332000.0,0.08267409636981422,0.2236354468196325,0.2236354468196325,198233333,198233333,https://www.sec.gov/Archives/edgar/data/899689/000089968918000009/0000899689-18-000009-index.htm,https://www.sec.gov/Archives/edgar/data/899689/000089968918000009/vno-12312017x10k.htm,1620599582,18:33:02,20210509
12,2017-09-30,VNO,USD,2017-09-30,2017-09-30,Q3,528755000,225226000.0,303529000.0,0.5740446898847292,0.0,36261000.0,0.0,3268000.0,141233000.0,366459000.0,77091000.0,117641000.0,279937000.0,0.5294266720882072,162296000.0,0.30693988709326625,-39618000.0,38364000.0,0.07255534226626699,1188000.0,-12898000.0,-0.024393149946572608,-0.06802993781415981,-0.06758293292532762,189593000,190847000,processing...,processing...,1620599582,18:33:02,20210509
13,2017-06-30,VNO,USD,2017-07-31,2017-07-31,Q2,626039000,256687000.0,369352000.0,0.5899824132362361,0.0,42470000.0,0.0,2877000.0,179485000.0,436172000.0,88444000.0,144012000.0,333879000.0,0.5333198091492702,189867000.0,0.3032830223037223,51401000.0,146573000.0,0.23412758630053399,-248000.0,132101000.0,0.21101081562011312,0.6974893740595053,0.6936474764235155,189395000,190444000,https://www.sec.gov/Archives/edgar/data/899689/000089968917000030/0000899689-17-000030-index.htm,https://www.sec.gov/Archives/edgar/data/899689/000089968917000030/vno10Q2Q2017.htm,1620599582,18:33:02,20210509
14,2017-03-31,VNO,USD,2017-03-31,2017-03-31,Q1,620848000,260907000.0,359941000.0,0.5797570419812901,0.0,56658000.0,0.0,2571000.0,195469000.0,456376000.0,85304000.0,145886000.0,310358000.0,0.4998936937865629,164472000.0,0.2649150838852666,2694000.0,73624000.0,0.11858619178929464,2205000.0,63881000.0,0.10289313970569286,0.3376195761323397,0.3355588006639632,189210000,190372000,processing...,processing...,1620599582,18:33:02,20210509
15,2016-12-31,VNO,USD,2017-04-12,2017-04-12,Q4,638260000,262023000.0,376237000.0,0.589472942061229,0.0,44569000.0,0.0,1720000.0,186390000.0,448413000.0,89842000.0,149230000.0,339077000.0,0.5312521542944881,189847000.0,0.29744461504715947,608796000.0,702039000.0,1.0999263622974964,-1493000.0,667310000.0,1.0455143671857863,3.526822049574547,3.526822049574547,189210000,189210000,https://www.sec.gov/Archives/edgar/data/899689/000089968917000014/0000899689-17-000014-index.htm,https://www.sec.gov/Archives/edgar/data/899689/000089968917000014/vornado201610KA.htm,1620599582,18:33:02,20210509
16,2016-09-30,VNO,USD,2016-10-31 00:00:00,2016-10-31 16:17:04,Q3,633197000,260826000.0,372371000.0,0.588080802656993,0.0,40442000.0,0.0,2196000.0,179410000.0,440236000.0,89826000.0,146499000.0,339460000.0,0.5361048773130637,192961000.0,0.30474086263832584,7150000.0,102500000.0,0.1618769514069081,4865000.0,92580000.0,0.14621042108538101,0.49009798783489766,0.48714009092439803,188901000,190048000,https://www.sec.gov/Archives/edgar/data/899689/000089968916000079/0000899689-16-000079-index.html,https://www.sec.gov/Archives/edgar/data/899689/000089968916000079/vno3q201610q.htm,1620599582,18:33:02,20210509
17,2016-06-30,VNO,USD,2016-06-30,2016-06-30,Q2,621708000,245138000.0,376570000.0,0.6057023554466083,0.0,45564000.0,0.0,1899000.0,186877000.0,432015000.0,97068000.0,148893000.0,338586000.0,0.5446061495107027,189693000.0,0.3051159065027312,183151000.0,268016000.0,0.43109627027479136,2109000.0,240826000.0,0.38736191266639647,1.17,1.16,188772000,189885000,processing...,processing...,1620599582,18:33:02,20210509
18,2016-03-31,VNO,USD,2016-05-02 00:00:00,2016-05-02 16:19:52,Q1,613037000,256349000.0,356688000.0,0.5818376378587263,0.0,48704000.0,0.0,1493000.0,191661000.0,448010000.0,91224000.0,150648000.0,315675000.0,0.5149362925891912,165027000.0,0.2691958234168574,-154779000.0,-89493000.0,-0.14598303201927454,2831000.0,-93799000.0,-0.153007077876213,-0.61,-0.61,188658000,188658000,https://www.sec.gov/Archives/edgar/data/899689/000089968916000054/0000899689-16-000054-index.html,https://www.sec.gov/Archives/edgar/data/899689/000089968916000054/vno1q201610q.htm,1620599582,18:33:02,20210509
19,2015-12-31,VNO,USD,2016-02-16 00:00:00,2016-02-16 16:23:29,Q4,651581000,257505000.0,394076000.0,0.6047997102432391,0.0,41469000.0,0.0,2448000.0,181422000.0,438927000.0,89571000.0,145713000.0,358367000.0,0.549996086442054,212654000.0,0.32636617703708365,166113000.0,281110000.0,0.43142755850769127,-450000.0,251107000.0,0.3853810961338652,1.3310169725111047,1.3310169725111047,188658000,188658000,https://www.sec.gov/Archives/edgar/data/899689/000089968916000046/0000899689-16-000046-index.html,https://www.sec.gov/Archives/edgar/data/899689/000089968916000046/vno2015form10k.htm,1620599582,18:33:02,20210509
20,2015-09-30,VNO,USD,2015-11-02 00:00:00,2015-11-02 16:34:18,Q3,627596000,256561000.0,371035000.0,0.5912003900598474,0.0,36157000.0,0.0,1368000.0,178077000.0,434638000.0,87480000.0,147552000.0,340510000.0,0.5425624127623503,192958000.0,0.3074557517893677,104865000.0,203633000.0,0.32446510175335724,2856000.0,219234000.0,0.3493234501175916,1.1630204133599287,1.1564133536588581,188504000,189581000,https://www.sec.gov/Archives/edgar/data/899689/000089968915000037/0000899689-15-000037-index.html,https://www.sec.gov/Archives/edgar/data/899689/000089968915000037/vno3q201510q.htm,1620599582,18:33:02,20210509
21,2015-06-30,VNO,USD,2015-08-03 00:00:00,2015-08-03 16:21:45,Q2,616288000,242690000.0,373598000.0,0.6062068383612856,0.0,39189000.0,0.0,1938000.0,176146000.0,418836000.0,84595000.0,141830000.0,339282000.0,0.5505250791837583,197452000.0,0.3203891687003479,21607000.0,128102000.0,0.20786061062360456,-88072000.0,186016000.0,0.3018329092891635,0.88,0.87,188365000,189600000,https://www.sec.gov/Archives/edgar/data/899689/000089968915000031/0000899689-15-000031-index.html,https://www.sec.gov/Archives/edgar/data/899689/000089968915000031/vno2q201510q.htm,1620599582,18:33:02,20210509
22,2015-03-31,VNO,USD,2015-05-04 00:00:00,2015-05-04 16:22:06,Q1,606802000,254493000.0,352309000.0,0.5805996025062541,0.0,58492000.0,0.0,3056000.0,182614000.0,437107000.0,84218000.0,131112000.0,300807000.0,0.4957251294491449,169695000.0,0.27965464846852844,30681000.0,110376000.0,0.18189788431811366,971000.0,104077000.0,0.17151723296890914,0.5536040085319602,0.5496947226095407,187999000,189336000,https://www.sec.gov/Archives/edgar/data/899689/000089968915000019/0000899689-15-000019-index.html,https://www.sec.gov/Archives/edgar/data/899689/000089968915000019/vno1q201510q.htm,1620599582,18:33:02,20210509
23,2014-12-31,VNO,USD,2015-02-17,2015-02-17 16:35:06,Q4,638238000,262248000.0,375990000.0,0.5891062581670161,0.0,44651000.0,0.0,2833000.0,174013000.0,436261000.0,99410000.0,159449000.0,361426000.0,0.5662871844045638,201977000.0,0.31646031731109714,49316000.0,125587000.0,0.19677142382622156,2644000.0,533603000.0,0.8360564554288525,2.838328927281528,2.838328927281528,187999000,187999000,https://www.sec.gov/Archives/edgar/data/899689/000089968915000006/vno2014form10k.htm,https://www.sec.gov/Archives/edgar/data/899689/000089968915000006/vno2014form10k.htm,1620599582,18:33:02,20210509
24,2014-09-30,VNO,USD,2014-11-03 00:00:00,2014-11-03 16:34:55,Q3,670909000,268450000.0,402459000.0,0.5998712194947452,0.0,44547000.0,0.0,2646000.0,174755000.0,443205000.0,107828000.0,135772000.0,363476000.0,0.5417664690740474,227704000.0,0.33939625195071166,1255000.0,114243000.0,0.17028091738223813,3177000.0,151524000.0,0.2258488110906248,0.7,0.69,187671000,188812000,https://www.sec.gov/Archives/edgar/data/899689/000089968914000050/0000899689-14-000050-index.html,https://www.sec.gov/Archives/edgar/data/899689/000089968914000050/vno3q201410q.htm,1620599582,18:33:02,20210509
25,2014-06-30,VNO,USD,2014-08-04 00:00:00,2014-08-04 16:42:52,Q2,666606000,261453000.0,405153000.0,0.607784808417566,0.0,44568000.0,0.0,3121000.0,173593000.0,435046000.0,108924000.0,134318000.0,365878000.0,0.5488669468921672,231560000.0,0.3473716108165843,51889000.0,167134000.0,0.2507238158672439,3599000.0,97008000.0,0.14552524279709453,0.5173015085827641,0.5143120715524051,187527000,188617000,https://www.sec.gov/Archives/edgar/data/899689/000089968914000043/0000899689-14-000043-index.html,https://www.sec.gov/Archives/edgar/data/899689/000089968914000043/vno2q201410q.htm,1620599582,18:33:02,20210509
26,2014-03-31,VNO,USD,2014-05-05 00:00:00,2014-05-05 16:28:52,Q1,660618000,273391000.0,387227000.0,0.5861587180488573,0.0,52158000.0,0.0,2003000.0,199809000.0,473200000.0,104630000.0,153869000.0,341287000.0,0.5166177730549274,187418000.0,0.2837010193485494,17487000.0,97847000.0,0.14811434141970095,1582000.0,82717000.0,0.12521154434181328,0.4416118991815576,0.4394230769230769,187307000,188240000,https://www.sec.gov/Archives/edgar/data/899689/000089968914000028/0000899689-14-000028-index.html,https://www.sec.gov/Archives/edgar/data/899689/000089968914000028/vno1q1410q.htm,1620599582,18:33:02,20210509
27,2013-12-31,VNO,USD,2014-02-24,2014-02-24 16:35:59,Q4,674531000,273312000.0,401219000.0,0.5948118025709715,2446000.0,53945000.0,0.0,1258000.0,184205000.0,457517000.0,109658000.0,142749000.0,359763000.0,0.5333528036517224,217014000.0,0.32172576204800074,-287235000.0,-185571000.0,-0.27511115130364655,-12578000.0,-48519000.0,-0.07192997801435368,-0.25903463298221635,-0.25903463298221635,187307000,187307000,https://www.sec.gov/Archives/edgar/data/899689/000089968914000009/vno2013form10k.htm,https://www.sec.gov/Archives/edgar/data/899689/000089968914000009/vno2013form10k.htm,1620599582,18:33:02,20210509
28,2013-09-30,VNO,USD,2013-11-04 00:00:00,2013-11-04 16:30:49,Q3,683380000,267661000.0,415719000.0,0.6083277239603149,3239000.0,48250000.0,0.0,1898000.0,172329000.0,439990000.0,114890000.0,129606000.0,372996000.0,0.5458105300125845,243390000.0,0.35615616494483304,-12564000.0,115722000.0,0.16933770376657203,2222000.0,103374000.0,0.15126869384529837,0.5528937952280859,0.550670132748077,186969000,187724000,https://www.sec.gov/Archives/edgar/data/899689/000089968913000037/0000899689-13-000037-index.html,https://www.sec.gov/Archives/edgar/data/899689/000089968913000037/vno3q2013.htm,1620599582,18:33:02,20210509
29,2013-06-30,VNO,USD,2013-08-05 00:00:00,2013-08-05 16:43:06,Q2,685858000,276231000.0,409627000.0,0.5972475352040801,15151000.0,54323000.0,0.0,1882000.0,189809000.0,466040000.0,116929000.0,140725000.0,360543000.0,0.5256817008768578,219818000.0,0.3205007450521828,18212000.0,121208000.0,0.17672462813002107,2877000.0,158194000.0,0.2306512426770556,0.8462694791126137,0.8427125506072874,186931000,187720000,https://www.sec.gov/Archives/edgar/data/899689/000089968913000027/0000899689-13-000027-index.html,https://www.sec.gov/Archives/edgar/data/899689/000089968913000027/vno2q2013.htm,1620599582,18:33:02,20210509
30,2013-03-31,VNO,USD,2013-05-06 00:00:00,2013-05-06 16:50:24,Q1,721016000,271943000.0,449073000.0,0.6228336125689306,11374000.0,54582000.0,0.0,1660000.0,196936000.0,468879000.0,116466000.0,148918000.0,401055000.0,0.5562359226424933,252137000.0,0.34969681671419217,-52387000.0,82939000.0,0.115030734408113,1073000.0,262922000.0,0.36465487589734485,1.407867117888965,1.4020338187693637,186752000,187529000,https://www.sec.gov/Archives/edgar/data/899689/000089968913000015/0000899689-13-000015-index.html,https://www.sec.gov/Archives/edgar/data/899689/000089968913000015/vno1q2013.htm,1620599582,18:33:02,20210509
31,2012-12-31,VNO,USD,2013-02-26 00:00:00,2013-02-26 16:44:13,Q4,687970000,307193000.0,380777000.0,0.5534790761225054,0.0,50752000.0,0.0,2026000.0,181589000.0,488782000.0,115870000.0,138881000.0,338069000.0,0.49140078782505053,199188000.0,0.2895300667180255,-43633000.0,37788000.0,0.05492681366920069,-9187000.0,86135000.0,0.1252016803058273,0.46122665352981496,0.46122665352981496,186752000,186752000,https://www.sec.gov/Archives/edgar/data/899689/000089968913000004/0000899689-13-000004-index.html,https://www.sec.gov/Archives/edgar/data/899689/000089968913000004/vno2012form10k420pm.htm,1620599582,18:33:02,20210509
32,2012-09-30,VNO,USD,2012-11-01 00:00:00,2012-11-01 16:26:54,Q3,710977000,334918000.0,376059000.0,0.5289327221555691,0.0,48742000.0,0.0,2211000.0,173077000.0,507995000.0,115045000.0,133390000.0,336372000.0,0.4731123510324525,202982000.0,0.2854972805027448,24793000.0,109857000.0,0.15451554691642627,3015000.0,241306000.0,0.3394005713264986,1.25,1.24,185924000,186655000,https://www.sec.gov/Archives/edgar/data/899689/000089968912000020/0000899689-12-000020-index.html,https://www.sec.gov/Archives/edgar/data/899689/000089968912000020/vrt3q20121.htm,1620599582,18:33:02,20210509
33,2012-06-30,VNO,USD,2012-08-06 00:00:00,2012-08-06 17:12:43,Q2,700591000,305905000.0,394686000.0,0.563361504786673,0.0,46834000.0,0.0,1525000.0,179363000.0,485268000.0,122572000.0,140313000.0,355636000.0,0.5076228498510543,215323000.0,0.30734479889122185,-36366000.0,53695000.0,0.07664243474438011,7479000.0,38297000.0,0.05466384809396638,0.2062604686734205,0.20551995792682273,185673000,186342000,https://www.sec.gov/Archives/edgar/data/899689/000104076512000020/0001040765-12-000020-index.html,https://www.sec.gov/Archives/edgar/data/899689/000104076512000020/vrt2q2012.htm,1620599582,18:33:02,20210509
34,2012-03-31,VNO,USD,2012-03-31,2012-03-31,Q1,727466000,329587000.0,397879000.0,0.5469382761531123,0.0,55890000.0,0.0,1411000.0,195327000.0,524914000.0,129302000.0,145304000.0,347856000.0,0.4781749250136776,202552000.0,0.27843500589718284,160411000.0,230645000.0,0.3170526182666956,7096000.0,251522000.0,0.3457508667071726,1.26,1.25,185370000,191886000,updating...,,1620599582,18:33:02,20210509
35,2011-12-31,VNO,USD,2012-02-27 00:00:00,2012-02-27 16:53:28,Q4,741815000,294518000.0,447297000.0,0.6029764833550144,0.0,54415000.0,0.0,1929000.0,214380000.0,508898000.0,129450000.0,165998000.0,398915000.0,0.5377553702742598,232917000.0,0.31398259673907913,838000.0,103126000.0,0.13901848843714404,5379000.0,87296000.0,0.11767893612288778,0.4709284134433835,0.4709284134433835,185370000,185370000,https://www.sec.gov/Archives/edgar/data/899689/000089968912000004/0000899689-12-000004-index.html,https://www.sec.gov/Archives/edgar/data/899689/000089968912000004/vno2011form10k.htm,1620599582,18:33:02,20210509
36,2011-09-30,VNO,USD,2011-11-03 00:00:00,2011-11-03 16:48:32,Q3,727343000,319078000.0,408265000.0,0.5613101384078764,0.0,46452000.0,0.0,1739000.0,180526000.0,499604000.0,131844000.0,141012000.0,368751000.0,0.5069836377060066,227739000.0,0.3131108706621223,-24825000.0,69684000.0,0.09580624272179701,7144000.0,53762000.0,0.07391560790438624,0.29155413833121835,0.2889420363851342,184398000,186065000,https://www.sec.gov/Archives/edgar/data/899689/000089968911000042/0000899689-11-000042-index.html,https://www.sec.gov/Archives/edgar/data/899689/000089968911000042/vrt3q2011.htm,1620599582,18:33:02,20210509
37,2011-06-30,VNO,USD,2011-08-01 00:00:00,2011-08-01 16:09:44,Q2,730151000,303092000.0,427059000.0,0.584891344393146,0.0,50251000.0,0.0,2224000.0,182149000.0,485241000.0,131967000.0,137120000.0,382030000.0,0.523220539313101,244910000.0,0.3354237685081579,25642000.0,136433000.0,0.18685586953931446,5922000.0,108581000.0,0.14871033525941893,0.5,0.49,184268000,186144000,https://www.sec.gov/Archives/edgar/data/899689/000089968911000030/0000899689-11-000030-index.html,https://www.sec.gov/Archives/edgar/data/899689/000089968911000030/vrt2q2011.htm,1620599582,18:33:02,20210509
38,2011-03-31,VNO,USD,2011-05-03 00:00:00,2011-05-03 08:25:07,Q1,737111000,329051000.0,408060000.0,0.5535936921304933,0.0,59003000.0,0.0,1938000.0,191230000.0,520281000.0,130132000.0,136860000.0,353690000.0,0.47983275246197654,216830000.0,0.2941619376186219,233179000.0,317888000.0,0.4312620487280749,6382000.0,412663000.0,0.5598383418508203,2.17,2.12,183988000,191529000,https://www.sec.gov/Archives/edgar/data/899689/000089968911000016/0000899689-11-000016-index.html,https://www.sec.gov/Archives/edgar/data/899689/000089968911000016/vrt1q2011.htm,1620599582,18:33:02,20210509
39,2010-12-31,VNO,USD,2011-02-23 00:00:00,2011-02-23 08:46:57,Q4,680259000,270950000.0,409309000.0,0.6016958246785415,0.0,59356000.0,0.0,1747000.0,184216000.0,455166000.0,107017000.0,136674000.0,361767000.0,0.53180773793511,225093000.0,0.3308930863097732,192587000.0,308949000.0,0.4541637817360741,6425000.0,256973000.0,0.37775758938874754,1.3966834793573495,1.3966834793573495,183988000,183988000,https://www.sec.gov/Archives/edgar/data/899689/000089968911000003/0000899689-11-000003-index.html,https://www.sec.gov/Archives/edgar/data/899689/000089968911000003/vno10k2010.htm,1620599582,18:33:02,20210509
40,2010-09-30,VNO,USD,2010-11-02 00:00:00,2010-11-02 08:33:44,Q3,707032000,281548000.0,425484000.0,0.6017888865001867,0.0,56557000.0,0.0,2131000.0,191312000.0,472860000.0,147157000.0,139580000.0,373752000.0,0.5286210525124747,234172000.0,0.3312042453524027,37196000.0,121630000.0,0.17202898878692902,5498000.0,104252000.0,0.1474501861301893,0.5713628043099385,0.5660701098996568,182462000,184168000,https://www.sec.gov/Archives/edgar/data/899689/000089968910000045/0000899689-10-000045-index.html,https://www.sec.gov/Archives/edgar/data/899689/000089968910000045/vrt10q3q2010.htm,1620599582,18:33:02,20210509
41,2010-06-30,VNO,USD,2010-08-03 00:00:00,2010-08-03 08:28:44,Q2,696105000,267925000.0,428180000.0,0.6151083529065299,0.0,49582000.0,0.0,2060000.0,184847000.0,452772000.0,152244000.0,139808000.0,383141000.0,0.5504069070039721,243333000.0,0.349563643415864,-6721000.0,82150000.0,0.11801380538855488,4939000.0,72106000.0,0.10358494767312403,0.32,0.31,182027000,183644000,https://www.sec.gov/Archives/edgar/data/899689/000089968910000028/0000899689-10-000028-index.html,https://www.sec.gov/Archives/edgar/data/899689/000089968910000028/vrt10q63010.htm,1620599582,18:33:02,20210509
42,2010-03-31,VNO,USD,2010-05-04 00:00:00,2010-05-04 08:29:43,Q1,696331000,279055000.0,417276000.0,0.5992494948523044,0.0,48730000.0,0.0,1985000.0,184554000.0,463609000.0,135309000.0,140250000.0,372972000.0,0.5356245808387103,232722000.0,0.3342117469996309,142456000.0,238158000.0,0.3420183791903563,5614000.0,214552000.0,0.30811783476536303,1.1,1.09,181542000,183445000,https://www.sec.gov/Archives/edgar/data/899689/000089968910000020/0000899689-10-000020-index.html,https://www.sec.gov/Archives/edgar/data/899689/000089968910000020/q10vrt10q.htm,1620599582,18:33:02,20210509
43,2009-12-31,VNO,USD,2010-02-23 00:00:00,2010-02-23 08:44:20,Q4,719003000,273224000.0,445779000.0,0.6199960222697263,0.0,51307000.0,0.0,-26533000.0,191965000.0,465189000.0,90678000.0,145356000.0,399170000.0,0.5551715361410174,253814000.0,0.35300826283061404,-337313000.0,-141115000.0,-0.1962648278240842,4964000.0,-136923000.0,-0.19043453226203508,-0.7542221634663053,-0.7542221634663053,181542000,181542000,https://www.sec.gov/Archives/edgar/data/899689/000089968910000004/0000899689-10-000004-index.html,https://www.sec.gov/Archives/edgar/data/899689/000089968910000004/vrt10k2009.htm,1620599582,18:33:02,20210509
44,2009-09-30,VNO,USD,2009-11-03 00:00:00,2009-11-03 08:35:40,Q3,671219000,265952000.0,405267000.0,0.6037776046268059,0.0,51684000.0,0.0,-3407000.0,182187000.0,448139000.0,133369000.0,135891000.0,358971000.0,0.5348045868785002,223080000.0,0.3323505443081915,32429000.0,117790000.0,0.17548668914318574,5267000.0,140617000.0,0.20949496364077894,0.696982,0.687025,180198897,182496804,https://www.sec.gov/Archives/edgar/data/899689/000089968909000040/0000899689-09-000040-index.html,https://www.sec.gov/Archives/edgar/data/899689/000089968909000040/vrt_10-q.htm,1620599582,18:33:02,20210509
45,2009-06-30,VNO,USD,2009-08-04 00:00:00,2009-08-04 08:38:56,Q2,678385000,270297000.0,408088000.0,0.6015581122813741,0.0,49632000.0,0.0,-24298000.0,186949000.0,457246000.0,252918000.0,141628000.0,362767000.0,0.5347509157779137,221139000.0,0.32597861096574954,1174000.0,-34918000.0,-0.051472246585640896,5457000.0,-37635000.0,-0.05547734693426299,-0.297283,-0.297283,174788221,174788221,https://www.sec.gov/Archives/edgar/data/899689/000089968909000032/0000899689-09-000032-index.html,https://www.sec.gov/Archives/edgar/data/899689/000089968909000032/vrt-10q.htm,1620599582,18:33:02,20210509
46,2009-03-31,VNO,USD,2009-05-05 00:00:00,2009-05-05 09:23:48,Q1,682014000,279376000.0,402638000.0,0.5903661801663895,0.0,79069000.0,0.0,0.0,211188000.0,490564000.0,133648000.0,136178000.0,327628000.0,0.4803831006401628,191450000.0,0.2807127126422625,107737000.0,161480000.0,0.23676933318084378,5049000.0,140110000.0,0.20543566554352258,0.784439,0.774633,161310777,162440757,https://www.sec.gov/Archives/edgar/data/899689/000089968909000024/0000899689-09-000024-index.html,https://www.sec.gov/Archives/edgar/data/899689/000089968909000024/vrt_10-q.htm,1620599582,18:33:02,20210509
47,2008-12-31,VNO,USD,2009-02-24 00:00:00,2009-02-24 08:35:48,Q4,696259000,276207000.0,420052000.0,0.6032984851901376,0.0,44862000.0,0.0,0.0,184026000.0,460233000.0,185715000.0,139771000.0,375797000.0,0.5397373678473097,236026000.0,0.33899166833031963,-259247000.0,-213262000.0,-0.30629693835196387,2633000.0,-202515000.0,-0.2908615902990123,-1.2554337891509877,-1.2554337891509877,161310777,161310777,https://www.sec.gov/Archives/edgar/data/899689/000089968909000005/0000899689-09-000005-index.html,https://www.sec.gov/Archives/edgar/data/899689/000089968909000005/vno_10k-020409.htm,1620599582,18:33:02,20210509
48,2008-09-30,VNO,USD,2008-11-04 00:00:00,2008-11-04 08:30:54,Q3,677145000,276302000.0,400843000.0,0.5919603629946318,0.0,49495000.0,0.0,0.0,186200000.0,462502000.0,134144000.0,145878000.0,360521000.0,0.5324132940507572,214643000.0,0.3169823302246934,-17490000.0,58752000.0,0.08676428239151142,5244000.0,45701000.0,0.06749071469183114,0.29094001240421385,0.28239082586287945,157080491,161835994,https://www.sec.gov/Archives/edgar/data/899689/000089968908000028/0000899689-08-000028-index.html,https://www.sec.gov/Archives/edgar/data/899689/000089968908000028/vrt_10-q.htm,1620599582,18:33:02,20210509
49,2008-06-30,VNO,USD,2008-08-05 00:00:00,2008-08-05 08:46:10,Q2,674365000,256358000.0,418007000.0,0.6198527503651583,0.0,50285000.0,0.0,0.0,181233000.0,437591000.0,121842000.0,134734000.0,371508000.0,0.5509004767447896,236774000.0,0.3511065965760382,-6578000.0,103673000.0,0.1537342537053376,4915000.0,139660000.0,0.2070985297279663,0.80405,0.774633,156723548,161591233,https://www.sec.gov/Archives/edgar/data/899689/000089968908000026/0000899689-08-000026-index.html,https://www.sec.gov/Archives/edgar/data/899689/000089968908000026/vno_10-q.htm,1620599582,18:33:02,20210509
50,2008-03-31,VNO,USD,2008-05-06 00:00:00,2008-05-06 08:38:27,Q1,652521000,262605000.0,389916000.0,0.597553182196435,0.0,49388000.0,0.0,0.0,180893000.0,443498000.0,134075000.0,156955000.0,365978000.0,0.5608677728379623,209023000.0,0.32033145293408183,56061000.0,131009000.0,0.20077361494879092,-217329000.0,412197000.0,0.631699209680608,2.549425,2.421954,156342128,166629231,https://www.sec.gov/Archives/edgar/data/899689/000089968908000019/0000899689-08-000019-index.html,https://www.sec.gov/Archives/edgar/data/899689/000089968908000019/vrt_03312008.htm,1620599582,18:33:02,20210509
51,2007-12-31,VNO,USD,2008-02-26,2008-02-26 08:25:36,Q4,591558000,0.0,0.0,0.0,0.0,61278000.0,0.0,0.0,425000000.0,0.0,408487000.0,70057000.0,580673000.0,0.9815994374178018,0.0,0.14007417700377647,0.0,82862000.0,0.14007417700377647,3715000.0,171996000.0,0.2907508646658485,1.1001257447384878,1.1001257447384878,156342128,156342128,https://www.sec.gov/Archives/edgar/data/899689/000089968908000003/vrt200710k.htm,https://www.sec.gov/Archives/edgar/data/899689/000089968908000003/vrt200710k.htm,1620599582,18:33:02,20210509
52,2007-09-30,VNO,USD,2007-10-30 00:00:00,2007-10-30 09:04:14,Q3,853036000,431339000.0,421697000.0,0.49434842140308266,0.0,58366000.0,0.0,0.0,198743000.0,630082000.0,105277000.0,143319000.0,366273000.0,0.4293757824992146,222954000.0,0.26136528821761335,10322000.0,124293000.0,0.14570662902855214,3048000.0,130841000.0,0.15338274117387776,0.755022,0.725606,155005121,161657522,https://www.sec.gov/Archives/edgar/data/899689/000089968907000029/0000899689-07-000029-index.html,https://www.sec.gov/Archives/edgar/data/899689/000089968907000029/vrt3q200710q.htm,1620599582,18:33:02,20210509
53,2007-06-30,VNO,USD,2007-07-31 00:00:00,2007-07-31 08:43:18,Q2,793457000,392757000.0,400700000.0,0.5050053121971323,0.0,59555000.0,0.0,0.0,192012000.0,584769000.0,31821000.0,136303000.0,344991000.0,0.4347948282011502,208688000.0,0.2630111020508988,18175000.0,191197000.0,0.2409670593365488,3566000.0,165920000.0,0.2091102605434195,0.980548,0.941326,154805233,167499152,https://www.sec.gov/Archives/edgar/data/899689/000089968907000020/0000899689-07-000020-index.html,https://www.sec.gov/Archives/edgar/data/899689/000089968907000020/vno2q200710q.htm,1620599582,18:33:02,20210509
54,2007-03-31,VNO,USD,2007-05-01 00:00:00,2007-05-01 08:46:20,Q1,737056000,370966000.0,366090000.0,0.496692245908045,0.0,53063000.0,0.0,0.0,161869000.0,532835000.0,88384000.0,112956000.0,317177000.0,0.43032958147006467,204221000.0,0.27707664003820603,77270000.0,188957000.0,0.2563672231146616,0.0,166931000.0,0.2264834693700343,0.990354,0.941326,154431973,167254391,https://www.sec.gov/Archives/edgar/data/899689/000089968907000011/0000899689-07-000011-index.html,https://www.sec.gov/Archives/edgar/data/899689/000089968907000011/vno1q200710q.htm,1620599582,18:33:02,20210509
55,2006-12-31,VNO,USD,2007-02-27,2007-02-27 08:44:46,Q4,723252000,366922000.0,356330000.0,0.4926775176563632,0.0,70611000.0,0.0,0.0,176536000.0,543458000.0,12318000.0,110293000.0,290087000.0,0.4010870346711796,179794000.0,0.2485910858179445,-30374000.0,137102000.0,0.18956325043000227,0.0,119776000.0,0.1656075614032177,0.7755906867809038,0.7755906867809038,154431973,154431973,https://www.sec.gov/Archives/edgar/data/899689/000089968907000007/vrt12310610k.htm,https://www.sec.gov/Archives/edgar/data/899689/000089968907000007/vrt12310610k.htm,1620599582,18:33:02,20210509
56,2006-09-30,VNO,USD,2006-09-30,2006-09-30,Q3,678474000,347742000.0,330732000.0,0.48746451595787016,0.0,52318000.0,0.0,0.0,154611000.0,502353000.0,17651000.0,102516000.0,278637000.0,0.41068191264514187,176121000.0,0.25958400764067596,-10709000.0,147761000.0,0.21778432187526714,0.0,127983000.0,0.18863361013097038,0.784439,0.745217,144494675,153073549,,,1620599582,18:33:02,20210509
57,2006-06-30,VNO,USD,2006-06-30,2006-06-30,Q2,663032000,319851000.0,343181000.0,0.5175934193221443,0.0,52563000.0,0.0,-21501000.0,151443000.0,471294000.0,104199000.0,106172000.0,297910000.0,0.4493146635456509,191738000.0,0.28918362914610457,81566000.0,169105000.0,0.255048021814935,0.0,163169000.0,0.2460952110908674,1.029576,0.970743,144223398,157965710,,,1620599582,18:33:02,20210509
58,2006-03-31,VNO,USD,2006-03-31,2006-03-31,Q1,647601000,332129000.0,315472000.0,0.4871394577834191,0.0,45867000.0,0.0,0.0,136473000.0,468602000.0,81616000.0,94181000.0,273180000.0,0.4218338143393849,178999000.0,0.2764032174131911,55490000.0,152873000.0,0.23606047550883955,0.0,149212000.0,0.23040730326234826,0.941326,0.892299,143950081,151919093,,,1620599582,18:33:02,20210509
59,2005-12-31,VNO,USD,2006-02-28,2006-02-28 08:49:58,Q4,697219000,370505000.0,326714000.0,0.4685959504832771,0.0,48387000.0,0.0,0.0,138893000.0,509398000.0,47468000.0,94220000.0,282041000.0,0.40452282568317843,187821000.0,0.2693859461661257,9920000.0,138459000.0,0.19858753132086188,0.0,119961000.0,0.17205641269099092,0.8333513893611494,0.8333513893611494,143950081,143950081,https://www.sec.gov/Archives/edgar/data/899689/000110465906012410/a06-1845_110k.htm,https://www.sec.gov/Archives/edgar/data/899689/000110465906012410/a06-1845_110k.htm,1620599582,18:33:02,20210509
60,2005-09-30,VNO,USD,2005-09-30,2005-09-30,Q3,656955000,353376000.0,303579000.0,0.4621001438454689,0.0,48107000.0,0.0,0.0,130758000.0,484134000.0,124051000.0,85124000.0,257945000.0,0.39263724303795544,172821000.0,0.2630636801607416,20551000.0,69321000.0,0.10551864282941754,0.0,38742000.0,0.05897207571294837,0.19611,0.186304,139158884,146663869,,,1620599582,18:33:02,20210509
61,2005-06-30,VNO,USD,2005-06-30,2005-06-30,Q2,594785000,283886000.0,310899000.0,0.5227082054860159,0.0,45805000.0,0.0,0.0,129469000.0,413355000.0,13692000.0,86021000.0,267451000.0,0.44965996116243684,181430000.0,0.3050345923316829,20755000.0,188493000.0,0.31690947148969795,0.0,181082000.0,0.3044495069647015,1.304129,1.225685,132760423,145646071,,,1620599582,18:33:02,20210509
62,2005-03-31,VNO,USD,2005-03-31,2005-03-31,Q1,597478000,296917000.0,300561000.0,0.5030494846672179,0.0,40700000.0,0.0,0.0,118806000.0,415723000.0,-26759000.0,81410000.0,263165000.0,0.4404597324085573,181755000.0,0.30420366942381144,38699000.0,244192000.0,0.4087045882860959,0.0,199819000.0,0.3344374186162503,1.4316,1.362962,130858426,138003408,,,1620599582,18:33:02,20210509
63,2004-12-31,VNO,USD,2005-02-25,2005-02-25 09:19:01,Q4,497308000,220034000.0,277274000.0,0.5575498483836978,0.0,54566000.0,0.0,0.0,122467000.0,342501000.0,-109421000.0,73596000.0,228403000.0,0.45927875682675523,154807000.0,0.3112899852807516,32941000.0,290097000.0,0.5833346738841925,0.0,239954000.0,0.48250581128797443,1.8336916263993577,1.8336916263993577,130858426,130858426,https://www.sec.gov/Archives/edgar/data/899689/000110465905008245/a05-1733_110k.htm,https://www.sec.gov/Archives/edgar/data/899689/000110465905008245/a05-1733_110k.htm,1620599582,18:33:02,20210509
64,2004-09-30,VNO,USD,2004-09-30,2004-09-30,Q3,416850000,161132000.0,255718000.0,0.6134532805565551,0.0,29774000.0,0.0,0.0,89755000.0,250887000.0,43350000.0,61699000.0,227662000.0,0.5461484946623486,165963000.0,0.3981360201511335,9478000.0,132091000.0,0.3168789732517692,0.0,108523000.0,0.26034065011394986,0.813855,0.774633,128904417,135105030,,,1620599582,18:33:02,20210509
65,2004-06-30,VNO,USD,2004-06-30,2004-06-30,Q2,400054000,144258000.0,255796000.0,0.6394036805031321,0.0,30033000.0,0.0,0.0,88445000.0,232703000.0,47512000.0,60062000.0,227413000.0,0.5684557584726062,167351000.0,0.4183210266614007,16481000.0,136320000.0,0.3407539982102416,0.0,162001000.0,0.40494783204267426,1.235491,1.186463,127956988,133337651,,,1620599582,18:33:02,20210509
66,2004-03-31,VNO,USD,2004-03-31,2004-03-31,Q1,393050000,154366000.0,238684000.0,0.6072611627019463,0.0,30845000.0,0.0,0.0,87465000.0,241831000.0,49460000.0,58465000.0,209684000.0,0.5334792011194505,151219000.0,0.38473222236356697,11361000.0,113120000.0,0.2878005342831701,0.0,82439000.0,0.20974176313446127,0.598134,0.578523,124000018,129530597,,,1620599582,18:33:02,20210509
67,2003-12-31,VNO,USD,2003-12-31,2003-12-31,Q4,377035000,142935000.0,234100000.0,0.620897264179718,0.0,35763000.0,0.0,0.0,92463000.0,235398000.0,47215000.0,61579000.0,203216000.0,0.5389844444149747,141637000.0,0.3756600846075298,19152000.0,113574000.0,0.3012293288421499,0.0,205144000.0,0.5440980280345326,1.6543868566212627,1.6543868566212627,124000018,124000018,,,1620599582,18:33:02,20210509
68,2003-09-30,VNO,USD,2003-11-07,2003-11-07,Q3,383842000,150965000.0,232877000.0,0.6067001526669827,0.0,31970000.0,0.0,0.0,84792000.0,235757000.0,54231000.0,52735000.0,200820000.0,0.5231840184242474,148085000.0,0.3857967601252599,13137000.0,106991000.0,0.2787370845295721,0.0,76060000.0,0.1981544489659808,0.617745,0.588329,115270207,119955342,https://www.sec.gov/Archives/edgar/data/899689/000110465903025041/0001104659-03-025041-index.htm,https://www.sec.gov/Archives/edgar/data/899689/000110465903025041/a03-4406_110q.htm,1620599582,18:33:02,20210509
69,2003-06-30,VNO,USD,2003-06-30,2003-06-30,Q2,374536000,141635000.0,232901000.0,0.6218387551530427,0.0,27436000.0,0.0,0.0,81410000.0,223045000.0,54857000.0,53014000.0,204505000.0,0.546022278232266,151491000.0,0.4044764722216289,22853000.0,119487000.0,0.31902674242262424,0.0,87757000.0,0.2343085844885405,0.725606,0.696189,113689459,119199642,,,1620599582,18:33:02,20210509
70,2003-03-31,VNO,USD,2003-05-08,2003-05-08,Q1,377005000,151965000.0,225040000.0,0.5969151602763889,0.0,27474000.0,0.0,0.0,80057000.0,232022000.0,47957000.0,52583000.0,197566000.0,0.5240407952149175,144983000.0,0.3845651914430843,30676000.0,127702000.0,0.33872760308218725,0.0,91742000.0,0.24334425272874366,0.774633,0.755022,111267345,115423183,https://www.sec.gov/Archives/edgar/data/899689/000110465903008526/0001104659-03-008526-index.htm,https://www.sec.gov/Archives/edgar/data/899689/000110465903008526/j0390_10q.htm,1620599582,18:33:02,20210509
71,2002-12-31,VNO,USD,2002-12-31,2002-12-31,Q4,374291000,142646000.0,231645000.0,0.618890114910591,0.0,3255000.0,0.0,0.0,87419000.0,230065000.0,28349000.0,56664000.0,200890000.0,0.5367214279798339,144226000.0,0.38533119952122813,-4200000.0,85693000.0,0.2289475301302997,0.0,51984000.0,0.13888658824283778,0.46719906905300923,0.46719906905300923,111267345,111267345,,,1620599582,18:33:02,20210509
72,2002-09-30,VNO,USD,2002-09-30,2002-09-30,Q3,361208000,145237000.0,215971000.0,0.5979131137737813,0.0,34227000.0,0.0,0.0,86238000.0,231475000.0,61354000.0,52011000.0,181744000.0,0.5031560762773803,129733000.0,0.35916424885384596,23749000.0,98535000.0,0.27279296139620385,0.0,62805000.0,0.17387488649199354,0.519691,0.509885,108949254,112538062,,,1620599582,18:33:02,20210509
73,2002-06-30,VNO,USD,2002-08-07,2002-08-07,Q2,353247000,126267000.0,226980000.0,0.6425532276282601,0.0,30634000.0,0.0,0.0,80197000.0,206464000.0,60119000.0,49563000.0,196346000.0,0.5558320382055616,146783000.0,0.4155251141552511,9332000.0,105930000.0,0.29987515817544097,0.0,68711000.0,0.1945126214801541,0.578523,0.558912,108003864,112910303,https://www.sec.gov/Archives/edgar/data/899689/000091205702030320/0000912057-02-030320-index.htm,https://www.sec.gov/Archives/edgar/data/899689/000091205702030320/a2085993z10-q.txt,1620599582,18:33:02,20210509
74,2002-03-31,VNO,USD,2002-05-01,2002-05-01,Q1,346324000,127446000.0,218878000.0,0.6320035573624698,0.0,30342000.0,0.0,0.0,77930000.0,205376000.0,58018000.0,47588000.0,188536000.0,0.5443919566648572,140948000.0,0.40698305632875575,20885000.0,113458000.0,0.32760651875122715,0.0,49403000.0,0.1426496575461129,0.41183,0.392219,105097327,109343931,https://www.sec.gov/Archives/edgar/data/899689/000091205702017953/0000912057-02-017953-index.htm,https://www.sec.gov/Archives/edgar/data/899689/000091205702017953/a2078451z10-q.txt,1620599582,18:33:02,20210509
75,2001-12-31,VNO,USD,2002-03-11,2002-03-11,Q4,240717000,0.0,0.0,0.0,0.0,20866000.0,0.0,0.0,0.0,0.0,80564000.0,32636000.0,0.0,0.0,0.0,0.0,0.0,0.0,0.0,0.0,64337000.0,0.267272357166299,0.6121659021832211,0.6121659021832211,105097327,105097327,https://www.sec.gov/Archives/edgar/data/899689/000091205702009439/0000912057-02-009439-index.htm,https://www.sec.gov/Archives/edgar/data/899689/000091205702009439/a2072969z10-k405.txt,1620599582,18:33:02,20210509
76,2001-09-30,VNO,USD,2001-11-01 00:00:00,2001-11-01 00:00:00,Q3,250265000,102222000.0,148043000.0,0.5915449623399197,0.0,15043000.0,0.0,0.0,44318000.0,146540000.0,28470000.0,29275000.0,133000000.0,0.5314366771222504,103725000.0,0.4144606716880107,29793000.0,105048000.0,0.4197470681078057,0.0,76780000.0,0.3067947975146345,0.745217,0.725606,90544244,93885232,https://www.sec.gov/Archives/edgar/data/899689/000091205701537333/0000912057-01-537333-index.html,https://www.sec.gov/Archives/edgar/data/899689/000091205701537333/a2062290z10-q.txt,1620599582,18:33:02,20210509
77,2001-06-30,VNO,USD,2001-08-02 00:00:00,2001-08-02 00:00:00,Q2,246075000,96831000.0,149244000.0,0.6064980188966779,0.0,22415000.0,0.0,0.0,52501000.0,149332000.0,28120000.0,30086000.0,126829000.0,0.5154079040942802,96743000.0,0.39314436655491214,25838000.0,94461000.0,0.38387077110637,0.0,66112000.0,0.26866605709641367,0.637356,0.627551,88624910,91379491,https://www.sec.gov/Archives/edgar/data/899689/000091205701526299/0000912057-01-526299-index.html,https://www.sec.gov/Archives/edgar/data/899689/000091205701526299/a2055621z10-q.txt,1620599582,18:33:02,20210509
78,2001-03-31,VNO,USD,2001-03-31,2001-03-31,Q1,242610000,100383000.0,142227000.0,0.586237170767899,0.0,14248000.0,0.0,0.0,46113000.0,146496000.0,49395000.0,31865000.0,127979000.0,0.5275091710976464,96114000.0,0.39616668727587484,26571000.0,86763000.0,0.3576233461110424,0.0,56509000.0,0.23292114916944892,0.529496,0.509885,88549442,91154107,,,1620599582,18:33:02,20210509
79,2000-12-31,VNO,USD,2000-12-31,2000-12-31,Q4,193928000,0.0,0.0,0.0,0.0,13640000.0,0.0,0.0,0.0,0.0,49033000.0,26880000.0,0.0,0.0,0.0,0.0,0.0,0.0,0.0,0.0,51723000.0,0.266712388102801,0.5841143527477,0.5841143527477,88549442,88549442,,,1620599582,18:33:02,20210509
80,2000-09-30,VNO,USD,2000-11-02 00:00:00,2000-11-02 00:00:00,Q3,215655000,82700000.0,132955000.0,0.6165171222554543,0.0,13304000.0,0.0,0.0,38330000.0,121030000.0,42558000.0,25026000.0,119651000.0,0.5548259952238529,94625000.0,0.4387795321230669,36519000.0,96157000.0,0.44588347128515454,0.0,68119000.0,0.31587025573253574,0.666773,0.637356,88301621,91492693,https://www.sec.gov/Archives/edgar/data/899689/000095012300009970/0000950123-00-009970-index.html,https://www.sec.gov/Archives/edgar/data/899689/000095012300009970/y41870e10-q.txt,1620599582,18:33:02,20210509
81,2000-06-30,VNO,USD,2000-08-02 00:00:00,2000-08-02 00:00:00,Q2,198745000,74366000.0,124379000.0,0.6258220332586983,0.0,10770000.0,0.0,0.0,35457000.0,109823000.0,39335000.0,24687000.0,113609000.0,0.5716319907419054,88922000.0,0.4474175450954741,27139000.0,81665000.0,0.41090341895393595,0.0,56953000.0,0.28656318397947117,0.539302,0.519691,88112951,90506510,https://www.sec.gov/Archives/edgar/data/899689/000095012300007088/0000950123-00-007088-index.html,https://www.sec.gov/Archives/edgar/data/899689/000095012300007088/e10-q.txt,1620599582,18:33:02,20210509
82,2000-03-31,VNO,USD,2000-05-05 00:00:00,2000-05-05 00:00:00,Q1,195279000,76305000.0,118974000.0,0.6092513787964912,0.0,10197000.0,0.0,0.0,33450000.0,109755000.0,39347000.0,23253000.0,108777000.0,0.5570337824343632,85524000.0,0.43795799855591233,29217000.0,81153000.0,0.4155746393621434,0.0,57196000.0,0.29289375713722415,0.539302,0.529496,88092554,89495851,https://www.sec.gov/Archives/edgar/data/899689/000095012300004581/0000950123-00-004581-index.html,https://www.sec.gov/Archives/edgar/data/899689/0000950123-00-004581.txt,1620599582,18:33:02,20210509
83,1999-12-31,VNO,USD,1999-12-31,1999-12-31,Q4,150193000,0.0,0.0,0.0,0.0,12681000.0,0.0,0.0,0.0,0.0,35714000.0,23285000.0,0.0,0.0,0.0,0.0,0.0,0.0,0.0,0.0,46500000.0,0.3096016458822981,0.5278539205481544,0.5278539205481544,88092554,88092554,,,1620599582,18:33:02,20210509
84,1999-09-30,VNO,USD,1999-09-30,1999-09-30,Q3,182821000,74644000.0,108177000.0,0.5917099239146487,0.0,7722000.0,0.0,0.0,29160000.0,103804000.0,35085000.0,21438000.0,100455000.0,0.5494718878028235,79017000.0,0.4322096476881759,21274000.0,69428000.0,0.3797594368261852,0.0,55046000.0,0.3010923252799186,0.519691,0.509885,87640766,89224574,,,1620599582,18:33:02,20210509
85,1999-06-30,VNO,USD,1999-06-30,1999-06-30,Q2,166188000,65925000.0,100263000.0,0.6033107083543938,0.0,10169000.0,0.0,0.0,29754000.0,95679000.0,35284000.0,19585000.0,90094000.0,0.5421209714299468,70509000.0,0.42427251065058846,23764000.0,63889000.0,0.3844381062411245,0.0,52026000.0,0.3130550942306304,0.50008,0.490274,87332775,89565200,,,1620599582,18:33:02,20210509
86,1999-03-31,VNO,USD,1999-05-12,1999-05-12,Q1,163564000,65037000.0,98527000.0,0.6023758284219022,0.0,9628000.0,0.0,0.0,28920000.0,93957000.0,32159000.0,19292000.0,88899000.0,0.5435120197598493,69607000.0,0.4255643051038126,20595000.0,58043000.0,0.3548641510356802,0.0,48928000.0,0.2991367293536475,0.50008,0.490274,86773904,88416863,https://www.sec.gov/Archives/edgar/data/899689/0000950123-99-004510-index.html,https://www.sec.gov/Archives/edgar/data/899689/,1620599582,18:33:02,20210509
87,1998-12-31,VNO,USD,1998-12-31,1998-12-31,Q4,94994000,0.0,0.0,0.0,0.0,9808000.0,0.0,0.0,0.0,0.0,34164000.0,17595000.0,0.0,0.0,0.0,0.0,0.0,0.0,0.0,0.0,40015000.0,0.42123713076615366,0.46114094394093413,0.46114094394093413,86773904,86773904,,,1620599582,18:33:02,20210509
88,1998-09-30,VNO,USD,1998-09-30,1998-09-30,Q3,140672000,58607000.0,82065000.0,0.583378355323021,0.0,6775000.0,0.0,0.0,22985000.0,81592000.0,34034000.0,14771000.0,73851000.0,0.524987204276615,59080000.0,0.419984076433121,18504000.0,48780000.0,0.34676410373066424,0.0,45082000.0,0.3204760009099181,0.460858,0.451052,85416500,87122689,,,1620599582,18:33:02,20210509
89,1998-06-30,VNO,USD,1998-08-13,1998-08-13,Q2,128523000,51454000.0,77069000.0,0.599651424258693,0.0,7070000.0,0.0,0.0,22099000.0,73553000.0,26679000.0,15663000.0,70633000.0,0.5495747842798565,54970000.0,0.4277055468670977,7246000.0,40808000.0,0.3175151529298258,0.0,36316000.0,0.28256421029698964,0.372608,0.362803,83788840,85915201,https://www.sec.gov/Archives/edgar/data/899689/0000950123-98-007527-index.html,https://www.sec.gov/Archives/edgar/data/899689/,1620599582,18:33:02,20210509
90,1998-03-31,VNO,USD,1998-05-13,1998-05-13,Q1,90211000,34153000.0,56058000.0,0.6214098058995022,0.0,4947000.0,0.0,0.0,15313000.0,49466000.0,19823000.0,11171000.0,51916000.0,0.5754952278546962,40745000.0,0.4516633226546652,5576000.0,34064000.0,0.3776036181840352,0.0,31487000.0,0.34903725709724975,0.352997,0.343192,73596582,75827987,https://www.sec.gov/Archives/edgar/data/899689/0000950123-98-004948-index.html,https://www.sec.gov/Archives/edgar/data/899689/,1620599582,18:33:02,20210509
91,1997-12-31,VNO,USD,1997-12-31,1997-12-31,Q4,60773000,0.0,0.0,0.0,0.0,-13355000.0,0.0,0.0,0.0,0.0,11928000.0,31388000.0,0.0,0.0,0.0,0.0,0.0,0.0,0.0,0.0,21896000.0,0.3602915768515624,0.2975138166063201,0.2975138166063201,73596582,73596582,,,1620599582,18:33:02,20210509
92,1997-09-30,VNO,USD,1997-09-30,1997-09-30,Q3,61868000,21899000.0,39969000.0,0.6460367233464795,0.0,9709000.0,0.0,0.0,16470000.0,38369000.0,13622000.0,6761000.0,30260000.0,0.4891058382362449,23499000.0,0.3798247882588737,961000.0,18126000.0,0.29297859959914657,0.0,15626000.0,0.252569987715782,0.186304,0.186304,55033553,55033553,,,1620599582,18:33:02,20210509
93,1997-06-30,VNO,USD,1997-06-30,1997-06-30,Q2,50662000,18151000.0,32511000.0,0.641723579803403,0.0,9152000.0,0.0,0.0,14764000.0,32915000.0,13272000.0,5612000.0,23359000.0,0.4610753622044136,17747000.0,0.3503020015001382,931000.0,15888000.0,0.31360783230034345,0.0,13788000.0,0.27215664600686906,0.16179,0.16179,54842755,54842755,,,1620599582,18:33:02,20210509
94,1997-03-31,VNO,USD,1997-03-31,1997-03-31,Q1,29297000,8507000.0,20790000.0,0.7096289722497184,0.0,8094000.0,0.0,0.0,11211000.0,19718000.0,4078000.0,3117000.0,12696000.0,0.43335495101887567,9579000.0,0.3269618049629655,443000.0,9690000.0,0.3307505887974878,0.0,9690000.0,0.3307505887974878,0.176499,0.176499,54152762,54152762,,,1620599582,18:33:02,20210509
95,1996-12-31,VNO,USD,1997-03-13,1997-03-13,Q4,30382000,0.0,0.0,0.0,0.0,1311000.0,0.0,0.0,0.0,0.0,4077000.0,5269000.0,0.0,0.0,0.0,0.0,0.0,0.0,0.0,0.0,15419000.0,0.5075044434204463,0.2847315525660538,0.2847315525660538,54152762,54152762,https://www.sec.gov/Archives/edgar/data/899689/0000950123-97-002144-index.html,https://www.sec.gov/Archives/edgar/data/899689/,1620599582,18:33:02,20210509
96,1996-09-30,VNO,USD,1996-09-30,1996-09-30,Q3,29063000,8885000.0,20178000.0,0.6942848295083095,0.0,1381000.0,0.0,0.0,4467000.0,13352000.0,4208000.0,3086000.0,18797000.0,0.6467673674431408,15711000.0,0.5405842480129374,339000.0,14939000.0,0.5140212641502941,0.0,14939000.0,0.5140212641502941,0.299067,0.299067,50081692,50081692,,,1620599582,18:33:02,20210509
97,1996-06-30,VNO,USD,1996-06-30,1996-06-30,Q2,29245000,9145000.0,20100000.0,0.6872969738416823,0.0,1319000.0,0.0,0.0,4373000.0,13518000.0,4192000.0,3054000.0,18781000.0,0.6421952470507779,15727000.0,0.537767139681997,370000.0,15120000.0,0.517011454949564,0.0,15120000.0,0.517011454949564,0.30397,0.30397,49901359,49901359,,,1620599582,18:33:02,20210509
98,1996-03-31,VNO,USD,1996-03-31,1996-03-31,Q1,28610000,8914000.0,19696000.0,0.6884306186648025,0.0,1189000.0,0.0,0.0,4181000.0,13095000.0,4223000.0,2992000.0,18507000.0,0.6468717231737154,15515000.0,0.5422929045788186,1363000.0,15922000.0,0.5565186997553303,0.0,15922000.0,0.5565186997553303,0.318678,0.318678,49899590,49899590,,,1620599582,18:33:02,20210509
99,1995-12-31,VNO,USD,1995-12-31,1995-12-31,Q4,22898000,0.0,0.0,0.0,0.0,1682000.0,0.0,0.0,0.0,0.0,3906000.0,3061000.0,0.0,0.0,0.0,0.0,0.0,0.0,0.0,0.0,14411000.0,0.6293562756572626,0.2887999680959302,0.2887999680959302,49899590,49899590,,,1620599582,18:33:02,20210509
100,1995-09-30,VNO,USD,1995-11-14 00:00:00,1995-11-14 00:00:00,Q3,26630000,8095000.0,18535000.0,0.6960195268494179,0.0,1181000.0,0.0,0.0,4076000.0,12171000.0,3922000.0,2895000.0,17354000.0,0.6516710476905745,14459000.0,0.5429590687194893,-147000.0,13567000.0,0.5094630116410064,0.0,13567000.0,0.5094630116410064,0.274554,0.274554,49813014,49813014,https://www.sec.gov/Archives/edgar/data/899689/000095012395003299/0000950123-95-003299-index.html,https://www.sec.gov/Archives/edgar/data/899689/0000950123-95-003299.txt,1620599582,18:33:02,20210509
101,1995-06-30,VNO,USD,1995-08-14 00:00:00,1995-08-14 00:00:00,Q2,27056000,7427000.0,19629000.0,0.7254952690715553,0.0,2134000.0,0.0,0.0,4860000.0,12287000.0,4387000.0,2726000.0,17495000.0,0.6466218214074512,14769000.0,0.545867829686576,-662000.0,13185000.0,0.48732259018332347,0.0,13185000.0,0.48732259018332347,0.274554,0.274554,47950222,47950222,https://www.sec.gov/Archives/edgar/data/899689/000095012395002339/0000950123-95-002339-index.html,https://www.sec.gov/Archives/edgar/data/899689/0000950123-95-002339.txt,1620599582,18:33:02,20210509
102,1995-03-31,VNO,USD,1995-05-12 00:00:00,1995-05-12 00:00:00,Q1,26216000,7560000.0,18656000.0,0.7116264876411352,0.0,1703000.0,0.0,0.0,4321000.0,11881000.0,4185000.0,2618000.0,16953000.0,0.6466661580714068,14335000.0,0.5468034787915776,-283000.0,11837000.0,0.4515181568507782,0.0,11837000.0,0.4515181568507782,0.264748,0.264748,44598550,44598550,https://www.sec.gov/Archives/edgar/data/899689/000095012395001357/0000950123-95-001357-index.html,https://www.sec.gov/Archives/edgar/data/899689/0000950123-95-001357.txt,1620599582,18:33:02,20210509
