,date,symbol,reportedCurrency,fillingDate,acceptedDate,period,revenue,costOfRevenue,grossProfit,grossProfitRatio,researchAndDevelopmentExpenses,generalAndAdministrativeExpenses,sellingAndMarketingExpenses,otherExpenses,operatingExpenses,costAndExpenses,interestExpense,depreciationAndAmortization,ebitda,ebitdaratio,operatingIncome,operatingIncomeRatio,totalOtherIncomeExpensesNet,incomeBeforeTax,incomeBeforeTaxRatio,incomeTaxExpense,netIncome,netIncomeRatio,eps,epsdiluted,weightedAverageShsOut,weightedAverageShsOutDil,link,finalLink,timestamp,est_time,est_date
0,2020-09-30,PCH.AX,AUD,2020-09-30,2020-09-30,Q3,0.0,0.0,0.0,0.0,0.0,29432.5,124.75,0.0,80371.5,0.0,1411.0,30748.25,-109928.75,0.0,-140677.0,0.0,-24314.25,-166330.5,0.0,0.0,-166330.5,0.0,-0.00024251254960034138,-0.00024251254960034138,685863475.0,685863475.0,,,1620596383,17:39:43,20210509
1,2020-06-30,PCH.AX,AUD,2020-06-30,2020-06-30,Q2,0.0,0.0,0.0,0.0,0.0,29432.5,124.75,0.0,80371.5,0.0,1411.0,30748.25,-109928.75,0.0,-140677.0,0.0,-24314.25,-166330.5,0.0,0.0,-166330.5,0.0,-0.00024251254960034138,-0.00024251254960034138,685863475.0,685863475.0,,,1620596383,17:39:43,20210509
2,2020-03-31,PCH.AX,AUD,2020-03-31,2020-03-31,Q1,0.0,0.0,0.0,0.0,0.0,29432.5,124.75,0.0,80371.5,0.0,1411.0,30748.25,-109928.75,0.0,-140677.0,0.0,-24314.25,-166330.5,0.0,0.0,-166330.5,0.0,-0.00024251254960034138,-0.00024251254960034138,685863475.0,685863475.0,,,1620596383,17:39:43,20210509
3,2020-01-31,PCH.AX,AUD,2020-01-31,2020-01-31,Q1,0.0,0.0,0.0,0.0,0.0,29432.5,124.75,0.0,80371.5,0.0,1411.0,30748.25,-109928.75,0.0,-140677.0,0.0,-24314.25,-166330.5,0.0,0.0,-166330.5,0.0,-0.00024251254960034138,-0.00024251254960034138,685863475.0,685863475.0,,,1620596383,17:39:43,20210509
4,2019-06-30,PCH.AX,AUD,2019-06-30,2019-06-30,Q2,0.0,0.0,0.0,0.0,0.0,69527.0,10183.25,86142.75,162105.5,0.0,1095.25,59420.0,-241815.75,0.0,-301235.75,0.0,86142.75,-215975.5,0.0,0.0,-215975.5,0.0,-0.0003,-0.0003,685863475.0,685863475.0,,,1620596383,17:39:43,20210509
5,2019-03-31,PCH.AX,AUD,2019-03-31,2019-03-31,Q1,0.0,0.0,0.0,0.0,0.0,69527.0,10183.25,86142.75,162105.5,0.0,1095.25,59420.0,-241815.75,0.0,-301235.75,0.0,86142.75,-215975.5,0.0,0.0,-215975.5,0.0,-0.0003,-0.0003,685863475.0,685863475.0,,,1620596383,17:39:43,20210509
6,2019-01-31,PCH.AX,AUD,2019-01-31,2019-01-31,Q1,0.0,0.0,0.0,0.0,0.0,69527.0,10183.25,86142.75,162105.5,0.0,1095.25,59420.0,-241815.75,0.0,-301235.75,0.0,86142.75,-215975.5,0.0,0.0,-215975.5,0.0,-0.0003,-0.0003,685863475.0,685863475.0,,,1620596383,17:39:43,20210509
7,2018-06-30,PCH.AX,AUD,2018-06-30,2018-06-30,Q2,0.0,0.0,0.0,0.0,19500.0,61814.0,10634.75,49425.25,226571.0,0.0,0.0,36062.5,-318519.75,0.0,-354582.25,0.0,36232.75,-318230.5,0.0,0.0,-401005.25,0.0,-0.00135,-0.00135,294562757.0,294562757.0,,,1620596383,17:39:43,20210509
8,2018-03-31,PCH.AX,AUD,2018-03-31,2018-03-31,Q1,0.0,0.0,0.0,0.0,19500.0,61814.0,10634.75,49425.25,226571.0,0.0,0.0,36062.5,-318519.75,0.0,-354582.25,0.0,36232.75,-318230.5,0.0,0.0,-401005.25,0.0,-0.00135,-0.00135,294562757.0,294562757.0,,,1620596383,17:39:43,20210509
9,2018-01-31,PCH.AX,AUD,2018-01-31,2018-01-31,Q1,0.0,0.0,0.0,0.0,19500.0,61814.0,10634.75,49425.25,226571.0,0.0,0.0,36062.5,-318519.75,0.0,-354582.25,0.0,36232.75,-318230.5,0.0,0.0,-401005.25,0.0,-0.00135,-0.00135,294562757.0,294562757.0,,,1620596383,17:39:43,20210509
10,2017-06-30,PCH.AX,AUD,2017-06-30,2017-06-30,Q2,0.0,0.0,0.0,0.0,84396.75,193683.5,17627.5,101.5,254685.5,0.0,177.0,13750.0,-550393.25,0.0,-564143.25,0.0,-68568.75,-632889.0,0.0,0.0,-632889.0,0.0,-0.00375,-0.00375,169172790.0,169172790.0,,,1620596383,17:39:43,20210509
11,2017-03-31,PCH.AX,AUD,2017-03-31,2017-03-31,Q1,0.0,0.0,0.0,0.0,84396.75,193683.5,17627.5,101.5,254685.5,0.0,177.0,13750.0,-550393.25,0.0,-564143.25,0.0,-68568.75,-632889.0,0.0,0.0,-632889.0,0.0,-0.00375,-0.00375,169172790.0,169172790.0,,,1620596383,17:39:43,20210509
12,2017-01-31,PCH.AX,AUD,2017-01-31,2017-01-31,Q1,0.0,0.0,0.0,0.0,84396.75,193683.5,17627.5,101.5,254685.5,0.0,177.0,13750.0,-550393.25,0.0,-564143.25,0.0,-68568.75,-632889.0,0.0,0.0,-632889.0,0.0,-0.00375,-0.00375,169172790.0,169172790.0,,,1620596383,17:39:43,20210509
13,2016-06-30,PCH.AX,AUD,2016-06-30,2016-06-30,Q2,0.0,0.0,0.0,0.0,0.0,207090.75,26656.5,42.75,297951.5,0.0,12886.5,13611.25,-531698.75,0.0,-545310.0,0.0,42.75,-558153.75,0.0,0.0,-558153.75,0.0,-0.0195,-0.0195,28759556.0,28759556.0,,,1620596383,17:39:43,20210509
14,2016-03-31,PCH.AX,AUD,2016-03-31,2016-03-31,Q1,0.0,0.0,0.0,0.0,0.0,207090.75,26656.5,42.75,297951.5,0.0,12886.5,13611.25,-531698.75,0.0,-545310.0,0.0,42.75,-558153.75,0.0,0.0,-558153.75,0.0,-0.0195,-0.0195,28759556.0,28759556.0,,,1620596383,17:39:43,20210509
15,2016-01-31,PCH.AX,AUD,2016-01-31,2016-01-31,Q1,0.0,0.0,0.0,0.0,0.0,207090.75,26656.5,42.75,297951.5,0.0,12886.5,13611.25,-531698.75,0.0,-545310.0,0.0,42.75,-558153.75,0.0,0.0,-558153.75,0.0,-0.0195,-0.0195,28759556.0,28759556.0,,,1620596383,17:39:43,20210509
16,2015-09-30,PCH.AX,AUD,2015-09-30,2015-09-30,Q3,7271.25,0.0,7271.25,1.0,0.0,19744.0,0.0,-34419.0,59520.25,0.0,3765.25,0.0,-170742.0,-0.04258618266155954,-137343.75,-18.888602372356885,-34419.0,-174507.25,-23.999621798177756,0.0,-174507.25,-23.999621798177756,-0.0236015,-0.0236015,7209580.0,7209580.0,,,1620596383,17:39:43,20210509
17,2015-06-30,PCH.AX,AUD,2015-06-30,2015-06-30,Q2,7271.25,0.0,7271.25,1.0,0.0,19744.0,0.0,-34419.0,59520.25,0.0,3765.25,0.0,-170742.0,-0.04258618266155954,-137343.75,-18.888602372356885,-34419.0,-174507.25,-23.999621798177756,0.0,-174507.25,-23.999621798177756,-0.0236015,-0.0236015,7209580.0,7209580.0,,,1620596383,17:39:43,20210509
18,2015-03-31,PCH.AX,AUD,2015-03-31,2015-03-31,Q1,7271.25,0.0,7271.25,1.0,0.0,19744.0,0.0,-34419.0,59520.25,0.0,3765.25,0.0,-170742.0,-0.04258618266155954,-137343.75,-18.888602372356885,-34419.0,-174507.25,-23.999621798177756,0.0,-174507.25,-23.999621798177756,-0.0236015,-0.0236015,7209580.0,7209580.0,,,1620596383,17:39:43,20210509
19,2015-01-31,PCH.AX,AUD,2015-01-31,2015-01-31,Q1,7271.25,0.0,7271.25,1.0,0.0,19744.0,0.0,-34419.0,59520.25,0.0,3765.25,0.0,-170742.0,-0.04258618266155954,-137343.75,-18.888602372356885,-34419.0,-174507.25,-23.999621798177756,0.0,-174507.25,-23.999621798177756,-0.0236015,-0.0236015,7209580.0,7209580.0,,,1620596383,17:39:43,20210509
20,2014-09-30,PCH.AX,AUD,2014-09-30,2014-09-30,Q3,11312.25,0.0,11312.25,1.0,0.0,33460.75,0.0,0.0,122802.25,0.0,43815.25,0.0,-142881.25,-0.079172389659245,-144950.75,-12.813609140533492,-45193.25,-231889.75,-20.498994452916087,170.0,-232059.75,-20.514022409335013,-0.19991875,-0.19991875,1164013.0,1164013.0,,,1620596383,17:39:43,20210509
21,2014-06-30,PCH.AX,AUD,2014-06-30,2014-06-30,Q2,11312.25,0.0,11312.25,1.0,0.0,33460.75,0.0,0.0,122802.25,0.0,43815.25,0.0,-142881.25,-0.079172389659245,-144950.75,-12.813609140533492,-45193.25,-231889.75,-20.498994452916087,170.0,-232059.75,-20.514022409335013,-0.19991875,-0.19991875,1164013.0,1164013.0,,,1620596383,17:39:43,20210509
22,2014-03-31,PCH.AX,AUD,2014-03-31,2014-03-31,Q1,11312.25,0.0,11312.25,1.0,0.0,33460.75,0.0,0.0,122802.25,0.0,43815.25,0.0,-142881.25,-0.079172389659245,-144950.75,-12.813609140533492,-45193.25,-231889.75,-20.498994452916087,170.0,-232059.75,-20.514022409335013,-0.19991875,-0.19991875,1164013.0,1164013.0,,,1620596383,17:39:43,20210509
23,2014-01-31,PCH.AX,AUD,2014-01-31,2014-01-31,Q1,11312.25,0.0,11312.25,1.0,0.0,33460.75,0.0,0.0,122802.25,0.0,43815.25,0.0,-142881.25,-0.079172389659245,-144950.75,-12.813609140533492,-45193.25,-231889.75,-20.498994452916087,170.0,-232059.75,-20.514022409335013,-0.19991875,-0.19991875,1164013.0,1164013.0,,,1620596383,17:39:43,20210509
24,2013-09-30,PCH.AX,AUD,2013-09-30,2013-09-30,Q3,12756.0,0.0,12756.0,1.0,0.0,33238.25,0.0,0.0,53179.75,0.0,412.25,0.0,-73662.0,-0.17316934104422904,-73662.0,-5.7746942615239885,-13835.75,-87910.0,-6.8916588272185635,154.5,1828408.25,143.33711586704297,1.68542625,1.68542625,1085084.0,1085084.0,,,1620596383,17:39:43,20210509
25,2013-06-30,PCH.AX,AUD,2013-06-30,2013-06-30,Q2,12756.0,0.0,12756.0,1.0,0.0,33238.25,0.0,0.0,53179.75,0.0,412.25,0.0,-73662.0,-0.17316934104422904,-73662.0,-5.7746942615239885,-13835.75,-87910.0,-6.8916588272185635,154.5,1828408.25,143.33711586704297,1.68542625,1.68542625,1085084.0,1085084.0,,,1620596383,17:39:43,20210509
26,2013-03-31,PCH.AX,AUD,2013-03-31,2013-03-31,Q1,12756.0,0.0,12756.0,1.0,0.0,33238.25,0.0,0.0,53179.75,0.0,412.25,0.0,-73662.0,-0.17316934104422904,-73662.0,-5.7746942615239885,-13835.75,-87910.0,-6.8916588272185635,154.5,1828408.25,143.33711586704297,1.68542625,1.68542625,1085084.0,1085084.0,,,1620596383,17:39:43,20210509
27,2013-01-31,PCH.AX,AUD,2013-01-31,2013-01-31,Q1,12756.0,0.0,12756.0,1.0,0.0,33238.25,0.0,0.0,53179.75,0.0,412.25,0.0,-73662.0,-0.17316934104422904,-73662.0,-5.7746942615239885,-13835.75,-87910.0,-6.8916588272185635,154.5,1828408.25,143.33711586704297,1.68542625,1.68542625,1085084.0,1085084.0,,,1620596383,17:39:43,20210509
28,2012-09-30,PCH.AX,AUD,2012-09-30,2012-09-30,Q3,11486819.0,10110674.0,1376145.0,0.1198020966465999,0.0,1023759.0,0.0,0.0,556870.25,0.0,519569.0,61978.0,-204484.25,-0.017801642909146563,-266462.25,-0.02319721848146123,-1753765.5,-2511768.75,-0.21866530237831727,309.25,-2512078.0,-0.21869222454014467,-2.343492,-2.343492,1071897.0,1071897.0,,,1620596383,17:39:43,20210509
29,2012-06-30,PCH.AX,AUD,2012-06-30,2012-06-30,Q2,11486819.0,10110674.0,1376145.0,0.1198020966465999,0.0,1023759.0,0.0,0.0,556870.25,0.0,519569.0,61978.0,-204484.25,-0.017801642909146563,-266462.25,-0.02319721848146123,-1753765.5,-2511768.75,-0.21866530237831727,309.25,-2512078.0,-0.21869222454014467,-2.343492,-2.343492,1071897.0,1071897.0,,,1620596383,17:39:43,20210509
30,2012-03-31,PCH.AX,AUD,2012-03-31,2012-03-31,Q1,11486819.0,10110674.0,1376145.0,0.1198020966465999,0.0,1023759.0,0.0,0.0,556870.25,0.0,519569.0,61978.0,-204484.25,-0.017801642909146563,-266462.25,-0.02319721848146123,-1753765.5,-2511768.75,-0.21866530237831727,309.25,-2512078.0,-0.21869222454014467,-2.343492,-2.343492,1071897.0,1071897.0,,,1620596383,17:39:43,20210509
31,2012-01-31,PCH.AX,AUD,2012-01-31,2012-01-31,Q1,11486819.0,10110674.0,1376145.0,0.1198020966465999,0.0,1023759.0,0.0,0.0,556870.25,0.0,519569.0,61978.0,-204484.25,-0.017801642909146563,-266462.25,-0.02319721848146123,-1753765.5,-2511768.75,-0.21866530237831727,309.25,-2512078.0,-0.21869222454014467,-2.343492,-2.343492,1071897.0,1071897.0,,,1620596383,17:39:43,20210509
32,2011-09-30,PCH.AX,AUD,2011-09-30,2011-09-30,Q3,14166508.25,0.0,14166508.25,1.0,0.0,0.0,0.0,0.0,14355607.25,0.0,509830.25,96770.25,-189099.0,-0.01334831397144035,-285869.25,-0.020179231533642032,0.0,-795699.5,-0.05616765161591601,207.0,-1008178.5,-0.07116633698356827,-1.009312,-1.009312,998552.0,998552.0,,,1620596383,17:39:43,20210509
33,2011-06-30,PCH.AX,AUD,2011-06-30,2011-06-30,Q2,14166508.25,0.0,14166508.25,1.0,0.0,0.0,0.0,0.0,14355607.25,0.0,509830.25,96770.25,-189099.0,-0.01334831397144035,-285869.25,-0.020179231533642032,0.0,-795699.5,-0.05616765161591601,207.0,-1008178.5,-0.07116633698356827,-1.009312,-1.009312,998552.0,998552.0,,,1620596383,17:39:43,20210509
34,2011-03-31,PCH.AX,AUD,2011-03-31,2011-03-31,Q1,14166508.25,0.0,14166508.25,1.0,0.0,0.0,0.0,0.0,14355607.25,0.0,509830.25,96770.25,-189099.0,-0.01334831397144035,-285869.25,-0.020179231533642032,0.0,-795699.5,-0.05616765161591601,207.0,-1008178.5,-0.07116633698356827,-1.009312,-1.009312,998552.0,998552.0,,,1620596383,17:39:43,20210509
35,2011-01-31,PCH.AX,AUD,2011-01-31,2011-01-31,Q1,14166508.25,0.0,14166508.25,1.0,0.0,0.0,0.0,0.0,14355607.25,0.0,509830.25,96770.25,-189099.0,-0.01334831397144035,-285869.25,-0.020179231533642032,0.0,-795699.5,-0.05616765161591601,207.0,-1008178.5,-0.07116633698356827,-1.009312,-1.009312,998552.0,998552.0,,,1620596383,17:39:43,20210509
36,2010-09-30,PCH.AX,AUD,2010-09-30,2010-09-30,Q3,2511934.75,2258239.0,253695.75,0.10099615445823185,0.0,247617.25,0.0,233223.75,427505.75,0.0,32808.5,18791.25,-421427.25,-0.1677699828787352,-440218.5,-0.17525077034743836,233223.75,-216048.75,-0.08600890210225405,-3402.25,-212646.5,-0.08465446803504749,-0.3359745,-0.3359745,633773.0,633773.0,,,1620596383,17:39:43,20210509
37,2010-06-30,PCH.AX,AUD,2010-06-30,2010-06-30,Q2,2511934.75,2258239.0,253695.75,0.10099615445823185,0.0,247617.25,0.0,233223.75,427505.75,0.0,32808.5,18791.25,-421427.25,-0.1677699828787352,-440218.5,-0.17525077034743836,233223.75,-216048.75,-0.08600890210225405,-3402.25,-212646.5,-0.08465446803504749,-0.3359745,-0.3359745,633773.0,633773.0,,,1620596383,17:39:43,20210509
38,2010-03-31,PCH.AX,AUD,2010-03-31,2010-03-31,Q1,2511934.75,2258239.0,253695.75,0.10099615445823185,0.0,247617.25,0.0,233223.75,427505.75,0.0,32808.5,18791.25,-421427.25,-0.1677699828787352,-440218.5,-0.17525077034743836,233223.75,-216048.75,-0.08600890210225405,-3402.25,-212646.5,-0.08465446803504749,-0.3359745,-0.3359745,633773.0,633773.0,,,1620596383,17:39:43,20210509
39,2010-01-31,PCH.AX,AUD,2010-01-31,2010-01-31,Q1,2511934.75,2258239.0,253695.75,0.10099615445823185,0.0,247617.25,0.0,233223.75,427505.75,0.0,32808.5,18791.25,-421427.25,-0.1677699828787352,-440218.5,-0.17525077034743836,233223.75,-216048.75,-0.08600890210225405,-3402.25,-212646.5,-0.08465446803504749,-0.3359745,-0.3359745,633773.0,633773.0,,,1620596383,17:39:43,20210509
40,2009-09-30,PCH.AX,AUD,2009-09-30,2009-09-30,Q3,109028.0,32835.25,76192.75,0.6988365374032358,0.0,369327.5,0.0,45089.0,341082.0,0.0,58.0,16788.75,-634216.75,-5.817008016289393,-651005.5,-5.9709936896943905,-66365.25,-655083.75,-6.008399218549363,-33303.0,-621780.75,-5.702945573614118,-1.05512675,-1.05512675,599814.0,599814.0,,,1620596383,17:39:43,20210509
41,2009-06-30,PCH.AX,AUD,2009-06-30,2009-06-30,Q2,109028.0,32835.25,76192.75,0.6988365374032358,0.0,369327.5,0.0,45089.0,341082.0,0.0,58.0,16788.75,-634216.75,-5.817008016289393,-651005.5,-5.9709936896943905,-66365.25,-655083.75,-6.008399218549363,-33303.0,-621780.75,-5.702945573614118,-1.05512675,-1.05512675,599814.0,599814.0,,,1620596383,17:39:43,20210509
42,2009-03-31,PCH.AX,AUD,2009-03-31,2009-03-31,Q1,109028.0,32835.25,76192.75,0.6988365374032358,0.0,369327.5,0.0,45089.0,341082.0,0.0,58.0,16788.75,-634216.75,-5.817008016289393,-651005.5,-5.9709936896943905,-66365.25,-655083.75,-6.008399218549363,-33303.0,-621780.75,-5.702945573614118,-1.05512675,-1.05512675,599814.0,599814.0,,,1620596383,17:39:43,20210509
43,2009-01-31,PCH.AX,AUD,2009-01-31,2009-01-31,Q1,109028.0,32835.25,76192.75,0.6988365374032358,0.0,369327.5,0.0,45089.0,341082.0,0.0,58.0,16788.75,-634216.75,-5.817008016289393,-651005.5,-5.9709936896943905,-66365.25,-655083.75,-6.008399218549363,-33303.0,-621780.75,-5.702945573614118,-1.05512675,-1.05512675,599814.0,599814.0,,,1620596383,17:39:43,20210509
44,2008-09-30,PCH.AX,AUD,2008-09-30,2008-09-30,Q3,375319.0,21549.25,353769.75,0.9425841750617475,11762.5,198345.75,0.0,-2516.0,599761.25,0.0,2433.25,189507.25,-456099.75,-1.2152322424390984,-645607.0,-1.720155387816764,-1195929.0,-1823610.75,-4.8588287563379415,-51577.5,-1772033.25,-4.721405657587279,-4.27604,-4.27604,380705.0,380705.0,,,1620596383,17:39:43,20210509
45,2008-06-30,PCH.AX,AUD,2008-06-30,2008-06-30,Q2,375319.0,21549.25,353769.75,0.9425841750617475,11762.5,198345.75,0.0,-2516.0,599761.25,0.0,2433.25,189507.25,-456099.75,-1.2152322424390984,-645607.0,-1.720155387816764,-1195929.0,-1823610.75,-4.8588287563379415,-51577.5,-1772033.25,-4.721405657587279,-4.27604,-4.27604,380705.0,380705.0,,,1620596383,17:39:43,20210509
46,2008-03-31,PCH.AX,AUD,2008-03-31,2008-03-31,Q1,375319.0,21549.25,353769.75,0.9425841750617475,11762.5,198345.75,0.0,-2516.0,599761.25,0.0,2433.25,189507.25,-456099.75,-1.2152322424390984,-645607.0,-1.720155387816764,-1195929.0,-1823610.75,-4.8588287563379415,-51577.5,-1772033.25,-4.721405657587279,-4.27604,-4.27604,380705.0,380705.0,,,1620596383,17:39:43,20210509
47,2008-01-31,PCH.AX,AUD,2008-01-31,2008-01-31,Q1,375319.0,21549.25,353769.75,0.9425841750617475,11762.5,198345.75,0.0,-2516.0,599761.25,0.0,2433.25,189507.25,-456099.75,-1.2152322424390984,-645607.0,-1.720155387816764,-1195929.0,-1823610.75,-4.8588287563379415,-51577.5,-1772033.25,-4.721405657587279,-4.27604,-4.27604,380705.0,380705.0,,,1620596383,17:39:43,20210509
48,2007-09-30,PCH.AX,AUD,2007-09-30,2007-09-30,Q3,223821.8391,60824.27055,162997.56855,0.7282469360694301,12300.397875,194343.05925,0.0,11108.97435,109318.523425,0.0,7851.23785,273005.30505,-161938.10784999997,-0.7235134359594312,-434943.4129,-1.943257256078904,19603.006175,-417545.755975,-1.8655273214355423,-142495.800175,-275049.9558,-1.228878991013527,-0.70538,-0.70538,388718.0,388718.0,,,1620596383,17:39:43,20210509
49,2007-06-30,PCH.AX,AUD,2007-06-30,2007-06-30,Q2,223821.8391,60824.27055,162997.56855,0.7282469360694301,12300.397875,194343.05925,0.0,11108.97435,109318.523425,0.0,7851.23785,273005.30505,-161938.10784999997,-0.7235134359594312,-434943.4129,-1.943257256078904,19603.006175,-417545.755975,-1.8655273214355423,-142495.800175,-275049.9558,-1.228878991013527,-0.70538,-0.70538,388718.0,388718.0,,,1620596383,17:39:43,20210509
50,2007-03-31,PCH.AX,AUD,2007-03-31,2007-03-31,Q1,223821.8391,60824.27055,162997.56855,0.7282469360694301,12300.397875,194343.05925,0.0,11108.97435,109318.523425,0.0,7851.23785,273005.30505,-161938.10784999997,-0.7235134359594312,-434943.4129,-1.943257256078904,19603.006175,-417545.755975,-1.8655273214355423,-142495.800175,-275049.9558,-1.228878991013527,-0.70538,-0.70538,388718.0,388718.0,,,1620596383,17:39:43,20210509
51,2007-01-31,PCH.AX,AUD,2007-01-31,2007-01-31,Q1,223821.8391,60824.27055,162997.56855,0.7282469360694301,12300.397875,194343.05925,0.0,11108.97435,109318.523425,0.0,7851.23785,273005.30505,-161938.10784999997,-0.7235134359594312,-434943.4129,-1.943257256078904,19603.006175,-417545.755975,-1.8655273214355423,-142495.800175,-275049.9558,-1.228878991013527,-0.70538,-0.70538,388718.0,388718.0,,,1620596383,17:39:43,20210509
52,2006-09-30,PCH.AX,AUD,2006-09-30,2006-09-30,Q3,596688.25,365120.0,231568.25,0.3880891738692693,28632.478625,473735.25,0.0,28550.5,360209.0,0.0,75618.0,74136.75,-612469.25,-1.026447646656357,-686606.0,-1.1506946885580536,-2368436.75,-3128302.0,-5.242774597957979,0.0,-3111972.25,-5.2154072918312036,-34.7047,-34.7047,76623.0,76623.0,,,1620596383,17:39:43,20210509
53,2006-06-30,PCH.AX,AUD,2006-06-30,2006-06-30,Q2,596688.25,365120.0,231568.25,0.3880891738692693,28632.478625,473735.25,0.0,28550.5,360209.0,0.0,75618.0,74136.75,-612469.25,-1.026447646656357,-686606.0,-1.1506946885580536,-2368436.75,-3128302.0,-5.242774597957979,0.0,-3111972.25,-5.2154072918312036,-34.7047,-34.7047,76623.0,76623.0,,,1620596383,17:39:43,20210509
54,2006-03-31,PCH.AX,AUD,2006-03-31,2006-03-31,Q1,596688.25,365120.0,231568.25,0.3880891738692693,28632.478625,473735.25,0.0,28550.5,360209.0,0.0,75618.0,74136.75,-612469.25,-1.026447646656357,-686606.0,-1.1506946885580536,-2368436.75,-3128302.0,-5.242774597957979,0.0,-3111972.25,-5.2154072918312036,-34.7047,-34.7047,76623.0,76623.0,,,1620596383,17:39:43,20210509
55,2006-01-31,PCH.AX,AUD,2006-01-31,2006-01-31,Q1,596688.25,365120.0,231568.25,0.3880891738692693,28632.478625,473735.25,0.0,28550.5,360209.0,0.0,75618.0,74136.75,-612469.25,-1.026447646656357,-686606.0,-1.1506946885580536,-2368436.75,-3128302.0,-5.242774597957979,0.0,-3111972.25,-5.2154072918312036,-34.7047,-34.7047,76623.0,76623.0,,,1620596383,17:39:43,20210509
56,2005-09-30,PCH.AX,AUD,2005-09-30,2005-09-30,Q3,647709.227575,544592.394025,103116.83355,0.15920235371057734,0.0,472177.69775,0.0,0.0,357869.617575,0.0,3681.207425,260438.81985,-752762.624875,-1.1621922196373766,-1013201.444725,-1.564284406628557,-451639.026625,-1657923.799,-2.559672964992651,-1657923.799,-1657923.799,-2.559672964992651,-29.80230825,-29.80230825,55612.0,55612.0,,,1620596383,17:39:43,20210509
57,2005-06-30,PCH.AX,AUD,2005-06-30,2005-06-30,Q2,647709.227575,544592.394025,103116.83355,0.15920235371057734,0.0,472177.69775,0.0,0.0,357869.617575,0.0,3681.207425,260438.81985,-752762.624875,-1.1621922196373766,-1013201.444725,-1.564284406628557,-451639.026625,-1657923.799,-2.559672964992651,-1657923.799,-1657923.799,-2.559672964992651,-29.80230825,-29.80230825,55612.0,55612.0,,,1620596383,17:39:43,20210509
58,2005-03-31,PCH.AX,AUD,2005-03-31,2005-03-31,Q1,647709.227575,544592.394025,103116.83355,0.15920235371057734,0.0,472177.69775,0.0,0.0,357869.617575,0.0,3681.207425,260438.81985,-752762.624875,-1.1621922196373766,-1013201.444725,-1.564284406628557,-451639.026625,-1657923.799,-2.559672964992651,-1657923.799,-1657923.799,-2.559672964992651,-29.80230825,-29.80230825,55612.0,55612.0,,,1620596383,17:39:43,20210509
59,2005-01-31,PCH.AX,AUD,2005-01-31,2005-01-31,Q1,647709.227575,544592.394025,103116.83355,0.15920235371057734,0.0,472177.69775,0.0,0.0,357869.617575,0.0,3681.207425,260438.81985,-752762.624875,-1.1621922196373766,-1013201.444725,-1.564284406628557,-451639.026625,-1657923.799,-2.559672964992651,-1657923.799,-1657923.799,-2.559672964992651,-29.80230825,-29.80230825,55612.0,55612.0,,,1620596383,17:39:43,20210509
60,2004-09-30,PCH.AX,AUD,2004-09-30,2004-09-30,Q3,807182.7057,721103.556475,86079.149225,0.10664146867511361,0.0,665533.472775,0.0,-162133.891225,196129.7071,0.0,2397.140875,156467.9219,-775584.0306500001,-0.9608531317298267,-932051.95255,-1.1546976241787932,-162133.891225,-1061715.481175,-1.3153347732521916,-1061715.481175,-1061715.481175,-1.3153347732521916,-27.051326,-27.051326,38255.0,38255.0,,,1620596383,17:39:43,20210509
61,2004-06-30,PCH.AX,AUD,2004-06-30,2004-06-30,Q2,807182.7057,721103.556475,86079.149225,0.10664146867511361,0.0,665533.472775,0.0,-162133.891225,196129.7071,0.0,2397.140875,156467.9219,-775584.0306500001,-0.9608531317298267,-932051.95255,-1.1546976241787932,-162133.891225,-1061715.481175,-1.3153347732521916,-1061715.481175,-1061715.481175,-1.3153347732521916,-27.051326,-27.051326,38255.0,38255.0,,,1620596383,17:39:43,20210509
62,2004-03-31,PCH.AX,AUD,2004-03-31,2004-03-31,Q1,807182.7057,721103.556475,86079.149225,0.10664146867511361,0.0,665533.472775,0.0,-162133.891225,196129.7071,0.0,2397.140875,156467.9219,-775584.0306500001,-0.9608531317298267,-932051.95255,-1.1546976241787932,-162133.891225,-1061715.481175,-1.3153347732521916,-1061715.481175,-1061715.481175,-1.3153347732521916,-27.051326,-27.051326,38255.0,38255.0,,,1620596383,17:39:43,20210509
63,2004-01-31,PCH.AX,AUD,2004-01-31,2004-01-31,Q1,807182.7057,721103.556475,86079.149225,0.10664146867511361,0.0,665533.472775,0.0,-162133.891225,196129.7071,0.0,2397.140875,156467.9219,-775584.0306500001,-0.9608531317298267,-932051.95255,-1.1546976241787932,-162133.891225,-1061715.481175,-1.3153347732521916,-1061715.481175,-1061715.481175,-1.3153347732521916,-27.051326,-27.051326,38255.0,38255.0,,,1620596383,17:39:43,20210509
64,2003-09-30,PCH.AX,AUD,2003-09-30,2003-09-30,Q3,246540.1888,827605.1691,-581064.9803,-2.3568773234426925,0.0,98524.4249,0.0,687.379725,9165.062775,0.0,4124.27825,19934.01155,-692191.366525,-2.807620817904557,-712125.378075,-2.888475836500211,-1100724.03995,-1819494.088525,-7.380111524133788,-1819494.088525,-1819494.088525,-7.380111524133788,-103.33818175,-103.33818175,17473.0,17473.0,,,1620596383,17:39:43,20210509
65,2003-06-30,PCH.AX,AUD,2003-06-30,2003-06-30,Q2,246540.1888,827605.1691,-581064.9803,-2.3568773234426925,0.0,98524.4249,0.0,687.379725,9165.062775,0.0,4124.27825,19934.01155,-692191.366525,-2.807620817904557,-712125.378075,-2.888475836500211,-1100724.03995,-1819494.088525,-7.380111524133788,-1819494.088525,-1819494.088525,-7.380111524133788,-103.33818175,-103.33818175,17473.0,17473.0,,,1620596383,17:39:43,20210509
66,2003-03-31,PCH.AX,AUD,2003-03-31,2003-03-31,Q1,246540.1888,827605.1691,-581064.9803,-2.3568773234426925,0.0,98524.4249,0.0,687.379725,9165.062775,0.0,4124.27825,19934.01155,-692191.366525,-2.807620817904557,-712125.378075,-2.888475836500211,-1100724.03995,-1819494.088525,-7.380111524133788,-1819494.088525,-1819494.088525,-7.380111524133788,-103.33818175,-103.33818175,17473.0,17473.0,,,1620596383,17:39:43,20210509
67,2003-01-31,PCH.AX,AUD,2003-01-31,2003-01-31,Q1,246540.1888,827605.1691,-581064.9803,-2.3568773234426925,0.0,98524.4249,0.0,687.379725,9165.062775,0.0,4124.27825,19934.01155,-692191.366525,-2.807620817904557,-712125.378075,-2.888475836500211,-1100724.03995,-1819494.088525,-7.380111524133788,-1819494.088525,-1819494.088525,-7.380111524133788,-103.33818175,-103.33818175,17473.0,17473.0,,,1620596383,17:39:43,20210509
68,2002-09-30,PCH.AX,AUD,2002-09-30,2002-09-30,Q3,48399.106475,812649.9545,-764250.848025,-15.79059829172187,0.0,144369.984275,0.0,5998.179875,48399.106475,0.0,1447.836525,68875.651525,-964672.78895,-19.93162393293956,-1033548.440475,-21.354700856076082,-419872.590375,-1449904.85645,-29.957264958991168,-1449904.85645,-1449904.85645,-29.957264958991168,-102.2801115,-102.2801115,14237.0,14237.0,,,1620596383,17:39:43,20210509
69,2002-06-30,PCH.AX,AUD,2002-06-30,2002-06-30,Q2,48399.106475,812649.9545,-764250.848025,-15.79059829172187,0.0,144369.984275,0.0,5998.179875,48399.106475,0.0,1447.836525,68875.651525,-964672.78895,-19.93162393293956,-1033548.440475,-21.354700856076082,-419872.590375,-1449904.85645,-29.957264958991168,-1449904.85645,-1449904.85645,-29.957264958991168,-102.2801115,-102.2801115,14237.0,14237.0,,,1620596383,17:39:43,20210509
70,2002-03-31,PCH.AX,AUD,2002-03-31,2002-03-31,Q1,48399.106475,812649.9545,-764250.848025,-15.79059829172187,0.0,144369.984275,0.0,5998.179875,48399.106475,0.0,1447.836525,68875.651525,-964672.78895,-19.93162393293956,-1033548.440475,-21.354700856076082,-419872.590375,-1449904.85645,-29.957264958991168,-1449904.85645,-1449904.85645,-29.957264958991168,-102.2801115,-102.2801115,14237.0,14237.0,,,1620596383,17:39:43,20210509
71,2002-01-31,PCH.AX,AUD,2002-01-31,2002-01-31,Q1,48399.106475,812649.9545,-764250.848025,-15.79059829172187,0.0,144369.984275,0.0,5998.179875,48399.106475,0.0,1447.836525,68875.651525,-964672.78895,-19.93162393293956,-1033548.440475,-21.354700856076082,-419872.590375,-1449904.85645,-29.957264958991168,-1449904.85645,-1449904.85645,-29.957264958991168,-102.2801115,-102.2801115,14237.0,14237.0,,,1620596383,17:39:43,20210509
72,2001-09-30,PCH.AX,AUD,2001-09-30,2001-09-30,Q3,0.0,0.0,0.0,0.0,0.0,0.0,0.0,0.0,0.0,0.0,2475.451775,0.0,-1749112.9631,0.0,0.0,0.0,0.0,-1751588.414875,0.0,-1751588.414875,0.0,0.0,-203.854843,-203.854843,9697.0,9697.0,,,1620596383,17:39:43,20210509
73,2001-06-30,PCH.AX,AUD,2001-06-30,2001-06-30,Q2,0.0,0.0,0.0,0.0,0.0,0.0,0.0,0.0,0.0,0.0,2475.451775,0.0,-1749112.9631,0.0,0.0,0.0,0.0,-1751588.414875,0.0,-1751588.414875,0.0,0.0,-203.854843,-203.854843,9697.0,9697.0,,,1620596383,17:39:43,20210509
74,2001-03-31,PCH.AX,AUD,2001-03-31,2001-03-31,Q1,0.0,0.0,0.0,0.0,0.0,0.0,0.0,0.0,0.0,0.0,2475.451775,0.0,-1749112.9631,0.0,0.0,0.0,0.0,-1751588.414875,0.0,-1751588.414875,0.0,0.0,-203.854843,-203.854843,9697.0,9697.0,,,1620596383,17:39:43,20210509
75,2001-01-31,PCH.AX,AUD,2001-01-31,2001-01-31,Q1,0.0,0.0,0.0,0.0,0.0,0.0,0.0,0.0,0.0,0.0,2475.451775,0.0,-1749112.9631,0.0,0.0,0.0,0.0,-1751588.414875,0.0,-1751588.414875,0.0,0.0,-203.854843,-203.854843,9697.0,9697.0,,,1620596383,17:39:43,20210509
76,2000-09-30,PCH.AX,AUD,2000-09-30,2000-09-30,Q3,0.0,0.0,0.0,0.0,0.0,0.0,0.0,0.0,0.0,0.0,0.0,0.0,0.0,0.0,0.0,0.0,0.0,-257500.0,0.0,-257500.0,-257500.0,0.0,-56.43040625,-56.43040625,4565.0,4565.0,,,1620596383,17:39:43,20210509
77,2000-06-30,PCH.AX,AUD,2000-06-30,2000-06-30,Q2,0.0,0.0,0.0,0.0,0.0,0.0,0.0,0.0,0.0,0.0,0.0,0.0,0.0,0.0,0.0,0.0,0.0,-257500.0,0.0,-257500.0,-257500.0,0.0,-56.43040625,-56.43040625,4565.0,4565.0,,,1620596383,17:39:43,20210509
78,2000-03-31,PCH.AX,AUD,2000-03-31,2000-03-31,Q1,0.0,0.0,0.0,0.0,0.0,0.0,0.0,0.0,0.0,0.0,0.0,0.0,0.0,0.0,0.0,0.0,0.0,-257500.0,0.0,-257500.0,-257500.0,0.0,-56.43040625,-56.43040625,4565.0,4565.0,,,1620596383,17:39:43,20210509
79,2000-01-31,PCH.AX,AUD,2000-01-31,2000-01-31,Q1,0.0,0.0,0.0,0.0,0.0,0.0,0.0,0.0,0.0,0.0,0.0,0.0,0.0,0.0,0.0,0.0,0.0,-257500.0,0.0,-257500.0,-257500.0,0.0,-56.43040625,-56.43040625,4565.0,4565.0,,,1620596383,17:39:43,20210509
80,1999-09-30,PCH.AX,AUD,1999-09-30,1999-09-30,Q3,0.0,0.0,0.0,0.0,0.0,0.0,0.0,0.0,0.0,0.0,0.0,0.0,0.0,0.0,0.0,0.0,0.0,0.0,0.0,0.0,0.0,0.0,0.0,0.0,7993.0,7993.0,,,1620596383,17:39:43,20210509
81,1999-06-30,PCH.AX,AUD,1999-06-30,1999-06-30,Q2,0.0,0.0,0.0,0.0,0.0,0.0,0.0,0.0,0.0,0.0,0.0,0.0,0.0,0.0,0.0,0.0,0.0,0.0,0.0,0.0,0.0,0.0,0.0,0.0,7993.0,7993.0,,,1620596383,17:39:43,20210509
82,1999-03-31,PCH.AX,AUD,1999-03-31,1999-03-31,Q1,0.0,0.0,0.0,0.0,0.0,0.0,0.0,0.0,0.0,0.0,0.0,0.0,0.0,0.0,0.0,0.0,0.0,0.0,0.0,0.0,0.0,0.0,0.0,0.0,7993.0,7993.0,,,1620596383,17:39:43,20210509
83,1999-01-31,PCH.AX,AUD,1999-01-31,1999-01-31,Q1,0.0,0.0,0.0,0.0,0.0,0.0,0.0,0.0,0.0,0.0,0.0,0.0,0.0,0.0,0.0,0.0,0.0,0.0,0.0,0.0,0.0,0.0,0.0,0.0,7993.0,7993.0,,,1620596383,17:39:43,20210509
