,date,symbol,reportedCurrency,fillingDate,acceptedDate,period,revenue,costOfRevenue,grossProfit,grossProfitRatio,researchAndDevelopmentExpenses,generalAndAdministrativeExpenses,sellingAndMarketingExpenses,otherExpenses,operatingExpenses,costAndExpenses,interestExpense,depreciationAndAmortization,ebitda,ebitdaratio,operatingIncome,operatingIncomeRatio,totalOtherIncomeExpensesNet,incomeBeforeTax,incomeBeforeTaxRatio,incomeTaxExpense,netIncome,netIncomeRatio,eps,epsdiluted,weightedAverageShsOut,weightedAverageShsOutDil,link,finalLink,timestamp,est_time,est_date
0,2020-12-31,TRIGYN.NS,INR,2020-12-31,2020-12-31,Q4,2373792000,1668727000.0,705065000.0,0.2970205477143743,0.0,0.0,0.0,3281000.0,506236000,2174963000,6912000.0,7355000.0,206184000,0.08685849476280988,198829000,0.08376007670427738,0.0,195198000,0.08223045658591822,54285000.0,140914000,0.05936240411965328,4.58,4.56,30767249,30902193,https://www.nseindia.com/companies-listing/corporate-filings-annual-reports,https://www.nseindia.com/companies-listing/corporate-filings-annual-reports,1620599015,18:23:35,20210509
1,2020-09-30,TRIGYN.NS,INR,2020-09-30,2020-09-30,Q3,2408582000,1612617000.0,795965000.0,0.3304703763459164,0.0,0.0,0.0,9646000.0,551277000,2163894000,7119000.0,11144000.0,255832000,0.1062168529034926,244688000,0.10159006419544778,0.0,247214000,0.10263881404079246,69080000.0,178134000,0.07395803838108896,5.79,5.76,30765803,30926042,https://www.nseindia.com/companies-listing/corporate-filings-annual-reports,https://www.nseindia.com/companies-listing/corporate-filings-annual-reports,1620599015,18:23:35,20210509
2,2020-06-30,TRIGYN.NS,INR,2020-06-30,2020-06-30,Q2,2488645000,1670287000.0,818358000.0,0.3288367766394966,0.0,0.0,0.0,7875000.0,569958000,2240245000,5943000.0,4685000.0,253085000,0.10169590279047433,248400000,0.09981335224590088,0.0,250333000,0.10059008014401412,71797000.0,178535000,0.07173984236401737,5.8,5.78,30781897,30888408,https://www.nseindia.com/companies-listing/corporate-filings-annual-reports,https://www.nseindia.com/companies-listing/corporate-filings-annual-reports,1620599015,18:23:35,20210509
3,2020-03-31,TRIGYN.NS,INR,2020-03-31,2020-03-31,Q1,2356027000,1219115000.0,1136912000.0,0.4825547415203646,0.0,0.0,0.0,-20596000.0,1006156000,2225271000,81000.0,5113000.0,135869000,0.057668693949602445,130756000,0.05549851508492899,0.0,114963000,0.048795281208576985,82485000.0,32479000,0.01378549566707003,1.0556851059600167,1.0556851059600167,30765803,30765803,https://www.nseindia.com/companies-listing/corporate-filings-annual-reports,https://www.nseindia.com/companies-listing/corporate-filings-annual-reports,1620599015,18:23:35,20210509
4,2019-12-31,TRIGYN.NS,INR,2019-12-31,2019-12-31,Q4,2317424000,1543022000.0,774402000.0,0.33416500390088305,0.0,0.0,0.0,5287000.0,543987000,2087009000,5579000.0,5206000.0,235621000,0.10167366869420529,230415000,0.09942720883187539,0.0,230123000,0.0993012068572691,57881000.0,172242000,0.07432476750046603,5.6,5.57,30757500,30923160,https://www.nseindia.com/companies-listing/corporate-filings-annual-reports,https://www.nseindia.com/companies-listing/corporate-filings-annual-reports,1620599015,18:23:35,20210509
5,2019-09-30,TRIGYN.NS,INR,2019-09-30,2019-09-30,Q3,2251250000,1515202000.0,736048000.0,0.3269508051082732,0.0,0.0,0.0,23182000.0,524719000,2039921000,6027000.0,5222000.0,216551000,0.09619144919489173,211329000,0.0938718489727929,0.0,228485000,0.10149250416435314,82118000.0,146367000,0.06501588006662964,4.75,4.74,30814105,30879114,https://www.nseindia.com/companies-listing/corporate-filings-annual-reports,https://www.nseindia.com/companies-listing/corporate-filings-annual-reports,1620599015,18:23:35,20210509
6,2019-06-30,TRIGYN.NS,INR,2019-06-30,2019-06-30,Q2,2180757000,1448269000.0,732488000.0,0.3358870337226935,0.0,0.0,0.0,5491000.0,531331000,1979600000,3212000.0,4963000.0,206120000,0.09451763768269458,201157000,0.09224182244972733,0.0,203407000,0.09327357426801794,53459000.0,149949000,0.06876006817816015,4.87,4.86,30790349,30853704,https://www.nseindia.com/companies-listing/corporate-filings-annual-reports,https://www.nseindia.com/companies-listing/corporate-filings-annual-reports,1620599015,18:23:35,20210509
7,2019-03-31,TRIGYN.NS,INR,2019-03-31,2019-03-31,Q1,2717785000,1568126000.0,1149659000.0,0.42301322584383977,0.0,0.0,0.0,-4020000.0,903283000,2471409000,-5755000.0,3087000.0,249463000,0.09178908559727866,246376000,0.09065323415943498,0.0,222371000,0.08182067382077685,77609000.0,144764000,0.05326543490379114,4.705354188219953,4.705354188219953,30765803,30765803,https://www.nseindia.com/companies-listing/corporate-filings-annual-reports,https://www.nseindia.com/companies-listing/corporate-filings-annual-reports,1620599015,18:23:35,20210509
8,2018-12-31,TRIGYN.NS,INR,2018-12-31,2018-12-31,Q4,2216423000,1433123000.0,783300000.0,0.35340726928027727,0.0,0.0,0.0,-7367000.0,575825000,2008948000,1876000.0,3093000.0,210568000,0.09500352595149933,207475000,0.0936080342064669,0.0,175491000,0.07917757576058361,93745000.0,81747000,0.03688240015556597,2.71,2.69,30164945,30389219,https://www.nseindia.com/companies-listing/corporate-filings-annual-reports,https://www.nseindia.com/companies-listing/corporate-filings-annual-reports,1620599015,18:23:35,20210509
9,2018-09-30,TRIGYN.NS,INR,2018-09-30,2018-09-30,Q3,2148842000,1455767000.0,693075000.0,0.3225341835276861,0.0,0.0,0.0,8717000.0,481662000,1937429000,2121000.0,2976000.0,214389000,0.09976955029732293,211413000,0.09838461832000678,0.0,218009000,0.10145417857618196,80857000.0,137152000,0.06382600489007567,4.57,4.45,30011379,30820674,https://www.nseindia.com/companies-listing/corporate-filings-annual-reports,https://www.nseindia.com/companies-listing/corporate-filings-annual-reports,1620599015,18:23:35,20210509
10,2018-06-30,TRIGYN.NS,INR,2018-06-30,2018-06-30,Q2,1863406000,1272196000.0,591210000.0,0.3172738522898391,0.0,0.0,0.0,3308000.0,422843000,1695039000,3311000.0,3035000.0,171402000,0.09198317489586273,168367000,0.09035443698260068,0.0,168364000,0.09035282702749696,47499000.0,120865000,0.06486240787031919,4.02,3.93,30065920,30754453,https://www.nseindia.com/companies-listing/corporate-filings-annual-reports,https://www.nseindia.com/companies-listing/corporate-filings-annual-reports,1620599015,18:23:35,20210509
11,2018-03-31,TRIGYN.NS,INR,2018-03-31,2018-03-31,Q1,1787693000,1242993000.0,544700000.0,0.30469437425777246,0.0,0.0,0.0,6171000.0,399698000,1642691000,2063000.0,3025000.0,148027000,0.08280336724482336,145002000,0.08111124225468243,0.0,149109000,0.08340861658013989,50816000.0,98293000,0.05498315426642046,3.29,3.2,29876292,30716562,https://www.nseindia.com/companies-listing/corporate-filings-annual-reports,https://www.nseindia.com/companies-listing/corporate-filings-annual-reports,1620599015,18:23:35,20210509
12,2017-12-31,TRIGYN.NS,INR,2017-12-31,2017-12-31,Q4,1766246000,31216000.0,1735030000.0,0.9823263577100811,0.0,0.0,0.0,0.0,1590009000,1621225000,0.0,2809000.0,147830000,0.08369728792025573,145021000,0.0821069092300846,0.0,143288000,0.08112573220264901,43738000.0,99551000,0.05636304342656685,3.33,3.27,29895195,30443731,https://www.nseindia.com/companies-listing/corporate-filings-annual-reports,https://www.nseindia.com/companies-listing/corporate-filings-annual-reports,1620599015,18:23:35,20210509
13,2017-09-30,TRIGYN.NS,INR,2017-09-30,2017-09-30,Q3,1652865000,1175344000.0,477521000.0,0.28890502249125005,0.0,0.0,0.0,3804000.0,323713000,1499057000,2443000.0,2521000.0,156329000,0.09458062213187404,153808000,0.09305539169865658,0.0,155169000,0.0938788104291639,50980000.0,104188000,0.06303479110514168,3.49,3.4,29853295,30643529,https://www.nseindia.com/companies-listing/corporate-filings-annual-reports,https://www.nseindia.com/companies-listing/corporate-filings-annual-reports,1620599015,18:23:35,20210509
14,2017-06-30,TRIGYN.NS,INR,2017-06-30,2017-06-30,Q2,1638330000,1151261000.0,487069000.0,0.29729602705193703,0.0,0.0,0.0,1578000.0,335956000,1487217000,1730000.0,2467000.0,153580000,0.09374179805045381,151113000,0.09223599641097947,0.0,150960000,0.0921426086319606,58295000.0,92665000,0.05656064407048641,3.11,3.03,29795820,30582508,https://www.nseindia.com/companies-listing/corporate-filings-annual-reports,https://www.nseindia.com/companies-listing/corporate-filings-annual-reports,1620599015,18:23:35,20210509
15,2017-03-31,TRIGYN.NS,INR,2017-03-31,2017-03-31,Q1,1683237000,1156664000.0,526573000.0,0.3128335463158189,0.0,0.0,0.0,0.0,370028000,1526692000,2724000.0,2308000.0,158853000,0.09437351959349753,156545000,0.09300235201578863,0.0,153821000,0.09138404158178558,61764000.0,92057000,0.0546904565429586,3.1,3.0,29695806,30685667,https://www.nseindia.com/companies-listing/corporate-filings-annual-reports,https://www.nseindia.com/companies-listing/corporate-filings-annual-reports,1620599015,18:23:35,20210509
16,2016-12-31,TRIGYN.NS,INR,2016-12-31,2016-12-31,Q4,1700613000,1169026000.0,531587000.0,0.31258552063285416,0.0,0.0,0.0,0.0,372994000,1542020000,1512000.0,1497000.0,160090000,0.09413664366907698,158593000,0.09325637284908442,0.0,157080000,0.0923666936569343,76304000.0,80776000,0.04749816683748742,2.72,2.64,29697059,30596970,https://www.nseindia.com/companies-listing/corporate-filings-annual-reports,https://www.nseindia.com/companies-listing/corporate-filings-annual-reports,1620599015,18:23:35,20210509
17,2016-09-30,TRIGYN.NS,INR,2016-09-30,2016-09-30,Q3,1690007000,7224000.0,1682783000.0,0.9957254614921713,0.0,0.0,0.0,0.0,1505853000,1513077000,0.0,1622000.0,178552000,0.10565163339560132,176930000,0.10469187405732638,0.0,169134000,0.10007887541294208,64798000.0,104336000,0.061737022391031515,3.52,3.41,29640909,30597067,https://www.nseindia.com/companies-listing/corporate-filings-annual-reports,https://www.nseindia.com/companies-listing/corporate-filings-annual-reports,1620599015,18:23:35,20210509
18,2016-06-30,TRIGYN.NS,INR,2016-06-30,2016-06-30,Q2,1721244000,1730000.0,1719514000.0,0.9989949129815413,0.0,0.0,0.0,0.0,1535299000,1537029000,0.0,1399000.0,185614000,0.10783712245329541,184215000,0.10702433821120073,0.0,182971000,0.10630160511815873,69700000.0,113270000,0.06580705582706461,3.82,3.7,29651832,30613514,https://www.nseindia.com/companies-listing/corporate-filings-annual-reports,https://www.nseindia.com/companies-listing/corporate-filings-annual-reports,1620599015,18:23:35,20210509
19,2016-03-31,TRIGYN.NS,INR,2016-03-31,2016-03-31,Q1,1731604000,1107906000.0,623698000.0,0.3601851231574887,0.0,0.0,0.0,0.0,407735000,1515641000,4317000.0,1413000.0,217376000,0.12553447554983704,215963000,0.12471846911880545,0.0,211037000,0.12187370784544273,75689000.0,135348000,0.07816336760598844,4.6,4.46,29423478,30347085,https://www.nseindia.com/companies-listing/corporate-filings-annual-reports,https://www.nseindia.com/companies-listing/corporate-filings-annual-reports,1620599015,18:23:35,20210509
20,2015-12-31,TRIGYN.NS,INR,2015-12-31,2015-12-31,Q4,1555929000,506000.0,1555423000.0,0.9996747923587773,0.0,0.0,0.0,0.0,1406917000,1407423000,0.0,1336000.0,149842000,0.09630388018990584,148506000,0.09544522918462217,0.0,143553000,0.09226192197715963,54336000.0,89217000,0.057340020013766695,3.03,2.948,29444554,30263569,https://www.nseindia.com/companies-listing/corporate-filings-annual-reports,https://www.nseindia.com/companies-listing/corporate-filings-annual-reports,1620599015,18:23:35,20210509
21,2015-09-30,TRIGYN.NS,INR,2015-09-30,2015-09-30,Q3,1507080000,3702000.0,1503378000.0,0.9975435942352098,0.0,0.0,0.0,0.0,1359564000,1363266000,0.0,1291000.0,145105000,0.09628221461369005,143814000,0.0954255912094912,0.0,146562000,0.09724898479178279,57350000.0,89213000,0.05919592855057462,3.032,2.952,29423813,30221206,https://www.nseindia.com/companies-listing/corporate-filings-annual-reports,https://www.nseindia.com/companies-listing/corporate-filings-annual-reports,1620599015,18:23:35,20210509
22,2015-06-30,TRIGYN.NS,INR,2015-06-30,2015-06-30,Q2,1457157000,21829000.0,1435328000.0,0.9850194591248576,0.0,0.0,0.0,0.0,1318568000,1340397000,0.0,3335000.0,120095000,0.08241733732192207,116760000,0.08012863404561073,0.0,119743000,0.08217577103908501,48449000.0,71294000,0.04892678002438996,2.42,2.37,29460331,30081857,https://www.nseindia.com/companies-listing/corporate-filings-annual-reports,https://www.nseindia.com/companies-listing/corporate-filings-annual-reports,1620599015,18:23:35,20210509
23,2015-03-31,TRIGYN.NS,INR,2015-03-31,2015-03-31,Q1,1355989740,0.0,0.0,0.0,0.0,0.0,0.0,0.0,1277026345,1275171345,0.0,1368444.0,82186839,0.060610221873802675,80818395,0.05960103724678625,0.0,90860820,0.06700701142473246,34950557.0,55910263,0.04123206935179318,1.817285997703359,1.817285997703359,30765803,30765803,https://www.nseindia.com/companies-listing/corporate-filings-annual-reports,https://www.nseindia.com/companies-listing/corporate-filings-annual-reports,1620599015,18:23:35,20210509
24,2014-12-31,TRIGYN.NS,INR,2014-12-31,2014-12-31,Q4,1263374000,1855000.0,1261519000.0,0.9985317095333607,0.0,0.0,0.0,0.0,1173482000,1175337000,0.0,1318000.0,89355000,0.07072727474207954,88037000,0.0696840365560792,0.0,103103000,0.08160924635143671,44404000.0,58699000,0.04646209277696074,1.9951,1.9737,29421583,29740589,https://www.nseindia.com/companies-listing/corporate-filings-annual-reports,https://www.nseindia.com/companies-listing/corporate-filings-annual-reports,1620599015,18:23:35,20210509
25,2014-09-30,TRIGYN.NS,INR,2014-09-30,2014-09-30,Q3,1173351000,0.0,1173351000.0,1.0,0.0,0.0,0.0,0.0,1089469000,1089469000,0.0,1913000.0,85795000,0.07311963768727346,83882000,0.07148926450823326,0.0,93340000,0.07954993859467457,34453000.0,58887000,0.05018702843394687,2.0015,1.987,29421434,29636135,https://www.nseindia.com/companies-listing/corporate-filings-annual-reports,https://www.nseindia.com/companies-listing/corporate-filings-annual-reports,1620599015,18:23:35,20210509
26,2014-06-30,TRIGYN.NS,INR,2014-06-30,2014-06-30,Q2,1136219000,0.0,0.0,0.0,0.0,0.0,0.0,0.0,1022537000,1022537000,0.0,1825000.0,115507000,0.10165909917014238,113682000,0.10005289473244154,0.0,114316000,0.10061088575353871,43057000.0,71259000,0.06271590248006766,2.43,2.43,29324691,29324691,https://www.nseindia.com/companies-listing/corporate-filings-annual-reports,https://www.nseindia.com/companies-listing/corporate-filings-annual-reports,1620599015,18:23:35,20210509
27,2014-03-31,TRIGYN.NS,INR,2014-03-31,2014-03-31,Q1,1181379740,0.0,0.0,0.0,0.0,0.0,0.0,0.0,1075981329,1075981329,0.0,1892045.0,107290456,0.0908179244719399,105398411,0.08921636915831992,0.0,622025777,0.5265248386602601,40053902.0,581971875,0.4926204972839639,18.91619324871839,18.91619324871839,30765803,30765803,https://www.nseindia.com/companies-listing/corporate-filings-annual-reports,https://www.nseindia.com/companies-listing/corporate-filings-annual-reports,1620599015,18:23:35,20210509
28,2013-12-31,TRIGYN.NS,INR,2013-12-31,2013-12-31,Q4,1181992000,0.0,0.0,0.0,0.0,0.0,0.0,0.0,1058037000,1058037000,0.0,1988000.0,125943000,0.10655148258194641,123955000,0.10486957610542204,0.0,131524000,0.11127317274567002,58601000.0,72923000,0.061695003011864716,2.48,2.48,29404435,29404435,https://www.nseindia.com/companies-listing/corporate-filings-annual-reports,https://www.nseindia.com/companies-listing/corporate-filings-annual-reports,1620599015,18:23:35,20210509
29,2013-09-30,TRIGYN.NS,INR,2013-09-30,2013-09-30,Q3,1161431000,0.0,0.0,0.0,0.0,0.0,0.0,0.0,1058492000,1058492000,0.0,1970000.0,104909000,0.09032736339911712,102939000,0.0886311799840025,0.0,107506000,0.09256339808391545,44009000.0,63497000,0.05467134939570237,2.16,2.16,29348736,29348736,https://www.nseindia.com/companies-listing/corporate-filings-annual-reports,https://www.nseindia.com/companies-listing/corporate-filings-annual-reports,1620599015,18:23:35,20210509
30,2013-06-30,TRIGYN.NS,INR,2013-06-30,2013-06-30,Q2,992280000,0.0,0.0,0.0,0.0,0.0,0.0,0.0,903236000,903236000,0.0,1959000.0,91003000,0.09171100898939816,89044000,0.08973676784778489,0.0,120461000,0.12139819405812875,31456000.0,89005000,0.0896974644253638,3.03,3.03,29374587,29374587,https://www.nseindia.com/companies-listing/corporate-filings-annual-reports,https://www.nseindia.com/companies-listing/corporate-filings-annual-reports,1620599015,18:23:35,20210509
31,2013-03-31,TRIGYN.NS,INR,2013-03-31,2013-03-31,Q1,879061046,0.0,0.0,0.0,0.0,0.0,0.0,0.0,817540455,817540455,0.0,2048036.0,63568627,0.07231423493198447,61520591,0.06998443541542165,0.0,57899584,0.06586525960109488,22252933.0,35646651,0.040550825408773715,1.1586452334756223,1.1586452334756223,30765803,30765803,https://www.nseindia.com/companies-listing/corporate-filings-annual-reports,https://www.nseindia.com/companies-listing/corporate-filings-annual-reports,1620599015,18:23:35,20210509
32,2012-12-31,TRIGYN.NS,INR,2012-12-31,2012-12-31,Q4,845097000,0.0,0.0,0.0,0.0,0.0,0.0,0.0,805983000,805983000,0.0,2015000.0,41129000,0.04866778606479493,39114000,0.04628344438567407,0.0,67354000,0.0796997267769262,15890000.0,51464000,0.060897151451253524,1.75,1.75,29408000,29408000,https://www.nseindia.com/companies-listing/corporate-filings-annual-reports,https://www.nseindia.com/companies-listing/corporate-filings-annual-reports,1620599015,18:23:35,20210509
33,2012-09-30,TRIGYN.NS,INR,2012-09-30,2012-09-30,Q3,884097000,0.0,0.0,0.0,0.0,0.0,0.0,0.0,824783000,824783000,0.0,2030000.0,61344000,0.06938605153054472,59314000,0.06708992339075916,0.0,35366000,0.04000239792692431,17338000.0,18027000,0.020390296539859316,0.61,0.61,29552459,29552459,https://www.nseindia.com/companies-listing/corporate-filings-annual-reports,https://www.nseindia.com/companies-listing/corporate-filings-annual-reports,1620599015,18:23:35,20210509
34,2012-06-30,TRIGYN.NS,INR,2012-06-30,2012-06-30,Q2,872730000,0.0,0.0,0.0,0.0,0.0,0.0,0.0,818757000,818757000,0.0,2087000.0,56060000,0.06423521593161688,53973000,0.06184386923790863,0.0,78243000,0.08965315733388333,26843000.0,51400000,0.05889564928442932,1.75,1.75,29371429,29371429,https://www.nseindia.com/companies-listing/corporate-filings-annual-reports,https://www.nseindia.com/companies-listing/corporate-filings-annual-reports,1620599015,18:23:35,20210509
35,2012-03-31,TRIGYN.NS,INR,2012-03-31,2012-03-31,Q1,798569909,0.0,0.0,0.0,0.0,0.0,0.0,0.0,772954660,772954660,0.0,2583093.0,28198342,0.03531105001854008,25615249,0.0320764014663117,0.0,-24030467,-0.03009187640201955,-6059082.0,-17971385,-0.022504460533085274,-0.5841350866089859,-0.5841350866089859,30765803,30765803,https://www.nseindia.com/companies-listing/corporate-filings-annual-reports,https://www.nseindia.com/companies-listing/corporate-filings-annual-reports,1620599015,18:23:35,20210509
36,2011-12-31,TRIGYN.NS,INR,2011-12-31,2011-12-31,Q4,728425000,0.0,0.0,0.0,0.0,0.0,0.0,0.0,678038000,678038000,0.0,2503000.0,52890000,0.07260871057418403,50387000,0.06917252977314069,0.0,80735000,0.11083502076397707,32031000.0,48704000,0.06686206541510793,1.56,1.56,31220513,31220513,https://www.nseindia.com/companies-listing/corporate-filings-annual-reports,https://www.nseindia.com/companies-listing/corporate-filings-annual-reports,1620599015,18:23:35,20210509
37,2011-09-30,TRIGYN.NS,INR,2011-09-30,2011-09-30,Q3,624905000,0.0,0.0,0.0,0.0,0.0,0.0,0.0,585400000,585400000,0.0,2483000.0,41988000,0.06719101303398116,39505000,0.06321760907657964,0.0,67156000,0.10746593482209296,11991000.0,55165000,0.08827741816756147,1.88,1.88,29343085,29343085,https://www.nseindia.com/companies-listing/corporate-filings-annual-reports,https://www.nseindia.com/companies-listing/corporate-filings-annual-reports,1620599015,18:23:35,20210509
38,2011-06-30,TRIGYN.NS,INR,2011-06-30,2011-06-30,Q2,585903000,0.0,0.0,0.0,0.0,0.0,0.0,0.0,553802000,553802000,0.0,2431000.0,34532000,0.05893808360769615,32101000,0.05478893263902045,0.0,31273000,0.053375729429615486,10314000.0,20959000,0.035772132929853574,0.76,0.76,27577632,27577632,https://www.nseindia.com/companies-listing/corporate-filings-annual-reports,https://www.nseindia.com/companies-listing/corporate-filings-annual-reports,1620599015,18:23:35,20210509
