,date,symbol,reportedCurrency,fillingDate,acceptedDate,period,revenue,costOfRevenue,grossProfit,grossProfitRatio,researchAndDevelopmentExpenses,generalAndAdministrativeExpenses,sellingAndMarketingExpenses,otherExpenses,operatingExpenses,costAndExpenses,interestExpense,depreciationAndAmortization,ebitda,ebitdaratio,operatingIncome,operatingIncomeRatio,totalOtherIncomeExpensesNet,incomeBeforeTax,incomeBeforeTaxRatio,incomeTaxExpense,netIncome,netIncomeRatio,eps,epsdiluted,weightedAverageShsOut,weightedAverageShsOutDil,link,finalLink,timestamp,est_time,est_date
0,2020-12-31,SWP.TO,CAD,2020-12-31,2020-12-31,Q4,24512000.0,21651000.0,2861000.0,0.11671834203655353,0.0,1369000.0,1366000.0,0.0,2735000.0,24386000.0,1061000.0,1653000.0,1779000.0,0.07257669712793734,126000.0,0.005140339425587467,174000.0,-643000.0,-0.026232049608355092,-323000.0,-320000.0,-0.013054830287206266,-0.03524702658286686,-0.03524702658286686,9078780.0,9078780.0,https://www.sedar.com/ModifyCompanyDocumentSearchForm.do?lang=EN&company_search=SWISS WATER DECAFFEINATED COFFE&document_selection=0&industry_group=A&FromDate=13&FromMonth=05&FromYear=2000&ToDate=13&ToMonth=11&ToYear=2020&Variable=Issuer,https://www.sedar.com/ModifyCompanyDocumentSearchForm.do?lang=EN&company_search=SWISS WATER DECAFFEINATED COFFE&document_selection=0&industry_group=A&FromDate=13&FromMonth=05&FromYear=2000&ToDate=13&ToMonth=11&ToYear=2020&Variable=Issuer,1620598508,18:15:08,20210509
1,2020-09-30,SWP.TO,CAD,2020-09-30,2020-09-30,Q3,24862000.0,21431000.0,3431000.0,0.13800176976912557,0.0,1739000.0,1086000.0,0.0,2825000.0,24256000.0,851000.0,1325000.0,1931000.0,0.07766873139731317,606000.0,0.024374547502212213,449000.0,373000.0,0.015002815541790684,267000.0,106000.0,0.0042635347116080765,0.01,0.01,9078780.0,9078780.0,https://www.sedar.com/ModifyCompanyDocumentSearchForm.do?lang=EN&company_search=SWISS WATER DECAFFEINATED COFFE&document_selection=0&industry_group=A&FromDate=13&FromMonth=05&FromYear=2000&ToDate=13&ToMonth=11&ToYear=2020&Variable=Issuer,https://www.sedar.com/ModifyCompanyDocumentSearchForm.do?lang=EN&company_search=SWISS WATER DECAFFEINATED COFFE&document_selection=0&industry_group=A&FromDate=13&FromMonth=05&FromYear=2000&ToDate=13&ToMonth=11&ToYear=2020&Variable=Issuer,1620598508,18:15:08,20210509
2,2020-06-30,SWP.TO,CAD,2020-06-30,2020-06-30,Q2,26380000.0,21226000.0,5154000.0,0.19537528430629264,0.0,1975000.0,809000.0,0.0,2784000.0,24010000.0,607000.0,850000.0,3220000.0,0.12206216830932524,2370000.0,0.08984078847611827,354000.0,2244000.0,0.08506444275966642,528000.0,1716000.0,0.06504927975739197,0.19,0.19,9078780.0,9078780.0,https://www.sedar.com/ModifyCompanyDocumentSearchForm.do?lang=EN&company_search=SWISS WATER DECAFFEINATED COFFE&document_selection=0&industry_group=A&FromDate=13&FromMonth=05&FromYear=2000&ToDate=13&ToMonth=11&ToYear=2020&Variable=Issuer,https://www.sedar.com/ModifyCompanyDocumentSearchForm.do?lang=EN&company_search=SWISS WATER DECAFFEINATED COFFE&document_selection=0&industry_group=A&FromDate=13&FromMonth=05&FromYear=2000&ToDate=13&ToMonth=11&ToYear=2020&Variable=Issuer,1620598508,18:15:08,20210509
3,2020-03-31,SWP.TO,CAD,2020-03-31,2020-03-31,Q1,21817000.0,17611000.0,4206000.0,0.1927854425448045,0.0,1038000.0,1133000.0,-282000.0,2171000.0,19782000.0,568000.0,849000.0,2884000.0,0.13219049365173946,2035000.0,0.09327588577714627,492000.0,2033000.0,0.09318421414493284,585000.0,1448000.0,0.06637026172250997,0.16,0.02,9068354.0,11113147.0,https://www.sedar.com/ModifyCompanyDocumentSearchForm.do?lang=EN&company_search=SWISS WATER DECAFFEINATED COFFE&document_selection=0&industry_group=A&FromDate=13&FromMonth=05&FromYear=2000&ToDate=13&ToMonth=11&ToYear=2020&Variable=Issuer,https://www.sedar.com/ModifyCompanyDocumentSearchForm.do?lang=EN&company_search=SWISS WATER DECAFFEINATED COFFE&document_selection=0&industry_group=A&FromDate=13&FromMonth=05&FromYear=2000&ToDate=13&ToMonth=11&ToYear=2020&Variable=Issuer,1620598508,18:15:08,20210509
4,2019-12-31,SWP.TO,CAD,2019-12-31,2019-12-31,Q4,25023000.0,20917000.0,4106000.0,0.16408903808496184,0.0,2031000.0,1536000.0,353000.0,3567000.0,24484000.0,-85000.0,804000.0,1343000.0,0.05367062302681533,539000.0,0.02154018303161092,151000.0,909000.0,0.03632657954681693,193000.0,716000.0,0.028613675418614874,0.0788652219791646,0.0788652219791646,9078780.0,9078780.0,https://www.sedar.com/ModifyCompanyDocumentSearchForm.do?lang=EN&company_search=SWISS WATER DECAFFEINATED COFFE&document_selection=0&industry_group=A&FromDate=13&FromMonth=05&FromYear=2000&ToDate=13&ToMonth=11&ToYear=2020&Variable=Issuer,https://www.sedar.com/ModifyCompanyDocumentSearchForm.do?lang=EN&company_search=SWISS WATER DECAFFEINATED COFFE&document_selection=0&industry_group=A&FromDate=13&FromMonth=05&FromYear=2000&ToDate=13&ToMonth=11&ToYear=2020&Variable=Issuer,1620598508,18:15:08,20210509
5,2019-09-30,SWP.TO,CAD,2019-09-30,2019-09-30,Q3,23645000.0,18908000.0,4737000.0,0.2003383379149926,0.0,1492000.0,954000.0,-132000.0,2446000.0,21354000.0,698000.0,914000.0,3205000.0,0.13554662719390992,2291000.0,0.0968915204060055,-377000.0,1324000.0,0.055994924931275114,440000.0,884000.0,0.037386339606682174,0.1,0.1,9061210.0,9061210.0,https://www.sedar.com/ModifyCompanyDocumentSearchForm.do?lang=EN&company_search=SWISS WATER DECAFFEINATED COFFE&document_selection=0&industry_group=A&FromDate=13&FromMonth=05&FromYear=2000&ToDate=13&ToMonth=11&ToYear=2020&Variable=Issuer,https://www.sedar.com/ModifyCompanyDocumentSearchForm.do?lang=EN&company_search=SWISS WATER DECAFFEINATED COFFE&document_selection=0&industry_group=A&FromDate=13&FromMonth=05&FromYear=2000&ToDate=13&ToMonth=11&ToYear=2020&Variable=Issuer,1620598508,18:15:08,20210509
6,2019-06-30,SWP.TO,CAD,2019-06-30,2019-06-30,Q2,24392000.0,20286000.0,4106000.0,0.16833387996064283,0.0,1928000.0,822000.0,682000.0,2750000.0,23036000.0,698000.0,1115000.0,2471000.0,0.10130370613315841,1356000.0,0.05559199737618892,952000.0,1725000.0,0.070719908166612,372000.0,1353000.0,0.05546900623155133,0.15,0.14,9061210.0,10879392.0,https://www.sedar.com/ModifyCompanyDocumentSearchForm.do?lang=EN&company_search=SWISS WATER DECAFFEINATED COFFE&document_selection=0&industry_group=A&FromDate=13&FromMonth=05&FromYear=2000&ToDate=13&ToMonth=11&ToYear=2020&Variable=Issuer,https://www.sedar.com/ModifyCompanyDocumentSearchForm.do?lang=EN&company_search=SWISS WATER DECAFFEINATED COFFE&document_selection=0&industry_group=A&FromDate=13&FromMonth=05&FromYear=2000&ToDate=13&ToMonth=11&ToYear=2020&Variable=Issuer,1620598508,18:15:08,20210509
7,2019-03-31,SWP.TO,CAD,2019-03-31,2019-03-31,Q1,24170000.0,20626000.0,3544000.0,0.1466280513032685,0.0,1732000.0,836000.0,533000.0,2568000.0,23194000.0,600000.0,864000.0,1840000.0,0.0761274306992139,976000.0,0.04038063715349607,-485000.0,45000.0,0.0018618121638394704,54000.0,-9000.0,-0.0003723624327678941,-0.000993,-0.000993,9061210.0,9061210.0,https://www.sedar.com/ModifyCompanyDocumentSearchForm.do?lang=EN&company_search=SWISS WATER DECAFFEINATED COFFE&document_selection=0&industry_group=A&FromDate=13&FromMonth=05&FromYear=2000&ToDate=13&ToMonth=11&ToYear=2020&Variable=Issuer,https://www.sedar.com/ModifyCompanyDocumentSearchForm.do?lang=EN&company_search=SWISS WATER DECAFFEINATED COFFE&document_selection=0&industry_group=A&FromDate=13&FromMonth=05&FromYear=2000&ToDate=13&ToMonth=11&ToYear=2020&Variable=Issuer,1620598508,18:15:08,20210509
8,2018-12-31,SWP.TO,CAD,2018-12-31,2018-12-31,Q4,22979000.0,19293000.0,3686000.0,0.16040732843030592,0.0,941000.0,1127000.0,0.0,2068000.0,21361000.0,373000.0,426000.0,2044000.0,0.0889507811480047,1618000.0,0.07041211540972192,249000.0,1637000.0,0.0712389573088472,718000.0,919000.0,0.03999303712084947,0.10122505446767077,0.10122505446767077,9078780.0,9078780.0,https://www.sedar.com/ModifyCompanyDocumentSearchForm.do?lang=EN&company_search=SWISS WATER DECAFFEINATED COFFE&document_selection=0&industry_group=A&FromDate=13&FromMonth=05&FromYear=2000&ToDate=13&ToMonth=11&ToYear=2020&Variable=Issuer,https://www.sedar.com/ModifyCompanyDocumentSearchForm.do?lang=EN&company_search=SWISS WATER DECAFFEINATED COFFE&document_selection=0&industry_group=A&FromDate=13&FromMonth=05&FromYear=2000&ToDate=13&ToMonth=11&ToYear=2020&Variable=Issuer,1620598508,18:15:08,20210509
9,2018-09-30,SWP.TO,CAD,2018-09-30,2018-09-30,Q3,23087000.0,18648000.0,4439000.0,0.19227270758435483,0.0,1537000.0,975000.0,0.0,2512000.0,21160000.0,361000.0,412000.0,2339000.0,0.10131242690691732,1927000.0,0.08346688612639147,641000.0,2346000.0,0.10161562784250877,518000.0,1828000.0,0.07917875860874085,0.2,0.18,9061210.0,10879392.0,https://www.sedar.com/ModifyCompanyDocumentSearchForm.do?lang=EN&company_search=SWISS WATER DECAFFEINATED COFFE&document_selection=0&industry_group=A&FromDate=13&FromMonth=05&FromYear=2000&ToDate=13&ToMonth=11&ToYear=2020&Variable=Issuer,https://www.sedar.com/ModifyCompanyDocumentSearchForm.do?lang=EN&company_search=SWISS WATER DECAFFEINATED COFFE&document_selection=0&industry_group=A&FromDate=13&FromMonth=05&FromYear=2000&ToDate=13&ToMonth=11&ToYear=2020&Variable=Issuer,1620598508,18:15:08,20210509
10,2018-06-30,SWP.TO,CAD,2018-06-30,2018-06-30,Q2,22658000.0,18706000.0,3952000.0,0.1744196310353959,0.0,1489000.0,935000.0,0.0,2424000.0,21130000.0,365000.0,418000.0,1946000.0,0.08588577985700414,1528000.0,0.06743754965133728,265000.0,1525000.0,0.0673051460852679,231000.0,1294000.0,0.05711007149792568,0.14,0.1,9061210.0,10879392.0,https://www.sedar.com/ModifyCompanyDocumentSearchForm.do?lang=EN&company_search=SWISS WATER DECAFFEINATED COFFE&document_selection=0&industry_group=A&FromDate=13&FromMonth=05&FromYear=2000&ToDate=13&ToMonth=11&ToYear=2020&Variable=Issuer,https://www.sedar.com/ModifyCompanyDocumentSearchForm.do?lang=EN&company_search=SWISS WATER DECAFFEINATED COFFE&document_selection=0&industry_group=A&FromDate=13&FromMonth=05&FromYear=2000&ToDate=13&ToMonth=11&ToYear=2020&Variable=Issuer,1620598508,18:15:08,20210509
11,2018-03-31,SWP.TO,CAD,2018-03-31,2018-03-31,Q1,21215000.0,18373000.0,2842000.0,0.133961819467358,0.0,1534000.0,753000.0,0.0,2287000.0,20660000.0,357000.0,432000.0,987000.0,0.04652368607117605,555000.0,0.02616073532877681,362000.0,712000.0,0.033561159556917276,223000.0,489000.0,0.0230497289653547,0.05,0.03,9048794.0,10866976.0,https://www.sedar.com/ModifyCompanyDocumentSearchForm.do?lang=EN&company_search=SWISS WATER DECAFFEINATED COFFE&document_selection=0&industry_group=A&FromDate=13&FromMonth=05&FromYear=2000&ToDate=13&ToMonth=11&ToYear=2020&Variable=Issuer,https://www.sedar.com/ModifyCompanyDocumentSearchForm.do?lang=EN&company_search=SWISS WATER DECAFFEINATED COFFE&document_selection=0&industry_group=A&FromDate=13&FromMonth=05&FromYear=2000&ToDate=13&ToMonth=11&ToYear=2020&Variable=Issuer,1620598508,18:15:08,20210509
12,2017-12-31,SWP.TO,CAD,2017-12-31,2017-12-31,Q4,20662000.0,17485000.0,3177000.0,0.15376052657051592,0.0,1496000.0,725000.0,0.0,2221000.0,19706000.0,0.0,583000.0,1539000.0,0.07448456102990998,956000.0,0.04626851224470042,-691000.0,72000.0,0.003484657825960701,453000.0,-381000.0,-0.018439647662375377,-0.04196599102522586,-0.04196599102522586,9078780.0,9078780.0,https://www.sedar.com/ModifyCompanyDocumentSearchForm.do?lang=EN&company_search=SWISS WATER DECAFFEINATED COFFE&document_selection=0&industry_group=A&FromDate=13&FromMonth=05&FromYear=2000&ToDate=13&ToMonth=11&ToYear=2020&Variable=Issuer,https://www.sedar.com/ModifyCompanyDocumentSearchForm.do?lang=EN&company_search=SWISS WATER DECAFFEINATED COFFE&document_selection=0&industry_group=A&FromDate=13&FromMonth=05&FromYear=2000&ToDate=13&ToMonth=11&ToYear=2020&Variable=Issuer,1620598508,18:15:08,20210509
13,2017-09-30,SWP.TO,CAD,2017-09-30,2017-09-30,Q3,21955000.0,18941000.0,3014000.0,0.1372808016397176,0.0,1271000.0,626000.0,0.0,1897000.0,20838000.0,0.0,531000.0,1648000.0,0.07506262810293783,1117000.0,0.05087679344112958,706000.0,1571000.0,0.07155545433841949,186000.0,1385000.0,0.06308358005010248,0.15,0.15,9038862.0,9038862.0,https://www.sedar.com/ModifyCompanyDocumentSearchForm.do?lang=EN&company_search=SWISS WATER DECAFFEINATED COFFE&document_selection=0&industry_group=A&FromDate=13&FromMonth=05&FromYear=2000&ToDate=13&ToMonth=11&ToYear=2020&Variable=Issuer,https://www.sedar.com/ModifyCompanyDocumentSearchForm.do?lang=EN&company_search=SWISS WATER DECAFFEINATED COFFE&document_selection=0&industry_group=A&FromDate=13&FromMonth=05&FromYear=2000&ToDate=13&ToMonth=11&ToYear=2020&Variable=Issuer,1620598508,18:15:08,20210509
14,2017-06-30,SWP.TO,CAD,2017-06-30,2017-06-30,Q2,21915000.0,18551000.0,3364000.0,0.15350216746520648,0.0,1248000.0,646000.0,0.0,1894000.0,20445000.0,0.0,525000.0,1995000.0,0.09103353867214237,1470000.0,0.06707734428473648,1256000.0,2543000.0,0.1160392425279489,823000.0,1720000.0,0.0784850558977869,0.19,0.17,9038862.0,10857044.0,https://www.sedar.com/ModifyCompanyDocumentSearchForm.do?lang=EN&company_search=SWISS WATER DECAFFEINATED COFFE&document_selection=0&industry_group=A&FromDate=13&FromMonth=05&FromYear=2000&ToDate=13&ToMonth=11&ToYear=2020&Variable=Issuer,https://www.sedar.com/ModifyCompanyDocumentSearchForm.do?lang=EN&company_search=SWISS WATER DECAFFEINATED COFFE&document_selection=0&industry_group=A&FromDate=13&FromMonth=05&FromYear=2000&ToDate=13&ToMonth=11&ToYear=2020&Variable=Issuer,1620598508,18:15:08,20210509
15,2017-03-31,SWP.TO,CAD,2017-03-31,2017-03-31,Q1,19223000.0,16188000.0,3035000.0,0.15788378504915987,0.0,1178000.0,590000.0,0.0,1768000.0,17956000.0,0.0,533000.0,1800000.0,0.09363782968319201,1267000.0,0.06591062789366904,517000.0,1579000.0,0.08214118503875566,144000.0,1435000.0,0.0746501586641003,0.16,0.08,9038862.0,10857044.0,https://www.sedar.com/ModifyCompanyDocumentSearchForm.do?lang=EN&company_search=SWISS WATER DECAFFEINATED COFFE&document_selection=0&industry_group=A&FromDate=13&FromMonth=05&FromYear=2000&ToDate=13&ToMonth=11&ToYear=2020&Variable=Issuer,https://www.sedar.com/ModifyCompanyDocumentSearchForm.do?lang=EN&company_search=SWISS WATER DECAFFEINATED COFFE&document_selection=0&industry_group=A&FromDate=13&FromMonth=05&FromYear=2000&ToDate=13&ToMonth=11&ToYear=2020&Variable=Issuer,1620598508,18:15:08,20210509
16,2016-12-31,SWP.TO,CAD,2016-12-31,2016-12-31,Q4,22449000.0,19234000.0,3215000.0,0.14321350616953984,0.0,1035000.0,653000.0,0.0,1688000.0,20922000.0,0.0,597000.0,2124000.0,0.09461445944140051,1527000.0,0.06802084725377522,585000.0,1920000.0,0.08552719497527729,591000.0,1329000.0,0.05920085527194975,0.14638530727696894,0.14638530727696894,9078780.0,9078780.0,https://www.sedar.com/ModifyCompanyDocumentSearchForm.do?lang=EN&company_search=SWISS WATER DECAFFEINATED COFFE&document_selection=0&industry_group=A&FromDate=13&FromMonth=05&FromYear=2000&ToDate=13&ToMonth=11&ToYear=2020&Variable=Issuer,https://www.sedar.com/ModifyCompanyDocumentSearchForm.do?lang=EN&company_search=SWISS WATER DECAFFEINATED COFFE&document_selection=0&industry_group=A&FromDate=13&FromMonth=05&FromYear=2000&ToDate=13&ToMonth=11&ToYear=2020&Variable=Issuer,1620598508,18:15:08,20210509
17,2016-09-30,SWP.TO,CAD,2016-09-30,2016-09-30,Q3,20752000.0,17533000.0,3219000.0,0.15511757902852738,0.0,1221000.0,668000.0,0.0,1889000.0,19422000.0,0.0,525000.0,1855000.0,0.08938897455666923,1330000.0,0.06409020817270625,-105000.0,1275000.0,0.061439861218195835,396000.0,879000.0,0.042357363145720896,0.1,0.1,9016313.0,9016313.0,https://www.sedar.com/ModifyCompanyDocumentSearchForm.do?lang=EN&company_search=SWISS WATER DECAFFEINATED COFFE&document_selection=0&industry_group=A&FromDate=13&FromMonth=05&FromYear=2000&ToDate=13&ToMonth=11&ToYear=2020&Variable=Issuer,https://www.sedar.com/ModifyCompanyDocumentSearchForm.do?lang=EN&company_search=SWISS WATER DECAFFEINATED COFFE&document_selection=0&industry_group=A&FromDate=13&FromMonth=05&FromYear=2000&ToDate=13&ToMonth=11&ToYear=2020&Variable=Issuer,1620598508,18:15:08,20210509
18,2016-06-30,SWP.TO,CAD,2016-06-30,2016-06-30,Q2,18074000.0,15473000.0,2601000.0,0.1439083766736749,0.0,1141000.0,461000.0,0.0,1602000.0,17075000.0,0.0,533000.0,1532000.0,0.08476264246984619,999000.0,0.05527276751134226,-105000.0,958000.0,0.053004315591457345,200000.0,758000.0,0.0419386964700675,0.08,0.08,9011566.0,9011566.0,https://www.sedar.com/ModifyCompanyDocumentSearchForm.do?lang=EN&company_search=SWISS WATER DECAFFEINATED COFFE&document_selection=0&industry_group=A&FromDate=13&FromMonth=05&FromYear=2000&ToDate=13&ToMonth=11&ToYear=2020&Variable=Issuer,https://www.sedar.com/ModifyCompanyDocumentSearchForm.do?lang=EN&company_search=SWISS WATER DECAFFEINATED COFFE&document_selection=0&industry_group=A&FromDate=13&FromMonth=05&FromYear=2000&ToDate=13&ToMonth=11&ToYear=2020&Variable=Issuer,1620598508,18:15:08,20210509
19,2016-03-31,SWP.TO,CAD,2016-03-31,2016-03-31,Q1,20653000.0,17636000.0,3017000.0,0.14608047257057086,0.0,1238000.0,617000.0,0.0,1855000.0,19491000.0,0.0,398000.0,1560000.0,0.07553382075243306,1162000.0,0.05626301263738924,359000.0,1595000.0,0.07722848980777611,407000.0,1188000.0,0.057521909649929794,0.13,0.13,9011566.0,9011566.0,https://www.sedar.com/ModifyCompanyDocumentSearchForm.do?lang=EN&company_search=SWISS WATER DECAFFEINATED COFFE&document_selection=0&industry_group=A&FromDate=13&FromMonth=05&FromYear=2000&ToDate=13&ToMonth=11&ToYear=2020&Variable=Issuer,https://www.sedar.com/ModifyCompanyDocumentSearchForm.do?lang=EN&company_search=SWISS WATER DECAFFEINATED COFFE&document_selection=0&industry_group=A&FromDate=13&FromMonth=05&FromYear=2000&ToDate=13&ToMonth=11&ToYear=2020&Variable=Issuer,1620598508,18:15:08,20210509
20,2015-12-31,SWP.TO,CAD,2015-12-31,2015-12-31,Q4,21400000.0,18235000.0,3165000.0,0.14789719626168224,0.0,1638000.0,774000.0,0.0,2412000.0,20647000.0,7000.0,303000.0,1056000.0,0.049345794392523366,753000.0,0.035186915887850466,-1427000.0,-629000.0,-0.02939252336448598,-57000.0,-572000.0,-0.026728971962616824,-0.06300406001687452,-0.06300406001687452,9078780.0,9078780.0,https://www.sedar.com/ModifyCompanyDocumentSearchForm.do?lang=EN&company_search=SWISS WATER DECAFFEINATED COFFE&document_selection=0&industry_group=A&FromDate=13&FromMonth=05&FromYear=2000&ToDate=13&ToMonth=11&ToYear=2020&Variable=Issuer,https://www.sedar.com/ModifyCompanyDocumentSearchForm.do?lang=EN&company_search=SWISS WATER DECAFFEINATED COFFE&document_selection=0&industry_group=A&FromDate=13&FromMonth=05&FromYear=2000&ToDate=13&ToMonth=11&ToYear=2020&Variable=Issuer,1620598508,18:15:08,20210509
21,2015-09-30,SWP.TO,CAD,2015-09-30,2015-09-30,Q3,20454000.0,16891000.0,3563000.0,0.17419575633127996,0.0,919000.0,534000.0,0.0,1453000.0,18344000.0,24000.0,381000.0,2491000.0,0.12178546983475115,2110000.0,0.1031583064437274,-1064000.0,1061000.0,0.05187249437762785,243000.0,818000.0,0.039992177569179624,0.1,0.1,8264990.0,8264990.0,https://www.sedar.com/ModifyCompanyDocumentSearchForm.do?lang=EN&company_search=SWISS WATER DECAFFEINATED COFFE&document_selection=0&industry_group=A&FromDate=13&FromMonth=05&FromYear=2000&ToDate=13&ToMonth=11&ToYear=2020&Variable=Issuer,https://www.sedar.com/ModifyCompanyDocumentSearchForm.do?lang=EN&company_search=SWISS WATER DECAFFEINATED COFFE&document_selection=0&industry_group=A&FromDate=13&FromMonth=05&FromYear=2000&ToDate=13&ToMonth=11&ToYear=2020&Variable=Issuer,1620598508,18:15:08,20210509
22,2015-06-30,SWP.TO,CAD,2015-06-30,2015-06-30,Q2,20242000.0,18256000.0,1986000.0,0.09811283470012845,0.0,1365000.0,423000.0,0.0,1788000.0,20044000.0,44000.0,396000.0,594000.0,0.02934492639067286,198000.0,0.009781642130224286,243000.0,416000.0,0.020551328920067186,105000.0,311000.0,0.015364094457069459,0.05,0.05,6735099.0,6735099.0,https://www.sedar.com/ModifyCompanyDocumentSearchForm.do?lang=EN&company_search=SWISS WATER DECAFFEINATED COFFE&document_selection=0&industry_group=A&FromDate=13&FromMonth=05&FromYear=2000&ToDate=13&ToMonth=11&ToYear=2020&Variable=Issuer,https://www.sedar.com/ModifyCompanyDocumentSearchForm.do?lang=EN&company_search=SWISS WATER DECAFFEINATED COFFE&document_selection=0&industry_group=A&FromDate=13&FromMonth=05&FromYear=2000&ToDate=13&ToMonth=11&ToYear=2020&Variable=Issuer,1620598508,18:15:08,20210509
23,2015-03-31,SWP.TO,CAD,2015-03-31,2015-03-31,Q1,21547000.0,18945000.0,2602000.0,0.12075927043207871,0.0,1177000.0,611000.0,0.0,1788000.0,20733000.0,58000.0,384000.0,1198000.0,0.055599387385714946,814000.0,0.0377778809114958,199000.0,1000000.0,0.0464101731099457,242000.0,758000.0,0.03517891121733884,0.11,0.11,6735099.0,6735099.0,https://www.sedar.com/ModifyCompanyDocumentSearchForm.do?lang=EN&company_search=SWISS WATER DECAFFEINATED COFFE&document_selection=0&industry_group=A&FromDate=13&FromMonth=05&FromYear=2000&ToDate=13&ToMonth=11&ToYear=2020&Variable=Issuer,https://www.sedar.com/ModifyCompanyDocumentSearchForm.do?lang=EN&company_search=SWISS WATER DECAFFEINATED COFFE&document_selection=0&industry_group=A&FromDate=13&FromMonth=05&FromYear=2000&ToDate=13&ToMonth=11&ToYear=2020&Variable=Issuer,1620598508,18:15:08,20210509
24,2014-12-31,SWP.TO,CAD,2014-12-31,2014-12-31,Q4,19456000.0,16235000.0,3221000.0,0.16555304276315788,0.0,1328000.0,519000.0,0.0,1847000.0,18082000.0,58000.0,401000.0,1775000.0,0.09123149671052631,1374000.0,0.07062088815789473,988000.0,2321000.0,0.11929481907894737,650000.0,1671000.0,0.08588610197368421,0.18405556693740788,0.18405556693740788,9078780.0,9078780.0,https://www.sedar.com/ModifyCompanyDocumentSearchForm.do?lang=EN&company_search=SWISS WATER DECAFFEINATED COFFE&document_selection=0&industry_group=A&FromDate=13&FromMonth=05&FromYear=2000&ToDate=13&ToMonth=11&ToYear=2020&Variable=Issuer,https://www.sedar.com/ModifyCompanyDocumentSearchForm.do?lang=EN&company_search=SWISS WATER DECAFFEINATED COFFE&document_selection=0&industry_group=A&FromDate=13&FromMonth=05&FromYear=2000&ToDate=13&ToMonth=11&ToYear=2020&Variable=Issuer,1620598508,18:15:08,20210509
25,2014-09-30,SWP.TO,CAD,2014-09-30,2014-09-30,Q3,17245000.0,14656000.0,2589000.0,0.15013047260075385,0.0,1009000.0,274000.0,0.0,1283000.0,15939000.0,59000.0,396000.0,1702000.0,0.09869527399246159,1306000.0,0.07573209625978544,-1023000.0,249000.0,0.01443896781675848,48000.0,201000.0,0.011655552334009858,0.03,0.03,6685627.0,6685627.0,https://www.sedar.com/ModifyCompanyDocumentSearchForm.do?lang=EN&company_search=SWISS WATER DECAFFEINATED COFFE&document_selection=0&industry_group=A&FromDate=13&FromMonth=05&FromYear=2000&ToDate=13&ToMonth=11&ToYear=2020&Variable=Issuer,https://www.sedar.com/ModifyCompanyDocumentSearchForm.do?lang=EN&company_search=SWISS WATER DECAFFEINATED COFFE&document_selection=0&industry_group=A&FromDate=13&FromMonth=05&FromYear=2000&ToDate=13&ToMonth=11&ToYear=2020&Variable=Issuer,1620598508,18:15:08,20210509
26,2014-06-30,SWP.TO,CAD,2014-06-30,2014-06-30,Q2,15998000.0,12561000.0,3437000.0,0.21483935491936493,0.0,1226000.0,0.0,0.0,1226000.0,13787000.0,56000.0,371000.0,2582000.0,0.1613951743967996,2211000.0,0.13820477559694963,366000.0,2542000.0,0.15889486185773222,722000.0,1820000.0,0.11376422052756595,0.27,0.27,6675254.0,6675254.0,https://www.sedar.com/ModifyCompanyDocumentSearchForm.do?lang=EN&company_search=SWISS WATER DECAFFEINATED COFFE&document_selection=0&industry_group=A&FromDate=13&FromMonth=05&FromYear=2000&ToDate=13&ToMonth=11&ToYear=2020&Variable=Issuer,https://www.sedar.com/ModifyCompanyDocumentSearchForm.do?lang=EN&company_search=SWISS WATER DECAFFEINATED COFFE&document_selection=0&industry_group=A&FromDate=13&FromMonth=05&FromYear=2000&ToDate=13&ToMonth=11&ToYear=2020&Variable=Issuer,1620598508,18:15:08,20210509
27,2014-03-31,SWP.TO,CAD,2014-03-31,2014-03-31,Q1,13482000.0,11366000.0,2116000.0,0.15695000741729714,0.0,914000.0,341000.0,0.0,1255000.0,12621000.0,33000.0,358000.0,1219000.0,0.09041685209909509,861000.0,0.06386292834890965,-1767000.0,-925000.0,-0.06860999851654057,-252000.0,-673000.0,-0.04991840973149384,-0.1,-0.1,6675254.0,6675254.0,https://www.sedar.com/ModifyCompanyDocumentSearchForm.do?lang=EN&company_search=SWISS WATER DECAFFEINATED COFFE&document_selection=0&industry_group=A&FromDate=13&FromMonth=05&FromYear=2000&ToDate=13&ToMonth=11&ToYear=2020&Variable=Issuer,https://www.sedar.com/ModifyCompanyDocumentSearchForm.do?lang=EN&company_search=SWISS WATER DECAFFEINATED COFFE&document_selection=0&industry_group=A&FromDate=13&FromMonth=05&FromYear=2000&ToDate=13&ToMonth=11&ToYear=2020&Variable=Issuer,1620598508,18:15:08,20210509
28,2013-12-31,SWP.TO,CAD,2013-12-31,2013-12-31,Q4,15794000.0,13846000.0,1948000.0,0.12333797644675193,0.0,881000.0,371000.0,0.0,1252000.0,15098000.0,32000.0,356000.0,1052000.0,0.06660757249588452,696000.0,0.044067367354691654,-200000.0,487000.0,0.030834494111687982,144000.0,343000.0,0.021717107762441432,0.03778040661851042,0.03778040661851042,9078780.0,9078780.0,https://www.sedar.com/ModifyCompanyDocumentSearchForm.do?lang=EN&company_search=SWISS WATER DECAFFEINATED COFFE&document_selection=0&industry_group=A&FromDate=13&FromMonth=05&FromYear=2000&ToDate=13&ToMonth=11&ToYear=2020&Variable=Issuer,https://www.sedar.com/ModifyCompanyDocumentSearchForm.do?lang=EN&company_search=SWISS WATER DECAFFEINATED COFFE&document_selection=0&industry_group=A&FromDate=13&FromMonth=05&FromYear=2000&ToDate=13&ToMonth=11&ToYear=2020&Variable=Issuer,1620598508,18:15:08,20210509
29,2013-09-30,SWP.TO,CAD,2013-09-30,2013-09-30,Q3,13217000.0,11863000.0,1354000.0,0.10244382235000378,0.0,718000.0,284000.0,0.0,1002000.0,12865000.0,32000.0,354000.0,706000.0,0.05341605508057804,352000.0,0.02663236740561398,400000.0,744000.0,0.056291140198229554,183000.0,561000.0,0.042445335552697284,0.08,0.08,6675254.0,6675254.0,https://www.sedar.com/ModifyCompanyDocumentSearchForm.do?lang=EN&company_search=SWISS WATER DECAFFEINATED COFFE&document_selection=0&industry_group=A&FromDate=13&FromMonth=05&FromYear=2000&ToDate=13&ToMonth=11&ToYear=2020&Variable=Issuer,https://www.sedar.com/ModifyCompanyDocumentSearchForm.do?lang=EN&company_search=SWISS WATER DECAFFEINATED COFFE&document_selection=0&industry_group=A&FromDate=13&FromMonth=05&FromYear=2000&ToDate=13&ToMonth=11&ToYear=2020&Variable=Issuer,1620598508,18:15:08,20210509
30,2013-06-30,SWP.TO,CAD,2013-06-30,2013-06-30,Q2,12819000.0,11080000.0,1739000.0,0.1356580076449021,0.0,763000.0,372000.0,0.0,1135000.0,12215000.0,37000.0,353000.0,957000.0,0.07465480926749356,604000.0,0.0471175598720649,194000.0,784000.0,0.06115921678758093,140000.0,644000.0,0.05023792807551291,0.0964757296126859,0.09442830479638603,6675254.0,6819989.0,https://www.sedar.com/ModifyCompanyDocumentSearchForm.do?lang=EN&company_search=SWISS WATER DECAFFEINATED COFFE&document_selection=0&industry_group=A&FromDate=13&FromMonth=05&FromYear=2000&ToDate=13&ToMonth=11&ToYear=2020&Variable=Issuer,https://www.sedar.com/ModifyCompanyDocumentSearchForm.do?lang=EN&company_search=SWISS WATER DECAFFEINATED COFFE&document_selection=0&industry_group=A&FromDate=13&FromMonth=05&FromYear=2000&ToDate=13&ToMonth=11&ToYear=2020&Variable=Issuer,1620598508,18:15:08,20210509
31,2013-03-31,SWP.TO,CAD,2013-03-31,2013-03-31,Q1,12043000.0,10873000.0,1170000.0,0.09715187245702898,0.0,722000.0,389000.0,0.0,1111000.0,11984000.0,48000.0,352000.0,411000.0,0.03412770904259736,59000.0,0.004899111517063855,103000.0,136000.0,0.011292867225774309,30000.0,106000.0,0.008801793573029976,0.02,0.02,6675254.0,6675254.0,https://www.sedar.com/ModifyCompanyDocumentSearchForm.do?lang=EN&company_search=SWISS WATER DECAFFEINATED COFFE&document_selection=0&industry_group=A&FromDate=13&FromMonth=05&FromYear=2000&ToDate=13&ToMonth=11&ToYear=2020&Variable=Issuer,https://www.sedar.com/ModifyCompanyDocumentSearchForm.do?lang=EN&company_search=SWISS WATER DECAFFEINATED COFFE&document_selection=0&industry_group=A&FromDate=13&FromMonth=05&FromYear=2000&ToDate=13&ToMonth=11&ToYear=2020&Variable=Issuer,1620598508,18:15:08,20210509
32,2012-12-31,SWP.TO,CAD,2012-12-31,2012-12-31,Q4,14719000.0,13223000.0,1496000.0,0.1016373394931721,0.0,784000.0,341000.0,0.0,1125000.0,14348000.0,60000.0,352000.0,723000.0,0.04912018479516272,371000.0,0.025205516679122224,2906000.0,840000.0,0.057069094367823904,250000.0,590000.0,0.0400842448535906,0.06498670526216077,0.06498670526216077,9078780.0,9078780.0,https://www.sedar.com/ModifyCompanyDocumentSearchForm.do?lang=EN&company_search=SWISS WATER DECAFFEINATED COFFE&document_selection=0&industry_group=A&FromDate=13&FromMonth=05&FromYear=2000&ToDate=13&ToMonth=11&ToYear=2020&Variable=Issuer,https://www.sedar.com/ModifyCompanyDocumentSearchForm.do?lang=EN&company_search=SWISS WATER DECAFFEINATED COFFE&document_selection=0&industry_group=A&FromDate=13&FromMonth=05&FromYear=2000&ToDate=13&ToMonth=11&ToYear=2020&Variable=Issuer,1620598508,18:15:08,20210509
33,2012-09-30,SWP.TO,CAD,2012-09-30,2012-09-30,Q3,13983000.0,12832000.0,1151000.0,0.08231423871844383,0.0,659000.0,247000.0,0.0,906000.0,13738000.0,63000.0,348000.0,593000.0,0.0424086390617178,245000.0,0.01752127583494243,-230000.0,438000.0,0.03132375026818279,75000.0,363000.0,0.025960094400343275,0.054379953182305873,0.05362544180051483,6675254.0,6769175.0,https://www.sedar.com/ModifyCompanyDocumentSearchForm.do?lang=EN&company_search=SWISS WATER DECAFFEINATED COFFE&document_selection=0&industry_group=A&FromDate=13&FromMonth=05&FromYear=2000&ToDate=13&ToMonth=11&ToYear=2020&Variable=Issuer,https://www.sedar.com/ModifyCompanyDocumentSearchForm.do?lang=EN&company_search=SWISS WATER DECAFFEINATED COFFE&document_selection=0&industry_group=A&FromDate=13&FromMonth=05&FromYear=2000&ToDate=13&ToMonth=11&ToYear=2020&Variable=Issuer,1620598508,18:15:08,20210509
34,2012-06-30,SWP.TO,CAD,2012-06-30,2012-06-30,Q2,16072000.0,14737000.0,1335000.0,0.08306371329019413,0.0,774000.0,376000.0,-97000.0,1150000.0,15887000.0,66000.0,349000.0,534000.0,0.03322548531607765,185000.0,0.011510701841712295,585000.0,214000.0,0.013315082130413141,63000.0,151000.0,0.00939522150323544,0.022620862067570763,0.022312945113701448,6675254.0,6767372.0,https://www.sedar.com/ModifyCompanyDocumentSearchForm.do?lang=EN&company_search=SWISS WATER DECAFFEINATED COFFE&document_selection=0&industry_group=A&FromDate=13&FromMonth=05&FromYear=2000&ToDate=13&ToMonth=11&ToYear=2020&Variable=Issuer,https://www.sedar.com/ModifyCompanyDocumentSearchForm.do?lang=EN&company_search=SWISS WATER DECAFFEINATED COFFE&document_selection=0&industry_group=A&FromDate=13&FromMonth=05&FromYear=2000&ToDate=13&ToMonth=11&ToYear=2020&Variable=Issuer,1620598508,18:15:08,20210509
35,2012-03-31,SWP.TO,CAD,2012-03-31,2012-03-31,Q1,14939000.0,14259000.0,680000.0,0.0455184416627619,0.0,685000.0,328000.0,-342000.0,1013000.0,15272000.0,78000.0,347000.0,14000.0,0.0009371443871745097,-333000.0,-0.022290648637793696,866000.0,532000.0,0.03561148671263137,132000.0,400000.0,0.026775553919271704,0.05992281342402851,0.059122227075171695,6675254.0,6765645.0,https://www.sedar.com/ModifyCompanyDocumentSearchForm.do?lang=EN&company_search=SWISS WATER DECAFFEINATED COFFE&document_selection=0&industry_group=A&FromDate=13&FromMonth=05&FromYear=2000&ToDate=13&ToMonth=11&ToYear=2020&Variable=Issuer,https://www.sedar.com/ModifyCompanyDocumentSearchForm.do?lang=EN&company_search=SWISS WATER DECAFFEINATED COFFE&document_selection=0&industry_group=A&FromDate=13&FromMonth=05&FromYear=2000&ToDate=13&ToMonth=11&ToYear=2020&Variable=Issuer,1620598508,18:15:08,20210509
36,2011-12-31,SWP.TO,CAD,2011-12-31,2011-12-31,Q4,17904000.0,16448000.0,1456000.0,0.08132260947274352,0.0,728000.0,441000.0,0.0,1169000.0,17617000.0,38000.0,367000.0,654000.0,0.036528150134048254,287000.0,0.01602993744414656,391000.0,640000.0,0.035746201966041107,160000.0,480000.0,0.02680965147453083,0.05287053987430029,0.05287053987430029,9078780.0,9078780.0,https://www.sedar.com/ModifyCompanyDocumentSearchForm.do?lang=EN&company_search=SWISS WATER DECAFFEINATED COFFE&document_selection=0&industry_group=A&FromDate=13&FromMonth=05&FromYear=2000&ToDate=13&ToMonth=11&ToYear=2020&Variable=Issuer,https://www.sedar.com/ModifyCompanyDocumentSearchForm.do?lang=EN&company_search=SWISS WATER DECAFFEINATED COFFE&document_selection=0&industry_group=A&FromDate=13&FromMonth=05&FromYear=2000&ToDate=13&ToMonth=11&ToYear=2020&Variable=Issuer,1620598508,18:15:08,20210509
37,2011-09-30,SWP.TO,CAD,2011-09-30,2011-09-30,Q3,14083000.0,12762000.0,1321000.0,0.09380103671092807,0.0,692000.0,364000.0,0.0,1056000.0,13818000.0,84000.0,315000.0,580000.0,0.041184406731520275,265000.0,0.018817013420435985,-195000.0,-14000.0,-0.0009941063693815239,-9000.0,-5000.0,-0.0003550379890648299,-0.000749,-0.000749,6675200.0,6675200.0,https://www.sedar.com/ModifyCompanyDocumentSearchForm.do?lang=EN&company_search=SWISS WATER DECAFFEINATED COFFE&document_selection=0&industry_group=A&FromDate=13&FromMonth=05&FromYear=2000&ToDate=13&ToMonth=11&ToYear=2020&Variable=Issuer,https://www.sedar.com/ModifyCompanyDocumentSearchForm.do?lang=EN&company_search=SWISS WATER DECAFFEINATED COFFE&document_selection=0&industry_group=A&FromDate=13&FromMonth=05&FromYear=2000&ToDate=13&ToMonth=11&ToYear=2020&Variable=Issuer,1620598508,18:15:08,20210509
38,2011-06-30,SWP.TO,CAD,2011-06-30,2011-06-30,Q2,14718000.0,12819000.0,1899000.0,0.12902568283734203,0.0,796000.0,470000.0,-19000.0,1266000.0,14085000.0,65000.0,341000.0,974000.0,0.0661774697649137,633000.0,0.04300856094578068,-17000.0,551000.0,0.037437151786927574,129000.0,422000.0,0.028672373963853786,0.06,0.06,6675200.0,6675200.0,https://www.sedar.com/ModifyCompanyDocumentSearchForm.do?lang=EN&company_search=SWISS WATER DECAFFEINATED COFFE&document_selection=0&industry_group=A&FromDate=13&FromMonth=05&FromYear=2000&ToDate=13&ToMonth=11&ToYear=2020&Variable=Issuer,https://www.sedar.com/ModifyCompanyDocumentSearchForm.do?lang=EN&company_search=SWISS WATER DECAFFEINATED COFFE&document_selection=0&industry_group=A&FromDate=13&FromMonth=05&FromYear=2000&ToDate=13&ToMonth=11&ToYear=2020&Variable=Issuer,1620598508,18:15:08,20210509
39,2011-03-31,SWP.TO,CAD,2011-03-31,2011-03-31,Q1,13966000.0,12013000.0,1953000.0,0.1398396104826006,0.0,737000.0,531000.0,-655000.0,1268000.0,13281000.0,51000.0,337000.0,1022000.0,0.07317771731347558,685000.0,0.04904768724044107,-717000.0,-83000.0,-0.005943004439352714,-12000.0,-71000.0,-0.005083774881855936,-0.01,-0.01,6675200.0,6675200.0,https://www.sedar.com/ModifyCompanyDocumentSearchForm.do?lang=EN&company_search=SWISS WATER DECAFFEINATED COFFE&document_selection=0&industry_group=A&FromDate=13&FromMonth=05&FromYear=2000&ToDate=13&ToMonth=11&ToYear=2020&Variable=Issuer,https://www.sedar.com/ModifyCompanyDocumentSearchForm.do?lang=EN&company_search=SWISS WATER DECAFFEINATED COFFE&document_selection=0&industry_group=A&FromDate=13&FromMonth=05&FromYear=2000&ToDate=13&ToMonth=11&ToYear=2020&Variable=Issuer,1620598508,18:15:08,20210509
40,2010-12-31,SWP.TO,CAD,2010-12-31,2010-12-31,Q4,12465000.0,10348000.0,2117000.0,0.16983553951062977,0.0,1780000.0,340000.0,-5289000.0,2349000.0,12697000.0,62000.0,294000.0,62000.0,0.004973926995587645,-232000.0,-0.018612113918973126,-18489000.0,-15931000.0,-1.2780585639791415,-3347000.0,-12584000.0,-1.00954673084637,-1.3860893203712392,-1.3860893203712392,9078780.0,9078780.0,https://www.sedar.com/ModifyCompanyDocumentSearchForm.do?lang=EN&company_search=SWISS WATER DECAFFEINATED COFFE&document_selection=0&industry_group=A&FromDate=13&FromMonth=05&FromYear=2000&ToDate=13&ToMonth=11&ToYear=2020&Variable=Issuer,https://www.sedar.com/ModifyCompanyDocumentSearchForm.do?lang=EN&company_search=SWISS WATER DECAFFEINATED COFFE&document_selection=0&industry_group=A&FromDate=13&FromMonth=05&FromYear=2000&ToDate=13&ToMonth=11&ToYear=2020&Variable=Issuer,1620598508,18:15:08,20210509
41,2010-09-30,SWP.TO,CAD,2010-09-30,2010-09-30,Q3,8487000.0,7077000.0,1410000.0,0.16613644397313537,0.0,898000.0,125000.0,179000.0,1023000.0,8100000.0,25000.0,648000.0,1035000.0,0.12195121951219512,387000.0,0.04559915164369035,179000.0,183000.0,0.02156238953693885,-68000.0,251000.0,0.029574643572522683,0.04,0.04,6675200.0,6675200.0,https://www.sedar.com/ModifyCompanyDocumentSearchForm.do?lang=EN&company_search=SWISS WATER DECAFFEINATED COFFE&document_selection=0&industry_group=A&FromDate=13&FromMonth=05&FromYear=2000&ToDate=13&ToMonth=11&ToYear=2020&Variable=Issuer,https://www.sedar.com/ModifyCompanyDocumentSearchForm.do?lang=EN&company_search=SWISS WATER DECAFFEINATED COFFE&document_selection=0&industry_group=A&FromDate=13&FromMonth=05&FromYear=2000&ToDate=13&ToMonth=11&ToYear=2020&Variable=Issuer,1620598508,18:15:08,20210509
42,2010-06-30,SWP.TO,CAD,2010-06-30,2010-06-30,Q2,8004000.0,6617000.0,1387000.0,0.17328835582208896,0.0,839000.0,151000.0,1416000.0,1043000.0,7660000.0,18000.0,808000.0,1152000.0,0.14392803598200898,344000.0,0.04297851074462768,1416000.0,-1090000.0,-0.13618190904547725,-373000.0,-717000.0,-0.08958020989505247,-0.11,-0.11,6675200.0,6675200.0,https://www.sedar.com/ModifyCompanyDocumentSearchForm.do?lang=EN&company_search=SWISS WATER DECAFFEINATED COFFE&document_selection=0&industry_group=A&FromDate=13&FromMonth=05&FromYear=2000&ToDate=13&ToMonth=11&ToYear=2020&Variable=Issuer,https://www.sedar.com/ModifyCompanyDocumentSearchForm.do?lang=EN&company_search=SWISS WATER DECAFFEINATED COFFE&document_selection=0&industry_group=A&FromDate=13&FromMonth=05&FromYear=2000&ToDate=13&ToMonth=11&ToYear=2020&Variable=Issuer,1620598508,18:15:08,20210509
43,2010-03-31,SWP.TO,CAD,2010-03-31,2010-03-31,Q1,7776000.0,6456000.0,1320000.0,0.1697530864197531,0.0,715000.0,112000.0,-135000.0,880000.0,7336000.0,23000.0,864000.0,1304000.0,0.16769547325102882,440000.0,0.056584362139917695,275000.0,692000.0,0.0889917695473251,27000.0,665000.0,0.08551954732510288,0.1,0.1,6675200.0,6675200.0,https://www.sedar.com/ModifyCompanyDocumentSearchForm.do?lang=EN&company_search=SWISS WATER DECAFFEINATED COFFE&document_selection=0&industry_group=A&FromDate=13&FromMonth=05&FromYear=2000&ToDate=13&ToMonth=11&ToYear=2020&Variable=Issuer,https://www.sedar.com/ModifyCompanyDocumentSearchForm.do?lang=EN&company_search=SWISS WATER DECAFFEINATED COFFE&document_selection=0&industry_group=A&FromDate=13&FromMonth=05&FromYear=2000&ToDate=13&ToMonth=11&ToYear=2020&Variable=Issuer,1620598508,18:15:08,20210509
44,2009-12-31,SWP.TO,CAD,2009-12-31,2009-12-31,Q4,8635000.0,7434000.0,1201000.0,0.1390851187029531,0.0,757000.0,240000.0,67000.0,1210000.0,8644000.0,31000.0,647000.0,638000.0,0.07388535031847134,-9000.0,-0.0010422698320787492,234000.0,194000.0,0.02246670526925304,-130000.0,324000.0,0.03752171395483497,0.035687614415152696,0.035687614415152696,9078780.0,9078780.0,https://www.sedar.com/ModifyCompanyDocumentSearchForm.do?lang=EN&company_search=SWISS WATER DECAFFEINATED COFFE&document_selection=0&industry_group=A&FromDate=13&FromMonth=05&FromYear=2000&ToDate=13&ToMonth=11&ToYear=2020&Variable=Issuer,https://www.sedar.com/ModifyCompanyDocumentSearchForm.do?lang=EN&company_search=SWISS WATER DECAFFEINATED COFFE&document_selection=0&industry_group=A&FromDate=13&FromMonth=05&FromYear=2000&ToDate=13&ToMonth=11&ToYear=2020&Variable=Issuer,1620598508,18:15:08,20210509
45,2009-09-30,SWP.TO,CAD,2009-09-30,2009-09-30,Q3,7529000.0,6247000.0,1282000.0,0.1702749369106123,0.0,572000.0,179000.0,-443000.0,751000.0,6998000.0,42000.0,810000.0,1341000.0,0.17811130296188074,531000.0,0.07052729446141585,891000.0,1380000.0,0.18329127374153273,174000.0,1206000.0,0.16018063487846992,0.18,0.18,6675200.0,6675200.0,https://www.sedar.com/ModifyCompanyDocumentSearchForm.do?lang=EN&company_search=SWISS WATER DECAFFEINATED COFFE&document_selection=0&industry_group=A&FromDate=13&FromMonth=05&FromYear=2000&ToDate=13&ToMonth=11&ToYear=2020&Variable=Issuer,https://www.sedar.com/ModifyCompanyDocumentSearchForm.do?lang=EN&company_search=SWISS WATER DECAFFEINATED COFFE&document_selection=0&industry_group=A&FromDate=13&FromMonth=05&FromYear=2000&ToDate=13&ToMonth=11&ToYear=2020&Variable=Issuer,1620598508,18:15:08,20210509
46,2009-06-30,SWP.TO,CAD,2009-06-30,2009-06-30,Q2,7692000.0,6192000.0,1500000.0,0.19500780031201248,0.0,688000.0,574000.0,1112000.0,1316000.0,7508000.0,0.0,809000.0,993000.0,0.12909516380655225,184000.0,0.02392095683827353,1112000.0,1251000.0,0.1626365054602184,44000.0,1207000.0,0.15691627665106606,0.18,0.18,6675200.0,6675200.0,https://www.sedar.com/ModifyCompanyDocumentSearchForm.do?lang=EN&company_search=SWISS WATER DECAFFEINATED COFFE&document_selection=0&industry_group=A&FromDate=13&FromMonth=05&FromYear=2000&ToDate=13&ToMonth=11&ToYear=2020&Variable=Issuer,https://www.sedar.com/ModifyCompanyDocumentSearchForm.do?lang=EN&company_search=SWISS WATER DECAFFEINATED COFFE&document_selection=0&industry_group=A&FromDate=13&FromMonth=05&FromYear=2000&ToDate=13&ToMonth=11&ToYear=2020&Variable=Issuer,1620598508,18:15:08,20210509
47,2009-03-31,SWP.TO,CAD,2009-03-31,2009-03-31,Q1,7304000.0,5847000.0,1457000.0,0.19947973713033954,0.0,605000.0,1028000.0,-492000.0,1686000.0,7533000.0,0.0,808000.0,579000.0,0.07927163198247536,-229000.0,-0.0313526834611172,-492000.0,-749000.0,-0.10254654983570646,-680000.0,-69000.0,-0.009446878422782037,-0.01,-0.01,6675200.0,6675200.0,https://www.sedar.com/ModifyCompanyDocumentSearchForm.do?lang=EN&company_search=SWISS WATER DECAFFEINATED COFFE&document_selection=0&industry_group=A&FromDate=13&FromMonth=05&FromYear=2000&ToDate=13&ToMonth=11&ToYear=2020&Variable=Issuer,https://www.sedar.com/ModifyCompanyDocumentSearchForm.do?lang=EN&company_search=SWISS WATER DECAFFEINATED COFFE&document_selection=0&industry_group=A&FromDate=13&FromMonth=05&FromYear=2000&ToDate=13&ToMonth=11&ToYear=2020&Variable=Issuer,1620598508,18:15:08,20210509
48,2008-12-31,SWP.TO,CAD,2008-12-31,2008-12-31,Q4,8995000.0,6606000.0,2389000.0,0.26559199555308505,0.0,745000.0,407000.0,0.0,21542000.0,28148000.0,0.0,812000.0,-18341000.0,-2.0390216787103945,-19153000.0,-2.1292940522512507,-1382000.0,-20574000.0,-2.2872707059477486,-940000.0,-19634000.0,-2.1827682045580876,-2.162625374775025,-2.162625374775025,9078780.0,9078780.0,https://www.sedar.com/ModifyCompanyDocumentSearchForm.do?lang=EN&company_search=SWISS WATER DECAFFEINATED COFFE&document_selection=0&industry_group=A&FromDate=13&FromMonth=05&FromYear=2000&ToDate=13&ToMonth=11&ToYear=2020&Variable=Issuer,https://www.sedar.com/ModifyCompanyDocumentSearchForm.do?lang=EN&company_search=SWISS WATER DECAFFEINATED COFFE&document_selection=0&industry_group=A&FromDate=13&FromMonth=05&FromYear=2000&ToDate=13&ToMonth=11&ToYear=2020&Variable=Issuer,1620598508,18:15:08,20210509
49,2008-09-30,SWP.TO,CAD,2008-09-30,2008-09-30,Q3,7677000.0,6205000.0,1472000.0,0.1917415657157744,0.0,632000.0,242000.0,0.0,927000.0,7132000.0,0.0,810000.0,1355000.0,0.17650123746255048,545000.0,0.07099127263253875,1285000.0,1792000.0,0.233424514784421,-51000.0,1843000.0,0.24006773479223656,0.276,0.276,6675200.0,6675200.0,https://www.sedar.com/ModifyCompanyDocumentSearchForm.do?lang=EN&company_search=SWISS WATER DECAFFEINATED COFFE&document_selection=0&industry_group=A&FromDate=13&FromMonth=05&FromYear=2000&ToDate=13&ToMonth=11&ToYear=2020&Variable=Issuer,https://www.sedar.com/ModifyCompanyDocumentSearchForm.do?lang=EN&company_search=SWISS WATER DECAFFEINATED COFFE&document_selection=0&industry_group=A&FromDate=13&FromMonth=05&FromYear=2000&ToDate=13&ToMonth=11&ToYear=2020&Variable=Issuer,1620598508,18:15:08,20210509
50,2008-06-30,SWP.TO,CAD,2008-06-30,2008-06-30,Q2,7764000.0,5008000.0,2756000.0,0.35497166409067493,0.0,958000.0,436000.0,0.0,1277000.0,6285000.0,0.0,808000.0,2287000.0,0.29456465739309634,1479000.0,0.19049459041731068,-648000.0,-127000.0,-0.0163575476558475,-258000.0,131000.0,0.016872746007212776,0.02,0.02,6675200.0,6675200.0,https://www.sedar.com/ModifyCompanyDocumentSearchForm.do?lang=EN&company_search=SWISS WATER DECAFFEINATED COFFE&document_selection=0&industry_group=A&FromDate=13&FromMonth=05&FromYear=2000&ToDate=13&ToMonth=11&ToYear=2020&Variable=Issuer,https://www.sedar.com/ModifyCompanyDocumentSearchForm.do?lang=EN&company_search=SWISS WATER DECAFFEINATED COFFE&document_selection=0&industry_group=A&FromDate=13&FromMonth=05&FromYear=2000&ToDate=13&ToMonth=11&ToYear=2020&Variable=Issuer,1620598508,18:15:08,20210509
51,2008-03-31,SWP.TO,CAD,2008-03-31,2008-03-31,Q1,8170000.0,4951000.0,3219000.0,0.39400244798041617,0.0,908000.0,128000.0,0.0,1036000.0,5987000.0,0.0,808000.0,2991000.0,0.3660954712362301,2183000.0,0.2671970624235006,27000.0,1368000.0,0.16744186046511628,-281000.0,1649000.0,0.2018359853121175,0.247,0.247,6675200.0,6675200.0,https://www.sedar.com/ModifyCompanyDocumentSearchForm.do?lang=EN&company_search=SWISS WATER DECAFFEINATED COFFE&document_selection=0&industry_group=A&FromDate=13&FromMonth=05&FromYear=2000&ToDate=13&ToMonth=11&ToYear=2020&Variable=Issuer,https://www.sedar.com/ModifyCompanyDocumentSearchForm.do?lang=EN&company_search=SWISS WATER DECAFFEINATED COFFE&document_selection=0&industry_group=A&FromDate=13&FromMonth=05&FromYear=2000&ToDate=13&ToMonth=11&ToYear=2020&Variable=Issuer,1620598508,18:15:08,20210509
52,2007-12-31,SWP.TO,CAD,2007-12-31,2007-12-31,Q4,8680000.0,5820000.0,2860000.0,0.3294930875576037,0.0,881000.0,110000.0,0.0,4254000.0,10074000.0,0.0,795000.0,-599000.0,-0.06900921658986175,-1394000.0,-0.16059907834101383,-334000.0,694000.0,0.07995391705069124,-143000.0,837000.0,0.09642857142857143,0.09219300390581113,0.09219300390581113,9078780.0,9078780.0,https://www.sedar.com/ModifyCompanyDocumentSearchForm.do?lang=EN&company_search=SWISS WATER DECAFFEINATED COFFE&document_selection=0&industry_group=A&FromDate=13&FromMonth=05&FromYear=2000&ToDate=13&ToMonth=11&ToYear=2020&Variable=Issuer,https://www.sedar.com/ModifyCompanyDocumentSearchForm.do?lang=EN&company_search=SWISS WATER DECAFFEINATED COFFE&document_selection=0&industry_group=A&FromDate=13&FromMonth=05&FromYear=2000&ToDate=13&ToMonth=11&ToYear=2020&Variable=Issuer,1620598508,18:15:08,20210509
53,2007-09-30,SWP.TO,CAD,2007-09-30,2007-09-30,Q3,7705000.0,5164000.0,2541000.0,0.32978585334198574,0.0,860000.0,163000.0,0.0,1023000.0,6187000.0,0.0,823000.0,2341000.0,0.3038286826735886,1518000.0,0.19701492537313434,476000.0,1139000.0,0.14782608695652175,-101000.0,1240000.0,0.1609344581440623,0.186,0.186,6675200.0,6675200.0,https://www.sedar.com/ModifyCompanyDocumentSearchForm.do?lang=EN&company_search=SWISS WATER DECAFFEINATED COFFE&document_selection=0&industry_group=A&FromDate=13&FromMonth=05&FromYear=2000&ToDate=13&ToMonth=11&ToYear=2020&Variable=Issuer,https://www.sedar.com/ModifyCompanyDocumentSearchForm.do?lang=EN&company_search=SWISS WATER DECAFFEINATED COFFE&document_selection=0&industry_group=A&FromDate=13&FromMonth=05&FromYear=2000&ToDate=13&ToMonth=11&ToYear=2020&Variable=Issuer,1620598508,18:15:08,20210509
54,2007-06-30,SWP.TO,CAD,2007-06-30,2007-06-30,Q2,7618000.0,5173000.0,2445000.0,0.32095038067734316,0.0,932000.0,103000.0,0.0,4035000.0,9208000.0,0.0,823000.0,-767000.0,-0.10068259385665529,-1590000.0,-0.20871619847729062,946000.0,1504000.0,0.197427146232607,-82000.0,1586000.0,0.20819112627986347,0.238,0.238,6675200.0,6675200.0,https://www.sedar.com/ModifyCompanyDocumentSearchForm.do?lang=EN&company_search=SWISS WATER DECAFFEINATED COFFE&document_selection=0&industry_group=A&FromDate=13&FromMonth=05&FromYear=2000&ToDate=13&ToMonth=11&ToYear=2020&Variable=Issuer,https://www.sedar.com/ModifyCompanyDocumentSearchForm.do?lang=EN&company_search=SWISS WATER DECAFFEINATED COFFE&document_selection=0&industry_group=A&FromDate=13&FromMonth=05&FromYear=2000&ToDate=13&ToMonth=11&ToYear=2020&Variable=Issuer,1620598508,18:15:08,20210509
55,2007-03-31,SWP.TO,CAD,2007-03-31,2007-03-31,Q1,7061000.0,4107000.0,2954000.0,0.418354340744937,0.0,827000.0,116000.0,0.0,943000.0,5050000.0,0.0,822000.0,2833000.0,0.4012179577963461,2011000.0,0.28480385214558845,573000.0,1723000.0,0.24401642826795072,206000.0,1517000.0,0.21484209035547372,0.227,0.227,6675200.0,6675200.0,https://www.sedar.com/ModifyCompanyDocumentSearchForm.do?lang=EN&company_search=SWISS WATER DECAFFEINATED COFFE&document_selection=0&industry_group=A&FromDate=13&FromMonth=05&FromYear=2000&ToDate=13&ToMonth=11&ToYear=2020&Variable=Issuer,https://www.sedar.com/ModifyCompanyDocumentSearchForm.do?lang=EN&company_search=SWISS WATER DECAFFEINATED COFFE&document_selection=0&industry_group=A&FromDate=13&FromMonth=05&FromYear=2000&ToDate=13&ToMonth=11&ToYear=2020&Variable=Issuer,1620598508,18:15:08,20210509
56,2006-12-31,SWP.TO,CAD,2006-12-31,2006-12-31,Q4,7640000.0,4719000.0,2921000.0,0.38232984293193717,0.0,985000.0,-17000.0,0.0,1789000.0,6508000.0,0.0,821000.0,1953000.0,0.2556282722513089,1132000.0,0.1481675392670157,-829000.0,242000.0,0.031675392670157065,-330000.0,572000.0,0.07486910994764398,0.06300406001687452,0.06300406001687452,9078780.0,9078780.0,https://www.sedar.com/ModifyCompanyDocumentSearchForm.do?lang=EN&company_search=SWISS WATER DECAFFEINATED COFFE&document_selection=0&industry_group=A&FromDate=13&FromMonth=05&FromYear=2000&ToDate=13&ToMonth=11&ToYear=2020&Variable=Issuer,https://www.sedar.com/ModifyCompanyDocumentSearchForm.do?lang=EN&company_search=SWISS WATER DECAFFEINATED COFFE&document_selection=0&industry_group=A&FromDate=13&FromMonth=05&FromYear=2000&ToDate=13&ToMonth=11&ToYear=2020&Variable=Issuer,1620598508,18:15:08,20210509
57,2006-09-30,SWP.TO,CAD,2006-09-30,2006-09-30,Q3,6124000.0,4012000.0,2112000.0,0.3448726322664925,0.0,860000.0,139000.0,0.0,1812000.0,5824000.0,0.0,813000.0,1113000.0,0.1817439581972567,300000.0,0.04898758981058132,-88000.0,155000.0,0.025310254735467014,-441000.0,596000.0,0.09732201175702156,0.089,0.089,6675200.0,6675200.0,https://www.sedar.com/ModifyCompanyDocumentSearchForm.do?lang=EN&company_search=SWISS WATER DECAFFEINATED COFFE&document_selection=0&industry_group=A&FromDate=13&FromMonth=05&FromYear=2000&ToDate=13&ToMonth=11&ToYear=2020&Variable=Issuer,https://www.sedar.com/ModifyCompanyDocumentSearchForm.do?lang=EN&company_search=SWISS WATER DECAFFEINATED COFFE&document_selection=0&industry_group=A&FromDate=13&FromMonth=05&FromYear=2000&ToDate=13&ToMonth=11&ToYear=2020&Variable=Issuer,1620598508,18:15:08,20210509
58,2006-06-30,SWP.TO,CAD,2006-06-30,2006-06-30,Q2,8256000.0,5270000.0,2986000.0,0.36167635658914726,0.0,905000.0,327000.0,0.0,2035000.0,7305000.0,0.0,803000.0,1754000.0,0.2124515503875969,951000.0,0.11518895348837209,-64000.0,860000.0,0.10416666666666667,-443000.0,1303000.0,0.15782461240310078,0.195,0.195,6675200.0,6675200.0,https://www.sedar.com/ModifyCompanyDocumentSearchForm.do?lang=EN&company_search=SWISS WATER DECAFFEINATED COFFE&document_selection=0&industry_group=A&FromDate=13&FromMonth=05&FromYear=2000&ToDate=13&ToMonth=11&ToYear=2020&Variable=Issuer,https://www.sedar.com/ModifyCompanyDocumentSearchForm.do?lang=EN&company_search=SWISS WATER DECAFFEINATED COFFE&document_selection=0&industry_group=A&FromDate=13&FromMonth=05&FromYear=2000&ToDate=13&ToMonth=11&ToYear=2020&Variable=Issuer,1620598508,18:15:08,20210509
59,2006-03-31,SWP.TO,CAD,2006-03-31,2006-03-31,Q1,9333000.0,5273000.0,4060000.0,0.43501553626915246,0.0,1014000.0,122000.0,0.0,1136000.0,6409000.0,0.0,527000.0,3451000.0,0.3697632058287796,2924000.0,0.3132969034608379,-93000.0,2272000.0,0.24343726561662918,137000.0,2135000.0,0.22875816993464052,0.32,0.32,6675200.0,6675200.0,https://www.sedar.com/ModifyCompanyDocumentSearchForm.do?lang=EN&company_search=SWISS WATER DECAFFEINATED COFFE&document_selection=0&industry_group=A&FromDate=13&FromMonth=05&FromYear=2000&ToDate=13&ToMonth=11&ToYear=2020&Variable=Issuer,https://www.sedar.com/ModifyCompanyDocumentSearchForm.do?lang=EN&company_search=SWISS WATER DECAFFEINATED COFFE&document_selection=0&industry_group=A&FromDate=13&FromMonth=05&FromYear=2000&ToDate=13&ToMonth=11&ToYear=2020&Variable=Issuer,1620598508,18:15:08,20210509
60,2005-12-31,SWP.TO,CAD,2005-12-31,2005-12-31,Q4,7531000.0,3948000.0,3583000.0,0.4757668304342053,0.0,863000.0,0.0,0.0,1242000.0,5190000.0,0.0,379000.0,2720000.0,0.3611738148984199,2341000.0,0.3108484928960297,0.0,2365000.0,0.3140353206745452,-133000.0,2498000.0,0.3316956579471518,0.2751471012625044,0.2751471012625044,9078780.0,9078780.0,https://www.sedar.com/ModifyCompanyDocumentSearchForm.do?lang=EN&company_search=SWISS WATER DECAFFEINATED COFFE&document_selection=0&industry_group=A&FromDate=13&FromMonth=05&FromYear=2000&ToDate=13&ToMonth=11&ToYear=2020&Variable=Issuer,https://www.sedar.com/ModifyCompanyDocumentSearchForm.do?lang=EN&company_search=SWISS WATER DECAFFEINATED COFFE&document_selection=0&industry_group=A&FromDate=13&FromMonth=05&FromYear=2000&ToDate=13&ToMonth=11&ToYear=2020&Variable=Issuer,1620598508,18:15:08,20210509
61,2005-09-30,SWP.TO,CAD,2005-09-30,2005-09-30,Q3,5470000.0,3689000.0,1781000.0,0.3255941499085923,0.0,846000.0,0.0,0.0,1231000.0,4920000.0,0.0,385000.0,935000.0,0.17093235831809872,550000.0,0.10054844606946983,-58000.0,512000.0,0.09360146252285192,-354000.0,866000.0,0.1583180987202925,0.13,0.13,6675200.0,6675200.0,https://www.sedar.com/ModifyCompanyDocumentSearchForm.do?lang=EN&company_search=SWISS WATER DECAFFEINATED COFFE&document_selection=0&industry_group=A&FromDate=13&FromMonth=05&FromYear=2000&ToDate=13&ToMonth=11&ToYear=2020&Variable=Issuer,https://www.sedar.com/ModifyCompanyDocumentSearchForm.do?lang=EN&company_search=SWISS WATER DECAFFEINATED COFFE&document_selection=0&industry_group=A&FromDate=13&FromMonth=05&FromYear=2000&ToDate=13&ToMonth=11&ToYear=2020&Variable=Issuer,1620598508,18:15:08,20210509
62,2005-06-30,SWP.TO,CAD,2005-06-30,2005-06-30,Q2,6745000.0,3652000.0,3093000.0,0.4585618977020015,0.0,757000.0,87000.0,0.0,1228000.0,4880000.0,0.0,384000.0,2249000.0,0.3334321719792439,1865000.0,0.2765011119347665,-108000.0,1807000.0,0.26790214974054855,-32000.0,1839000.0,0.272646404744255,0.276,0.276,6675200.0,6675200.0,https://www.sedar.com/ModifyCompanyDocumentSearchForm.do?lang=EN&company_search=SWISS WATER DECAFFEINATED COFFE&document_selection=0&industry_group=A&FromDate=13&FromMonth=05&FromYear=2000&ToDate=13&ToMonth=11&ToYear=2020&Variable=Issuer,https://www.sedar.com/ModifyCompanyDocumentSearchForm.do?lang=EN&company_search=SWISS WATER DECAFFEINATED COFFE&document_selection=0&industry_group=A&FromDate=13&FromMonth=05&FromYear=2000&ToDate=13&ToMonth=11&ToYear=2020&Variable=Issuer,1620598508,18:15:08,20210509
63,2005-03-31,SWP.TO,CAD,2005-03-31,2005-03-31,Q1,6074000.0,3281000.0,2793000.0,0.45982877839973657,0.0,691000.0,87000.0,0.0,778000.0,4059000.0,0.0,383000.0,2398000.0,0.3947974975304577,2015000.0,0.3317418505103721,-76000.0,1623000.0,0.2672044781033915,-90000.0,1713000.0,0.28202173197234115,0.257,0.257,6675200.0,6675200.0,https://www.sedar.com/ModifyCompanyDocumentSearchForm.do?lang=EN&company_search=SWISS WATER DECAFFEINATED COFFE&document_selection=0&industry_group=A&FromDate=13&FromMonth=05&FromYear=2000&ToDate=13&ToMonth=11&ToYear=2020&Variable=Issuer,https://www.sedar.com/ModifyCompanyDocumentSearchForm.do?lang=EN&company_search=SWISS WATER DECAFFEINATED COFFE&document_selection=0&industry_group=A&FromDate=13&FromMonth=05&FromYear=2000&ToDate=13&ToMonth=11&ToYear=2020&Variable=Issuer,1620598508,18:15:08,20210509
64,2004-12-31,SWP.TO,CAD,2004-12-31,2004-12-31,Q4,6685000.0,3224000.0,3461000.0,0.5177262528047868,0.0,1253000.0,0.0,0.0,1636000.0,4860000.0,0.0,383000.0,2208000.0,0.33029169783096485,1825000.0,0.27299925205684367,-78000.0,1807000.0,0.27030665669409126,14000.0,1793000.0,0.26821241585639494,0.1974934958221259,0.1974934958221259,9078780.0,9078780.0,https://www.sedar.com/ModifyCompanyDocumentSearchForm.do?lang=EN&company_search=SWISS WATER DECAFFEINATED COFFE&document_selection=0&industry_group=A&FromDate=13&FromMonth=05&FromYear=2000&ToDate=13&ToMonth=11&ToYear=2020&Variable=Issuer,https://www.sedar.com/ModifyCompanyDocumentSearchForm.do?lang=EN&company_search=SWISS WATER DECAFFEINATED COFFE&document_selection=0&industry_group=A&FromDate=13&FromMonth=05&FromYear=2000&ToDate=13&ToMonth=11&ToYear=2020&Variable=Issuer,1620598508,18:15:08,20210509
65,2004-09-30,SWP.TO,CAD,2004-09-30,2004-09-30,Q3,6026000.0,2867000.0,3159000.0,0.5242283438433455,0.0,941000.0,0.0,0.0,1321000.0,4188000.0,0.0,380000.0,2218000.0,0.36807168934616663,1838000.0,0.30501161632923995,-82000.0,1817000.0,0.3015267175572519,-3000.0,1820000.0,0.3020245602389645,0.273,0.273,6675200.0,6675200.0,https://www.sedar.com/ModifyCompanyDocumentSearchForm.do?lang=EN&company_search=SWISS WATER DECAFFEINATED COFFE&document_selection=0&industry_group=A&FromDate=13&FromMonth=05&FromYear=2000&ToDate=13&ToMonth=11&ToYear=2020&Variable=Issuer,https://www.sedar.com/ModifyCompanyDocumentSearchForm.do?lang=EN&company_search=SWISS WATER DECAFFEINATED COFFE&document_selection=0&industry_group=A&FromDate=13&FromMonth=05&FromYear=2000&ToDate=13&ToMonth=11&ToYear=2020&Variable=Issuer,1620598508,18:15:08,20210509
66,2004-06-30,SWP.TO,CAD,2004-06-30,2004-06-30,Q2,6250000.0,2564000.0,3686000.0,0.58976,0.0,1220000.0,0.0,0.0,1600000.0,4164000.0,0.0,380000.0,2466000.0,0.39456,2086000.0,0.33376,-121000.0,2015000.0,0.3224,116000.0,1899000.0,0.30384,0.285,0.285,6675200.0,6675200.0,https://www.sedar.com/ModifyCompanyDocumentSearchForm.do?lang=EN&company_search=SWISS WATER DECAFFEINATED COFFE&document_selection=0&industry_group=A&FromDate=13&FromMonth=05&FromYear=2000&ToDate=13&ToMonth=11&ToYear=2020&Variable=Issuer,https://www.sedar.com/ModifyCompanyDocumentSearchForm.do?lang=EN&company_search=SWISS WATER DECAFFEINATED COFFE&document_selection=0&industry_group=A&FromDate=13&FromMonth=05&FromYear=2000&ToDate=13&ToMonth=11&ToYear=2020&Variable=Issuer,1620598508,18:15:08,20210509
67,2004-03-31,SWP.TO,CAD,2004-03-31,2004-03-31,Q1,5856000.0,2808000.0,3048000.0,0.5204918032786885,0.0,809000.0,256000.0,0.0,1065000.0,3873000.0,0.0,376000.0,2359000.0,0.40283469945355194,1983000.0,0.3386270491803279,-68000.0,1528000.0,0.2609289617486339,28000.0,1500000.0,0.25614754098360654,0.27,0.27,5562453.0,5562453.0,https://www.sedar.com/ModifyCompanyDocumentSearchForm.do?lang=EN&company_search=SWISS WATER DECAFFEINATED COFFE&document_selection=0&industry_group=A&FromDate=13&FromMonth=05&FromYear=2000&ToDate=13&ToMonth=11&ToYear=2020&Variable=Issuer,https://www.sedar.com/ModifyCompanyDocumentSearchForm.do?lang=EN&company_search=SWISS WATER DECAFFEINATED COFFE&document_selection=0&industry_group=A&FromDate=13&FromMonth=05&FromYear=2000&ToDate=13&ToMonth=11&ToYear=2020&Variable=Issuer,1620598508,18:15:08,20210509
68,2003-12-31,SWP.TO,CAD,2003-12-31,2003-12-31,Q4,6872000.0,3566000.0,3306000.0,0.4810826542491269,0.0,1016000.0,0.0,0.0,1016000.0,4582000.0,0.0,369000.0,2659000.0,0.3869324796274738,2290000.0,0.3332363213038417,-78000.0,1834000.0,0.2668800931315483,175000.0,1659000.0,0.24141443538998836,0.18273380344055037,0.18273380344055037,9078780.0,9078780.0,https://www.sedar.com/ModifyCompanyDocumentSearchForm.do?lang=EN&company_search=SWISS WATER DECAFFEINATED COFFE&document_selection=0&industry_group=A&FromDate=13&FromMonth=05&FromYear=2000&ToDate=13&ToMonth=11&ToYear=2020&Variable=Issuer,https://www.sedar.com/ModifyCompanyDocumentSearchForm.do?lang=EN&company_search=SWISS WATER DECAFFEINATED COFFE&document_selection=0&industry_group=A&FromDate=13&FromMonth=05&FromYear=2000&ToDate=13&ToMonth=11&ToYear=2020&Variable=Issuer,1620598508,18:15:08,20210509
69,2003-09-30,SWP.TO,CAD,2003-09-30,2003-09-30,Q3,6125000.0,2721000.0,3404000.0,0.5557551020408164,0.0,1073000.0,0.0,0.0,1440000.0,4161000.0,0.0,367000.0,2331000.0,0.38057142857142856,1964000.0,0.3206530612244898,-56000.0,1893000.0,0.3090612244897959,173000.0,1720000.0,0.2808163265306122,0.315,0.315,5455200.0,5455200.0,https://www.sedar.com/ModifyCompanyDocumentSearchForm.do?lang=EN&company_search=SWISS WATER DECAFFEINATED COFFE&document_selection=0&industry_group=A&FromDate=13&FromMonth=05&FromYear=2000&ToDate=13&ToMonth=11&ToYear=2020&Variable=Issuer,https://www.sedar.com/ModifyCompanyDocumentSearchForm.do?lang=EN&company_search=SWISS WATER DECAFFEINATED COFFE&document_selection=0&industry_group=A&FromDate=13&FromMonth=05&FromYear=2000&ToDate=13&ToMonth=11&ToYear=2020&Variable=Issuer,1620598508,18:15:08,20210509
70,2003-06-30,SWP.TO,CAD,2003-06-30,2003-06-30,Q2,5228000.0,2650000.0,2578000.0,0.4931140015302219,0.0,848000.0,0.0,0.0,1173000.0,3823000.0,0.0,325499.0,1730499.0,0.3310059296097934,1405000.0,0.2687452180566182,-112000.0,1285000.0,0.24579188982402447,-58000.0,1343000.0,0.2568859984697781,0.246,0.246,5455200.0,5455200.0,https://www.sedar.com/ModifyCompanyDocumentSearchForm.do?lang=EN&company_search=SWISS WATER DECAFFEINATED COFFE&document_selection=0&industry_group=A&FromDate=13&FromMonth=05&FromYear=2000&ToDate=13&ToMonth=11&ToYear=2020&Variable=Issuer,https://www.sedar.com/ModifyCompanyDocumentSearchForm.do?lang=EN&company_search=SWISS WATER DECAFFEINATED COFFE&document_selection=0&industry_group=A&FromDate=13&FromMonth=05&FromYear=2000&ToDate=13&ToMonth=11&ToYear=2020&Variable=Issuer,1620598508,18:15:08,20210509
71,2003-03-31,SWP.TO,CAD,2003-03-31,2003-03-31,Q1,6080319.0,2997633.0,3082686.0,0.5069941231701823,0.0,988458.0,0.0,0.0,1313959.0,4311592.0,0.0,325501.0,2094228.0,0.3444273236321976,1768727.0,0.2908937836978619,-90703.0,1674824.0,0.2754500216189315,84056.0,1590768.0,0.26162574693860635,0.292,0.292,5455200.0,5455200.0,https://www.sedar.com/ModifyCompanyDocumentSearchForm.do?lang=EN&company_search=SWISS WATER DECAFFEINATED COFFE&document_selection=0&industry_group=A&FromDate=13&FromMonth=05&FromYear=2000&ToDate=13&ToMonth=11&ToYear=2020&Variable=Issuer,https://www.sedar.com/ModifyCompanyDocumentSearchForm.do?lang=EN&company_search=SWISS WATER DECAFFEINATED COFFE&document_selection=0&industry_group=A&FromDate=13&FromMonth=05&FromYear=2000&ToDate=13&ToMonth=11&ToYear=2020&Variable=Issuer,1620598508,18:15:08,20210509
72,2002-12-31,SWP.TO,CAD,2002-12-31,2002-12-31,Q4,6396127.0,3063018.0,3333109.0,0.5211136364240422,0.0,1065474.0,0.0,0.0,1614235.0,4677253.0,0.0,287521.0,2006395.0,0.31368904963894556,1718874.0,0.2687366901876714,-66935.0,1910349.0,0.2986727749464637,144100.0,1766249.0,0.27614351622474037,0.19454695454675627,0.19454695454675627,9078780.0,9078780.0,https://www.sedar.com/ModifyCompanyDocumentSearchForm.do?lang=EN&company_search=SWISS WATER DECAFFEINATED COFFE&document_selection=0&industry_group=A&FromDate=13&FromMonth=05&FromYear=2000&ToDate=13&ToMonth=11&ToYear=2020&Variable=Issuer,https://www.sedar.com/ModifyCompanyDocumentSearchForm.do?lang=EN&company_search=SWISS WATER DECAFFEINATED COFFE&document_selection=0&industry_group=A&FromDate=13&FromMonth=05&FromYear=2000&ToDate=13&ToMonth=11&ToYear=2020&Variable=Issuer,1620598508,18:15:08,20210509
73,2002-09-30,SWP.TO,CAD,2002-09-30,2002-09-30,Q3,4687445.0,2084250.0,2603195.0,0.5553547828294518,0.0,700500.0,0.0,0.0,700500.0,2784750.0,0.0,0.0,2163935.0,0.46164488329996406,1902695.0,0.4059130293795447,-76359.0,1563862.0,0.3336278078996127,144106.0,1419756.0,0.30288483384871717,0.26,0.26,5455200.0,5455200.0,https://www.sedar.com/ModifyCompanyDocumentSearchForm.do?lang=EN&company_search=SWISS WATER DECAFFEINATED COFFE&document_selection=0&industry_group=A&FromDate=13&FromMonth=05&FromYear=2000&ToDate=13&ToMonth=11&ToYear=2020&Variable=Issuer,https://www.sedar.com/ModifyCompanyDocumentSearchForm.do?lang=EN&company_search=SWISS WATER DECAFFEINATED COFFE&document_selection=0&industry_group=A&FromDate=13&FromMonth=05&FromYear=2000&ToDate=13&ToMonth=11&ToYear=2020&Variable=Issuer,1620598508,18:15:08,20210509
