,date,symbol,reportedCurrency,fillingDate,acceptedDate,period,revenue,costOfRevenue,grossProfit,grossProfitRatio,researchAndDevelopmentExpenses,generalAndAdministrativeExpenses,sellingAndMarketingExpenses,otherExpenses,operatingExpenses,costAndExpenses,interestExpense,depreciationAndAmortization,ebitda,ebitdaratio,operatingIncome,operatingIncomeRatio,totalOtherIncomeExpensesNet,incomeBeforeTax,incomeBeforeTaxRatio,incomeTaxExpense,netIncome,netIncomeRatio,eps,epsdiluted,weightedAverageShsOut,weightedAverageShsOutDil,link,finalLink,timestamp,est_time,est_date
0,2020-06-30,GIM,USD,2020-06-30,2020-06-30,Q1,18976240.0,3041760.0,15934480.0,0.8397069177034018,0.0,161830.0,0.0,-269060.0,-107219.99999999987,2934540.0,-60110890.0,0.0,-113011080.0,-5.955399,16041700.0,0.8453571413515006,-8831010.0,-52900190.0,-2.7877066268133204,0.0,-52900190.0,-2.7877066268133204,-0.39435,-0.39435,134144160,134144160,,,1620592560,16:36:00,20210509
1,2019-12-31,GIM,USD,2019-12-31,2019-12-31,Q4,26140500.0,3177890.0,22962610.0,0.8784304049272202,0.0,170970.0,0.0,-343950.0,-172970.0000000003,3004919.9999999995,-39033610.0,0.0,-55110570.0,-2.108245,23135580.0,0.8850473403339645,-178930.0,-16076960.0,-0.615021135785467,0.0,-16076960.0,-0.615021135785467,-0.11985,-0.11985,134144160,134144160,,,1620592560,16:36:00,20210509
2,2019-06-30,GIM,USD,2019-06-30,2019-06-30,Q3,31434680.0,3373200.0,28061480.0,0.8926917659094987,0.0,152960.0,0.0,-295180.0,-142220.0,3230980.0,2418810.0,0.0,33818290.0,1.075827,28203700.0,0.8972160683678027,776970.0,31399480.0,0.9988802176449705,0.0,31399480.0,0.9988802176449705,0.23407,0.23407,134144160,134144160,,,1620592560,16:36:00,20210509
3,2018-12-31,GIM,USD,2018-12-31,2018-12-31,Q2,29088020.0,3485170.0,25602850.0,0.8801853821607658,0.0,164430.0,0.0,-180630.0,-16199.999999999993,3468970.0,3393460.0,0.0,32405970.0,1.114066,25619050.0,0.8807423124709073,0.0,29012510.0,0.9974040859432852,0.0,29012510.0,0.9974040859432852,0.21628,0.21628,134144160,134144160,,,1620592560,16:36:00,20210509
4,2018-06-30,GIM,USD,2018-06-30,2018-06-30,Q1,0.0,0.0,0.0,0.0,0.0,0.0,0.0,0.0,0.0,0.0,0.0,0.0,0.0,0.0,0.0,0.0,0.0,0.0,0.0,0.0,0.0,0.0,0.0,0.0,134144160,134144160,,,1620592560,16:36:00,20210509
5,2017-12-31,GIM,USD,2017-12-31,2017-12-31,Q4,28025070.0,3625110.0,24399960.0,0.8706476023075054,0.0,147090.0,0.0,-242080.0,-94989.9999999997,3530120.0000000005,-29877650.0,0.0,-35260350.0,-1.258172,24494950.0,0.8740370675256119,0.0,-5382700.0,-0.19206731687021655,0.0,-5382700.0,-0.19206731687021655,-0.04013,-0.04013,134144160,134144160,,,1620592560,16:36:00,20210509
6,2017-06-30,GIM,USD,2017-06-30,2017-06-30,Q3,27347050.0,3553210.0,23793840.0,0.8700697150149651,0.0,137600.0,0.0,-277580.0,-139969.99999999994,3413240.0,8330830.0,0.0,40595470.0,1.484455,23933810.0,0.8751880001682083,0.0,32264640.0,1.1798215895315949,0.0,32264640.0,1.1798215895315949,0.24052,0.24052,134144160,134144160,,,1620592560,16:36:00,20210509
7,2016-08-31,GIM,USD,2016-08-31,2016-08-31,Q2,25300000.0,3420000.0,21890000.0,0.8652173913043478,0.0,160000.0,0.0,-120000.0,40000.00000000004,3460000.0,16350000.0,0.0,54540000.0,2.155731,21840000.0,0.8632411067193676,-210000.0,38190000.0,1.509486166007905,0.0,38190000.0,1.509486166007905,0.2847,0.2847,134140000,134140000,,,1620592560,16:36:00,20210509
8,2016-02-29,GIM,USD,2016-02-29,2016-02-29,Q1,23850000.0,3460000.0,20390000.0,0.8549266247379455,0.0,130000.0,0.0,-80000.0,49999.99999999982,3510000.0,-56690000.0,0.0,-93040000.0,-3.901048,20340000.0,0.8528301886792453,-110000.0,-36350000.0,-1.5241090146750524,0.0,-36350000.0,-1.5241090146750524,-0.27099,-0.27099,134140000,134140000,,,1620592560,16:36:00,20210509
9,2015-08-31,GIM,USD,2015-08-31,2015-08-31,Q4,25530000.0,3760000.0,21760000.0,0.8523305914610263,0.0,130000.0,0.0,-40000.0,100000.00000000009,3860000.0,-86100000.0,0.0,-150530000.0,-5.896201,21670000.0,0.8488053270661966,-80000.0,-64430000.0,-2.5236976106541325,0.0,-64430000.0,-2.5236976106541325,-0.48032,-0.48032,134140000,134140000,,,1620592560,16:36:00,20210509
10,2015-02-28,GIM,USD,2015-02-28,2015-02-28,Q3,27230000.0,3940000.0,23290000.0,0.855306647080426,0.0,130000.0,0.0,-20000.0,109999.99999999988,4050000.0,-53070000.0,0.0,-82970000.0,-3.047007,23170000.0,0.8508997429305912,-40000.0,-29900000.0,-1.098053617333823,0.0,-29900000.0,-1.098053617333823,-0.2229,-0.2229,134140000,134140000,,,1620592560,16:36:00,20210509
11,2014-08-31,GIM,USD,2014-08-31,2014-08-31,Q2,27820000.0,3800000.0,24020000.0,0.8634076204169662,0.0,480000.0,0.0,-70000.0,410000.0000000001,4210000.0,45010000.0,0.0,113640000.0,4.084831,23610000.0,0.8486700215672178,-90000.0,68630000.0,2.4669302659956864,0.0,68630000.0,2.4669302659956864,0.51163,0.51163,134140000,134140000,,,1620592560,16:36:00,20210509
12,2014-02-28,GIM,USD,2014-02-28,2014-02-28,Q1,26900000.0,3250000.0,23650000.0,0.879182156133829,0.0,850000.0,0.0,10000.0,860000.0000000003,4110000.0000000005,36450000.0,0.0,95690000.0,3.557249,22790000.0,0.8472118959107807,0.0,59240000.0,2.2022304832713755,0.0,59240000.0,2.2022304832713755,0.44163,0.44163,134140000,134140000,,,1620592560,16:36:00,20210509
13,2013-08-31,GIM,USD,2013-08-31,2013-08-31,Q4,29310000.0,3370000.0,25940000.0,0.885022176731491,0.0,930000.0,0.0,10000.0,939999.9999999995,4309999.999999999,-104470000.0,0.0,-183950000.0,-6.276015,25000000.0,0.8529512111907199,0.0,-79480000.0,-2.7117024906175367,0.0,-79480000.0,-2.7117024906175367,-0.5919,-0.5919,134280000,134280000,,,1620592560,16:36:00,20210509
14,2013-02-28,GIM,USD,2013-02-28,2013-02-28,Q3,30840000.0,3680000.0,27160000.0,0.880674448767834,0.0,880000.0,0.0,20000.0,899999.9999999999,4580000.0,95400000.0,0.0,217060000.0,7.038262,26260000.0,0.851491569390402,0.0,121660000.0,3.9448767833981844,0.0,121660000.0,3.9448767833981844,0.90784,0.90784,134010000,134010000,,,1620592560,16:36:00,20210509
15,2012-08-31,GIM,USD,2012-08-31,2012-08-31,Q2,30070000.0,3610000.0,26460000.0,0.8799467908214167,0.0,880000.0,0.0,20000.0,899999.9999999999,4510000.0,-21890000.0,0.0,-18220000.0,-0.60592,25560000.0,0.8500166278683072,0.0,3670000.0,0.12204855337545727,0.0,3670000.0,0.12204855337545727,0.02748,0.02748,133540000,133540000,,,1620592560,16:36:00,20210509
16,2012-02-29,GIM,USD,2012-02-29,2012-02-29,Q1,34050000.0,3630000.0,30420000.0,0.8933920704845815,0.0,890000.0,0.0,20000.0,910000.0000000001,4540000.0,-18750000.0,0.0,-7990000.0,-0.234655,29510000.0,0.8666666666666667,0.0,10760000.0,0.31600587371512484,0.0,10760000.0,0.31600587371512484,0.08094,0.08094,132930000,132930000,,,1620592560,16:36:00,20210509
17,2011-08-31,GIM,USD,2011-08-31,2011-08-31,Q4,38090000.0,4010000.0,34070000.0,0.8944604883171436,0.0,950000.0,0.0,20000.0,970000.0000000006,4980000.000000001,34920000.0,0.0,102950000.0,2.702809,33110000.0,0.8692570228406405,0.0,68030000.0,1.7860330795484378,0.0,68030000.0,1.7860330795484378,0.51394,0.51394,132370000,132370000,,,1620592560,16:36:00,20210509
18,2011-02-28,GIM,USD,2011-02-28,2011-02-28,Q3,43150000.0,3840000.0,39310000.0,0.9110081112398609,0.0,960000.0,0.0,20000.0,980000.0000000003,4820000.0,45850000.0,0.0,130030000.0,3.013441,38330000.0,0.8882966396292005,0.0,84180000.0,1.9508690614136732,0.0,84180000.0,1.9508690614136732,0.63797,0.63797,131950000,131950000,,,1620592560,16:36:00,20210509
19,2010-08-31,GIM,USD,2010-08-31,2010-08-31,Q2,41510000.0,3820000.0,37690000.0,0.9079739821729703,0.0,920000.0,0.0,30000.0,949999.9999999997,4770000.0,63750000.0,0.0,164230000.0,3.956396,36740000.0,0.8850879306191279,0.0,100480000.0,2.4206215369790414,0.0,100480000.0,2.4206215369790414,0.76266,0.76266,131750000,131750000,,,1620592560,16:36:00,20210509
20,2010-02-28,GIM,USD,2010-02-28,2010-02-28,Q1,41030000.0,3550000.0,37480000.0,0.9134779429685596,0.0,880000.0,0.0,20000.0,900000.0000000003,4450000.0,74720000.0,0.0,186010000.0,4.533512,36580000.0,0.8915427735803071,0.0,111290000.0,2.7124055569095784,0.0,111290000.0,2.7124055569095784,0.84689,0.84689,131410000,131410000,,,1620592560,16:36:00,20210509
21,2009-08-31,GIM,USD,2009-08-31,2009-08-31,Q4,37640000.0,3230000.0,34410000.0,0.9141870350690755,0.0,870000.0,0.0,30000.0,899999.9999999999,4130000.0,165360000.0,0.0,364230000.0,9.676674,33510000.0,0.8902763018065888,0.0,198870000.0,5.283475026567482,0.0,198870000.0,5.283475026567482,1.51462,1.51462,131300000,131300000,,,1620592560,16:36:00,20210509
22,2009-02-28,GIM,USD,2009-02-28,2009-02-28,Q3,31360000.0,3160000.0,28200000.0,0.8992346938775511,0.0,840000.0,0.0,10000.0,849999.9999999997,4009999.9999999995,-46510000.0,0.0,-65670000.0,-2.094069,27350000.0,0.8721301020408163,-10000.0,-19160000.0,-0.610969387755102,0.0,-19160000.0,-0.610969387755102,-0.1461,-0.1461,131140000,131140000,,,1620592560,16:36:00,20210509
23,2008-08-31,GIM,USD,2008-08-31,2008-08-31,Q2,33850000.0,3390000.0,30460000.0,0.8998522895125554,0.0,920000.0,0.0,40000.0,959999.9999999995,4349999.999999999,-64750000.0,0.0,-99990000.0,-2.953914,29500000.0,0.8714918759231906,0.0,-35240000.0,-1.041063515509601,0.0,-35240000.0,-1.041063515509601,-0.26872,-0.26872,131140000,131140000,,,1620592560,16:36:00,20210509
24,2008-02-29,GIM,USD,2008-02-29,2008-02-29,Q1,32520000.0,3620000.0,28900000.0,0.8886838868388683,0.0,880000.0,0.0,-10000.0,879999.9999999999,4500000.0,129860000.0,0.0,287750000.0,8.848401,28030000.0,0.8619311193111932,-20000.0,157890000.0,4.855166051660516,0.0,157890000.0,4.855166051660516,1.20573,1.20573,130950000,130950000,,,1620592560,16:36:00,20210509
25,2007-08-31,GIM,USD,2007-08-31,2007-08-31,Q4,31690000.0,3520000.0,28180000.0,0.8892395077311455,0.0,860000.0,0.0,10000.0,859999.9999999999,4380000.0,22900000.0,0.0,73110000.0,2.307037,27310000.0,0.861786052382455,0.0,50210000.0,1.5844114862732723,0.0,50210000.0,1.5844114862732723,0.38322,0.38322,131020000,131020000,,,1620592560,16:36:00,20210509
26,2007-02-28,GIM,USD,2007-02-28,2007-02-28,Q3,29310000.0,3590000.0,25720000.0,0.8775162060730126,0.0,860000.0,0.0,10000.0,870000.0000000001,4460000.0,43770000.0,0.0,112390000.0,3.834527,24850000.0,0.8478335039235756,0.0,68620000.0,2.341180484476288,0.0,68620000.0,2.341180484476288,0.52546,0.52546,130590000,130590000,,,1620592560,16:36:00,20210509
27,2006-08-31,GIM,USD,2006-08-31,2006-08-31,Q2,28380000.0,3860000.0,24510000.0,0.8636363636363636,0.0,920000.0,0.0,20000.0,940000.0,4800000.0,26040000.0,0.0,75650000.0,2.66561,23570000.0,0.8305144467935166,0.0,49610000.0,1.748062015503876,0.0,49610000.0,1.748062015503876,0.38129,0.38129,130110000,130110000,,,1620592560,16:36:00,20210509
28,2006-02-28,GIM,USD,2006-02-28,2006-02-28,Q1,28580000.0,3560000.0,25020000.0,0.8754373687893632,0.0,810000.0,0.0,10000.0,810000.0,4370000.0,18400000.0,0.0,61010000.0,2.13471,24210000.0,0.8470958712386284,0.0,42610000.0,1.4909027291812456,0.0,42610000.0,1.4909027291812456,0.32782,0.32782,129980000,129980000,,,1620592560,16:36:00,20210509
29,2005-08-31,GIM,USD,2005-08-31,2005-08-31,Q4,29480000.0,3770000.0,25710000.0,0.8721166892808684,0.0,910000.0,0.0,20000.0,920000.0000000003,4690000.0,-67200000.0,0.0,-109620000.0,-3.718453,24780000.0,0.8405698778833107,0.0,-42420000.0,-1.4389416553595658,0.0,-42420000.0,-1.4389416553595658,-0.32441,-0.32441,130760000,130760000,,,1620592560,16:36:00,20210509
30,2005-02-28,GIM,USD,2005-02-28,2005-02-28,Q3,30390000.0,3640000.0,26760000.0,0.8805528134254689,0.0,810000.0,0.0,10000.0,819999.9999999998,4460000.0,130390000.0,0.0,286710000.0,9.434353,25930000.0,0.8532411977624218,0.0,156320000.0,5.143797301743994,0.0,156320000.0,5.143797301743994,1.21,1.21,129190000,129190000,,,1620592560,16:36:00,20210509
31,2004-08-31,GIM,USD,2004-08-31,2004-08-31,Q2,30060000.0,3720000.0,26340000.0,0.8762475049900199,0.0,900000.0,0.0,30000.0,940000.0,4660000.0,-23840000.0,0.0,-22270000.0,-0.740852,25400000.0,0.8449767132401863,0.0,1570000.0,0.052228875582168995,0.0,1570000.0,0.052228875582168995,0.0121,0.0121,129710000,129710000,,,1620592560,16:36:00,20210509
32,2004-02-29,GIM,USD,2004-02-29,2004-02-29,Q1,31370000.0,3220000.0,28150000.0,0.8973541600255021,0.0,820000.0,0.0,10000.0,829999.9999999997,4049999.9999999995,118010000.0,0.0,263330000.0,8.394326,27320000.0,0.8708957602805228,0.0,145320000.0,4.632451386675167,0.0,145320000.0,4.632451386675167,1.1206,1.1206,129680000,129680000,,,1620592560,16:36:00,20210509
33,2003-08-31,GIM,USD,2003-08-31,2003-08-31,Q4,30370000.0,3120000.0,27250000.0,0.8972670398419493,0.0,730000.0,0.0,10000.0,730000.0,3850000.0,26490000.0,0.0,79500000.0,2.617715,26510000.0,0.8729008890352321,0.0,53010000.0,1.7454725057622653,0.0,53010000.0,1.7454725057622653,0.40931,0.40931,129510000,129510000,,,1620592560,16:36:00,20210509
34,2003-02-28,GIM,USD,2003-02-28,2003-02-28,Q3,30200000.0,2840000.0,27360000.0,0.9059602649006623,0.0,770000.0,0.0,0.0,770000.0,3610000.0,99310000.0,0.0,225210000.0,7.457285,26590000.0,0.8804635761589404,0.0,125900000.0,4.16887417218543,0.0,125900000.0,4.16887417218543,0.97213,0.97213,129510000,129510000,,,1620592560,16:36:00,20210509
35,2002-08-31,GIM,USD,2002-08-31,2002-08-31,Q2,27320000.0,2340000.0,24970000.0,0.91398243045388,0.0,680000.0,0.0,20000.0,710000.0,3050000.0,28320000.0,0.0,80900000.0,2.961201,24270000.0,0.8883601756954612,0.0,52580000.0,1.924597364568082,0.0,52580000.0,1.924597364568082,0.40599,0.40599,129510000,129510000,,,1620592560,16:36:00,20210509
36,2002-02-28,GIM,USD,2002-02-28,2002-02-28,Q1,27290000.0,2200000.0,25090000.0,0.9193843898864053,0.0,560000.0,0.0,0.0,569999.9999999998,2770000.0,15030000.0,0.0,54580000.0,2.0,24520000.0,0.8984976181751557,0.0,39550000.0,1.449248809087578,0.0,39550000.0,1.449248809087578,0.36205,0.36205,109240000,109240000,,,1620592560,16:36:00,20210509
37,2001-08-31,GIM,USD,2001-08-31,2001-08-31,Q4,33860000.0,2360000.0,31500000.0,0.9303012404016539,0.0,590000.0,0.0,10000.0,590000.0000000003,2950000.0000000005,-11220000.0,0.0,8470000.0,0.250148,30910000.0,0.9128765505020673,0.0,19690000.0,0.5815121086828116,0.0,19690000.0,0.5815121086828116,0.18025,0.18025,109240000,109240000,,,1620592560,16:36:00,20210509
38,2001-02-28,GIM,USD,2001-02-28,2001-02-28,Q3,33800000.0,2220000.0,31580000.0,0.934319526627219,0.0,580000.0,0.0,0.0,579999.9999999997,2799999.9999999995,-1230000.0,0.0,28540000.0,0.844379,31000000.0,0.9171597633136095,0.0,29770000.0,0.8807692307692307,0.0,29770000.0,0.8807692307692307,0.27252,0.27252,109240000,109240000,,,1620592560,16:36:00,20210509
39,2000-08-31,GIM,USD,2000-08-31,2000-08-31,Q2,37750000.0,2490000.0,35260000.0,0.9340397350993378,0.0,660000.0,0.0,0.0,659999.9999999997,3149999.9999999995,-31580000.0,0.0,-28560000.0,-0.756556,34600000.0,0.9165562913907285,0.0,3020000.0,0.08,0.0,3020000.0,0.08,0.0272,0.0272,111020000,111020000,,,1620592560,16:36:00,20210509
40,2000-02-29,GIM,USD,2000-02-29,2000-02-29,Q1,36540000.0,2440000.0,34090000.0,0.9329501915708812,0.0,690000.0,0.0,10000.0,700000.0000000002,3140000.0,-20010000.0,0.0,-6620000.0,-0.181171,33390000.0,0.9137931034482759,0.0,13390000.0,0.36644772851669405,0.0,13390000.0,0.36644772851669405,0.11661,0.11661,114830000,114830000,,,1620592560,16:36:00,20210509
