,date,symbol,reportedCurrency,fillingDate,acceptedDate,period,revenue,costOfRevenue,grossProfit,grossProfitRatio,researchAndDevelopmentExpenses,generalAndAdministrativeExpenses,sellingAndMarketingExpenses,otherExpenses,operatingExpenses,costAndExpenses,interestExpense,depreciationAndAmortization,ebitda,ebitdaratio,operatingIncome,operatingIncomeRatio,totalOtherIncomeExpensesNet,incomeBeforeTax,incomeBeforeTaxRatio,incomeTaxExpense,netIncome,netIncomeRatio,eps,epsdiluted,weightedAverageShsOut,weightedAverageShsOutDil,link,finalLink,timestamp,est_time,est_date
0,2021-01-31,AMAT,USD,2021-02-25,2021-02-25 15:51:16,Q1,5162000000,2813000000.0,2349000000.0,0.4550561797752809,606000000.0,161000000.0,147000000.0,0.0,914000000.0,3727000000.0,61000000.0,94000000.0,1529000000.0,0.29620302208446336,1435000000.0,0.27799302595893066,-152000000.0,1240000000.0,0.2402169701666021,110000000.0,1130000000.0,0.21890740023246805,1.23,1.22,915000000,925000000,https://www.sec.gov/Archives/edgar/data/6951/000000695121000013/0000006951-21-000013-index.htm,https://www.sec.gov/Archives/edgar/data/6951/000000695121000013/amat-20210131.htm,1620587290,15:08:10,20210509
1,2020-10-25,AMAT,USD,2020-12-11,2020-12-11 15:52:08,Q4,4688000000,2558000000.0,2130000000.0,0.4543515358361775,560000000.0,156000000.0,131000000.0,0.0,847000000.0,3405000000.0,59000000.0,97000000.0,1380000000.0,0.29436860068259385,1283000000.0,0.2736774744027304,0.0,1243000000.0,0.26514505119453924,112000000.0,1131000000.0,0.2412542662116041,1.24,1.23,914000000,921000000,https://www.sec.gov/Archives/edgar/data/6951/000000695120000048/0000006951-20-000048-index.htm,https://www.sec.gov/Archives/edgar/data/6951/000000695120000048/amat-20201025.htm,1620587290,15:08:10,20210509
2,2020-07-26,AMAT,USD,2020-08-20,2020-08-20 17:08:06,Q3,4395000000,2440000000.0,1955000000.0,0.4448236632536974,572000000.0,141000000.0,130000000.0,0.0,847000000.0,3287000000.0,61000000.0,94000000.0,1202000000.0,0.27349260523321955,1108000000.0,0.2521046643913538,-7000000.0,1040000000.0,0.2366325369738339,199000000.0,841000000.0,0.191353811149033,0.91215,0.91215,922000000,922000000,https://www.sec.gov/Archives/edgar/data/6951/000000695120000037/0000006951-20-000037-index.htm,https://www.sec.gov/Archives/edgar/data/6951/000000695120000037/amat-20200726.htm,1620587290,15:08:10,20210509
3,2020-04-26,AMAT,USD,2020-05-21 00:00:00,2020-05-21 16:06:27,Q2,3957000000,2208000000.0,1749000000.0,0.44200151630022744,550000000.0,133000000.0,130000000.0,0.0,817000000.0,3025000000.0,61000000.0,91000000.0,1023000000.0,0.2585291887793783,932000000.0,0.23553196866312864,0.0,878000000.0,0.22188526661612332,123000000.0,755000000.0,0.19080111195350014,0.81798,0.81798,923000000,923000000,https://www.sec.gov/Archives/edgar/data/6951/000000695120000028/0000006951-20-000028-index.htm,https://www.sec.gov/Archives/edgar/data/6951/000000695120000028/amat-20200426.htm,1620587290,15:08:10,20210509
4,2020-01-26,AMAT,USD,2020-02-20 00:00:00,2020-02-20 15:51:00,Q1,4162000000,2304000000.0,1858000000.0,0.44641999038923597,552000000.0,124000000.0,135000000.0,0.0,816000000.0,3120000000.0,59000000.0,94000000.0,1136000000.0,0.27294569918308503,1042000000.0,0.25036040365209034,0.0,1005000000.0,0.2414704469005286,113000000.0,892000000.0,0.21432003844305622,0.96224,0.96224,927000000,927000000,https://www.sec.gov/Archives/edgar/data/6951/000000695120000014/0000006951-20-000014-index.html,https://www.sec.gov/Archives/edgar/data/6951/000000695120000014/amat-20200126.htm,1620587290,15:08:10,20210509
5,2019-10-27,AMAT,USD,2019-12-13 00:00:00,2019-12-13 16:07:21,Q4,3754000000,2120000000.0,1634000000.0,0.4352690463505594,515000000.0,123000000.0,129000000.0,0.0,770000000.0,2890000000.0,59000000.0,92000000.0,956000000.0,0.25466169419286094,864000000.0,0.23015450186467767,0.0,840000000.0,0.2237613212573255,142000000.0,698000000.0,0.18593500266382526,0.75054,0.75054,930000000,930000000,https://www.sec.gov/Archives/edgar/data/6951/000000695119000046/0000006951-19-000046-index.html,https://www.sec.gov/Archives/edgar/data/6951/000000695119000046/amat-20191027.htm,1620587290,15:08:10,20210509
6,2019-07-28,AMAT,USD,2019-08-22,2019-08-22 15:55:25,Q3,3562000000,2005000000.0,1557000000.0,0.43711398090960135,514000000.0,99000000.0,128000000.0,0.0,755000000.0,2760000000.0,58000000.0,89000000.0,891000000.0,0.2501403705783268,802000000.0,0.22515440763615946,0.0,782000000.0,0.21953958450308816,211000000.0,571000000.0,0.16030320044918586,0.60939,0.60939,937000000,937000000,https://www.sec.gov/Archives/edgar/data/6951/000000695119000029/amat0728201910-qq32019.htm,https://www.sec.gov/Archives/edgar/data/6951/000000695119000029/amat0728201910-qq32019.htm,1620587290,15:08:10,20210509
7,2019-04-28,AMAT,USD,2019-05-23 00:00:00,2019-05-23 16:03:33,Q2,3539000000,2009000000.0,1530000000.0,0.43232551568239613,508000000.0,113000000.0,133000000.0,0.0,754000000.0,2763000000.0,60000000.0,94000000.0,870000000.0,0.24583215597626448,776000000.0,0.21927098050296695,0.0,759000000.0,0.21446736366205144,93000000.0,666000000.0,0.18818875388527834,0.70253,0.70253,948000000,948000000,https://www.sec.gov/Archives/edgar/data/6951/000000695119000019/0000006951-19-000019-index.html,https://www.sec.gov/Archives/edgar/data/6951/000000695119000019/amat0428201910-qq22019.htm,1620587290,15:08:10,20210509
8,2019-01-27,AMAT,USD,2019-02-21 00:00:00,2019-02-21 16:33:42,Q1,3753000000,2088000000.0,1665000000.0,0.44364508393285373,516000000.0,94000000.0,131000000.0,0.0,757000000.0,2845000000.0,60000000.0,88000000.0,996000000.0,0.2653876898481215,908000000.0,0.24193978150812684,0.0,888000000.0,0.23661071143085532,141000000.0,771000000.0,0.20543565147881696,0.79896,0.79896,965000000,965000000,https://www.sec.gov/Archives/edgar/data/6951/000000695119000008/0000006951-19-000008-index.html,https://www.sec.gov/Archives/edgar/data/6951/000000695119000008/amat0127201910-qq12019.htm,1620587290,15:08:10,20210509
9,2018-10-28,AMAT,USD,2018-12-13 00:00:00,2018-12-13 16:16:55,Q4,3759000000,2102000000.0,1657000000.0,0.44080872572492685,519000000.0,117000000.0,127000000.0,2019000000.0,766000000.0,2868000000.0,60000000.0,120000000.0,1011000000.0,0.26895450917797287,891000000.0,0.23703112529928172,0.0,875000000.0,0.23277467411545624,95000000.0,757000000.0,0.20138334663474328,0.76697,0.76697,987000000,987000000,https://www.sec.gov/Archives/edgar/data/6951/000000695118000041/0000006951-18-000041-index.html,https://www.sec.gov/Archives/edgar/data/6951/000000695118000041/amat1028201810-kq42018.htm,1620587290,15:08:10,20210509
10,2018-07-29,AMAT,USD,2018-08-23 00:00:00,2018-08-23 16:21:27,Q3,4162000000,2298000000.0,1864000000.0,0.4478616049975973,504000000.0,123000000.0,138000000.0,0.0,771000000.0,3069000000.0,59000000.0,110000000.0,1203000000.0,0.28904372897645364,1093000000.0,0.26261412782316196,0.0,1077000000.0,0.258769822200865,49000000.0,1016000000.0,0.24411340701585776,1.01095,1.01095,1005000000,1005000000,https://www.sec.gov/Archives/edgar/data/6951/000000695118000029/0000006951-18-000029-index.html,https://www.sec.gov/Archives/edgar/data/6951/000000695118000029/amat0729201810-qq32018.htm,1620587290,15:08:10,20210509
11,2018-04-29,AMAT,USD,2018-05-24 00:00:00,2018-05-24 16:26:51,Q2,4579000000,2523000000.0,2056000000.0,0.44900633326053724,509000000.0,118000000.0,130000000.0,0.0,764000000.0,3287000000.0,56000000.0,108000000.0,1400000000.0,0.30574361214238915,1292000000.0,0.2821576763485477,0.0,1261000000.0,0.2753876392225377,90000000.0,1100000000.0,0.24022712382616293,1.05769,1.05769,1040000000,1040000000,https://www.sec.gov/Archives/edgar/data/6951/000000695118000017/0000006951-18-000017-index.html,https://www.sec.gov/Archives/edgar/data/6951/000000695118000017/amat0429201810-qq22018.htm,1620587290,15:08:10,20210509
12,2018-01-28,AMAT,USD,2018-02-22 00:00:00,2018-02-22 16:33:48,Q1,4205000000,2265000000.0,1940000000.0,0.46135552913198574,489000000.0,95000000.0,126000000.0,0.0,725000000.0,2990000000.0,59000000.0,119000000.0,1334000000.0,0.31724137931034485,1215000000.0,0.28894173602853745,0.0,1183000000.0,0.2813317479191439,12000000.0,165000000.0,0.039239001189060645,0.15406,0.15406,1071000000,1071000000,https://www.sec.gov/Archives/edgar/data/6951/000000695118000008/0000006951-18-000008-index.html,https://www.sec.gov/Archives/edgar/data/6951/000000695118000008/amat0128201810-qq12018.htm,1620587290,15:08:10,20210509
13,2017-10-29,AMAT,USD,2017-12-15 00:00:00,2017-12-15 16:36:31,Q4,4130000000,2263000000.0,1867000000.0,0.4520581113801453,473000000.0,187000000.0,105000000.0,0.0,701000000.0,2964000000.0,57000000.0,105000000.0,1271000000.0,0.3077481840193705,1166000000.0,0.2823244552058111,0.0,1159000000.0,0.28062953995157386,92000000.0,1067000000.0,0.25835351089588376,0.99256,0.99256,1075000000,1075000000,https://www.sec.gov/Archives/edgar/data/6951/000000695117000038/0000006951-17-000038-index.html,https://www.sec.gov/Archives/edgar/data/6951/000000695117000038/amat1029201710-kq42017.htm,1620587290,15:08:10,20210509
14,2017-07-30,AMAT,USD,2017-08-24 00:00:00,2017-08-24 16:29:02,Q3,3744000000,2044000000.0,1700000000.0,0.45405982905982906,454000000.0,93000000.0,117000000.0,0.0,677000000.0,2721000000.0,59000000.0,102000000.0,1125000000.0,0.3004807692307692,1023000000.0,0.27323717948717946,0.0,978000000.0,0.26121794871794873,53000000.0,925000000.0,0.24706196581196582,0.85411,0.85411,1083000000,1083000000,https://www.sec.gov/Archives/edgar/data/6951/000000695117000026/0000006951-17-000026-index.html,https://www.sec.gov/Archives/edgar/data/6951/000000695117000026/amat0730201710-qq32017.htm,1620587290,15:08:10,20210509
15,2017-04-30,AMAT,USD,2017-05-25 00:00:00,2017-05-25 16:20:09,Q2,3546000000,1946000000.0,1600000000.0,0.4512126339537507,437000000.0,107000000.0,116000000.0,0.0,660000000.0,2606000000.0,44000000.0,103000000.0,1043000000.0,0.29413423575860126,940000000.0,0.2650874224478285,0.0,908000000.0,0.25606316976875354,84000000.0,824000000.0,0.2323745064861816,0.764378478664193,0.7580496780128795,1078000000,1087000000,https://www.sec.gov/Archives/edgar/data/6951/000000695117000015/0000006951-17-000015-index.html,https://www.sec.gov/Archives/edgar/data/6951/000000695117000015/amat0430201710-qq22017.htm,1620587290,15:08:10,20210509
16,2017-01-29,AMAT,USD,2017-02-23 00:00:00,2017-02-23 16:06:53,Q1,3278000000,1833000000.0,1445000000.0,0.4408175716900549,416000000.0,67000000.0,118000000.0,0.0,638000000.0,2471000000.0,38000000.0,97000000.0,904000000.0,0.27577791336180596,807000000.0,0.24618669920683345,0.0,771000000.0,0.23520439292251372,68000000.0,703000000.0,0.21446003660768762,0.64555,0.64555,1089000000,1089000000,https://www.sec.gov/Archives/edgar/data/6951/000000695117000007/0000006951-17-000007-index.html,https://www.sec.gov/Archives/edgar/data/6951/000000695117000007/amat0129201710-qq12017.htm,1620587290,15:08:10,20210509
17,2016-10-30,AMAT,USD,2016-12-15 00:00:00,2016-12-15 16:46:47,Q4,3297000000,1898000000.0,1399000000.0,0.424325144070367,393000000.0,108000000.0,114000000.0,0.0,622000000.0,2520000000.0,38000000.0,100000000.0,877000000.0,0.26599939338792844,777000000.0,0.2356687898089172,0.0,740000000.0,0.22444646648468305,130000000.0,610000000.0,0.18501668183196845,0.55708,0.55708,1095000000,1095000000,https://www.sec.gov/Archives/edgar/data/6951/000000695116000068/0000006951-16-000068-index.html,https://www.sec.gov/Archives/edgar/data/6951/000000695116000068/amat10302016-10k.htm,1620587290,15:08:10,20210509
18,2016-07-31,AMAT,USD,2016-08-25 00:00:00,2016-08-25 16:18:25,Q3,2821000000,1629000000.0,1192000000.0,0.42254519673874513,386000000.0,103000000.0,107000000.0,0.0,596000000.0,2225000000.0,38000000.0,97000000.0,693000000.0,0.2456575682382134,596000000.0,0.21127259836937257,0.0,564000000.0,0.1999291031549096,59000000.0,505000000.0,0.17901453385324353,0.47,0.46,1083000000,1093000000,https://www.sec.gov/Archives/edgar/data/6951/000000695116000059/0000006951-16-000059-index.html,https://www.sec.gov/Archives/edgar/data/6951/000000695116000059/amat731201610-qq32016.htm,1620587290,15:08:10,20210509
19,2016-05-01,AMAT,USD,2016-05-26 00:00:00,2016-05-26 16:20:52,Q2,2450000000,1446000000.0,1004000000.0,0.4097959183673469,386000000.0,118000000.0,102000000.0,0.0,579000000.0,2025000000.0,37000000.0,96000000.0,521000000.0,0.2126530612244898,425000000.0,0.17346938775510204,0.0,395000000.0,0.16122448979591836,75000000.0,320000000.0,0.1306122448979592,0.28597,0.28597,1119000000,1119000000,https://www.sec.gov/Archives/edgar/data/6951/000000695116000048/0000006951-16-000048-index.html,https://www.sec.gov/Archives/edgar/data/6951/000000695116000048/amat51201610-qq22016.htm,1620587290,15:08:10,20210509
20,2016-01-31,AMAT,USD,2016-02-25 00:00:00,2016-02-25 16:30:46,Q1,2257000000,1341000000.0,916000000.0,0.4058484714222419,374000000.0,82000000.0,106000000.0,0.0,562000000.0,1903000000.0,42000000.0,96000000.0,450000000.0,0.1993797075764289,354000000.0,0.15684536996012405,0.0,314000000.0,0.13912272928666372,28000000.0,286000000.0,0.12671688081524146,0.24956369982547993,0.24783362218370883,1146000000,1154000000,https://www.sec.gov/Archives/edgar/data/6951/000000695116000041/0000006951-16-000041-index.html,https://www.sec.gov/Archives/edgar/data/6951/000000695116000041/amat131201610-qq12016.htm,1620587290,15:08:10,20210509
21,2015-10-25,AMAT,USD,2015-12-09 00:00:00,2015-12-09 17:29:47,Q4,2368000000,1409000000.0,959000000.0,0.4049831081081081,363000000.0,47000000.0,96000000.0,0.0,536000000.0,1945000000.0,32000000.0,96000000.0,519000000.0,0.21917229729729729,423000000.0,0.17863175675675674,0.0,397000000.0,0.16765202702702703,61000000.0,336000000.0,0.14189189189189189,0.28235,0.28235,1190000000,1190000000,https://www.sec.gov/Archives/edgar/data/6951/000000695115000034/0000006951-15-000034-index.html,https://www.sec.gov/Archives/edgar/data/6951/000000695115000034/amat10252015-10xkdoc.htm,1620587290,15:08:10,20210509
22,2015-07-26,AMAT,USD,2015-08-20 00:00:00,2015-08-20 16:22:56,Q3,2490000000,1472000000.0,1018000000.0,0.40883534136546185,371000000.0,138000000.0,112000000.0,0.0,622000000.0,2094000000.0,24000000.0,93000000.0,489000000.0,0.1963855421686747,396000000.0,0.15903614457831325,0.0,375000000.0,0.15060240963855423,46000000.0,329000000.0,0.1321285140562249,0.26726,0.26726,1231000000,1231000000,https://www.sec.gov/Archives/edgar/data/6951/000000695115000026/0000006951-15-000026-index.html,https://www.sec.gov/Archives/edgar/data/6951/000000695115000026/amat726201510-qq32015.htm,1620587290,15:08:10,20210509
23,2015-04-26,AMAT,USD,2015-05-21 00:00:00,2015-05-21 16:15:30,Q2,2442000000,1426000000.0,1016000000.0,0.41605241605241605,365000000.0,146000000.0,109000000.0,0.0,600000000.0,2026000000.0,24000000.0,90000000.0,506000000.0,0.2072072072072072,416000000.0,0.17035217035217035,0.0,389000000.0,0.1592956592956593,25000000.0,364000000.0,0.14905814905814907,0.29331,0.29331,1241000000,1241000000,https://www.sec.gov/Archives/edgar/data/6951/000000695115000014/0000006951-15-000014-index.html,https://www.sec.gov/Archives/edgar/data/6951/000000695115000014/amat426201510-qq22015.htm,1620587290,15:08:10,20210509
24,2015-01-25,AMAT,USD,2015-02-19,2015-02-19 16:35:54,Q1,2359000000,1400000000.0,959000000.0,0.4065281899109792,351000000.0,210000000.0,111000000.0,0.0,501000000.0,1901000000.0,23000000.0,92000000.0,550000000.0,0.2331496396778296,458000000.0,0.19415006358626535,0.0,437000000.0,0.18524798643493007,89000000.0,348000000.0,0.14752013565069944,0.28065,0.28065,1240000000,1240000000,https://www.sec.gov/Archives/edgar/data/6951/000000695114000037/amat10262014-10kdoc.htm,https://www.sec.gov/Archives/edgar/data/6951/000000695114000037/amat10262014-10kdoc.htm,1620587290,15:08:10,20210509
25,2014-10-26,AMAT,USD,2014-12-17 00:00:00,2014-12-17 16:38:24,Q4,2264000000,1305000000.0,959000000.0,0.42358657243816256,360000000.0,130000000.0,99000000.0,-2000000.0,547000000.0,1852000000.0,23000000.0,94000000.0,506000000.0,0.2234982332155477,412000000.0,0.18197879858657243,0.0,398000000.0,0.17579505300353357,142000000.0,256000000.0,0.11307420494699646,0.20746,0.20746,1234000000,1234000000,https://www.sec.gov/Archives/edgar/data/6951/000000695114000037/0000006951-14-000037-index.html,https://www.sec.gov/Archives/edgar/data/6951/000000695114000037/amat10262014-10kdoc.htm,1620587290,15:08:10,20210509
26,2014-07-27,AMAT,USD,2014-08-21 00:00:00,2014-08-21 16:33:59,Q3,2265000000,1273000000.0,992000000.0,0.43796909492273733,357000000.0,119000000.0,108000000.0,0.0,601000000.0,1874000000.0,24000000.0,93000000.0,484000000.0,0.21368653421633554,391000000.0,0.17262693156732892,0.0,370000000.0,0.16335540838852097,69000000.0,301000000.0,0.13289183222958056,0.24412,0.24412,1233000000,1233000000,https://www.sec.gov/Archives/edgar/data/6951/000000695114000028/0000006951-14-000028-index.html,https://www.sec.gov/Archives/edgar/data/6951/000000695114000028/amat-form10xqq32014.htm,1620587290,15:08:10,20210509
27,2014-04-27,AMAT,USD,2014-05-22 00:00:00,2014-05-22 16:26:07,Q2,2353000000,1352000000.0,1001000000.0,0.425414364640884,355000000.0,97000000.0,107000000.0,0.0,614000000.0,1966000000.0,23000000.0,94000000.0,481000000.0,0.20441988950276244,387000000.0,0.1644708882277943,0.0,365000000.0,0.15512112197195072,103000000.0,262000000.0,0.111347216319592,0.21318,0.21318,1229000000,1229000000,https://www.sec.gov/Archives/edgar/data/6951/000000695114000016/0000006951-14-000016-index.html,https://www.sec.gov/Archives/edgar/data/6951/000000695114000016/amat-form10xqq22014.htm,1620587290,15:08:10,20210509
28,2014-01-26,AMAT,USD,2014-02-20,2014-02-20 16:02:12,Q1,2190000000,1299000000.0,891000000.0,0.40684931506849314,356000000.0,152000000.0,109000000.0,7000000.0,561000000.0,1860000000.0,25000000.0,94000000.0,424000000.0,0.19360730593607306,330000000.0,0.1506849315068493,0.0,315000000.0,0.14383561643835616,62000000.0,253000000.0,0.11552511415525114,0.20653,0.20653,1225000000,1225000000,https://www.sec.gov/Archives/edgar/data/6951/000000695113000044/amat10272013-10kdoc.htm,https://www.sec.gov/Archives/edgar/data/6951/000000695113000044/amat10272013-10kdoc.htm,1620587290,15:08:10,20210509
29,2013-10-27,AMAT,USD,2013-12-04 00:00:00,2013-12-04 16:26:13,Q4,1988000000,1193000000.0,795000000.0,0.3998993963782696,338000000.0,103000000.0,99000000.0,26000000.0,585000000.0,1778000000.0,95000000.0,98000000.0,308000000.0,0.15492957746478872,210000000.0,0.1056338028169014,0.0,194000000.0,0.09758551307847083,11000000.0,183000000.0,0.0920523138832998,0.14975,0.14975,1222000000,1222000000,https://www.sec.gov/Archives/edgar/data/6951/000000695113000044/0000006951-13-000044-index.html,https://www.sec.gov/Archives/edgar/data/6951/000000695113000044/amat10272013-10kdoc.htm,1620587290,15:08:10,20210509
30,2013-07-28,AMAT,USD,2013-08-22 00:00:00,2013-08-22 16:19:16,Q3,1975000000,1169000000.0,806000000.0,0.40810126582278483,334000000.0,-131000000.0,334000000.0,14000000.0,559000000.0,1728000000.0,-48000000.0,100000000.0,347000000.0,0.17569620253164556,247000000.0,0.1250632911392405,0.0,228000000.0,0.11544303797468354,60000000.0,168000000.0,0.08506329113924051,0.1377,0.1377,1220000000,1220000000,https://www.sec.gov/Archives/edgar/data/6951/000000695113000034/0000006951-13-000034-index.html,https://www.sec.gov/Archives/edgar/data/6951/000000695113000034/amat-form10xqq32013.htm,1620587290,15:08:10,20210509
31,2013-04-28,AMAT,USD,2013-05-23 00:00:00,2013-05-23 16:10:39,Q2,1973000000,1165000000.0,808000000.0,0.4095286365940193,343000000.0,192000000.0,0.0,288000000.0,878000000.0,2043000000.0,24000000.0,106000000.0,36000000.0,0.01824632539280284,-70000000.0,-0.035478966041561075,0.0,-90000000.0,-0.0456158134820071,39000000.0,-129000000.0,-0.06538266599087683,-0.10822,-0.10822,1192000000,1192000000,https://www.sec.gov/Archives/edgar/data/6951/000000695113000017/0000006951-13-000017-index.html,https://www.sec.gov/Archives/edgar/data/6951/000000695113000017/amat-form10xqq22013.htm,1620587290,15:08:10,20210509
32,2013-01-27,AMAT,USD,2013-02-21 00:00:00,2013-02-21 16:44:16,Q1,1573000000,991000000.0,582000000.0,0.36999364272091545,304000000.0,233000000.0,0.0,9000000.0,543000000.0,1534000000.0,24000000.0,106000000.0,145000000.0,0.09218054672600128,39000000.0,0.024793388429752067,0.0,18000000.0,0.01144310235219326,-16000000.0,34000000.0,0.02161474888747616,0.02805,0.02805,1212000000,1212000000,https://www.sec.gov/Archives/edgar/data/6951/000000695113000008/0000006951-13-000008-index.html,https://www.sec.gov/Archives/edgar/data/6951/000000695113000008/amat-form10xqq12013.htm,1620587290,15:08:10,20210509
33,2012-10-28,AMAT,USD,2012-12-05 00:00:00,2012-12-05 16:36:34,Q4,1646000000,1059000000.0,587000000.0,0.35662211421628187,304000000.0,232000000.0,0.0,545000000.0,1100000000.0,2159000000.0,23000000.0,97000000.0,-416000000.0,-0.25273390036452004,-513000000.0,-0.31166464155528556,0.0,-532000000.0,-0.32320777642770354,-17000000.0,-515000000.0,-0.3128797083839611,-0.42282,-0.42282,1218000000,1218000000,https://www.sec.gov/Archives/edgar/data/6951/000000695112000018/0000006951-12-000018-index.html,https://www.sec.gov/Archives/edgar/data/6951/000000695112000018/amat10282012-10kdoc.htm,1620587290,15:08:10,20210509
34,2012-07-29,AMAT,USD,2012-08-23 00:00:00,2012-08-23 16:18:30,Q3,2343000000,1413000000.0,930000000.0,0.3969270166453265,309000000.0,234000000.0,0.0,44000000.0,608000000.0,2021000000.0,25000000.0,105000000.0,427000000.0,0.18224498506188647,322000000.0,0.137430644472898,0.0,302000000.0,0.12889457959880496,84000000.0,218000000.0,0.09304310712761417,0.17192,0.17192,1268000000,1268000000,https://www.sec.gov/Archives/edgar/data/6951/000000695112000011/0000006951-12-000011-index.html,https://www.sec.gov/Archives/edgar/data/6951/000000695112000011/amat-072912x10qxdoc.htm,1620587290,15:08:10,20210509
35,2012-04-29,AMAT,USD,2012-05-24 00:00:00,2012-05-24 16:25:10,Q2,2541000000,1531000000.0,1010000000.0,0.39748130657221564,319000000.0,251000000.0,0.0,23000000.0,604000000.0,2135000000.0,47000000.0,108000000.0,514000000.0,0.20228256591892957,406000000.0,0.15977961432506887,0.0,387000000.0,0.15230224321133412,98000000.0,289000000.0,0.11373475009838646,0.2312,0.2312,1250000000,1250000000,https://www.sec.gov/Archives/edgar/data/6951/000144530512001872/0001445305-12-001872-index.html,https://www.sec.gov/Archives/edgar/data/6951/000144530512001872/amat-042912x10qxdoc.htm,1620587290,15:08:10,20210509
36,2012-01-29,AMAT,USD,2012-02-27 00:00:00,2012-02-27 16:48:45,Q1,2189000000,1403000000.0,786000000.0,0.3590680676107812,304000000.0,300000000.0,0.0,24000000.0,607000000.0,2010000000.0,-20000000.0,112000000.0,291000000.0,0.13293741434444953,179000000.0,0.081772498857926,0.0,159000000.0,0.07263590680676107,42000000.0,117000000.0,0.053449063499314754,0.08931,0.08931,1310000000,1310000000,https://www.sec.gov/Archives/edgar/data/6951/000119312512081804/0001193125-12-081804-index.html,https://www.sec.gov/Archives/edgar/data/6951/000119312512081804/d277612d10q.htm,1620587290,15:08:10,20210509
37,2011-10-30,AMAT,USD,2011-12-06 00:00:00,2011-12-06 16:07:25,Q4,2182000000,1330000000.0,852000000.0,0.3904674610449129,269000000.0,222000000.0,0.0,24000000.0,494000000.0,1824000000.0,-14000000.0,59000000.0,417000000.0,0.19110907424381302,358000000.0,0.16406966086159486,0.0,344000000.0,0.15765352887259396,-112000000.0,456000000.0,0.20898258478460127,0.34519,0.34519,1321000000,1321000000,https://www.sec.gov/Archives/edgar/data/6951/000119312511332050/0001193125-11-332050-index.html,https://www.sec.gov/Archives/edgar/data/6951/000119312511332050/d250870d10k.htm,1620587290,15:08:10,20210509
38,2011-07-31,AMAT,USD,2011-08-26 00:00:00,2011-08-26 16:06:51,Q3,2787000000,1603000000.0,1184000000.0,0.4248295658414065,282000000.0,0.0,0.0,0.0,522000000.0,2125000000.0,25000000.0,59000000.0,721000000.0,0.25870111230714027,662000000.0,0.2375313957660567,25000000.0,669000000.0,0.24004305705059203,193000000.0,476000000.0,0.1707929673484033,0.3611532625189681,0.35789473684210527,1318000000,1330000000,https://www.sec.gov/Archives/edgar/data/6951/000095012311080527/0000950123-11-080527-index.html,https://www.sec.gov/Archives/edgar/data/6951/000095012311080527/f59502e10vq.htm,1620587290,15:08:10,20210509
39,2011-05-01,AMAT,USD,2011-05-31 00:00:00,2011-05-31 17:22:19,Q2,2862000000,1673000000.0,1189000000.0,0.41544374563242487,297000000.0,108000000.0,107000000.0,0.0,512000000.0,2185000000.0,9000000.0,65000000.0,742000000.0,0.25925925925925924,677000000.0,0.23654786862334032,0.0,686000000.0,0.23969252271139063,197000000.0,489000000.0,0.1708595387840671,0.36684,0.36684,1333000000,1333000000,https://www.sec.gov/Archives/edgar/data/6951/000095012311055462/0000950123-11-055462-index.html,https://www.sec.gov/Archives/edgar/data/6951/000095012311055462/f58835e10vq.htm,1620587290,15:08:10,20210509
40,2011-01-30,AMAT,USD,2011-02-28,2011-02-28 16:12:36,Q1,2686000000,1550000000.0,1136000000.0,0.422933730454207,270000000.0,107000000.0,109000000.0,0.0,462000000.0,2012000000.0,6000000.0,63000000.0,737000000.0,0.27438570364854803,674000000.0,0.2509307520476545,0.0,680000000.0,0.25316455696202533,174000000.0,506000000.0,0.18838421444527179,0.37903,0.37903,1335000000,1335000000,https://www.sec.gov/Archives/edgar/data/6951/000095012310112754/f56996e10vk.htm,https://www.sec.gov/Archives/edgar/data/6951/000095012310112754/f56996e10vk.htm,1620587290,15:08:10,20210509
41,2010-10-31,AMAT,USD,2010-12-10 00:00:00,2010-12-10 14:19:42,Q4,2886435000,1669637000.0,1216798000.0,0.42155738826614836,278192000.0,139248000.0,102659000.0,0.0,520099000.0,2189736000.0,5745000.0,68773000.0,765472000.0,0.26519634081488064,696699000.0,0.24137006376377781,2218000.0,703349000.0,0.24367394380957824,235334000.0,468015000.0,0.16214292024590887,0.3469862099644128,0.3469862099644128,1348800000,1348800000,https://www.sec.gov/Archives/edgar/data/6951/000095012310112754/0000950123-10-112754-index.html,https://www.sec.gov/Archives/edgar/data/6951/000095012310112754/f56996e10vk.htm,1620587290,15:08:10,20210509
42,2010-08-01,AMAT,USD,2010-09-03 00:00:00,2010-09-03 16:05:47,Q3,2517800000,1657700000.0,860100000.0,0.34160775280006356,290400000.0,145946000.0,105754000.0,135331000.0,685200000.0,2342900000.0,3000000.0,72500000.0,247300000.0,0.09822066883787434,174800000.0,0.0694256890936532,0.0,177800000.0,0.07061720549686235,54700000.0,123100000.0,0.04889188974501549,0.09127,0.09127,1348800000,1348800000,https://www.sec.gov/Archives/edgar/data/6951/000095012310083841/0000950123-10-083841-index.html,https://www.sec.gov/Archives/edgar/data/6951/000095012310083841/f55302e10vq.htm,1620587290,15:08:10,20210509
43,2010-05-02,AMAT,USD,2010-06-09 00:00:00,2010-06-09 17:00:46,Q2,2295500000,1368600000.0,926900000.0,0.4037900239599216,305900000.0,125780000.0,100420000.0,112812000.0,544800000.0000002,1913400000.0000002,4900000.0,86799999.99999999,468900000.0,0.2042692223916358,382100000.0,0.16645610978000436,0.0,387100000.0,0.16863428446961445,123000000.0,264000000.0,0.11500762361141363,0.19521,0.19521,1352400000,1352400000,https://www.sec.gov/Archives/edgar/data/6951/000095012310056967/0000950123-10-056967-index.html,https://www.sec.gov/Archives/edgar/data/6951/000095012310056967/f55265e10vq.htm,1620587290,15:08:10,20210509
44,2010-01-31,AMAT,USD,2010-03-09 00:00:00,2010-03-09 16:05:31,Q1,1848902000,1137718000.0,711184000.0,0.38465207999125967,269003000.0,124799000.0,97195000.0,0.0,490997000.0,1628715000.0,5060000.0,76412000.0,296599000.0,0.16041899462491793,220187000.0,0.11909068192905843,-105034000.0,118734000.0,0.06421865518020967,35983000.0,82751000.0,0.04475683405610465,0.06166515517448234,0.06131670380203428,1341941000,1349567000,https://www.sec.gov/Archives/edgar/data/6951/000095012310022556/0000950123-10-022556-index.html,https://www.sec.gov/Archives/edgar/data/6951/000095012310022556/f54450e10vq.htm,1620587290,15:08:10,20210509
45,2009-10-25,AMAT,USD,2009-12-11 00:00:00,2009-12-11 16:20:48,Q4,1526400000,967600000.0,558800000.0,0.3660901467505241,234200000.0,76139000.0,79261000.0,0.0,390900000.0,1358500000.0,-5359000.0,71600000.0,239500000.0,0.15690513626834382,167900000.0,0.10999737945492663,0.0,173800000.0,0.11386268343815513,36000000.0,137900000.0,0.09034329140461216,0.10232,0.10232,1347700000,1347700000,https://www.sec.gov/Archives/edgar/data/6951/000095012309070205/0000950123-09-070205-index.html,https://www.sec.gov/Archives/edgar/data/6951/000095012309070205/f53510e10vk.htm,1620587290,15:08:10,20210509
46,2009-07-26,AMAT,USD,2009-09-01 00:00:00,2009-09-01 16:06:31,Q3,1133700000,808900000.0,324900000.0,0.2865837523154274,234100000.0,88482000.0,79518000.0,0.0,404400000.0,1213300000.0,-4893000.0,73500000.0,-6000000.0,-0.005292405398253507,-79500000.0,-0.07012437152685896,0.0,-74200000.0,-0.06544941342506835,-19300000.0,-54900000.0,-0.04842550939401958,-0.04118,-0.04118,1333300000,1333300000,https://www.sec.gov/Archives/edgar/data/6951/000095012309040145/0000950123-09-040145-index.html,https://www.sec.gov/Archives/edgar/data/6951/000095012309040145/f53399e10vq.htm,1620587290,15:08:10,20210509
47,2009-04-26,AMAT,USD,2009-06-03 00:00:00,2009-06-03 17:02:49,Q2,1020100000,864600000.0,155500000.0,0.1524360356827762,236300000.0,101122000.0,84678000.0,0.0,525800000.0000001,1390400000.0,-5058000.0,74899999.99999999,-295500000.0,-0.28967748259974513,-370400000.0,-0.3631016567003235,0.0,-382800000.0,-0.3752573277129693,-127400000.0,-255400000.0,-0.2503676110185276,-0.19178,-0.19178,1331700000,1331700000,https://www.sec.gov/Archives/edgar/data/6951/000095012309011037/0000950123-09-011037-index.html,https://www.sec.gov/Archives/edgar/data/6951/000095012309011037/f52636e10vq.htm,1620587290,15:08:10,20210509
48,2009-01-25,AMAT,USD,2009-03-03 00:00:00,2009-03-03 16:20:21,Q1,1333400000,941800000.0,391600000.0,0.2936853157342133,229500000.0,141285000.0,84115000.0,0.0,587700000.0,1529500000.0,-5994000.0,71200000.0,-124900000.0,-0.09367031648417579,-196100000.0,-0.1470676466176691,0.0,-202700000.0,-0.1520173991300435,-69700000.0,-132900000.0,-0.09967001649917503,-0.09998,-0.09998,1329200000,1329200000,https://www.sec.gov/Archives/edgar/data/6951/000095013409004336/0000950134-09-004336-index.html,https://www.sec.gov/Archives/edgar/data/6951/000095013409004336/f51684e10vq.htm,1620587290,15:08:10,20210509
49,2008-10-26,AMAT,USD,2008-12-12 00:00:00,2008-12-12 15:41:29,Q4,2043700000,1245000000.0,798700000.0,0.3908107843616969,275200000.0,138369000.0,100131000.0,0.0,482200000.00000006,1727200000.0,-4846000.0,80100000.00000001,396600000.0,0.19405979351176786,316500000.0,0.15486617409600234,0.0,322700000.0,0.1578998874590204,91600000.0,231100000.0,0.11307921906346333,0.17117,0.17117,1350100000,1350100000,https://www.sec.gov/Archives/edgar/data/6951/000095013408022104/0000950134-08-022104-index.html,https://www.sec.gov/Archives/edgar/data/6951/000095013408022104/f50137e10vk.htm,1620587290,15:08:10,20210509
50,2008-07-27,AMAT,USD,2008-08-29 00:00:00,2008-08-29 16:09:39,Q3,1848200000,1105900000.0,742300000.0,0.40163402229195977,268600000.0,129356000.0,115944000.0,0.0,513899999.9999999,1619800000.0,-4859000.0,85699999.99999999,314000000.0,0.16989503300508602,228300000.0,0.12352559246834759,0.0,242600000.0,0.1312628503408722,77800000.0,164800000.0,0.08916783897846553,0.1205,0.1205,1367600000,1367600000,https://www.sec.gov/Archives/edgar/data/6951/000089161808000427/0000891618-08-000427-index.html,https://www.sec.gov/Archives/edgar/data/6951/000089161808000427/f43385e10vq.htm,1620587290,15:08:10,20210509
51,2008-04-27,AMAT,USD,2008-06-04 00:00:00,2008-06-04 16:34:45,Q2,2150000000,1183200000.0,966800000.0,0.4496744186046512,287100000.0,121990000.0,119410000.0,0.0,529000000.0,1712200000.0,-6256000.0,75800000.00000001,513600000.0,0.23888372093023255,437800000.0,0.20362790697674418,0.0,454100000.0,0.21120930232558138,151600000.0,302500000.0,0.14069767441860465,0.22027,0.22027,1373300000,1373300000,https://www.sec.gov/Archives/edgar/data/6951/000095013408010730/0000950134-08-010730-index.html,https://www.sec.gov/Archives/edgar/data/6951/000095013408010730/f41277e10vq.htm,1620587290,15:08:10,20210509
52,2008-01-27,AMAT,USD,2008-03-03,2008-03-03 16:11:52,Q1,2087400000,1152400000.0,935000000.0,0.44792564913289257,273200000.0,115983000.0,123917000.0,0.0,562099999.9999999,1714500000.0,-4545000.0,78500000.0,451400000.0,0.21624988023378366,372900000.0,0.178643288301236,0.0,389300000.0,0.18649995209351347,126900000.0,262400000.0,0.1257066206764396,0.18961,0.18961,1383900000,1383900000,https://www.sec.gov/Archives/edgar/data/6951/000089161807000682/f36116e10vk.htm,https://www.sec.gov/Archives/edgar/data/6951/000089161807000682/f36116e10vk.htm,1620587290,15:08:10,20210509
53,2007-10-28,AMAT,USD,2007-12-14 00:00:00,2007-12-14 16:05:18,Q4,2367000000,1290100000.0,1076900000.0,0.45496408956485,270900000.0,125630000.0,116270000.0,0.0,515900000.0000001,1806000000.0,-9243000.0,81000000.0,642100000.0,0.2712716518800169,561100000.0,0.23705111956062527,0.0,579200000.0,0.24469792986903252,157500000.0,421800000.0,0.1782002534854246,0.30049,0.30049,1403700000,1403700000,https://www.sec.gov/Archives/edgar/data/6951/000089161807000682/0000891618-07-000682-index.html,https://www.sec.gov/Archives/edgar/data/6951/000089161807000682/f36116e10vk.htm,1620587290,15:08:10,20210509
54,2007-07-29,AMAT,USD,2007-08-30 00:00:00,2007-08-30 16:11:05,Q3,2561000000,1344600000.0,1216400000.0,0.4749707145646232,292600000.0,134331000.0,115969000.0,0.0,544500000.0,1889100000.0,-10075000.0,63300000.00000001,735200000.0,0.2870753611870363,671900000.0,0.2623584537290121,0.0,686900000.0,0.26821554080437326,213400000.0,473500000.0,0.18488871534556814,0.33646,0.33646,1407300000,1407300000,https://www.sec.gov/Archives/edgar/data/6951/000095013407019326/0000950134-07-019326-index.html,https://www.sec.gov/Archives/edgar/data/6951/000095013407019326/f33325e10vq.htm,1620587290,15:08:10,20210509
55,2007-04-29,AMAT,USD,2007-05-30 00:00:00,2007-05-30 16:22:31,Q2,2529600000,1393000000.0,1136600000.0,0.44932005060088553,291000000.0,119393000.0,112107000.0,0.0,547500000.0,1940500000.0,-8845000.0,63100000.0,652100000.0,0.2577877925363694,589000000.0,0.23284313725490197,0.0,608300000.0,0.24047280202403543,196800000.0,411400000.0,0.16263440860215053,0.29233,0.29233,1407300000,1407300000,https://www.sec.gov/Archives/edgar/data/6951/000095013407012598/0000950134-07-012598-index.html,https://www.sec.gov/Archives/edgar/data/6951/000095013407012598/f30722e10vq.htm,1620587290,15:08:10,20210509
56,2007-01-28,AMAT,USD,2007-02-28,2007-02-28 16:36:53,Q1,2277300000,1214700000.0,1062500000.0,0.466561278707241,287600000.0,121788000.0,106912000.0,0.0,513000000.0,1727700000.0,-10468000.0,60900000.0,610400000.0,0.26803671013919994,549500000.0,0.2412945154349449,0.0,565200000.0,0.24818864444737188,161700000.0,403500000.0,0.17718350678434988,0.28637,0.28637,1409000000,1409000000,https://www.sec.gov/Archives/edgar/data/6951/000089161806000507/f25754e10vk.htm,https://www.sec.gov/Archives/edgar/data/6951/000089161806000507/f25754e10vk.htm,1620587290,15:08:10,20210509
57,2006-10-29,AMAT,USD,2006-12-14,2006-12-14 14:32:05,Q4,2518300000,1332200000.0,1186100000.0,0.47099233609974983,299200000.0,134235000.0,116365000.0,0.0,551300000.0,1883500000.0,-9308000.0,72999999.99999997,707800000.0,0.28106262160981615,634800000.0,0.2520748123734265,0.0,660100000.0,0.26212127228686016,211000000.0,449000000.0,0.17829488146765676,0.30295,0.30295,1482100000,1482100000,https://www.sec.gov/Archives/edgar/data/6951/000089161806000507/f25754e10vk.htm,https://www.sec.gov/Archives/edgar/data/6951/000089161806000507/f25754e10vk.htm,1620587290,15:08:10,20210509
58,2006-07-30,AMAT,USD,2006-08-31,2006-08-31 16:05:22,Q3,2543400000,1320100000.0,1223400000.0,0.48100967209247464,304300000.0,117090000.0,123810000.0,0.0,542600000.0000001,1862700000.0,-8848000.0,61900000.00000001,742700000.0,0.29201069434615085,680800000.0,0.2676731933632146,0.0,722500000.0,0.2840685696312023,210500000.0,512000000.0,0.2013053393095856,0.32766,0.32766,1562600000,1562600000,https://www.sec.gov/Archives/edgar/data/6951/000095013406017127/f23348e10vq.htm,https://www.sec.gov/Archives/edgar/data/6951/000095013406017127/f23348e10vq.htm,1620587290,15:08:10,20210509
59,2006-04-30,AMAT,USD,2006-05-30,2006-05-30 16:10:15,Q2,2247686000,1203061000.0,1044625000.0,0.46475575325023155,275883000.0,0.0,0.0,0.0,485132000.0,1688193000.0,0.0,65838000.0,625331000.0,0.27821101346006516,559493000.0,0.24891955548951233,1578000.0,600466000.0,0.26714852519435545,187652000.0,412814000.0,0.1836617748208602,0.2618467690168647,0.2602199691881765,1576548000,1586404000,https://www.sec.gov/Archives/edgar/data/6951/000095013406010753/f20780e10vq.htm,https://www.sec.gov/Archives/edgar/data/6951/000095013406010753/f20780e10vq.htm,1620587290,15:08:10,20210509
60,2006-01-29,AMAT,USD,2006-02-28 00:00:00,2006-02-28 16:11:21,Q1,1857600000,1019900000.0,837700000.0,0.45095822566752797,272900000.0,105227000.0,100773000.0,0.0,693800000.0000001,1713700000.0,-8705000.0,69700000.0,213600000.0,0.11498708010335917,143900000.0,0.07746554694229113,0.0,183900000.0,0.09899870801033592,41100000.0,142800000.0,0.07687338501291989,0.08879,0.08879,1608200000,1608200000,https://www.sec.gov/Archives/edgar/data/6951/000095013406003937/0000950134-06-003937-index.html,https://www.sec.gov/Archives/edgar/data/6951/000095013406003937/f17841e10vq.htm,1620587290,15:08:10,20210509
61,2005-10-30,AMAT,USD,2005-12-14,2005-12-14 16:57:56,Q4,1718100000,958000000.0,760100000.0,0.4424073104010244,236700000.0,82020000.0,89880000.0,0.0,408599999.9999999,1366600000.0,-9394000.0,74299999.99999999,425800000.0,0.24783190733950294,351500000.0,0.20458646178918574,0.0,390500000.0,0.22728595541586635,143800000.0,246700000.0,0.143588848146208,0.15147,0.15147,1628700000,1628700000,https://www.sec.gov/Archives/edgar/data/6951/000095013405023162/f15204e10vk.htm,https://www.sec.gov/Archives/edgar/data/6951/000095013405023162/f15204e10vk.htm,1620587290,15:08:10,20210509
62,2005-07-31,AMAT,USD,2005-09-01,2005-09-01 16:07:14,Q3,1631938000,914849000.0,717089000.0,0.4394094628594959,236448000.0,0.0,0.0,0.0,414392000.0,1329241000.0,0.0,72327000.0,375024000.0,0.22980284790231,302697000.0,0.18548314948239455,0.0,339307000.0,0.20791659977278548,-30284000.0,369591000.0,0.22647367730881934,0.22661851314768885,0.22511082227140888,1630895000,1641818000,https://www.sec.gov/Archives/edgar/data/6951/000089161805000656/f12164e10vq.htm,https://www.sec.gov/Archives/edgar/data/6951/000089161805000656/f12164e10vq.htm,1620587290,15:08:10,20210509
63,2005-05-01,AMAT,USD,2005-05-31,2005-05-31 16:11:13,Q2,1861200000,1042800000.0,818400000.0,0.4397163120567376,225600000.0,88852000.0,92448000.0,0.0,406900000.0000001,1449700000.0,-9815000.0,74600000.00000001,486100000.0,0.26117558564367077,411500000.0,0.22109391790242855,0.0,442200000.0,0.2375886524822695,137300000.0,304800000.0,0.16376531270148292,0.18232,0.18232,1671800000,1671800000,https://www.sec.gov/Archives/edgar/data/6951/000089161805000392/f09506e10vq.htm,https://www.sec.gov/Archives/edgar/data/6951/000089161805000392/f09506e10vq.htm,1620587290,15:08:10,20210509
64,2005-01-30,AMAT,USD,2005-03-01,2005-03-01 15:51:24,Q1,1780600000,990400000.0,790200000.0,0.4437829944962372,241800000.0,88470000.0,77830000.0,0.0,408000000.0000001,1398400000.0,-9272000.0,79200000.0,461400000.0,0.25912613725710437,382200000.0,0.21464674828709424,0.0,409600000.0,0.23003481972368864,120800000.0,288800000.0,0.1621925193754914,0.17118,0.17118,1687100000,1687100000,https://www.sec.gov/Archives/edgar/data/6951/000095013404019339/f03874e10vk.htm,https://www.sec.gov/Archives/edgar/data/6951/000095013404019339/f03874e10vk.htm,1620587290,15:08:10,20210509
65,2004-10-31,AMAT,USD,2004-12-15,2004-12-15 16:28:55,Q4,2203358000,1176145000.0,1027213000.0,0.4662034040768681,248272000.0,0.0,0.0,0.0,489489000.0,1665634000.0,0.0,88124000.0,625848000.0,0.2840428110184546,537724000.0,0.24404749477842458,-26627000.0,557908000.0,0.25320805788255923,102900000.0,455008000.0,0.2065066139955468,0.264278329557995,0.264278329557995,1721700000,1721700000,https://www.sec.gov/Archives/edgar/data/6951/000095013404019339/f03874e10vk.htm,https://www.sec.gov/Archives/edgar/data/6951/000095013404019339/f03874e10vk.htm,1620587290,15:08:10,20210509
66,2004-08-01,AMAT,USD,2004-08-31,2004-08-31 16:07:01,Q3,2236200000,1176900000.0,1059200000.0,0.4736606743582864,256800000.0,87387000.0,101513000.0,0.0,445699999.9999998,1622599999.9999998,-13489000.0,87899999.99999999,701400000.0,0.3136570968607459,613500000.0,0.27434934263482696,0.0,624900000.0,0.2794472766299973,184400000.0,440600000.0,0.19703067704140953,0.25591,0.25591,1721700000,1721700000,https://www.sec.gov/Archives/edgar/data/6951/000095013404013030/f01495e10vq.htm,https://www.sec.gov/Archives/edgar/data/6951/000095013404013030/f01495e10vq.htm,1620587290,15:08:10,20210509
67,2004-05-02,AMAT,USD,2004-06-10,2004-06-10 17:15:47,Q2,2018100000,1079500000.0,938600000.0,0.4650909271096576,244200000.0,83425000.0,95975000.0,0.0,423599999.9999999,1503100000.0,-11682000.0,91000000.00000001,606000000.0,0.30028244388286013,515000000.0,0.2551905257420346,0.0,529600000.0,0.26242505326792526,156200000.0,373300000.0,0.1849759674941777,0.21584,0.21584,1729500000,1729500000,https://www.sec.gov/Archives/edgar/data/6951/000095013404008662/f99558e10vq.htm,https://www.sec.gov/Archives/edgar/data/6951/000095013404008662/f99558e10vq.htm,1620587290,15:08:10,20210509
68,2004-02-01,AMAT,USD,2004-03-12 00:00:00,2004-03-12 16:10:19,Q1,1555400000,879300000.0,676200000.0,0.43474347434743477,242600000.0,80302000.0,88398000.0,0.0,578800000.0,1458100000.0,-11800000.0,88800000.0,186200000.0,0.11971197119711971,97400000.0,0.06262054776906262,0.0,116800000.0,0.07509322360807509,34500000.0,82400000.0,0.052976726244052974,0.04748,0.04748,1735300000,1735300000,https://www.sec.gov/Archives/edgar/data/6951/000095013404003396/0000950134-04-003396-index.html,https://www.sec.gov/Archives/edgar/data/6951/000095013404003396/f97206e10vq.htm,1620587290,15:08:10,20210509
69,2003-10-26,AMAT,USD,2004-01-13,2004-01-13 16:46:22,Q4,1221000000,726600000.0,494400000.0,0.4049140049140049,228000000.0,77417000.0,71283000.0,0.0,490100000.0,1216700000.0,-11690000.0,86800000.00000001,91100000.00000001,0.07461097461097463,4300000.0,0.0035217035217035217,0.0,21900000.0,0.017936117936117935,6500000.0,15500000.0,0.012694512694512694,0.00903,0.00903,1715800000,1715800000,https://www.sec.gov/Archives/edgar/data/6951/000089161804000093/f95058e10vk.htm,https://www.sec.gov/Archives/edgar/data/6951/000089161804000093/f95058e10vk.htm,1620587290,15:08:10,20210509
70,2003-07-27,AMAT,USD,2003-09-09,2003-09-09 15:50:33,Q3,1094900000,748000000.0,346900000.0,0.31683258745090875,217000000.0,-19938000.0,170338000.0,0.0,433599999.9999999,1181600000.0,-22968000.0,93099999.99999997,6399999.99999997,0.005845282674216796,-86700000.0,-0.07918531372728103,0.0,-52200000.0,-0.04767558681158097,-15400000.0,-36800000.0,-0.033610375376746736,-0.02218,-0.02218,1659400000,1659400000,https://www.sec.gov/Archives/edgar/data/6951/000089161803004714/f92922e10vq.htm,https://www.sec.gov/Archives/edgar/data/6951/000089161803004714/f92922e10vq.htm,1620587290,15:08:10,20210509
71,2003-04-27,AMAT,USD,2003-04-27,2003-04-27,Q2,1107200000,734400000.0,372800000.0,0.33670520231213874,232400000.0,161800000.0,0.0,0.0,486900000.0,1221300000.0,26000000.0,98000000.00000001,-16199999.999999985,-0.014631502890173396,-114200000.0,-0.10314306358381503,0.0,-88100000.0,-0.07957008670520231,-26000000.0,-62100000.0,-0.05608742774566474,-0.0375,-0.0375,1655900000,1655900000,,,1620587290,15:08:10,20210509
72,2003-01-26,AMAT,USD,2003-03-14,2003-03-14,Q1,1054200000,663800000.0,390400000.0,0.37032821096566115,243200000.0,165000000.0,0.0,0.0,507600000.0000001,1171400000.0000002,24000000.0,103800000.0,-13400000.0,-0.01271106051982546,-117200000.0,-0.11117435021817491,0.0,-93100000.0,-0.08831341301460824,-27500000.0,-65700000.0,-0.06232214001138304,-0.0398,-0.0398,1650600000,1650600000,https://www.sec.gov/Archives/edgar/data/6951/000101287003001180/0001012870-03-001180-index.htm,https://www.sec.gov/Archives/edgar/data/6951/000101287003001180/d10qa.htm,1620587290,15:08:10,20210509
73,2002-10-27,AMAT,USD,2002-10-27,2002-10-27,Q4,1445700000,843400000.0,602300000.0,0.4166147886836826,272600000.0,186800000.0,0.0,0.0,467400000.0,1310800000.0,32900000.0,99100000.00000001,234000000.0,0.16185930691014733,134900000.0,0.09331119872726015,0.0,167800000.0,0.11606834059625096,20600000.0,147200000.0,0.10181918793663969,0.0874,0.0874,1684300000,1684300000,,,1620587290,15:08:10,20210509
74,2002-07-28,AMAT,USD,2002-09-09 00:00:00,2002-09-09 13:19:47,Q3,1459700000,853500000.0,606100000.0,0.4152223059532781,276000000.0,193800000.0,0.0,0.0,469799999.99999994,1323300000.0,27000000.0,99699999.99999999,236100000.0,0.16174556415701857,136400000.0,0.0934438583270535,0.0,163400000.0,0.1119408097554292,48200000.0,115200000.0,0.07892032609440296,0.06764,0.06764,1703200000,1703200000,https://www.sec.gov/Archives/edgar/data/6951/000000695102000013/0000006951-02-000013-index.html,https://www.sec.gov/Archives/edgar/data/6951/000000695102000013/form10q.htm,1620587290,15:08:10,20210509
75,2002-04-28,AMAT,USD,2002-06-07 00:00:00,2002-06-07 14:30:47,Q2,1156500000,693700000.0,462700000.0,0.40008646779074797,256900000.0,166500000.0,0.0,0.0,423399999.9999999,1117099999.9999998,34400000.0,96799999.99999999,136200000.0,0.11776913099870298,39400000.0,0.034068309554690875,0.0,73800000.0,0.06381322957198443,21800000.0,52000000.0,0.04496325118893212,0.03024,0.03024,1719800000,1719800000,https://www.sec.gov/Archives/edgar/data/6951/000000695102000010/0000006951-02-000010-index.html,https://www.sec.gov/Archives/edgar/data/6951/000000695102000010/form10q.htm,1620587290,15:08:10,20210509
76,2002-01-27,AMAT,USD,2002-03-07 00:00:00,2002-03-07 00:00:00,Q1,1000500000,615000000.0,385500000.0,0.3853073463268366,246800000.0,153800000.0,0.0,0.0,486099999.9999999,1101100000.0,36100000.0,91900000.0,-8800000.0,-0.00879560219890055,-100700000.0,-0.1006496751624188,0.0,-64500000.0,-0.06446776611694154,-19000000.0,-45500000.0,-0.04547726136931534,-0.0278,-0.0278,1636400000,1636400000,https://www.sec.gov/Archives/edgar/data/6951/000000695102000004/0000006951-02-000004-index.html,https://www.sec.gov/Archives/edgar/data/6951/000000695102000004/form10q.htm,1620587290,15:08:10,20210509
77,2001-10-28,AMAT,USD,2002-01-23 00:00:00,2002-01-23 00:00:00,Q4,1264700000,796000000.0,468700000.0,0.37060172372894756,272500000.0,206300000.0,0.0,0.0,627400000.0000001,1423400000.0,41900000.0,104300000.00000001,-54399999.999999985,-0.043014153554202565,-158700000.0,-0.12548430457816082,0.0,-116800000.0,-0.09235391792519965,-34400000.0,-82300000.0,-0.06507472127777339,-0.05042,-0.05042,1632200000,1632200000,https://www.sec.gov/Archives/edgar/data/6951/000000695102000002/0000006951-02-000002-index.html,https://www.sec.gov/Archives/edgar/data/6951/000000695102000002/form10k.htm,1620587290,15:08:10,20210509
78,2001-07-29,AMAT,USD,2001-08-24 00:00:00,2001-08-24 00:00:00,Q3,1575900000,920300000.0,655600000.0,0.4160162446855765,277300000.0,240300000.0,0.0,0.0,531800000.0,1452100000.0,43400000.0,97699999.99999999,221500000.0,0.14055460371851006,123800000.0,0.07855828415508598,0.0,167200000.0,0.10609810267148931,52300000.0,114900000.0,0.07291071768513231,0.06728,0.06728,1707800000,1707800000,https://www.sec.gov/Archives/edgar/data/6951/000000695101500008/0000006951-01-500008-index.html,https://www.sec.gov/Archives/edgar/data/6951/000000695101500008/form10q.htm,1620587290,15:08:10,20210509
79,2001-04-29,AMAT,USD,2001-06-07 00:00:00,2001-06-07 00:00:00,Q2,2139400000,1154400000.0,985000000.0,0.4604094605964289,312600000.0,209500000.0,0.0,0.0,580599999.9999999,1735000000.0,41500000.0,93200000.0,497600000.0,0.23258857623632795,404400000.0,0.18902496026923438,0.0,445900000.0,0.20842292231466766,127600000.0,318400000.0,0.1488267738618304,0.18776,0.18776,1695800000,1695800000,https://www.sec.gov/Archives/edgar/data/6951/000000695101500005/0000006951-01-500005-index.html,https://www.sec.gov/Archives/edgar/data/6951/000000695101500005/form10q.htm,1620587290,15:08:10,20210509
80,2001-01-28,AMAT,USD,2001-03-09 00:00:00,2001-03-09 00:00:00,Q1,2363300000,1220500000.0,1142700000.0,0.4835188084458173,336300000.0,245800000.0,0.0,0.0,582099999.9999999,1802600000.0,46800000.0,91800000.0,652400000.0,0.27605466931832606,560600000.0,0.23721067998138196,0.0,607400000.0,0.257013498074726,183200000.0,156800000.0,0.06634790335547751,0.09279,0.09279,1689800000,1689800000,https://www.sec.gov/Archives/edgar/data/6951/000113626101500004/0001136261-01-500004-index.html,https://www.sec.gov/Archives/edgar/data/6951/000113626101500004/form10q.htm,1620587290,15:08:10,20210509
81,2000-10-29,AMAT,USD,2000-10-29,2000-10-29,Q4,2920200000,1411300000.0,1508900000.0,0.5167111841654681,327400000.0,276000000.0,0.0,0.0,603400000.0000001,2014700000.0,42800000.0,92399999.99999999,997900000.0,0.34172316964591465,905500000.0,0.3100815012670365,0.0,948300000.0,0.32473803164166837,284500000.0,663800000.0,0.22731319772618314,0.38537,0.38537,1722500000,1722500000,,,1620587290,15:08:10,20210509
82,2000-07-30,AMAT,USD,2000-09-07 00:00:00,2000-09-07 00:00:00,Q3,2732000000,1340100000.0,1391900000.0,0.509480234260615,303900000.0,261700000.0,0.0,0.0,565700000.0,1905800000.0,36300000.0,85600000.00000001,911800000.0,0.33374816983894584,826200000.0,0.30241581259150807,0.0,862500000.0,0.3157027818448023,258800000.0,603800000.0,0.22101024890190338,0.35021,0.35021,1724100000,1724100000,https://www.sec.gov/Archives/edgar/data/6951/000000695100500005/0000006951-00-500005-index.html,https://www.sec.gov/Archives/edgar/data/6951/000000695100500005/form10q.htm,1620587290,15:08:10,20210509
83,2000-04-30,AMAT,USD,2000-06-08 00:00:00,2000-06-08 00:00:00,Q2,2190031000,1092433000.0,1097598000.0,0.5011792070523202,253283000.0,230470000.0,0.0,0.0,523753000.0,1616186000.0,0.0,103146000.0,676991000.0,0.3091239347753525,573845000.0,0.2620259713218671,28158000.0,669816000.0,0.3058477254431558,200945000.0,468871000.0,0.21409331648730087,0.29,0.27,1610284000,1722400000,https://www.sec.gov/Archives/edgar/data/6951/000000695100000002/0000006951-00-000002-index.html,https://www.sec.gov/Archives/edgar/data/6951/000000695100000002/0000006951-00-000002-0001.htm,1620587290,15:08:10,20210509
84,2000-01-30,AMAT,USD,2000-01-30,2000-01-30,Q1,1722200000,864900000.0,857300000.0,0.49779351991638604,223300000.0,192500000.0,0.0,0.0,415800000.00000006,1280700000.0,25700000.0,87500000.0,529000000.0,0.30716525374520964,441500000.0,0.2563581465567298,0.0,467200000.0,0.27128091975380325,140100000.0,327100000.0,0.18993148298687726,0.19264,0.19264,1698000000,1698000000,,,1620587290,15:08:10,20210509
85,1999-10-31,AMAT,USD,1999-10-31,1999-10-31,Q4,1565500000,780600000.0,784900000.0,0.5013733631427659,203300000.0,180300000.0,0.0,0.0,426800000.0,1207400000.0,0.0,66800000.0,424900000.0,0.27141488342382625,358100000.0,0.22874480996486746,400000.0,385700000.0,0.24637496007665283,132700000.0,307800000.0,0.1966145001596934,0.18671519563239308,0.18671519563239308,1648500000,1648500000,,,1620587290,15:08:10,20210509
86,1999-08-01,AMAT,USD,1999-09-14 00:00:00,1999-09-14 00:00:00,Q3,1490700000,775000000.0,715700000.0,0.48011001542899306,185800000.0,197300000.0,0.0,0.0,385599999.9999999,1160600000.0,14800000.0,70400000.0,400500000.0,0.2686657275105655,330100000.0,0.22143959213792178,0.0,344900000.0,0.23136781377876164,106600000.0,238300000.0,0.15985778493325284,0.14456,0.14456,1648500000,1648500000,https://www.sec.gov/Archives/edgar/data/6951/000000695199000011/0000006951-99-000011-index.html,https://www.sec.gov/Archives/edgar/data/6951/000000695199000011/0000006951-99-000011-d1.html,1620587290,15:08:10,20210509
87,1999-05-02,AMAT,USD,1999-06-15 00:00:00,1999-06-15 00:00:00,Q2,1170700000,628400000.0,542300000.0,0.46322712906807895,179900000.0,167100000.0,0.0,0.0,347000000.0,975400000.0,12500000.0,77700000.0,273000000.0,0.23319381566584094,195300000.0,0.16682326813017853,0.0,207800000.0,0.17750064064235074,64500000.0,143300000.0,0.12240539847954215,0.08739,0.08739,1639700000,1639700000,https://www.sec.gov/Archives/edgar/data/6951/000000695199000008/0000006951-99-000008-index.html,https://www.sec.gov/Archives/edgar/data/6951/0000006951-99-000008.txt,1620587290,15:08:10,20210509
88,1999-01-31,AMAT,USD,1999-01-31,1999-01-31,Q1,742500000,421400000.0,321100000.0,0.4324579124579125,141200000.0,132300000.0,0.0,0.0,278500000.0,699900000.0,0.0,70800000.0,113400000.0,0.15272727272727274,42600000.0,0.057373737373737375,15000000.0,76600000.0,0.10316498316498317,23800000.0,52900000.0,0.07124579124579125,0.03569211669770329,0.034885162529246824,1482120000,1516404000,,,1620587290,15:08:10,20210509
89,1998-10-25,AMAT,USD,1998-10-25,1998-10-25,Q4,673200000,388200000.0,285000000.0,0.4233511586452763,125500000.0,130600000.0,0.0,0.0,469700000.0,857900000.0,-10300000.0,82400000.0,-102300000.0,-0.15196078431372548,-184700000.0,-0.2743612596553773,0.0,-194900000.0,-0.28951277480689247,-66300000.0,-186700000.0,-0.2773321449792038,-0.12696,-0.12696,1470500000,1470500000,,,1620587290,15:08:10,20210509
90,1998-07-26,AMAT,USD,1998-09-09 00:00:00,1998-09-09 00:00:00,Q3,884500000,490100000.0,394400000.0,0.4459016393442623,154000000.0,149600000.0,0.0,0.0,338600000.0,828700000.0,7600000.0,74500000.0,130300000.0,0.14731486715658565,55800000.0,0.06308648954211418,0.0,63400000.0,0.07167891464104013,15900000.0,47500000.0,0.053702656868287166,0.03141,0.03141,1512300000,1512300000,https://www.sec.gov/Archives/edgar/data/6951/000089161898004169/0000891618-98-004169-index.html,https://www.sec.gov/Archives/edgar/data/6951/0000891618-98-004169.txt,1620587290,15:08:10,20210509
91,1998-04-26,AMAT,USD,1998-06-04 00:00:00,1998-06-04 00:00:00,Q2,1176300000,622000000.0,554300000.0,0.47122332738247047,181900000.0,161400000.0,0.0,0.0,343400000.0,965400000.0,6300000.0,69699999.99999999,280600000.0,0.23854458896539998,210900000.0,0.1792909971945932,0.0,217300000.0,0.1847317861089858,76000000.0,141200000.0,0.12003740542378645,0.09308,0.09308,1517000000,1517000000,https://www.sec.gov/Archives/edgar/data/6951/000089161898002726/0000891618-98-002726-index.html,https://www.sec.gov/Archives/edgar/data/6951/0000891618-98-002726.txt,1620587290,15:08:10,20210509
92,1998-01-25,AMAT,USD,1998-03-11,1998-03-11,Q1,1307700000,678200000.0,629400000.0,0.4813030511585226,182300000.0,152200000.0,0.0,0.0,366799999.99999994,1045000000.0,89400000.0,66900000.0,329600000.0,0.2520455762024929,262700000.0,0.20088705360556702,0.0,352100000.0,0.2692513573449568,123300000.0,228900000.0,0.17504014682266575,0.15095,0.15095,1516400000,1516400000,https://www.sec.gov/Archives/edgar/data/6951/0000891618-98-001076-index.html,https://www.sec.gov/Archives/edgar/data/6951/,1620587290,15:08:10,20210509
93,1997-10-26,AMAT,USD,1997-10-26,1997-10-26,Q4,1280400000,664000000.0,616400000.0,0.4814120587316464,175300000.0,164400000.0,0.0,0.0,339700000.00000006,1003700000.0,400000.0,56900000.00000001,333600000.0,0.260543580131209,276700000.0,0.2161043423930022,0.0,277100000.0,0.21641674476726022,97000000.0,180100000.0,0.14065916900968448,0.1168,0.1168,1541900000,1541900000,,,1620587290,15:08:10,20210509
94,1997-07-27,AMAT,USD,1997-09-08 00:00:00,1997-09-08 00:00:00,Q3,1057200000,558300000.0,498900000.0,0.47190692395005673,143900000.0,141800000.0,0.0,0.0,302000000.0,860300000.0,90200000.0,56700000.0,253600000.0,0.23987892546348846,196900000.0,0.18624668936814226,0.0,287100000.0,0.2715664018161181,100500000.0,186600000.0,0.1765039727582293,0.12301,0.12301,1516900000,1516900000,https://www.sec.gov/Archives/edgar/data/6951/000089161897003709/0000891618-97-003709-index.html,https://www.sec.gov/Archives/edgar/data/6951/0000891618-97-003709.txt,1620587290,15:08:10,20210509
95,1997-04-27,AMAT,USD,1997-06-11 00:00:00,1997-06-11 00:00:00,Q2,900900000,486800000.0,414000000.0,0.4595404595404595,132000000.0,134600000.0,0.0,0.0,266599999.99999997,753400000.0,9700000.0,57300000.0,204800000.0,0.22732822732822733,147500000.0,0.1637251637251637,0.0,157100000.0,0.17438117438117437,55000000.0,102100000.0,0.11333111333111333,0.06792,0.06792,1503200000,1503200000,https://www.sec.gov/Archives/edgar/data/6951/000089161897002559/0000891618-97-002559-index.html,https://www.sec.gov/Archives/edgar/data/6951/0000891618-97-002559.txt,1620587290,15:08:10,20210509
96,1997-01-26,AMAT,USD,1997-03-12 00:00:00,1997-03-12 00:00:00,Q1,835800000,464100000.0,371700000.0,0.44472361809045224,116500000.0,125900000.0,0.0,0.0,301900000.0,766000000.0,7800000.0,48500000.0,118300000.0,0.14154103852596314,69800000.0,0.08351280210576693,0.0,77500000.0,0.09272553242402488,48000000.0,29600000.0,0.035415171093563055,0.01995,0.01995,1483500000,1483500000,https://www.sec.gov/Archives/edgar/data/6951/000089161897001150/0000891618-97-001150-index.html,https://www.sec.gov/Archives/edgar/data/6951/0000891618-97-001150.txt,1620587290,15:08:10,20210509
97,1996-10-27,AMAT,USD,1997-01-24 00:00:00,1997-01-24 00:00:00,Q4,861000000,481300000.0,379700000.0,0.44099883855981414,117900000.0,129800000.0,0.0,0.0,272800000.0,754100000.0,5500000.0,45000000.0,151900000.0,0.17642276422764228,106900000.0,0.12415795586527294,0.0,112400000.0,0.1305458768873403,39300000.0,73100000.0,0.08490127758420442,0.04983,0.04983,1467000000,1467000000,https://www.sec.gov/Archives/edgar/data/6951/000089161897000148/0000891618-97-000148-index.html,https://www.sec.gov/Archives/edgar/data/6951/0000891618-97-000148.txt,1620587290,15:08:10,20210509
98,1996-07-28,AMAT,USD,1996-09-11 00:00:00,1996-09-11 00:00:00,Q3,1115400000,583400000.0,532000000.0,0.4769589384974,128300000.0,147600000.0,0.0,0.0,276000000.0,859400000.0,4000000.0,40800000.00000001,296900000.0,0.26618253541330467,256100000.0,0.2296037296037296,0.0,260100000.0,0.23318988703604088,91000000.0,169100000.0,0.1516048054509593,0.11528,0.11528,1466900000,1466900000,https://www.sec.gov/Archives/edgar/data/6951/000089161896001990/0000891618-96-001990-index.html,https://www.sec.gov/Archives/edgar/data/6951/0000891618-96-001990.txt,1620587290,15:08:10,20210509
99,1996-04-28,AMAT,USD,1996-06-10 00:00:00,1996-06-10 00:00:00,Q2,1127900000,586600000.0,541300000.0,0.47991843248514937,124900000.0,135400000.0,0.0,0.0,260299999.99999994,846900000.0,4900000.0,33400000.000000007,314400000.0,0.27874811596772764,281000000.0,0.24913556166326803,0.0,285900000.0,0.25347991843248513,100100000.0,185800000.0,0.16473091586133523,0.12643,0.12643,1469600000,1469600000,https://www.sec.gov/Archives/edgar/data/6951/000089161896000809/0000891618-96-000809-index.html,https://www.sec.gov/Archives/edgar/data/6951/0000891618-96-000809.txt,1620587290,15:08:10,20210509
100,1996-01-28,AMAT,USD,1996-03-04 00:00:00,1996-03-04 00:00:00,Q1,1040600000,543800000.0,496800000.0,0.477416874879877,110400000.0,126800000.0,0.0,0.0,237200000.00000006,781000000.0,4400000.0,29700000.0,289300000.0,0.27801268498942916,259600000.0,0.24947145877378435,0.0,264000000.0,0.2536997885835095,92400000.0,171600000.0,0.1649048625792812,0.11658,0.11658,1472000000,1472000000,https://www.sec.gov/Archives/edgar/data/6951/000089161896000124/0000891618-96-000124-index.html,https://www.sec.gov/Archives/edgar/data/6951/0000891618-96-000124.txt,1620587290,15:08:10,20210509
101,1995-10-31,AMAT,USD,1996-01-12 00:00:00,1996-01-12 00:00:00,Q4,982700000,524200000.0,458500000.0,0.4665716902411723,110500000.0,118500000.0,0.0,0.0,224800000.0,749000000.0,0.0,29100000.0,262800000.0,0.26742647807062175,233700000.0,0.23781418540755062,0.0,239000000.0,0.24320748956955326,83700000.0,155400000.0,0.15813574844815304,0.10557065217391304,0.10557065217391304,1472000000,1472000000,https://www.sec.gov/Archives/edgar/data/6951/000089161896000013/0000891618-96-000013-index.html,https://www.sec.gov/Archives/edgar/data/6951/0000891618-96-000013.txt,1620587290,15:08:10,20210509
102,1995-07-30,AMAT,USD,1995-09-12 00:00:00,1995-09-12 00:00:00,Q3,897700000,489300000.0,408400000.0,0.45494040325275703,85800000.0,106600000.0,0.0,0.0,194999999.99999994,684299999.9999999,800000.0,18400000.0,231800000.0,0.25821543945638853,213400000.0,0.23771861423638185,0.0,214200000.0,0.2386097805502952,75000000.0,139200000.0,0.15506293862092013,0.09789,0.09789,1422000000,1422000000,https://www.sec.gov/Archives/edgar/data/6951/000089161895000535/0000891618-95-000535-index.html,https://www.sec.gov/Archives/edgar/data/6951/0000891618-95-000535.txt,1620587290,15:08:10,20210509
103,1995-04-30,AMAT,USD,1995-06-07 00:00:00,1995-06-07 00:00:00,Q2,675400000,370400000.0,305000000.0,0.45158424637252,73400000.0,86900000.0,0.0,0.0,160300000.0,530700000.0,0.0,20000000.0,164700000.0,0.2438554930411608,144700000.0,0.2142434113118152,100000.0,144100000.0,0.21335504885993486,50400000.0,93600000.0,0.1385845424933373,0.07,0.07,1387248000,1387248000,https://www.sec.gov/Archives/edgar/data/6951/000089161895000316/0000891618-95-000316-index.html,https://www.sec.gov/Archives/edgar/data/6951/0000891618-95-000316.txt,1620587290,15:08:10,20210509
104,1995-01-29,AMAT,USD,1995-03-03 00:00:00,1995-03-03 00:00:00,Q1,506100000,268100000.0,238000000.0,0.4702627939142462,60000000.0,74200000.0,0.0,0.0,136000000.0,404100000.0,-800000.0,15600000.0,117700000.0,0.23256273463742344,102100000.0,0.20173878680102747,0.0,101200000.0,0.19996048211815848,35400000.0,65800000.0,0.13001383125864455,0.04765,0.04765,1380900000,1380900000,https://www.sec.gov/Archives/edgar/data/6951/000089161895000116/0000891618-95-000116-index.html,https://www.sec.gov/Archives/edgar/data/6951/0000891618-95-000116.txt,1620587290,15:08:10,20210509
105,1994-10-31,AMAT,USD,1994-12-21 00:00:00,1994-12-21 00:00:00,Q4,467800000,250400000.0,217400000.0,0.46472851646002566,53700000.0,68200000.0,0.0,0.0,119200000.0,369600000.0,0.0,16900000.0,115100000.0,0.2460453185121847,98200000.0,0.2099187687045746,-11600000.0,97100000.0,0.2075673364685763,34000000.0,63100000.0,0.13488670371953826,0.04569483670070244,0.04569483670070244,1380900000,1380900000,https://www.sec.gov/Archives/edgar/data/6951/000089161894000267/0000891618-94-000267-index.html,https://www.sec.gov/Archives/edgar/data/6951/0000891618-94-000267.txt,1620587290,15:08:10,20210509
106,1994-07-31,AMAT,USD,1994-09-12 00:00:00,1994-09-12 00:00:00,Q3,440200000,234700000.0,205500000.0,0.4668332576101772,52500000.0,60100000.0,0.0,0.0,113300000.0,348000000.0,0.0,18300000.0,110500000.0,0.2510222626079055,92200000.0,0.20945024988641528,3800000.0,91500000.0,0.20786006360745116,32000000.0,58100000.0,0.1319854611540209,0.045,0.045,1376528000,1376528000,https://www.sec.gov/Archives/edgar/data/6951/000000695194000027/0000006951-94-000027-index.html,https://www.sec.gov/Archives/edgar/data/6951/0000006951-94-000027.txt,1620587290,15:08:10,20210509
107,1994-05-01,AMAT,USD,1994-06-03 00:00:00,1994-06-03 00:00:00,Q2,411300000,221900000.0,189400000.0,0.46049112569900313,43700000.0,59900000.0,0.0,0.0,102999999.99999997,324899999.99999994,-1200000.0,12399999.999999998,98800000.0,0.24021395575006077,86400000.0,0.2100656455142232,0.0,85200000.0,0.20714806710430342,29800000.0,55100000.0,0.13396547532214928,0.04063,0.04063,1356200000,1356200000,https://www.sec.gov/Archives/edgar/data/6951/000000695194000022/0000006951-94-000022-index.html,https://www.sec.gov/Archives/edgar/data/6951/0000006951-94-000022.txt,1620587290,15:08:10,20210509
108,1994-01-31,AMAT,USD,1994-01-31,1994-01-31,Q2,340400000,184500000.0,155900000.0,0.4579905992949471,39200000.0,53700000.0,0.0,0.0,93600000.0,278100000.0,0.0,11500000.0,73800000.0,0.21680376028202114,62300000.0,0.18301997649823737,-2800000.0,60700000.0,0.17831962397179787,21200000.0,44400000.0,0.13043478260869565,0.035,0.035,1331920000,1331920000,,,1620587290,15:08:10,20210509
109,1993-07-31,AMAT,USD,1993-07-31,1993-07-31,Q3,281400000,146000000.0,135400000.0,0.48116560056858565,0.0,80700000.0,0.0,0.0,90100000.0,236100000.0,0.0,9500000.0,54800000.0,0.1947405828002843,45300000.0,0.16098081023454158,100000.0,42100000.0,0.1496090973702914,13900000.0,28200000.0,0.10021321961620469,0.025,0.025,1128000000,1128000000,,,1620587290,15:08:10,20210509
110,1993-04-30,AMAT,USD,1993-04-30,1993-04-30,Q2,255700000,135800000.0,119900000.0,0.46890887759092686,0.0,74200000.0,0.0,0.0,83600000.0,219400000.0,0.0,9400000.0,45700000.0,0.17872506843957764,36300000.0,0.14196323816973017,300000.0,33300000.0,0.1302307391474384,11000000.0,22300000.0,0.087211576065702,0.02,0.02,1115000000,1115000000,,,1620587290,15:08:10,20210509
111,1993-01-31,AMAT,USD,1993-01-31,1993-01-31,Q2,215600000,115300000.0,100300000.0,0.4652133580705009,0.0,67900000.0,0.0,0.0,76500000.0,191800000.0,0.0,8600000.0,32400000.0,0.150278293135436,23800000.0,0.11038961038961038,1800000.0,21900000.0,0.10157699443413729,7200000.0,14700000.0,0.06818181818181818,0.015,0.015,980000000,980000000,,,1620587290,15:08:10,20210509
112,1992-07-31,AMAT,USD,1992-07-31,1992-07-31,Q3,193800000,104800000.0,89000000.0,0.45923632610939114,0.0,60400000.0,0.0,0.0,69500000.0,174300000.0,0.0,7100000.0,26600000.0,0.13725490196078433,19500000.0,0.10061919504643962,0.0,16000000.0,0.0825593395252838,5300000.0,10700000.0,0.05521155830753354,0.01,0.01,1070000000,1070000000,,,1620587290,15:08:10,20210509
113,1992-04-30,AMAT,USD,1992-04-30,1992-04-30,Q2,180100000,100600000.0,79500000.0,0.4414214325374792,0.0,55600000.0,0.0,0.0,62500000.0,163100000.0,0.0,6900000.0,23900000.0,0.13270405330372015,17000000.0,0.09439200444197668,700000.0,13900000.0,0.07717934480843976,4500000.0,9400000.0,0.05219322598556358,0.01,0.01,940000000,940000000,,,1620587290,15:08:10,20210509
114,1992-01-31,AMAT,USD,1992-01-31,1992-01-31,Q2,167000000,93300000.0,73700000.0,0.4413173652694611,0.0,53700000.0,0.0,0.0,60500000.0,153800000.0,0.0,6800000.0,20000000.0,0.11976047904191617,13200000.0,0.07904191616766468,600000.0,9700000.0,0.05808383233532934,3300000.0,6400000.0,0.03832335329341317,0.01,0.01,1093472000,1093472000,,,1620587290,15:08:10,20210509
115,1991-07-31,AMAT,USD,1991-07-31,1991-07-31,Q3,167300000,92100000.0,75200000.0,0.44949193066347876,0.0,53200000.0,0.0,0.0,59300000.0,151400000.0,0.0,6000000.0,21900000.0,0.13090257023311416,15900000.0,0.09503885236102809,800000.0,12300000.0,0.07352062163777645,3900000.0,8400000.0,0.0502092050209205,0.01,0.01,840000000,840000000,,,1620587290,15:08:10,20210509
116,1991-04-30,AMAT,USD,1991-04-30,1991-04-30,Q2,166100000,90000000.0,76100000.0,0.45815773630343165,0.0,55000000.0,0.0,0.0,61300000.0,151300000.0,0.0,6400000.0,21200000.0,0.127633955448525,14800000.0,0.08910295003010235,-100000.0,11600000.0,0.06983744732089103,4300000.0,7300000.0,0.04394942805538832,0.01,0.01,840000000,840000000,,,1620587290,15:08:10,20210509
117,1991-01-31,AMAT,USD,1991-01-31,1991-01-31,Q2,144600000,78600000.0,66000000.0,0.45643153526970953,0.0,51600000.0,0.0,0.0,57000000.0,135600000.0,0.0,5400000.0,14400000.0,0.0995850622406639,9000000.0,0.06224066390041494,200000.0,6700000.0,0.04633471645919779,2500000.0,4200000.0,0.029045643153526972,0.005,0.005,840000000,840000000,,,1620587290,15:08:10,20210509
118,1990-07-31,AMAT,USD,1990-07-31,1990-07-31,Q3,144200000,71400000.0,72800000.0,0.5048543689320388,0.0,53300000.0,0.0,0.0,57200000.0,128600000.0,0.0,3800000.0,19400000.0,0.13453536754507628,15600000.0,0.10818307905686546,600000.0,14500000.0,0.10055478502080444,5000000.0,9500000.0,0.06588072122052704,0.01,0.01,950000000,950000000,,,1620587290,15:08:10,20210509
119,1990-04-30,AMAT,USD,1990-04-30,1990-04-30,Q2,143100000,71600000.0,71500000.0,0.4996505939902166,0.0,49900000.0,0.0,0.0,53300000.0,124900000.0,0.0,3500000.0,21700000.0,0.15164220824598182,18200000.0,0.12718378756114604,400000.0,16900000.0,0.11809923130677848,6400000.0,10500000.0,0.07337526205450734,0.01,0.01,1050000000,1050000000,,,1620587290,15:08:10,20210509
120,1990-01-31,AMAT,USD,1990-01-31,1990-01-31,Q2,138800000,69500000.0,69300000.0,0.4992795389048991,0.0,47300000.0,0.0,0.0,50700000.0,120200000.0,0.0,3400000.0,22000000.0,0.1585014409221902,18600000.0,0.1340057636887608,600000.0,17900000.0,0.12896253602305474,6800000.0,11100000.0,0.07997118155619597,0.015,0.015,740000000,740000000,,,1620587290,15:08:10,20210509
121,1989-07-31,AMAT,USD,1989-07-31,1989-07-31,Q3,130200000,0.0,0.0,0.0,0.0,0.0,0.0,0.0,0.0,0.0,0.0,0.0,130200000.0,1.0,130200000.0,1.0,0.0,0.0,0.0,0.0,0.0,0.0,0.015,0.015,1071232000,1071232000,,,1620587290,15:08:10,20210509
122,1989-04-30,AMAT,USD,1989-04-30,1989-04-30,Q2,122800000,0.0,0.0,0.0,0.0,0.0,0.0,0.0,0.0,0.0,0.0,0.0,122800000.0,1.0,122800000.0,1.0,0.0,0.0,0.0,0.0,0.0,0.0,0.015,0.015,1067072000,1067072000,,,1620587290,15:08:10,20210509
123,1989-01-31,AMAT,USD,1989-01-31,1989-01-31,Q2,106700000,0.0,0.0,0.0,0.0,0.0,0.0,0.0,0.0,0.0,0.0,0.0,106700000.0,1.0,106700000.0,1.0,0.0,0.0,0.0,0.0,0.0,0.0,0.015,0.015,1014912000,1014912000,,,1620587290,15:08:10,20210509
124,1988-07-31,AMAT,USD,1988-07-31,1988-07-31,Q3,103400000,0.0,0.0,0.0,0.0,0.0,0.0,0.0,0.0,0.0,0.0,0.0,103400000.0,1.0,103400000.0,1.0,0.0,0.0,0.0,0.0,0.0,0.0,0.015,0.015,1042240000,1042240000,,,1620587290,15:08:10,20210509
125,1988-04-30,AMAT,USD,1988-04-30,1988-04-30,Q2,82600000,0.0,0.0,0.0,0.0,0.0,0.0,0.0,0.0,0.0,0.0,0.0,82600000.0,1.0,82600000.0,1.0,0.0,0.0,0.0,0.0,0.0,0.0,0.01,0.01,1047232000,1047232000,,,1620587290,15:08:10,20210509
126,1988-01-31,AMAT,USD,1988-01-31,1988-01-31,Q2,64000000,0.0,0.0,0.0,0.0,0.0,0.0,0.0,0.0,0.0,0.0,0.0,64000000.0,1.0,64000000.0,1.0,0.0,0.0,0.0,0.0,0.0,0.0,0.01,0.01,990272000,990272000,,,1620587290,15:08:10,20210509
127,1987-07-31,AMAT,USD,1987-07-31,1987-07-31,Q3,44100000,0.0,0.0,0.0,0.0,0.0,0.0,0.0,0.0,0.0,0.0,0.0,44100000.0,1.0,44100000.0,1.0,0.0,0.0,0.0,0.0,0.0,0.0,0.005,0.005,840448000,840448000,,,1620587290,15:08:10,20210509
128,1987-04-30,AMAT,USD,1987-04-30,1987-04-30,Q2,40900000,0.0,0.0,0.0,0.0,0.0,0.0,0.0,0.0,0.0,0.0,0.0,40900000.0,1.0,40900000.0,1.0,0.0,0.0,0.0,0.0,0.0,0.0,-0.005,-0.005,840448000,840448000,,,1620587290,15:08:10,20210509
129,1987-01-31,AMAT,USD,1987-01-31,1987-01-31,Q2,36100000,0.0,0.0,0.0,0.0,0.0,0.0,0.0,0.0,0.0,0.0,0.0,36100000.0,1.0,36100000.0,1.0,0.0,0.0,0.0,0.0,0.0,0.0,-0.005,-0.005,840448000,840448000,,,1620587290,15:08:10,20210509
130,1986-07-31,AMAT,USD,1986-07-31,1986-07-31,Q3,39200000,0.0,0.0,0.0,0.0,0.0,0.0,0.0,0.0,0.0,0.0,0.0,39200000.0,1.0,39200000.0,1.0,0.0,0.0,0.0,0.0,0.0,0.0,0.005,0.005,833344000,833344000,,,1620587290,15:08:10,20210509
131,1986-04-30,AMAT,USD,1986-04-30,1986-04-30,Q2,36000000,0.0,0.0,0.0,0.0,0.0,0.0,0.0,0.0,0.0,0.0,0.0,36000000.0,1.0,36000000.0,1.0,0.0,0.0,0.0,0.0,0.0,0.0,0.005,0.005,841344000,841344000,,,1620587290,15:08:10,20210509
132,1986-01-31,AMAT,USD,1986-01-31,1986-01-31,Q2,33900000,0.0,0.0,0.0,0.0,0.0,0.0,0.0,0.0,0.0,0.0,0.0,33900000.0,1.0,33900000.0,1.0,0.0,0.0,0.0,0.0,0.0,0.0,0.005,0.005,840832000,840832000,,,1620587290,15:08:10,20210509
