,date,symbol,reportedCurrency,fillingDate,acceptedDate,period,revenue,costOfRevenue,grossProfit,grossProfitRatio,researchAndDevelopmentExpenses,generalAndAdministrativeExpenses,sellingAndMarketingExpenses,otherExpenses,operatingExpenses,costAndExpenses,interestExpense,depreciationAndAmortization,ebitda,ebitdaratio,operatingIncome,operatingIncomeRatio,totalOtherIncomeExpensesNet,incomeBeforeTax,incomeBeforeTaxRatio,incomeTaxExpense,netIncome,netIncomeRatio,eps,epsdiluted,weightedAverageShsOut,weightedAverageShsOutDil,link,finalLink,timestamp,est_time,est_date
0,2019-06-30,ERX.AX,AUD,2019-06-30,2019-06-30,Q2,0.0,0.0,0.0,0.0,0.0,252660.75,0.0,9257.0,1706261.25,0.0,0.0,6608.75,-1958922.0,0.0,-1965530.75,0.0,13301.5,-1875936.75,0.0,0.0,-1613937.75,0.0,-0.003975,-0.003975,405614681.0,405614681.0,,,1620591757,16:22:37,20210509
1,2019-03-31,ERX.AX,AUD,2019-03-31,2019-03-31,Q1,0.0,0.0,0.0,0.0,0.0,252660.75,0.0,9257.0,1706261.25,0.0,0.0,6608.75,-1958922.0,0.0,-1965530.75,0.0,13301.5,-1875936.75,0.0,0.0,-1613937.75,0.0,-0.003975,-0.003975,405614681.0,405614681.0,,,1620591757,16:22:37,20210509
2,2019-01-31,ERX.AX,AUD,2019-01-31,2019-01-31,Q1,0.0,0.0,0.0,0.0,0.0,252660.75,0.0,9257.0,1706261.25,0.0,0.0,6608.75,-1958922.0,0.0,-1965530.75,0.0,13301.5,-1875936.75,0.0,0.0,-1613937.75,0.0,-0.003975,-0.003975,405614681.0,405614681.0,,,1620591757,16:22:37,20210509
3,2018-06-30,ERX.AX,AUD,2018-06-30,2018-06-30,Q2,0.0,0.0,0.0,0.0,0.0,87280.75,0.0,480850.25,748335.5,0.0,0.0,20667.5,-836838.75,0.0,-857506.25,0.0,476180.0,-289203.75,0.0,-147163.5,-142040.25,0.0,-0.000375,-0.000375,371593578.0,371593578.0,,,1620591757,16:22:37,20210509
4,2018-03-31,ERX.AX,AUD,2018-03-31,2018-03-31,Q1,0.0,0.0,0.0,0.0,0.0,87280.75,0.0,480850.25,748335.5,0.0,0.0,20667.5,-836838.75,0.0,-857506.25,0.0,476180.0,-289203.75,0.0,-147163.5,-142040.25,0.0,-0.000375,-0.000375,371593578.0,371593578.0,,,1620591757,16:22:37,20210509
5,2018-01-31,ERX.AX,AUD,2018-01-31,2018-01-31,Q1,0.0,0.0,0.0,0.0,0.0,87280.75,0.0,480850.25,748335.5,0.0,0.0,20667.5,-836838.75,0.0,-857506.25,0.0,476180.0,-289203.75,0.0,-147163.5,-142040.25,0.0,-0.000375,-0.000375,371593578.0,371593578.0,,,1620591757,16:22:37,20210509
6,2017-06-30,ERX.AX,AUD,2017-06-30,2017-06-30,Q2,0.0,0.0,0.0,0.0,0.0,158776.25,131625.75,696761.0,1311337.75,0.0,0.0,7868.5,-1601739.75,0.0,-1609608.25,0.0,694074.75,-823087.0,0.0,154687.5,-977774.5,0.0,-0.00275,-0.00275,351472756.0,351472756.0,,,1620591757,16:22:37,20210509
7,2017-03-31,ERX.AX,AUD,2017-03-31,2017-03-31,Q1,0.0,0.0,0.0,0.0,0.0,158776.25,131625.75,696761.0,1311337.75,0.0,0.0,7868.5,-1601739.75,0.0,-1609608.25,0.0,694074.75,-823087.0,0.0,154687.5,-977774.5,0.0,-0.00275,-0.00275,351472756.0,351472756.0,,,1620591757,16:22:37,20210509
8,2017-01-31,ERX.AX,AUD,2017-01-31,2017-01-31,Q1,0.0,0.0,0.0,0.0,0.0,158776.25,131625.75,696761.0,1311337.75,0.0,0.0,7868.5,-1601739.75,0.0,-1609608.25,0.0,694074.75,-823087.0,0.0,154687.5,-977774.5,0.0,-0.00275,-0.00275,351472756.0,351472756.0,,,1620591757,16:22:37,20210509
9,2016-06-30,ERX.AX,AUD,2016-06-30,2016-06-30,Q2,0.0,0.0,0.0,0.0,0.0,41037.25,67615.0,-588.5,387225.5,0.0,0.0,61.5,-495877.75,0.0,-495939.25,0.0,-588.5,-478051.0,0.0,0.0,-478051.0,0.0,-0.003275,-0.003275,145543357.0,145543357.0,,,1620591757,16:22:37,20210509
10,2016-03-31,ERX.AX,AUD,2016-03-31,2016-03-31,Q1,0.0,0.0,0.0,0.0,0.0,41037.25,67615.0,-588.5,387225.5,0.0,0.0,61.5,-495877.75,0.0,-495939.25,0.0,-588.5,-478051.0,0.0,0.0,-478051.0,0.0,-0.003275,-0.003275,145543357.0,145543357.0,,,1620591757,16:22:37,20210509
11,2016-01-31,ERX.AX,AUD,2016-01-31,2016-01-31,Q1,0.0,0.0,0.0,0.0,0.0,41037.25,67615.0,-588.5,387225.5,0.0,0.0,61.5,-495877.75,0.0,-495939.25,0.0,-588.5,-478051.0,0.0,0.0,-478051.0,0.0,-0.003275,-0.003275,145543357.0,145543357.0,,,1620591757,16:22:37,20210509
12,2015-09-30,ERX.AX,AUD,2015-09-30,2015-09-30,Q3,0.0,0.0,0.0,0.0,0.0,-19479.75,32692.25,-32692.25,41047.5,0.0,0.0,162.5,-54260.0,0.0,-54422.5,0.0,-32692.25,-52214.75,0.0,0.0,-52214.75,0.0,-0.00105,-0.00105,49544205.0,49544205.0,,,1620591757,16:22:37,20210509
13,2015-06-30,ERX.AX,AUD,2015-06-30,2015-06-30,Q2,0.0,0.0,0.0,0.0,0.0,-19479.75,32692.25,-32692.25,41047.5,0.0,0.0,162.5,-54260.0,0.0,-54422.5,0.0,-32692.25,-52214.75,0.0,0.0,-52214.75,0.0,-0.00105,-0.00105,49544205.0,49544205.0,,,1620591757,16:22:37,20210509
14,2015-03-31,ERX.AX,AUD,2015-03-31,2015-03-31,Q1,0.0,0.0,0.0,0.0,0.0,-19479.75,32692.25,-32692.25,41047.5,0.0,0.0,162.5,-54260.0,0.0,-54422.5,0.0,-32692.25,-52214.75,0.0,0.0,-52214.75,0.0,-0.00105,-0.00105,49544205.0,49544205.0,,,1620591757,16:22:37,20210509
15,2015-01-31,ERX.AX,AUD,2015-01-31,2015-01-31,Q1,0.0,0.0,0.0,0.0,0.0,-19479.75,32692.25,-32692.25,41047.5,0.0,0.0,162.5,-54260.0,0.0,-54422.5,0.0,-32692.25,-52214.75,0.0,0.0,-52214.75,0.0,-0.00105,-0.00105,49544205.0,49544205.0,,,1620591757,16:22:37,20210509
16,2014-09-30,ERX.AX,AUD,2014-09-30,2014-09-30,Q3,0.0,0.0,0.0,0.0,0.0,78103.5,14302.5,15000.0,59924.25,0.0,0.0,320.75,-152330.25,0.0,-152651.0,0.0,4583.25,-145536.5,0.0,0.0,-145536.5,0.0,-0.005,-0.005,28750477.0,28750477.0,,,1620591757,16:22:37,20210509
17,2014-06-30,ERX.AX,AUD,2014-06-30,2014-06-30,Q2,0.0,0.0,0.0,0.0,0.0,78103.5,14302.5,15000.0,59924.25,0.0,0.0,320.75,-152330.25,0.0,-152651.0,0.0,4583.25,-145536.5,0.0,0.0,-145536.5,0.0,-0.005,-0.005,28750477.0,28750477.0,,,1620591757,16:22:37,20210509
18,2014-03-31,ERX.AX,AUD,2014-03-31,2014-03-31,Q1,0.0,0.0,0.0,0.0,0.0,78103.5,14302.5,15000.0,59924.25,0.0,0.0,320.75,-152330.25,0.0,-152651.0,0.0,4583.25,-145536.5,0.0,0.0,-145536.5,0.0,-0.005,-0.005,28750477.0,28750477.0,,,1620591757,16:22:37,20210509
19,2014-01-31,ERX.AX,AUD,2014-01-31,2014-01-31,Q1,0.0,0.0,0.0,0.0,0.0,78103.5,14302.5,15000.0,59924.25,0.0,0.0,320.75,-152330.25,0.0,-152651.0,0.0,4583.25,-145536.5,0.0,0.0,-145536.5,0.0,-0.005,-0.005,28750477.0,28750477.0,,,1620591757,16:22:37,20210509
20,2013-09-30,ERX.AX,AUD,2013-09-30,2013-09-30,Q3,0.0,0.0,0.0,0.0,0.0,165594.75,32709.0,-79921.0,130722.5,0.0,18753.75,1933.5,-347926.25,0.0,-349859.75,0.0,-227628.5,-590500.5,0.0,0.0,-590500.5,0.0,-0.025,-0.025,23648626.0,23648626.0,,,1620591757,16:22:37,20210509
21,2013-06-30,ERX.AX,AUD,2013-06-30,2013-06-30,Q2,0.0,0.0,0.0,0.0,0.0,165594.75,32709.0,-79921.0,130722.5,0.0,18753.75,1933.5,-347926.25,0.0,-349859.75,0.0,-227628.5,-590500.5,0.0,0.0,-590500.5,0.0,-0.025,-0.025,23648626.0,23648626.0,,,1620591757,16:22:37,20210509
22,2013-03-31,ERX.AX,AUD,2013-03-31,2013-03-31,Q1,0.0,0.0,0.0,0.0,0.0,165594.75,32709.0,-79921.0,130722.5,0.0,18753.75,1933.5,-347926.25,0.0,-349859.75,0.0,-227628.5,-590500.5,0.0,0.0,-590500.5,0.0,-0.025,-0.025,23648626.0,23648626.0,,,1620591757,16:22:37,20210509
23,2013-01-31,ERX.AX,AUD,2013-01-31,2013-01-31,Q1,0.0,0.0,0.0,0.0,0.0,165594.75,32709.0,-79921.0,130722.5,0.0,18753.75,1933.5,-347926.25,0.0,-349859.75,0.0,-227628.5,-590500.5,0.0,0.0,-590500.5,0.0,-0.025,-0.025,23648626.0,23648626.0,,,1620591757,16:22:37,20210509
24,2012-09-30,ERX.AX,AUD,2012-09-30,2012-09-30,Q3,0.0,0.0,0.0,0.0,0.0,44659.0,15772.5,50000.0,559949.5,0.0,0.0,1915.25,-620381.0,0.0,-622296.25,0.0,17309.0,-588332.0,0.0,0.0,-588332.0,0.0,-0.0275,-0.0275,21645247.0,21645247.0,,,1620591757,16:22:37,20210509
25,2012-06-30,ERX.AX,AUD,2012-06-30,2012-06-30,Q2,0.0,0.0,0.0,0.0,0.0,44659.0,15772.5,50000.0,559949.5,0.0,0.0,1915.25,-620381.0,0.0,-622296.25,0.0,17309.0,-588332.0,0.0,0.0,-588332.0,0.0,-0.0275,-0.0275,21645247.0,21645247.0,,,1620591757,16:22:37,20210509
26,2012-03-31,ERX.AX,AUD,2012-03-31,2012-03-31,Q1,0.0,0.0,0.0,0.0,0.0,44659.0,15772.5,50000.0,559949.5,0.0,0.0,1915.25,-620381.0,0.0,-622296.25,0.0,17309.0,-588332.0,0.0,0.0,-588332.0,0.0,-0.0275,-0.0275,21645247.0,21645247.0,,,1620591757,16:22:37,20210509
27,2012-01-31,ERX.AX,AUD,2012-01-31,2012-01-31,Q1,0.0,0.0,0.0,0.0,0.0,44659.0,15772.5,50000.0,559949.5,0.0,0.0,1915.25,-620381.0,0.0,-622296.25,0.0,17309.0,-588332.0,0.0,0.0,-588332.0,0.0,-0.0275,-0.0275,21645247.0,21645247.0,,,1620591757,16:22:37,20210509
28,2011-09-30,ERX.AX,AUD,2011-09-30,2011-09-30,Q3,0.0,0.0,0.0,0.0,0.0,62974.25,14112.0,1134.0,59894.5,0.0,0.0,1828.0,-136980.75,0.0,-138808.75,0.0,-34091.0,-156120.25,0.0,0.0,-156120.25,0.0,-0.01,-0.01,16395472.0,16395472.0,,,1620591757,16:22:37,20210509
29,2011-06-30,ERX.AX,AUD,2011-06-30,2011-06-30,Q2,0.0,0.0,0.0,0.0,0.0,62974.25,14112.0,1134.0,59894.5,0.0,0.0,1828.0,-136980.75,0.0,-138808.75,0.0,-34091.0,-156120.25,0.0,0.0,-156120.25,0.0,-0.01,-0.01,16395472.0,16395472.0,,,1620591757,16:22:37,20210509
30,2011-03-31,ERX.AX,AUD,2011-03-31,2011-03-31,Q1,0.0,0.0,0.0,0.0,0.0,62974.25,14112.0,1134.0,59894.5,0.0,0.0,1828.0,-136980.75,0.0,-138808.75,0.0,-34091.0,-156120.25,0.0,0.0,-156120.25,0.0,-0.01,-0.01,16395472.0,16395472.0,,,1620591757,16:22:37,20210509
31,2011-01-31,ERX.AX,AUD,2011-01-31,2011-01-31,Q1,0.0,0.0,0.0,0.0,0.0,62974.25,14112.0,1134.0,59894.5,0.0,0.0,1828.0,-136980.75,0.0,-138808.75,0.0,-34091.0,-156120.25,0.0,0.0,-156120.25,0.0,-0.01,-0.01,16395472.0,16395472.0,,,1620591757,16:22:37,20210509
32,2010-09-30,ERX.AX,AUD,2010-09-30,2010-09-30,Q3,0.0,0.0,0.0,0.0,0.0,81620.75,16743.0,2868.0,46314.5,0.0,0.0,3123.5,-144678.25,0.0,-147801.75,0.0,-1490.25,-144317.5,0.0,0.0,-144317.5,0.0,-0.0125,-0.0125,11440009.0,11440009.0,,,1620591757,16:22:37,20210509
33,2010-06-30,ERX.AX,AUD,2010-06-30,2010-06-30,Q2,0.0,0.0,0.0,0.0,0.0,81620.75,16743.0,2868.0,46314.5,0.0,0.0,3123.5,-144678.25,0.0,-147801.75,0.0,-1490.25,-144317.5,0.0,0.0,-144317.5,0.0,-0.0125,-0.0125,11440009.0,11440009.0,,,1620591757,16:22:37,20210509
34,2010-03-31,ERX.AX,AUD,2010-03-31,2010-03-31,Q1,0.0,0.0,0.0,0.0,0.0,81620.75,16743.0,2868.0,46314.5,0.0,0.0,3123.5,-144678.25,0.0,-147801.75,0.0,-1490.25,-144317.5,0.0,0.0,-144317.5,0.0,-0.0125,-0.0125,11440009.0,11440009.0,,,1620591757,16:22:37,20210509
35,2010-01-31,ERX.AX,AUD,2010-01-31,2010-01-31,Q1,0.0,0.0,0.0,0.0,0.0,81620.75,16743.0,2868.0,46314.5,0.0,0.0,3123.5,-144678.25,0.0,-147801.75,0.0,-1490.25,-144317.5,0.0,0.0,-144317.5,0.0,-0.0125,-0.0125,11440009.0,11440009.0,,,1620591757,16:22:37,20210509
36,2009-09-30,ERX.AX,AUD,2009-09-30,2009-09-30,Q3,0.0,0.0,0.0,0.0,0.0,91868.25,0.0,-76836.0,271860.5,0.0,0.0,5342.25,-363728.75,0.0,-369071.0,0.0,-76836.0,-439286.0,0.0,0.0,-439286.0,0.0,-0.08,-0.08,5539291.0,5539291.0,,,1620591757,16:22:37,20210509
37,2009-06-30,ERX.AX,AUD,2009-06-30,2009-06-30,Q2,0.0,0.0,0.0,0.0,0.0,91868.25,0.0,-76836.0,271860.5,0.0,0.0,5342.25,-363728.75,0.0,-369071.0,0.0,-76836.0,-439286.0,0.0,0.0,-439286.0,0.0,-0.08,-0.08,5539291.0,5539291.0,,,1620591757,16:22:37,20210509
38,2009-03-31,ERX.AX,AUD,2009-03-31,2009-03-31,Q1,0.0,0.0,0.0,0.0,0.0,91868.25,0.0,-76836.0,271860.5,0.0,0.0,5342.25,-363728.75,0.0,-369071.0,0.0,-76836.0,-439286.0,0.0,0.0,-439286.0,0.0,-0.08,-0.08,5539291.0,5539291.0,,,1620591757,16:22:37,20210509
39,2009-01-31,ERX.AX,AUD,2009-01-31,2009-01-31,Q1,0.0,0.0,0.0,0.0,0.0,91868.25,0.0,-76836.0,271860.5,0.0,0.0,5342.25,-363728.75,0.0,-369071.0,0.0,-76836.0,-439286.0,0.0,0.0,-439286.0,0.0,-0.08,-0.08,5539291.0,5539291.0,,,1620591757,16:22:37,20210509
40,2008-09-30,ERX.AX,AUD,2008-09-30,2008-09-30,Q3,0.0,0.0,0.0,0.0,0.0,74903.5,0.0,59797.0,77164.0,0.0,0.0,7134.75,-152067.5,0.0,-159202.25,0.0,-62737.5,-213173.5,0.0,18000.0,-231173.5,0.0,-0.05833325,-0.05833325,3987595.0,3987595.0,,,1620591757,16:22:37,20210509
41,2008-06-30,ERX.AX,AUD,2008-06-30,2008-06-30,Q2,0.0,0.0,0.0,0.0,0.0,74903.5,0.0,59797.0,77164.0,0.0,0.0,7134.75,-152067.5,0.0,-159202.25,0.0,-62737.5,-213173.5,0.0,18000.0,-231173.5,0.0,-0.05833325,-0.05833325,3987595.0,3987595.0,,,1620591757,16:22:37,20210509
42,2008-03-31,ERX.AX,AUD,2008-03-31,2008-03-31,Q1,0.0,0.0,0.0,0.0,0.0,74903.5,0.0,59797.0,77164.0,0.0,0.0,7134.75,-152067.5,0.0,-159202.25,0.0,-62737.5,-213173.5,0.0,18000.0,-231173.5,0.0,-0.05833325,-0.05833325,3987595.0,3987595.0,,,1620591757,16:22:37,20210509
43,2008-01-31,ERX.AX,AUD,2008-01-31,2008-01-31,Q1,0.0,0.0,0.0,0.0,0.0,74903.5,0.0,59797.0,77164.0,0.0,0.0,7134.75,-152067.5,0.0,-159202.25,0.0,-62737.5,-213173.5,0.0,18000.0,-231173.5,0.0,-0.05833325,-0.05833325,3987595.0,3987595.0,,,1620591757,16:22:37,20210509
44,2007-09-30,ERX.AX,AUD,2007-09-30,2007-09-30,Q3,11358.25,0.0,11358.25,1.0,0.0,78531.25,0.0,-10847.0,136392.75,0.0,0.0,6030.5,-203565.75,-17.92228116127044,-209596.25,-18.453216824774945,-10847.0,-202971.75,-17.869984372592608,-18000.0,-184971.75,-16.285233200537053,-0.05333325,-0.05333325,3485425.0,3485425.0,,,1620591757,16:22:37,20210509
45,2007-06-30,ERX.AX,AUD,2007-06-30,2007-06-30,Q2,11358.25,0.0,11358.25,1.0,0.0,78531.25,0.0,-10847.0,136392.75,0.0,0.0,6030.5,-203565.75,-17.92228116127044,-209596.25,-18.453216824774945,-10847.0,-202971.75,-17.869984372592608,-18000.0,-184971.75,-16.285233200537053,-0.05333325,-0.05333325,3485425.0,3485425.0,,,1620591757,16:22:37,20210509
46,2007-03-31,ERX.AX,AUD,2007-03-31,2007-03-31,Q1,11358.25,0.0,11358.25,1.0,0.0,78531.25,0.0,-10847.0,136392.75,0.0,0.0,6030.5,-203565.75,-17.92228116127044,-209596.25,-18.453216824774945,-10847.0,-202971.75,-17.869984372592608,-18000.0,-184971.75,-16.285233200537053,-0.05333325,-0.05333325,3485425.0,3485425.0,,,1620591757,16:22:37,20210509
47,2007-01-31,ERX.AX,AUD,2007-01-31,2007-01-31,Q1,11358.25,0.0,11358.25,1.0,0.0,78531.25,0.0,-10847.0,136392.75,0.0,0.0,6030.5,-203565.75,-17.92228116127044,-209596.25,-18.453216824774945,-10847.0,-202971.75,-17.869984372592608,-18000.0,-184971.75,-16.285233200537053,-0.05333325,-0.05333325,3485425.0,3485425.0,,,1620591757,16:22:37,20210509
48,2006-09-30,ERX.AX,AUD,2006-09-30,2006-09-30,Q3,0.0,0.0,0.0,0.0,0.0,228357.25,0.0,-248114.25,0.0,0.0,0.0,4355.75,-228357.25,0.0,-232713.0,0.0,-244564.75,-462100.75,0.0,0.0,-462100.75,0.0,-0.176215,-0.176215,2695383.0,2695383.0,,,1620591757,16:22:37,20210509
49,2006-06-30,ERX.AX,AUD,2006-06-30,2006-06-30,Q2,0.0,0.0,0.0,0.0,0.0,228357.25,0.0,-248114.25,0.0,0.0,0.0,4355.75,-228357.25,0.0,-232713.0,0.0,-244564.75,-462100.75,0.0,0.0,-462100.75,0.0,-0.176215,-0.176215,2695383.0,2695383.0,,,1620591757,16:22:37,20210509
50,2006-03-31,ERX.AX,AUD,2006-03-31,2006-03-31,Q1,0.0,0.0,0.0,0.0,0.0,228357.25,0.0,-248114.25,0.0,0.0,0.0,4355.75,-228357.25,0.0,-232713.0,0.0,-244564.75,-462100.75,0.0,0.0,-462100.75,0.0,-0.176215,-0.176215,2695383.0,2695383.0,,,1620591757,16:22:37,20210509
51,2006-01-31,ERX.AX,AUD,2006-01-31,2006-01-31,Q1,0.0,0.0,0.0,0.0,0.0,228357.25,0.0,-248114.25,0.0,0.0,0.0,4355.75,-228357.25,0.0,-232713.0,0.0,-244564.75,-462100.75,0.0,0.0,-462100.75,0.0,-0.176215,-0.176215,2695383.0,2695383.0,,,1620591757,16:22:37,20210509
52,2005-09-30,ERX.AX,AUD,2005-09-30,2005-09-30,Q3,84376.75,0.0,84376.75,1.0,0.0,279222.25,0.0,0.0,393197.0,0.0,0.0,8901.75,-588042.5,-6.969248045225728,-596944.25,-7.074748079299096,0.0,-568628.5,-6.739160965550344,-568628.5,-568628.5,-6.739160965550344,-0.21688,-0.21688,2695383.0,2695383.0,,,1620591757,16:22:37,20210509
53,2005-06-30,ERX.AX,AUD,2005-06-30,2005-06-30,Q2,84376.75,0.0,84376.75,1.0,0.0,279222.25,0.0,0.0,393197.0,0.0,0.0,8901.75,-588042.5,-6.969248045225728,-596944.25,-7.074748079299096,0.0,-568628.5,-6.739160965550344,-568628.5,-568628.5,-6.739160965550344,-0.21688,-0.21688,2695383.0,2695383.0,,,1620591757,16:22:37,20210509
54,2005-03-31,ERX.AX,AUD,2005-03-31,2005-03-31,Q1,84376.75,0.0,84376.75,1.0,0.0,279222.25,0.0,0.0,393197.0,0.0,0.0,8901.75,-588042.5,-6.969248045225728,-596944.25,-7.074748079299096,0.0,-568628.5,-6.739160965550344,-568628.5,-568628.5,-6.739160965550344,-0.21688,-0.21688,2695383.0,2695383.0,,,1620591757,16:22:37,20210509
55,2005-01-31,ERX.AX,AUD,2005-01-31,2005-01-31,Q1,84376.75,0.0,84376.75,1.0,0.0,279222.25,0.0,0.0,393197.0,0.0,0.0,8901.75,-588042.5,-6.969248045225728,-596944.25,-7.074748079299096,0.0,-568628.5,-6.739160965550344,-568628.5,-568628.5,-6.739160965550344,-0.21688,-0.21688,2695383.0,2695383.0,,,1620591757,16:22:37,20210509
56,2004-09-30,ERX.AX,AUD,2004-09-30,2004-09-30,Q3,0.0,0.0,0.0,0.0,0.0,249097.25,0.0,1746.5,2125416.75,0.0,0.0,9255.25,-2374514.0,0.0,-2383769.25,0.0,1746.5,-2339841.75,0.0,-2339841.75,-2339841.75,0.0,-0.94884975,-0.94884975,2505265.0,2505265.0,,,1620591757,16:22:37,20210509
57,2004-06-30,ERX.AX,AUD,2004-06-30,2004-06-30,Q2,0.0,0.0,0.0,0.0,0.0,249097.25,0.0,1746.5,2125416.75,0.0,0.0,9255.25,-2374514.0,0.0,-2383769.25,0.0,1746.5,-2339841.75,0.0,-2339841.75,-2339841.75,0.0,-0.94884975,-0.94884975,2505265.0,2505265.0,,,1620591757,16:22:37,20210509
58,2004-03-31,ERX.AX,AUD,2004-03-31,2004-03-31,Q1,0.0,0.0,0.0,0.0,0.0,249097.25,0.0,1746.5,2125416.75,0.0,0.0,9255.25,-2374514.0,0.0,-2383769.25,0.0,1746.5,-2339841.75,0.0,-2339841.75,-2339841.75,0.0,-0.94884975,-0.94884975,2505265.0,2505265.0,,,1620591757,16:22:37,20210509
59,2004-01-31,ERX.AX,AUD,2004-01-31,2004-01-31,Q1,0.0,0.0,0.0,0.0,0.0,249097.25,0.0,1746.5,2125416.75,0.0,0.0,9255.25,-2374514.0,0.0,-2383769.25,0.0,1746.5,-2339841.75,0.0,-2339841.75,-2339841.75,0.0,-0.94884975,-0.94884975,2505265.0,2505265.0,,,1620591757,16:22:37,20210509
60,2003-09-30,ERX.AX,AUD,2003-09-30,2003-09-30,Q3,0.0,0.0,0.0,0.0,0.0,253190.0,0.0,89.75,3137.0,0.0,7592.0,6182.25,-256327.0,0.0,-262509.25,0.0,89.75,-247394.25,0.0,-247394.25,-247394.25,0.0,-0.13555,-0.13555,1822010.0,1822010.0,,,1620591757,16:22:37,20210509
61,2003-06-30,ERX.AX,AUD,2003-06-30,2003-06-30,Q2,0.0,0.0,0.0,0.0,0.0,253190.0,0.0,89.75,3137.0,0.0,7592.0,6182.25,-256327.0,0.0,-262509.25,0.0,89.75,-247394.25,0.0,-247394.25,-247394.25,0.0,-0.13555,-0.13555,1822010.0,1822010.0,,,1620591757,16:22:37,20210509
62,2003-03-31,ERX.AX,AUD,2003-03-31,2003-03-31,Q1,0.0,0.0,0.0,0.0,0.0,253190.0,0.0,89.75,3137.0,0.0,7592.0,6182.25,-256327.0,0.0,-262509.25,0.0,89.75,-247394.25,0.0,-247394.25,-247394.25,0.0,-0.13555,-0.13555,1822010.0,1822010.0,,,1620591757,16:22:37,20210509
63,2003-01-31,ERX.AX,AUD,2003-01-31,2003-01-31,Q1,0.0,0.0,0.0,0.0,0.0,253190.0,0.0,89.75,3137.0,0.0,7592.0,6182.25,-256327.0,0.0,-262509.25,0.0,89.75,-247394.25,0.0,-247394.25,-247394.25,0.0,-0.13555,-0.13555,1822010.0,1822010.0,,,1620591757,16:22:37,20210509
64,2002-09-30,ERX.AX,AUD,2002-09-30,2002-09-30,Q3,0.0,0.0,0.0,0.0,0.0,141736.25,0.0,232.0,0.0,0.0,0.0,1453.25,-141736.25,0.0,-143189.5,0.0,83.5,-130871.0,0.0,-130871.0,0.0,0.0,-0.176215,-0.176215,731336.0,731336.0,,,1620591757,16:22:37,20210509
65,2002-06-30,ERX.AX,AUD,2002-06-30,2002-06-30,Q2,0.0,0.0,0.0,0.0,0.0,141736.25,0.0,232.0,0.0,0.0,0.0,1453.25,-141736.25,0.0,-143189.5,0.0,83.5,-130871.0,0.0,-130871.0,0.0,0.0,-0.176215,-0.176215,731336.0,731336.0,,,1620591757,16:22:37,20210509
66,2002-03-31,ERX.AX,AUD,2002-03-31,2002-03-31,Q1,0.0,0.0,0.0,0.0,0.0,141736.25,0.0,232.0,0.0,0.0,0.0,1453.25,-141736.25,0.0,-143189.5,0.0,83.5,-130871.0,0.0,-130871.0,0.0,0.0,-0.176215,-0.176215,731336.0,731336.0,,,1620591757,16:22:37,20210509
67,2002-01-31,ERX.AX,AUD,2002-01-31,2002-01-31,Q1,0.0,0.0,0.0,0.0,0.0,141736.25,0.0,232.0,0.0,0.0,0.0,1453.25,-141736.25,0.0,-143189.5,0.0,83.5,-130871.0,0.0,-130871.0,0.0,0.0,-0.176215,-0.176215,731336.0,731336.0,,,1620591757,16:22:37,20210509
68,2001-09-30,ERX.AX,AUD,2001-09-30,2001-09-30,Q3,0.0,0.0,0.0,0.0,0.0,83619.75,0.0,-239052.25,6.0,0.0,0.0,20136.0,-93065.75,0.0,-113201.75,0.0,-239052.25,-350874.75,0.0,-350874.75,-350874.75,0.0,-0.7709405,-0.7709405,446314.0,446314.0,,,1620591757,16:22:37,20210509
69,2001-06-30,ERX.AX,AUD,2001-06-30,2001-06-30,Q2,0.0,0.0,0.0,0.0,0.0,83619.75,0.0,-239052.25,6.0,0.0,0.0,20136.0,-93065.75,0.0,-113201.75,0.0,-239052.25,-350874.75,0.0,-350874.75,-350874.75,0.0,-0.7709405,-0.7709405,446314.0,446314.0,,,1620591757,16:22:37,20210509
70,2001-03-31,ERX.AX,AUD,2001-03-31,2001-03-31,Q1,0.0,0.0,0.0,0.0,0.0,83619.75,0.0,-239052.25,6.0,0.0,0.0,20136.0,-93065.75,0.0,-113201.75,0.0,-239052.25,-350874.75,0.0,-350874.75,-350874.75,0.0,-0.7709405,-0.7709405,446314.0,446314.0,,,1620591757,16:22:37,20210509
71,2001-01-31,ERX.AX,AUD,2001-01-31,2001-01-31,Q1,0.0,0.0,0.0,0.0,0.0,83619.75,0.0,-239052.25,6.0,0.0,0.0,20136.0,-93065.75,0.0,-113201.75,0.0,-239052.25,-350874.75,0.0,-350874.75,-350874.75,0.0,-0.7709405,-0.7709405,446314.0,446314.0,,,1620591757,16:22:37,20210509
72,2000-09-30,ERX.AX,AUD,2000-09-30,2000-09-30,Q3,0.0,0.0,0.0,0.0,0.0,0.0,0.0,0.0,0.0,0.0,0.0,0.0,0.0,0.0,0.0,0.0,0.0,-78824.75,0.0,-78824.75,-78824.75,0.0,-0.21349125,-0.21349125,365961.0,365961.0,,,1620591757,16:22:37,20210509
73,2000-06-30,ERX.AX,AUD,2000-06-30,2000-06-30,Q2,0.0,0.0,0.0,0.0,0.0,0.0,0.0,0.0,0.0,0.0,0.0,0.0,0.0,0.0,0.0,0.0,0.0,-78824.75,0.0,-78824.75,-78824.75,0.0,-0.21349125,-0.21349125,365961.0,365961.0,,,1620591757,16:22:37,20210509
74,2000-03-31,ERX.AX,AUD,2000-03-31,2000-03-31,Q1,0.0,0.0,0.0,0.0,0.0,0.0,0.0,0.0,0.0,0.0,0.0,0.0,0.0,0.0,0.0,0.0,0.0,-78824.75,0.0,-78824.75,-78824.75,0.0,-0.21349125,-0.21349125,365961.0,365961.0,,,1620591757,16:22:37,20210509
75,2000-01-31,ERX.AX,AUD,2000-01-31,2000-01-31,Q1,0.0,0.0,0.0,0.0,0.0,0.0,0.0,0.0,0.0,0.0,0.0,0.0,0.0,0.0,0.0,0.0,0.0,-78824.75,0.0,-78824.75,-78824.75,0.0,-0.21349125,-0.21349125,365961.0,365961.0,,,1620591757,16:22:37,20210509
76,1999-09-30,ERX.AX,AUD,1999-09-30,1999-09-30,Q3,0.0,0.0,0.0,0.0,0.0,0.0,0.0,0.0,0.0,0.0,0.0,0.0,0.0,0.0,0.0,0.0,0.0,-58233.5,0.0,-58233.5,-58233.5,0.0,-0.2372125,-0.2372125,277543.0,277543.0,,,1620591757,16:22:37,20210509
77,1999-06-30,ERX.AX,AUD,1999-06-30,1999-06-30,Q2,0.0,0.0,0.0,0.0,0.0,0.0,0.0,0.0,0.0,0.0,0.0,0.0,0.0,0.0,0.0,0.0,0.0,-58233.5,0.0,-58233.5,-58233.5,0.0,-0.2372125,-0.2372125,277543.0,277543.0,,,1620591757,16:22:37,20210509
78,1999-03-31,ERX.AX,AUD,1999-03-31,1999-03-31,Q1,0.0,0.0,0.0,0.0,0.0,0.0,0.0,0.0,0.0,0.0,0.0,0.0,0.0,0.0,0.0,0.0,0.0,-58233.5,0.0,-58233.5,-58233.5,0.0,-0.2372125,-0.2372125,277543.0,277543.0,,,1620591757,16:22:37,20210509
79,1999-01-31,ERX.AX,AUD,1999-01-31,1999-01-31,Q1,0.0,0.0,0.0,0.0,0.0,0.0,0.0,0.0,0.0,0.0,0.0,0.0,0.0,0.0,0.0,0.0,0.0,-58233.5,0.0,-58233.5,-58233.5,0.0,-0.2372125,-0.2372125,277543.0,277543.0,,,1620591757,16:22:37,20210509
80,1998-09-30,ERX.AX,AUD,1998-09-30,1998-09-30,Q3,0.0,0.0,0.0,0.0,0.0,0.0,0.0,0.0,0.0,0.0,0.0,0.0,0.0,0.0,0.0,0.0,0.0,-532897.5,0.0,-532897.5,-532897.5,0.0,-2.10411875,-2.10411875,253264.0,253264.0,,,1620591757,16:22:37,20210509
81,1998-06-30,ERX.AX,AUD,1998-06-30,1998-06-30,Q2,0.0,0.0,0.0,0.0,0.0,0.0,0.0,0.0,0.0,0.0,0.0,0.0,0.0,0.0,0.0,0.0,0.0,-532897.5,0.0,-532897.5,-532897.5,0.0,-2.10411875,-2.10411875,253264.0,253264.0,,,1620591757,16:22:37,20210509
82,1998-03-31,ERX.AX,AUD,1998-03-31,1998-03-31,Q1,0.0,0.0,0.0,0.0,0.0,0.0,0.0,0.0,0.0,0.0,0.0,0.0,0.0,0.0,0.0,0.0,0.0,-532897.5,0.0,-532897.5,-532897.5,0.0,-2.10411875,-2.10411875,253264.0,253264.0,,,1620591757,16:22:37,20210509
83,1998-01-31,ERX.AX,AUD,1998-01-31,1998-01-31,Q1,0.0,0.0,0.0,0.0,0.0,0.0,0.0,0.0,0.0,0.0,0.0,0.0,0.0,0.0,0.0,0.0,0.0,-532897.5,0.0,-532897.5,-532897.5,0.0,-2.10411875,-2.10411875,253264.0,253264.0,,,1620591757,16:22:37,20210509
84,1997-09-30,ERX.AX,AUD,1997-09-30,1997-09-30,Q3,49930.5,0.0,49930.5,1.0,0.0,0.0,0.0,-49930.5,302116.75,0.0,0.0,3928.5,53859.0,1.0786793643163999,49930.5,1.0,-49930.5,-356991.0,-7.149758163847748,-356991.0,-356991.0,-7.149758163847748,-1.601184,-1.601184,219048.0,219048.0,,,1620591757,16:22:37,20210509
85,1997-06-30,ERX.AX,AUD,1997-06-30,1997-06-30,Q2,49930.5,0.0,49930.5,1.0,0.0,0.0,0.0,-49930.5,302116.75,0.0,0.0,3928.5,53859.0,1.0786793643163999,49930.5,1.0,-49930.5,-356991.0,-7.149758163847748,-356991.0,-356991.0,-7.149758163847748,-1.601184,-1.601184,219048.0,219048.0,,,1620591757,16:22:37,20210509
86,1997-03-31,ERX.AX,AUD,1997-03-31,1997-03-31,Q1,49930.5,0.0,49930.5,1.0,0.0,0.0,0.0,-49930.5,302116.75,0.0,0.0,3928.5,53859.0,1.0786793643163999,49930.5,1.0,-49930.5,-356991.0,-7.149758163847748,-356991.0,-356991.0,-7.149758163847748,-1.601184,-1.601184,219048.0,219048.0,,,1620591757,16:22:37,20210509
87,1997-01-31,ERX.AX,AUD,1997-01-31,1997-01-31,Q1,49930.5,0.0,49930.5,1.0,0.0,0.0,0.0,-49930.5,302116.75,0.0,0.0,3928.5,53859.0,1.0786793643163999,49930.5,1.0,-49930.5,-356991.0,-7.149758163847748,-356991.0,-356991.0,-7.149758163847748,-1.601184,-1.601184,219048.0,219048.0,,,1620591757,16:22:37,20210509
88,1996-09-30,ERX.AX,AUD,1996-09-30,1996-09-30,Q3,0.0,0.0,0.0,0.0,0.0,0.0,0.0,3928.5,0.0,0.0,0.0,3928.5,0.0,0.0,-3928.5,0.0,3928.5,-783.5,0.0,-783.5,-783.5,0.0,-0.00593025,-0.00593025,132117.0,132117.0,,,1620591757,16:22:37,20210509
89,1996-06-30,ERX.AX,AUD,1996-06-30,1996-06-30,Q2,0.0,0.0,0.0,0.0,0.0,0.0,0.0,3928.5,0.0,0.0,0.0,3928.5,0.0,0.0,-3928.5,0.0,3928.5,-783.5,0.0,-783.5,-783.5,0.0,-0.00593025,-0.00593025,132117.0,132117.0,,,1620591757,16:22:37,20210509
90,1996-03-31,ERX.AX,AUD,1996-03-31,1996-03-31,Q1,0.0,0.0,0.0,0.0,0.0,0.0,0.0,3928.5,0.0,0.0,0.0,3928.5,0.0,0.0,-3928.5,0.0,3928.5,-783.5,0.0,-783.5,-783.5,0.0,-0.00593025,-0.00593025,132117.0,132117.0,,,1620591757,16:22:37,20210509
91,1996-01-31,ERX.AX,AUD,1996-01-31,1996-01-31,Q1,0.0,0.0,0.0,0.0,0.0,0.0,0.0,3928.5,0.0,0.0,0.0,3928.5,0.0,0.0,-3928.5,0.0,3928.5,-783.5,0.0,-783.5,-783.5,0.0,-0.00593025,-0.00593025,132117.0,132117.0,,,1620591757,16:22:37,20210509
92,1995-09-30,ERX.AX,AUD,1995-09-30,1995-09-30,Q3,0.0,0.0,0.0,0.0,0.0,0.0,0.0,3250.0,0.0,0.0,0.0,3250.0,0.0,0.0,-3250.0,0.0,3250.0,-106000.0,0.0,-106000.0,-106000.0,0.0,-0.474425,-0.474425,223428.0,223428.0,,,1620591757,16:22:37,20210509
93,1995-06-30,ERX.AX,AUD,1995-06-30,1995-06-30,Q2,0.0,0.0,0.0,0.0,0.0,0.0,0.0,3250.0,0.0,0.0,0.0,3250.0,0.0,0.0,-3250.0,0.0,3250.0,-106000.0,0.0,-106000.0,-106000.0,0.0,-0.474425,-0.474425,223428.0,223428.0,,,1620591757,16:22:37,20210509
94,1995-03-31,ERX.AX,AUD,1995-03-31,1995-03-31,Q1,0.0,0.0,0.0,0.0,0.0,0.0,0.0,3250.0,0.0,0.0,0.0,3250.0,0.0,0.0,-3250.0,0.0,3250.0,-106000.0,0.0,-106000.0,-106000.0,0.0,-0.474425,-0.474425,223428.0,223428.0,,,1620591757,16:22:37,20210509
95,1995-01-31,ERX.AX,AUD,1995-01-31,1995-01-31,Q1,0.0,0.0,0.0,0.0,0.0,0.0,0.0,3250.0,0.0,0.0,0.0,3250.0,0.0,0.0,-3250.0,0.0,3250.0,-106000.0,0.0,-106000.0,-106000.0,0.0,-0.474425,-0.474425,223428.0,223428.0,,,1620591757,16:22:37,20210509
96,1994-09-30,ERX.AX,AUD,1994-09-30,1994-09-30,Q3,0.0,0.0,0.0,0.0,0.0,0.0,0.0,1250.0,0.0,0.0,0.0,1250.0,0.0,0.0,-1250.0,0.0,1250.0,-64750.0,0.0,-64750.0,-64750.0,0.0,-0.474425,-0.474425,136481.0,136481.0,,,1620591757,16:22:37,20210509
97,1994-06-30,ERX.AX,AUD,1994-06-30,1994-06-30,Q2,0.0,0.0,0.0,0.0,0.0,0.0,0.0,1250.0,0.0,0.0,0.0,1250.0,0.0,0.0,-1250.0,0.0,1250.0,-64750.0,0.0,-64750.0,-64750.0,0.0,-0.474425,-0.474425,136481.0,136481.0,,,1620591757,16:22:37,20210509
98,1994-03-31,ERX.AX,AUD,1994-03-31,1994-03-31,Q1,0.0,0.0,0.0,0.0,0.0,0.0,0.0,1250.0,0.0,0.0,0.0,1250.0,0.0,0.0,-1250.0,0.0,1250.0,-64750.0,0.0,-64750.0,-64750.0,0.0,-0.474425,-0.474425,136481.0,136481.0,,,1620591757,16:22:37,20210509
99,1994-01-31,ERX.AX,AUD,1994-01-31,1994-01-31,Q1,0.0,0.0,0.0,0.0,0.0,0.0,0.0,1250.0,0.0,0.0,0.0,1250.0,0.0,0.0,-1250.0,0.0,1250.0,-64750.0,0.0,-64750.0,-64750.0,0.0,-0.474425,-0.474425,136481.0,136481.0,,,1620591757,16:22:37,20210509
100,1993-09-30,ERX.AX,AUD,1993-09-30,1993-09-30,Q3,0.0,0.0,0.0,0.0,0.0,0.0,0.0,2000.0,1250.0,0.0,0.0,750.0,-1250.0,0.0,-2000.0,0.0,2000.0,49000.0,0.0,49000.0,49000.0,0.0,0.40666525,0.27111025,180738.0,180738.0,,,1620591757,16:22:37,20210509
101,1993-06-30,ERX.AX,AUD,1993-06-30,1993-06-30,Q2,0.0,0.0,0.0,0.0,0.0,0.0,0.0,2000.0,1250.0,0.0,0.0,750.0,-1250.0,0.0,-2000.0,0.0,2000.0,49000.0,0.0,49000.0,49000.0,0.0,0.40666525,0.27111025,180738.0,180738.0,,,1620591757,16:22:37,20210509
102,1993-03-31,ERX.AX,AUD,1993-03-31,1993-03-31,Q1,0.0,0.0,0.0,0.0,0.0,0.0,0.0,2000.0,1250.0,0.0,0.0,750.0,-1250.0,0.0,-2000.0,0.0,2000.0,49000.0,0.0,49000.0,49000.0,0.0,0.40666525,0.27111025,180738.0,180738.0,,,1620591757,16:22:37,20210509
103,1993-01-31,ERX.AX,AUD,1993-01-31,1993-01-31,Q1,0.0,0.0,0.0,0.0,0.0,0.0,0.0,2000.0,1250.0,0.0,0.0,750.0,-1250.0,0.0,-2000.0,0.0,2000.0,49000.0,0.0,49000.0,49000.0,0.0,0.40666525,0.27111025,180738.0,180738.0,,,1620591757,16:22:37,20210509
104,1992-09-30,ERX.AX,AUD,1992-09-30,1992-09-30,Q3,0.0,0.0,0.0,0.0,0.0,0.0,0.0,3250.0,0.0,0.0,0.0,3250.0,0.0,0.0,-3250.0,0.0,3250.0,-27000.0,0.0,-27000.0,-27000.0,0.0,-0.23338836688651274,-0.20333315761332058,115687.0,132787.0,,,1620591757,16:22:37,20210509
105,1992-06-30,ERX.AX,AUD,1992-06-30,1992-06-30,Q2,0.0,0.0,0.0,0.0,0.0,0.0,0.0,3250.0,0.0,0.0,0.0,3250.0,0.0,0.0,-3250.0,0.0,3250.0,-27000.0,0.0,-27000.0,-27000.0,0.0,-0.23338836688651274,-0.20333315761332058,115687.0,132787.0,,,1620591757,16:22:37,20210509
106,1992-03-31,ERX.AX,AUD,1992-03-31,1992-03-31,Q1,0.0,0.0,0.0,0.0,0.0,0.0,0.0,3250.0,0.0,0.0,0.0,3250.0,0.0,0.0,-3250.0,0.0,3250.0,-27000.0,0.0,-27000.0,-27000.0,0.0,-0.23338836688651274,-0.20333315761332058,115687.0,132787.0,,,1620591757,16:22:37,20210509
107,1992-01-31,ERX.AX,AUD,1992-01-31,1992-01-31,Q1,0.0,0.0,0.0,0.0,0.0,0.0,0.0,3250.0,0.0,0.0,0.0,3250.0,0.0,0.0,-3250.0,0.0,3250.0,-27000.0,0.0,-27000.0,-27000.0,0.0,-0.23338836688651274,-0.20333315761332058,115687.0,132787.0,,,1620591757,16:22:37,20210509
108,1991-09-30,ERX.AX,AUD,1991-09-30,1991-09-30,Q3,0.0,0.0,0.0,0.0,0.0,0.0,0.0,55250.0,1000.0,0.0,0.0,54250.0,-1000.0,0.0,-55250.0,0.0,55250.0,-89250.0,0.0,-89250.0,-89250.0,0.0,-0.00022003641431312,-0.00022003641431312,405614681.0,405614681.0,,,1620591757,16:22:37,20210509
109,1991-06-30,ERX.AX,AUD,1991-06-30,1991-06-30,Q2,0.0,0.0,0.0,0.0,0.0,0.0,0.0,55250.0,1000.0,0.0,0.0,54250.0,-1000.0,0.0,-55250.0,0.0,55250.0,-89250.0,0.0,-89250.0,-89250.0,0.0,-0.00022003641431312,-0.00022003641431312,405614681.0,405614681.0,,,1620591757,16:22:37,20210509
110,1991-03-31,ERX.AX,AUD,1991-03-31,1991-03-31,Q1,0.0,0.0,0.0,0.0,0.0,0.0,0.0,55250.0,1000.0,0.0,0.0,54250.0,-1000.0,0.0,-55250.0,0.0,55250.0,-89250.0,0.0,-89250.0,-89250.0,0.0,-0.00022003641431312,-0.00022003641431312,405614681.0,405614681.0,,,1620591757,16:22:37,20210509
111,1991-01-31,ERX.AX,AUD,1991-01-31,1991-01-31,Q1,0.0,0.0,0.0,0.0,0.0,0.0,0.0,55250.0,1000.0,0.0,0.0,54250.0,-1000.0,0.0,-55250.0,0.0,55250.0,-89250.0,0.0,-89250.0,-89250.0,0.0,-0.00022003641431312,-0.00022003641431312,405614681.0,405614681.0,,,1620591757,16:22:37,20210509
112,1990-09-30,ERX.AX,AUD,1990-09-30,1990-09-30,Q3,0.0,0.0,0.0,0.0,0.0,0.0,0.0,234250.0,96500.0,0.0,0.0,137750.0,-96500.0,0.0,-234250.0,0.0,234250.0,-326250.0,0.0,-326250.0,-326250.0,0.0,-0.0008043347918168671,-0.0008043347918168671,405614681.0,405614681.0,,,1620591757,16:22:37,20210509
113,1990-06-30,ERX.AX,AUD,1990-06-30,1990-06-30,Q2,0.0,0.0,0.0,0.0,0.0,0.0,0.0,234250.0,96500.0,0.0,0.0,137750.0,-96500.0,0.0,-234250.0,0.0,234250.0,-326250.0,0.0,-326250.0,-326250.0,0.0,-0.0008043347918168671,-0.0008043347918168671,405614681.0,405614681.0,,,1620591757,16:22:37,20210509
114,1990-03-31,ERX.AX,AUD,1990-03-31,1990-03-31,Q1,0.0,0.0,0.0,0.0,0.0,0.0,0.0,234250.0,96500.0,0.0,0.0,137750.0,-96500.0,0.0,-234250.0,0.0,234250.0,-326250.0,0.0,-326250.0,-326250.0,0.0,-0.0008043347918168671,-0.0008043347918168671,405614681.0,405614681.0,,,1620591757,16:22:37,20210509
115,1990-01-31,ERX.AX,AUD,1990-01-31,1990-01-31,Q1,0.0,0.0,0.0,0.0,0.0,0.0,0.0,234250.0,96500.0,0.0,0.0,137750.0,-96500.0,0.0,-234250.0,0.0,234250.0,-326250.0,0.0,-326250.0,-326250.0,0.0,-0.0008043347918168671,-0.0008043347918168671,405614681.0,405614681.0,,,1620591757,16:22:37,20210509
116,1989-09-30,ERX.AX,AUD,1989-09-30,1989-09-30,Q3,0.0,0.0,0.0,0.0,0.0,0.0,0.0,13250.0,2250.0,0.0,0.0,11000.0,-2250.0,0.0,-13250.0,0.0,13250.0,-61750.0,0.0,-61750.0,-61750.0,0.0,-0.00015223807937070206,-0.00015223807937070206,405614681.0,405614681.0,,,1620591757,16:22:37,20210509
117,1989-06-30,ERX.AX,AUD,1989-06-30,1989-06-30,Q2,0.0,0.0,0.0,0.0,0.0,0.0,0.0,13250.0,2250.0,0.0,0.0,11000.0,-2250.0,0.0,-13250.0,0.0,13250.0,-61750.0,0.0,-61750.0,-61750.0,0.0,-0.00015223807937070206,-0.00015223807937070206,405614681.0,405614681.0,,,1620591757,16:22:37,20210509
118,1989-03-31,ERX.AX,AUD,1989-03-31,1989-03-31,Q1,0.0,0.0,0.0,0.0,0.0,0.0,0.0,13250.0,2250.0,0.0,0.0,11000.0,-2250.0,0.0,-13250.0,0.0,13250.0,-61750.0,0.0,-61750.0,-61750.0,0.0,-0.00015223807937070206,-0.00015223807937070206,405614681.0,405614681.0,,,1620591757,16:22:37,20210509
119,1989-01-31,ERX.AX,AUD,1989-01-31,1989-01-31,Q1,0.0,0.0,0.0,0.0,0.0,0.0,0.0,13250.0,2250.0,0.0,0.0,11000.0,-2250.0,0.0,-13250.0,0.0,13250.0,-61750.0,0.0,-61750.0,-61750.0,0.0,-0.00015223807937070206,-0.00015223807937070206,405614681.0,405614681.0,,,1620591757,16:22:37,20210509
