,date,symbol,reportedCurrency,fillingDate,acceptedDate,period,revenue,costOfRevenue,grossProfit,grossProfitRatio,researchAndDevelopmentExpenses,generalAndAdministrativeExpenses,sellingAndMarketingExpenses,otherExpenses,operatingExpenses,costAndExpenses,interestExpense,depreciationAndAmortization,ebitda,ebitdaratio,operatingIncome,operatingIncomeRatio,totalOtherIncomeExpensesNet,incomeBeforeTax,incomeBeforeTaxRatio,incomeTaxExpense,netIncome,netIncomeRatio,eps,epsdiluted,weightedAverageShsOut,weightedAverageShsOutDil,link,finalLink,timestamp,est_time,est_date
0,2020-12-31,GDYN,USD,2021-03-05,2021-03-05,Q4,30126000.0,17863000.0,12263000.0,0.40705702715262565,2118000.0,11101000.0,2600000.0,-183000.0,15819000.0,33682000.0,0.0,776000.0,-2780000.0,-0.09227909446989312,-3556000.0,-0.11803757551616544,-183000.0,-3739000.0,-0.12411206267011883,981000.0,-4720000.0,-0.15667529708557393,-0.09511143352275017,-0.09511143352275017,49626000,49626000,https://www.sec.gov/Archives/edgar/data/1743725/000121390021013771/0001213900-21-013771-index.htm,https://www.sec.gov/ix?doc=/Archives/edgar/data/1743725/000121390021013771/f10k2020_griddynamics.htm,1620592455,16:34:15,20210509
1,2020-09-30,GDYN,USD,2020-11-05,2020-11-05 16:35:03,Q3,26332000.0,15178000.0,11154000.0,0.42359106790217227,2076000.0,6259000.0,2245000.0,455000.0,12825000.0,28003000.0,0.0,1896000.0,1894329.0,0.07194018684490354,-1671.0,-6.34589093118639e-05,455000.0,-1216.0,-4.6179553395108614e-05,-99.0,-1117.0,-4.241986936047395e-05,-0.022508362551888123,-0.022508362551888123,49626000,49626000,https://www.sec.gov/Archives/edgar/data/1743725/000121390020035307/0001213900-20-035307-index.htm,https://www.sec.gov/Archives/edgar/data/1743725/000121390020035307/f10q0920_griddynamics.htm,1620592455,16:34:15,20210509
2,2020-06-30,GDYN,USD,2020-08-06,2020-08-06,Q4,22368000.0,13982000.0,8386000.0,0.37491058655221743,2577000.0,7359000.0,1637000.0,208000.0,11573000.0,25555000.0,0.0,588000.0,-2599000.0,-0.11619277539341917,-3187000.0,-0.14248032904148783,208000.0,-2979000.0,-0.133181330472103,-813000.0,-2166000.0,-0.09683476394849785,-0.04,-0.04,49626000,49626000,https://www.sec.gov/Archives/edgar/data/1743725/000121390020020656/0001213900-20-020656-index.htm,https://www.sec.gov/ix?doc=/Archives/edgar/data/1743725/000121390020020656/f10q0620_grid.htm,1620592455,16:34:15,20210509
3,2020-03-31,GDYN,USD,2020-05-11,2020-05-11,Q3,32457000.0,22639000.0,9818000.0,0.3024925285762701,2540000.0,10743000.0,3569000.0,-244000.0,16852000.0,39491000.0,0.0,646000.0,-6388000.0,-0.1968142465415781,-7034000.0,-0.21671750315802446,-244000.0,-7278000.0,-0.22423514188002588,-2682000.0,-4596000.0,-0.1416027359275349,-0.09,-0.09,48885000,48885000,https://www.sec.gov/Archives/edgar/data/1743725/000121390020011690/0001213900-20-011690-index.htm,https://www.sec.gov/ix?doc=/Archives/edgar/data/1743725/000121390020011690/f10q0320_griddynamics.htm,1620592455,16:34:15,20210509
4,2019-12-31,GDYN,USD,2020-03-04,2020-03-04,Q4,0.0,0.0,0.0,0.0,0.0,7143705.0,0.0,0.0,7143705.0,7143705.0,4664.91,0.0,-7143705.0,0.0,-7143705.0,0.0,0.0,-2478793.0,0.0,-843156.0,-1635637.0,0.0,-0.03295927537984121,-0.03295927537984121,49626000,49626000,https://www.sec.gov/Archives/edgar/data/1743725/000121390020005395/0001213900-20-005395-index.htm,https://www.sec.gov/Archives/edgar/data/1743725/000121390020005395/f10k2019_chasergtech.htm,1620592455,16:34:15,20210509
5,2019-09-30,GDYN,USD,2019-11-13,2019-11-13,Q3,31422000.0,17626000.0,13796000.0,0.43905543886448983,1083000.0,5364000.0,1764000.0,-89000.0,8211000.0,25837000.0,0.0,601000.0,6186000.0,0.19686843612755395,5585000.0,0.1777417096301954,-89000.0,5496000.0,0.17490929921710904,1043000.0,4453000.0,0.14171599516262492,0.0876,0.0876,50833619,50833619,https://www.sec.gov/Archives/edgar/data/1743725/000121390019023007/0001213900-19-023007-index.htm,https://www.sec.gov/Archives/edgar/data/1743725/000121390019023007/f10q0919_chasergtechno.htm,1620592455,16:34:15,20210509
6,2019-06-30,GDYN,USD,2019-08-14,2019-08-14,Q2,28626000.0,17197000.0,11429000.0,0.3992524278627821,656000.0,4151000.0,1786000.0,79000.0,6593000.0,23790000.0,0.0,570000.0,5406000.0,0.18884929784112345,4836000.0,0.16893732970027248,79000.0,4915000.0,0.17169705861803955,1380000.0,3535000.0,0.12348913575071613,0.069541,0.069541,50833619,50833619,https://www.sec.gov/Archives/edgar/data/1743725/000121390019015598/0001213900-19-015598-index.htm,https://www.sec.gov/Archives/edgar/data/1743725/000121390019015598/f10q0619_chasergtech.htm,1620592455,16:34:15,20210509
7,2019-03-31,GDYN,USD,2019-05-15,2019-05-15,Q1,26277000.0,15931000.0,10346000.0,0.3937283555961487,1545000.0,6030000.0,1712000.0,-162000.0,9287000.0,25218000.0,0.0,510000.0,1569000.0,0.059710012558511244,1059000.0,0.04030140426989382,-162000.0,897000.0,0.03413631693115653,185000.0,712000.0,0.027095939414697262,0.014006,0.014006,50833619,50833619,https://www.sec.gov/Archives/edgar/data/1743725/000121390019008804/0001213900-19-008804-index.htm,https://www.sec.gov/Archives/edgar/data/1743725/000121390019008804/f10q0319_chasergtechnology.htm,1620592455,16:34:15,20210509
