,date,symbol,reportedCurrency,fillingDate,acceptedDate,period,revenue,costOfRevenue,grossProfit,grossProfitRatio,researchAndDevelopmentExpenses,generalAndAdministrativeExpenses,sellingAndMarketingExpenses,otherExpenses,operatingExpenses,costAndExpenses,interestExpense,depreciationAndAmortization,ebitda,ebitdaratio,operatingIncome,operatingIncomeRatio,totalOtherIncomeExpensesNet,incomeBeforeTax,incomeBeforeTaxRatio,incomeTaxExpense,netIncome,netIncomeRatio,eps,epsdiluted,weightedAverageShsOut,weightedAverageShsOutDil,link,finalLink,timestamp,est_time,est_date
0,2018-09-30,CA,USD,2018-11-07 00:00:00,2018-11-07 16:05:40,Q2,895000000,138000000.0,757000000.0,0.8458100558659218,158000000.0,99000000.0,252000000.0,-2000000.0,586000000.0,724000000.0,19000000.0,28000000.0,199000000.0,0.2223463687150838,171000000.0,0.19106145251396647,-4000000.0,148000000.0,0.1653631284916201,19000000.0,129000000.0,0.1441340782122905,0.31234866828087166,0.31009615384615385,413000000,416000000,https://www.sec.gov/Archives/edgar/data/356028/000035602818000159/0000356028-18-000159-index.html,https://www.sec.gov/Archives/edgar/data/356028/000035602818000159/ca-20180930x10q.htm,1620589845,15:50:45,20210509
1,2018-06-30,CA,USD,2018-08-07 00:00:00,2018-08-07 16:32:38,Q1,938000000,146000000.0,792000000.0,0.8443496801705757,162000000.0,104000000.0,235000000.0,-103000000.0,587000000.0,733000000.0,20000000.0,26000000.0,231000000.0,0.2462686567164179,205000000.0,0.21855010660980811,-103000000.0,82000000.0,0.08742004264392324,-84000000.0,166000000.0,0.17697228144989338,0.4019370460048426,0.4,413000000,415000000,https://www.sec.gov/Archives/edgar/data/356028/000035602818000126/0000356028-18-000126-index.html,https://www.sec.gov/Archives/edgar/data/356028/000035602818000126/ca-20180630x10q.htm,1620589845,15:50:45,20210509
2,2018-03-31,CA,USD,2018-05-09 00:00:00,2018-05-09 16:16:13,Q4,1083000000,154000000.0,929000000.0,0.8578024007386889,166000000.0,107000000.0,283000000.0,-12000000.0,650000000.0,804000000.0,24000000.0,28000000.0,307000000.0,0.283471837488458,279000000.0,0.25761772853185594,-12000000.0,243000000.0,0.22437673130193905,36000000.0,207000000.0,0.19113573407202217,0.5012106537530266,0.5012106537530266,413000000,413000000,https://www.sec.gov/Archives/edgar/data/356028/000035602818000064/0000356028-18-000064-index.html,https://www.sec.gov/Archives/edgar/data/356028/000035602818000064/ca-20180331x10k.htm,1620589845,15:50:45,20210509
3,2017-12-31,CA,USD,2018-01-31 00:00:00,2018-01-31 16:53:39,Q3,1093000000,155000000.0,938000000.0,0.8581884720951509,157000000.0,95000000.0,288000000.0,0.0,634000000.0,789000000.0,25000000.0,26000000.0,330000000.0,0.3019213174748399,304000000.0,0.27813357731015553,3000000.0,282000000.0,0.25800548947849955,375000000.0,-93000000.0,-0.08508691674290943,-0.23,-0.23,413000000,413000000,https://www.sec.gov/Archives/edgar/data/356028/000035602818000025/0000356028-18-000025-index.html,https://www.sec.gov/Archives/edgar/data/356028/000035602818000025/ca-20171231x10q.htm,1620589845,15:50:45,20210509
4,2017-09-30,CA,USD,2017-10-26 00:00:00,2017-10-26 16:08:42,Q2,1034000000,147000000.0,887000000.0,0.8578336557059961,161000000.0,97000000.0,244000000.0,-9000000.0,596000000.0,743000000.0,24000000.0,27000000.0,318000000.0,0.30754352030947774,291000000.0,0.281431334622824,-9000000.0,258000000.0,0.2495164410058027,74000000.0,184000000.0,0.17794970986460348,0.4433734939759036,0.4423076923076923,415000000,416000000,https://www.sec.gov/Archives/edgar/data/356028/000035602817000164/0000356028-17-000164-index.html,https://www.sec.gov/Archives/edgar/data/356028/000035602817000164/ca-20170930x10q.htm,1620589845,15:50:45,20210509
5,2017-06-30,CA,USD,2017-08-03 00:00:00,2017-08-03 16:08:42,Q1,1025000000,144000000.0,881000000.0,0.8595121951219512,158000000.0,107000000.0,246000000.0,-11000000.0,607000000.0,751000000.0,25000000.0,26000000.0,300000000.0,0.2926829268292683,274000000.0,0.2673170731707317,-11000000.0,238000000.0,0.23219512195121952,60000000.0,178000000.0,0.17365853658536584,0.42891566265060244,0.42685851318944845,415000000,417000000,https://www.sec.gov/Archives/edgar/data/356028/000035602817000121/0000356028-17-000121-index.html,https://www.sec.gov/Archives/edgar/data/356028/000035602817000121/ca-20170630x10q.htm,1620589845,15:50:45,20210509
6,2017-03-31,CA,USD,2017-05-12 00:00:00,2017-05-12 16:07:51,Q4,1012000000,149000000.0,863000000.0,0.8527667984189723,158000000.0,118000000.0,281000000.0,-9000000.0,639000000.0,788000000.0,17000000.0,21000000.0,245000000.0,0.24209486166007904,224000000.0,0.22134387351778656,-9000000.0,198000000.0,0.1956521739130435,41000000.0,157000000.0,0.1551383399209486,0.3801452784503632,0.3783132530120482,413000000,415000000,https://www.sec.gov/Archives/edgar/data/356028/000035602817000047/0000356028-17-000047-index.html,https://www.sec.gov/Archives/edgar/data/356028/000035602817000047/ca-20170331x10k.htm,1620589845,15:50:45,20210509
7,2016-12-31,CA,USD,2017-01-25 00:00:00,2017-01-25 16:06:17,Q3,1007000000,142000000.0,865000000.0,0.858987090367428,144000000.0,85000000.0,270000000.0,17000000.0,574000000.0,716000000.0,16000000.0,18000000.0,309000000.0,0.30685203574975173,291000000.0,0.28897715988083417,17000000.0,292000000.0,0.2899702085402185,84000000.0,208000000.0,0.20655412115193644,0.5036319612590799,0.5024154589371981,413000000,414000000,https://www.sec.gov/Archives/edgar/data/356028/000035602817000018/0000356028-17-000018-index.html,https://www.sec.gov/Archives/edgar/data/356028/000035602817000018/ca-20161231x10q.htm,1620589845,15:50:45,20210509
8,2016-09-30,CA,USD,2016-10-28 00:00:00,2016-10-28 16:03:46,Q2,1018000000,139000000.0,879000000.0,0.8634577603143418,136000000.0,84000000.0,235000000.0,-27000000.0,532000000.0,671000000.0,14000000.0,18000000.0,365000000.0,0.35854616895874264,347000000.0,0.34086444007858546,-27000000.0,306000000.0,0.3005893909626719,94000000.0,212000000.0,0.2082514734774067,0.5120772946859904,0.5108433734939759,414000000,415000000,https://www.sec.gov/Archives/edgar/data/356028/000035602816000369/0000356028-16-000369-index.html,https://www.sec.gov/Archives/edgar/data/356028/000035602816000369/ca-20160930x10q.htm,1620589845,15:50:45,20210509
9,2016-06-30,CA,USD,2016-07-28,2016-07-28 16:10:03,Q1,999000000,143000000.0,856000000.0,0.8568568568568569,148000000.0,88000000.0,242000000.0,0.0,564000000.0,707000000.0,15000000.0,20000000.0,312000000.0,0.3123123123123123,292000000.0,0.2922922922922923,0.0,277000000.0,0.2772772772772773,79000000.0,198000000.0,0.1981981981981982,0.4782608695652174,0.4771084337349398,414000000,415000000,https://www.sec.gov/Archives/edgar/data/356028/000035602816000329/0000356028-16-000329-index.htm,https://www.sec.gov/Archives/edgar/data/356028/000035602816000329/ca-20160630x10q.htm,1620589845,15:50:45,20210509
10,2016-03-31,CA,USD,2016-05-12 00:00:00,2016-05-12 16:05:25,Q4,1009000000,150000000.0,859000000.0,0.8513379583746283,140000000.0,88000000.0,255000000.0,-10000000.0,570000000.0,720000000.0,15000000.0,23000000.0,312000000.0,0.30921704658077304,289000000.0,0.28642220019821607,-10000000.0,264000000.0,0.2616451932606541,93000000.0,174000000.0,0.17244796828543113,0.4213075060532688,0.42028985507246375,413000000,414000000,https://www.sec.gov/Archives/edgar/data/356028/000035602816000254/0000356028-16-000254-index.html,https://www.sec.gov/Archives/edgar/data/356028/000035602816000254/ca-20160331x10k.htm,1620589845,15:50:45,20210509
11,2015-12-31,CA,USD,2016-01-27 00:00:00,2016-01-27 16:04:59,Q3,1034000000,148000000.0,886000000.0,0.8568665377176016,133000000.0,90000000.0,277000000.0,-1000000.0,592000000.0,740000000.0,15000000.0,27000000.0,321000000.0,0.3104448742746615,294000000.0,0.28433268858800775,-1000000.0,278000000.0,0.2688588007736944,59000000.0,223000000.0,0.21566731141199227,0.530952380952381,0.5296912114014252,420000000,421000000,https://www.sec.gov/Archives/edgar/data/356028/000035602816000232/0000356028-16-000232-index.html,https://www.sec.gov/Archives/edgar/data/356028/000035602816000232/ca-20151231x10q.htm,1620589845,15:50:45,20210509
12,2015-09-30,CA,USD,2015-10-22 00:00:00,2015-10-22 16:29:30,Q2,1005000000,148000000.0,857000000.0,0.8527363184079602,151000000.0,99000000.0,248000000.0,-4000000.0,594000000.0,742000000.0,12000000.0,29000000.0,292000000.0,0.29054726368159206,263000000.0,0.26169154228855723,-4000000.0,247000000.0,0.24577114427860697,75000000.0,174000000.0,0.17313432835820897,0.39908256880733944,0.39816933638443935,436000000,437000000,https://www.sec.gov/Archives/edgar/data/356028/000035602815000197/0000356028-15-000197-index.html,https://www.sec.gov/Archives/edgar/data/356028/000035602815000197/ca-20150930x10q.htm,1620589845,15:50:45,20210509
13,2015-06-30,CA,USD,2015-07-24 00:00:00,2015-07-24 16:06:55,Q1,977000000,137000000.0,840000000.0,0.8597748208802457,136000000.0,90000000.0,226000000.0,3000000.0,539000000.0,676000000.0,9000000.0,27000000.0,328000000.0,0.33572159672466734,301000000.0,0.30808597748208805,3000000.0,295000000.0,0.30194472876151485,88000000.0,212000000.0,0.21699078812691913,0.48623853211009177,0.4840182648401826,436000000,438000000,https://www.sec.gov/Archives/edgar/data/356028/000035602815000153/0000356028-15-000153-index.html,https://www.sec.gov/Archives/edgar/data/356028/000035602815000153/ca-20150630x10q.htm,1620589845,15:50:45,20210509
14,2015-03-31,CA,USD,2015-05-08 00:00:00,2015-05-08 16:04:38,Q4,1023000000,165000000.0,858000000.0,0.8387096774193549,160000000.0,108000000.0,278000000.0,-2000000.0,645000000.0,810000000.0,9000000.0,30000000.0,243000000.0,0.2375366568914956,213000000.0,0.20821114369501467,-2000000.0,202000000.0,0.19745845552297164,57000000.0,151000000.0,0.14760508308895406,0.34553775743707094,0.3439635535307517,437000000,439000000,https://www.sec.gov/Archives/edgar/data/356028/000035602815000076/0000356028-15-000076-index.html,https://www.sec.gov/Archives/edgar/data/356028/000035602815000076/ca-20150331x10k.htm,1620589845,15:50:45,20210509
15,2014-12-31,CA,USD,2015-01-21,2015-01-21 16:04:33,Q3,1091000000,158000000.0,933000000.0,0.8551787351054079,143000000.0,90000000.0,283000000.0,-6000000.0,609000000.0,767000000.0,12000000.0,31000000.0,355000000.0,0.32538955087076077,324000000.0,0.29697525206232817,-6000000.0,306000000.0,0.2804766269477543,88000000.0,222000000.0,0.20348304307974335,0.5045454545454545,0.5034013605442177,440000000,441000000,https://www.sec.gov/Archives/edgar/data/356028/000035602815000029/0000356028-15-000029-index.htm,https://www.sec.gov/Archives/edgar/data/356028/000035602815000029/ca-20141231x10q.htm,1620589845,15:50:45,20210509
16,2014-09-30,CA,USD,2014-10-23 00:00:00,2014-10-23 16:04:57,Q2,1079000000,159000000.0,920000000.0,0.8526413345690455,150000000.0,87000000.0,253000000.0,-1000000.0,599000000.0,758000000.0,12000000.0,34000000.0,355000000.0,0.3290083410565338,321000000.0,0.2974976830398517,-1000000.0,308000000.0,0.28544949026876737,73000000.0,256000000.0,0.23725671918443003,0.5818181818181818,0.5804988662131519,440000000,441000000,https://www.sec.gov/Archives/edgar/data/356028/000035602814000149/0000356028-14-000149-index.html,https://www.sec.gov/Archives/edgar/data/356028/000035602814000149/ca-20140930x10q.htm,1620589845,15:50:45,20210509
17,2014-06-30,CA,USD,2014-07-24 00:00:00,2014-07-24 16:28:58,Q1,1069000000,153000000.0,916000000.0,0.8568755846585594,150000000.0,92000000.0,246000000.0,-14000000.0,589000000.0,742000000.0,14000000.0,34000000.0,361000000.0,0.3376987839101964,327000000.0,0.3058933582787652,-14000000.0,299000000.0,0.27970065481758655,87000000.0,217000000.0,0.2029934518241347,0.49318181818181817,0.49206349206349204,440000000,441000000,https://www.sec.gov/Archives/edgar/data/356028/000035602814000120/0000356028-14-000120-index.html,https://www.sec.gov/Archives/edgar/data/356028/000035602814000120/ca-20140630x10q.htm,1620589845,15:50:45,20210509
18,2014-03-31,CA,USD,2014-05-19 00:00:00,2014-05-19 16:04:15,Q4,1108000000,171000000.0,937000000.0,0.8456678700361011,159000000.0,118000000.0,318000000.0,-52000000.0,695000000.0,866000000.0,15000000.0,31000000.0,273000000.0,0.2463898916967509,242000000.0,0.2184115523465704,-52000000.0,175000000.0,0.157942238267148,71000000.0,107000000.0,0.09657039711191336,0.2420814479638009,0.240990990990991,442000000,444000000,https://www.sec.gov/Archives/edgar/data/356028/000035602814000075/0000356028-14-000075-index.html,https://www.sec.gov/Archives/edgar/data/356028/000035602814000075/ca-20140331x10k.htm,1620589845,15:50:45,20210509
19,2013-12-31,CA,USD,2014-01-22,2014-01-22 16:06:06,Q3,1163000000,167000000.0,996000000.0,0.8564058469475494,149000000.0,95000000.0,293000000.0,-13000000.0,649000000.0,816000000.0,15000000.0,40000000.0,387000000.0,0.33276010318142735,347000000.0,0.29836629406706794,-13000000.0,319000000.0,0.27429062768701634,87000000.0,232000000.0,0.1994840928632846,0.52,0.51,446000000,448000000,https://www.sec.gov/Archives/edgar/data/356028/000035602814000030/0000356028-14-000030-index.htm,https://www.sec.gov/Archives/edgar/data/356028/000035602814000030/ca-20131231x10q.htm,1620589845,15:50:45,20210509
20,2013-09-30,CA,USD,2013-10-25 00:00:00,2013-10-25 16:02:57,Q2,1140000000,161000000.0,979000000.0,0.8587719298245614,145000000.0,91000000.0,260000000.0,-14000000.0,606000000.0,767000000.0,13000000.0,37000000.0,410000000.0,0.35964912280701755,373000000.0,0.32719298245614037,-14000000.0,346000000.0,0.30350877192982456,106000000.0,240000000.0,0.21052631578947367,0.5357142857142857,0.5333333333333333,448000000,450000000,https://www.sec.gov/Archives/edgar/data/356028/000035602813000195/0000356028-13-000195-index.html,https://www.sec.gov/Archives/edgar/data/356028/000035602813000195/ca-20130930x10q.htm,1620589845,15:50:45,20210509
21,2013-06-30,CA,USD,2013-07-25 00:00:00,2013-07-25 16:07:38,Q1,1128000000,159000000.0,969000000.0,0.8590425531914894,135000000.0,91000000.0,281000000.0,-129000000.0,612000000.0,771000000.0,11000000.0,36000000.0,393000000.0,0.3484042553191489,357000000.0,0.31648936170212766,-129000000.0,217000000.0,0.19237588652482268,-118000000.0,335000000.0,0.2969858156028369,0.74,0.73,450000000,451000000,https://www.sec.gov/Archives/edgar/data/356028/000035602813000153/0000356028-13-000153-index.html,https://www.sec.gov/Archives/edgar/data/356028/000035602813000153/ca-20130630x10q.htm,1620589845,15:50:45,20210509
22,2013-03-31,CA,USD,2013-05-09 00:00:00,2013-05-09 16:07:27,Q4,1151000000,162000000.0,989000000.0,0.8592528236316247,122000000.0,101000000.0,323000000.0,-9000000.0,706000000.0,868000000.0,11000000.0,38000000.0,321000000.0,0.2788879235447437,283000000.0,0.24587315377932234,-9000000.0,263000000.0,0.22849695916594265,21000000.0,242000000.0,0.21025195482189402,0.5389755011135857,0.5377777777777778,449000000,450000000,https://www.sec.gov/Archives/edgar/data/356028/000035602813000065/0000356028-13-000065-index.html,https://www.sec.gov/Archives/edgar/data/356028/000035602813000065/ca-20130331x10k.htm,1620589845,15:50:45,20210509
23,2012-12-31,CA,USD,2013-01-24 00:00:00,2013-01-24 16:04:59,Q3,1195000000,164000000.0,1031000000.0,0.8627615062761507,120000000.0,96000000.0,331000000.0,-9000000.0,652000000.0,816000000.0,12000000.0,39000000.0,418000000.0,0.3497907949790795,379000000.0,0.31715481171548116,-9000000.0,358000000.0,0.299581589958159,107000000.0,251000000.0,0.2100418410041841,0.5553097345132744,0.5540838852097131,452000000,453000000,https://www.sec.gov/Archives/edgar/data/356028/000035602813000022/0000356028-13-000022-index.html,https://www.sec.gov/Archives/edgar/data/356028/000035602813000022/ca-20121231x10q.htm,1620589845,15:50:45,20210509
24,2012-09-30,CA,USD,2012-10-26 00:00:00,2012-10-26 16:25:49,Q2,1152000000,157000000.0,995000000.0,0.8637152777777778,123000000.0,98000000.0,317000000.0,0.0,658000000.0,815000000.0,0.0,40000000.0,377000000.0,0.3272569444444444,337000000.0,0.2925347222222222,-20000000.0,327000000.0,0.2838541666666667,105000000.0,222000000.0,0.19270833333333334,0.4847161572052402,0.48366013071895425,458000000,459000000,https://www.sec.gov/Archives/edgar/data/356028/000035602812000099/0000356028-12-000099-index.html,https://www.sec.gov/Archives/edgar/data/356028/000035602812000099/ca-2012930x10q.htm,1620589845,15:50:45,20210509
25,2012-06-30,CA,USD,2012-07-27 00:00:00,2012-07-27 16:17:49,Q1,1145000000,155000000.0,990000000.0,0.8646288209606987,125000000.0,110000000.0,305000000.0,0.0,609000000.0,764000000.0,0.0,41000000.0,422000000.0,0.3685589519650655,381000000.0,0.3327510917030568,0.0,370000000.0,0.3231441048034934,130000000.0,240000000.0,0.2096069868995633,0.5161290322580645,0.5139186295503212,465000000,467000000,https://www.sec.gov/Archives/edgar/data/356028/000119312512319543/0001193125-12-319543-index.html,https://www.sec.gov/Archives/edgar/data/356028/000119312512319543/d366465d10q.htm,1620589845,15:50:45,20210509
26,2012-03-31,CA,USD,2012-05-11,2012-05-11,Q4,1188000000,166000000.0,1022000000.0,0.8602693602693603,126000000.0,131000000.0,356000000.0,0.0,721000000.0,887000000.0,41000000.0,42000000.0,343000000.0,0.2887205387205387,301000000.0,0.25336700336700335,0.0,290000000.0,0.2441077441077441,79000000.0,211000000.0,0.1776094276094276,0.45376344086021503,0.45376344086021503,465000000,465000000,https://www.sec.gov/Archives/edgar/data/356028/000119312512228559/0001193125-12-228559-index.htm,https://www.sec.gov/Archives/edgar/data/356028/000119312512228559/d304418d10k.htm,1620589845,15:50:45,20210509
27,2011-12-31,CA,USD,2012-01-25 00:00:00,2012-01-25 16:26:44,Q3,1263000000,160000000.0,1103000000.0,0.8733174980205859,126000000.0,113000000.0,342000000.0,0.0,690000000.0,850000000.0,9000000.0,44000000.0,457000000.0,0.3618368962787015,413000000.0,0.3269992082343626,0.0,404000000.0,0.31987331749802056,141000000.0,263000000.0,0.2082343626286619,0.5445134575569358,0.5433884297520661,483000000,484000000,https://www.sec.gov/Archives/edgar/data/356028/000119312512023363/0001193125-12-023363-index.html,https://www.sec.gov/Archives/edgar/data/356028/000119312512023363/d270384d10q.htm,1620589845,15:50:45,20210509
28,2011-09-30,CA,USD,2011-10-27 00:00:00,2011-10-27 16:26:35,Q2,1200000000,162000000.0,1038000000.0,0.865,140000000.0,104000000.0,370000000.0,0.0,705000000.0,867000000.0,6000000.0,43000000.0,376000000.0,0.31333333333333335,333000000.0,0.2775,0.0,327000000.0,0.2725,91000000.0,236000000.0,0.19666666666666666,0.4787018255578093,0.4777327935222672,493000000,494000000,https://www.sec.gov/Archives/edgar/data/356028/000095012311092486/0000950123-11-092486-index.html,https://www.sec.gov/Archives/edgar/data/356028/000095012311092486/y92680e10vq.htm,1620589845,15:50:45,20210509
29,2011-06-30,CA,USD,2011-07-22 00:00:00,2011-07-22 16:26:55,Q1,1163000000,155000000.0,1008000000.0,0.8667239896818573,118000000.0,114000000.0,326000000.0,0.0,665000000.0,820000000.0,9000000.0,47000000.0,390000000.0,0.3353396388650043,343000000.0,0.29492691315563196,-1000000.0,333000000.0,0.2863284608770421,105000000.0,241000000.0,0.20722269991401548,0.48,0.47,500000000,501000000,https://www.sec.gov/Archives/edgar/data/356028/000095012311067486/0000950123-11-067486-index.html,https://www.sec.gov/Archives/edgar/data/356028/000095012311067486/y91461e10vq.htm,1620589845,15:50:45,20210509
30,2011-03-31,CA,USD,2011-05-16 00:00:00,2011-05-16 17:17:21,Q4,1063000000,125000000.0,938000000.0,0.8824082784571966,108000000.0,107000000.0,331000000.0,0.0,651000000.0,776000000.0,0.0,51000000.0,338000000.0,0.3179680150517404,287000000.0,0.2699905926622766,-2000000.0,275000000.0,0.25870178739416744,97000000.0,188000000.0,0.17685794920037629,0.376,0.376,500000000,500000000,https://www.sec.gov/Archives/edgar/data/356028/000095012311050920/0000950123-11-050920-index.html,https://www.sec.gov/Archives/edgar/data/356028/000095012311050920/y89470e10vk.htm,1620589845,15:50:45,20210509
31,2010-12-31,CA,USD,2011-01-26,2011-01-26,Q3,1165000000,211000000.0,954000000.0,0.8188841201716738,110000000.0,114000000.0,348000000.0,0.0,624000000.0,835000000.0,10000000.0,47000000.0,377000000.0,0.3236051502145923,330000000.0,0.2832618025751073,8000000.0,328000000.0,0.2815450643776824,128000000.0,200000000.0,0.17167381974248927,0.39603960396039606,0.3952569169960474,505000000,506000000,https://www.sec.gov/Archives/edgar/data/356028/000095012311005615/0000950123-11-005615-index.htm,https://www.sec.gov/Archives/edgar/data/356028/000095012311005615/y88198e10vq.htm,1620589845,15:50:45,20210509
32,2010-09-30,CA,USD,2010-10-22 00:00:00,2010-10-22 16:32:52,Q2,1110000000,197000000.0,913000000.0,0.8225225225225226,125000000.0,113000000.0,308000000.0,0.0,606000000.0,803000000.0,12000000.0,45000000.0,352000000.0,0.3171171171171171,307000000.0,0.2765765765765766,0.0,295000000.0,0.26576576576576577,73000000.0,222000000.0,0.2,0.4378698224852071,0.43700787401574803,507000000,508000000,https://www.sec.gov/Archives/edgar/data/356028/000095012310095299/0000950123-10-095299-index.html,https://www.sec.gov/Archives/edgar/data/356028/000095012310095299/y86557e10vq.htm,1620589845,15:50:45,20210509
33,2010-06-30,CA,USD,2010-07-23 00:00:00,2010-07-23 16:25:15,Q1,1091000000,193000000.0,898000000.0,0.8230980751604033,128000000.0,117000000.0,299000000.0,0.0,577000000.0,770000000.0,13000000.0,44000000.0,365000000.0,0.33455545371219064,321000000.0,0.29422548120989916,3000000.0,311000000.0,0.2850595783684693,88000000.0,217000000.0,0.19890009165902842,0.42549019607843136,0.4246575342465753,510000000,511000000,https://www.sec.gov/Archives/edgar/data/356028/000095012310067729/0000950123-10-067729-index.html,https://www.sec.gov/Archives/edgar/data/356028/000095012310067729/y85048e10vq.htm,1620589845,15:50:45,20210509
34,2010-03-31,CA,USD,2010-05-14 00:00:00,2010-05-14 16:17:05,Q4,1103000000,294000000.0,809000000.0,0.7334542157751587,123000000.0,120000000.0,342000000.0,0.0,529000000.0,823000000.0,0.0,110000000.0,390000000.0,0.3535811423390752,280000000.0,0.25385312783318226,-48000000.0,218000000.0,0.19764279238440616,117000000.0,101000000.0,0.09156844968268359,0.1980392156862745,0.1980392156862745,510000000,510000000,https://www.sec.gov/Archives/edgar/data/356028/000095012310049691/0000950123-10-049691-index.html,https://www.sec.gov/Archives/edgar/data/356028/000095012310049691/y83785e10vk.htm,1620589845,15:50:45,20210509
35,2009-12-31,CA,USD,2010-01-29 00:00:00,2010-01-29 16:16:43,Q3,1128000000,174000000.0,954000000.0,0.8457446808510638,119000000.0,129000000.0,316000000.0,0.0,601000000.0,775000000.0,23000000.0,40000000.0,393000000.0,0.3484042553191489,353000000.0,0.3129432624113475,-2000000.0,328000000.0,0.2907801418439716,71000000.0,257000000.0,0.22783687943262412,0.49902912621359224,0.4803738317757009,515000000,535000000,https://www.sec.gov/Archives/edgar/data/356028/000095012310006814/0000950123-10-006814-index.html,https://www.sec.gov/Archives/edgar/data/356028/000095012310006814/y81658e10vq.htm,1620589845,15:50:45,20210509
36,2009-09-30,CA,USD,2009-10-23 00:00:00,2009-10-23 16:31:46,Q2,1072000000,166000000.0,906000000.0,0.8451492537313433,115000000.0,120000000.0,286000000.0,0.0,567000000.0,733000000.0,22000000.0,39000000.0,378000000.0,0.35261194029850745,339000000.0,0.3162313432835821,0.0,317000000.0,0.2957089552238806,99000000.0,218000000.0,0.20335820895522388,0.42,0.41,518000000,542000000,https://www.sec.gov/Archives/edgar/data/356028/000095012309052756/0000950123-09-052756-index.html,https://www.sec.gov/Archives/edgar/data/356028/000095012309052756/y79740e10vq.htm,1620589845,15:50:45,20210509
37,2009-06-30,CA,USD,2009-07-24 00:00:00,2009-07-24 16:19:43,Q1,1050000000,133000000.0,917000000.0,0.8733333333333333,119000000.0,110000000.0,281000000.0,0.0,590000000.0,723000000.0,0.0,39000000.0,366000000.0,0.3485714285714286,327000000.0,0.31142857142857144,-2000000.0,308000000.0,0.29333333333333333,113000000.0,195000000.0,0.18571428571428572,0.37790697674418605,0.3611111111111111,516000000,540000000,https://www.sec.gov/Archives/edgar/data/356028/000095012309025330/0000950123-09-025330-index.html,https://www.sec.gov/Archives/edgar/data/356028/000095012309025330/y77974e10vq.htm,1620589845,15:50:45,20210509
38,2009-03-31,CA,USD,2009-05-15 00:00:00,2009-05-15 08:26:32,Q4,1035000000,141000000.0,894000000.0,0.863768115942029,128000000.0,421000000.0,0.0,0.0,622000000.0,763000000.0,0.0,40000000.0,312000000.0,0.30144927536231886,272000000.0,0.26280193236714977,-92000000.0,169000000.0,0.16328502415458937,97000000.0,72000000.0,0.06956521739130435,0.13953488372093023,0.13953488372093023,516000000,516000000,https://www.sec.gov/Archives/edgar/data/356028/000095012309008932/0000950123-09-008932-index.html,https://www.sec.gov/Archives/edgar/data/356028/000095012309008932/y77177e10vk.htm,1620589845,15:50:45,20210509
39,2008-12-31,CA,USD,2009-01-30 00:00:00,2009-01-30 16:19:04,Q3,1042000000,146000000.0,896000000.0,0.8598848368522073,115000000.0,417000000.0,0.0,0.0,599000000.0,745000000.0,8000000.0,36000000.0,333000000.0,0.31957773512476007,297000000.0,0.28502879078694815,12000000.0,301000000.0,0.2888675623800384,88000000.0,213000000.0,0.20441458733205375,0.41,0.4,514000000,539000000,https://www.sec.gov/Archives/edgar/data/356028/000095012309001674/0000950123-09-001674-index.html,https://www.sec.gov/Archives/edgar/data/356028/000095012309001674/y74297e10vq.htm,1620589845,15:50:45,20210509
40,2008-09-30,CA,USD,2008-10-30 00:00:00,2008-10-30 16:23:52,Q2,1107000000,164000000.0,943000000.0,0.8518518518518519,120000000.0,421000000.0,0.0,0.0,607000000.0,771000000.0,2000000.0,37000000.0,373000000.0,0.3369467028003613,336000000.0,0.3035230352303523,-6000000.0,328000000.0,0.2962962962962963,119000000.0,209000000.0,0.18879855465221318,0.41,0.39,514000000,539000000,https://www.sec.gov/Archives/edgar/data/356028/000095012308013941/0000950123-08-013941-index.html,https://www.sec.gov/Archives/edgar/data/356028/000095012308013941/y72206e10vq.htm,1620589845,15:50:45,20210509
41,2008-06-30,CA,USD,2008-08-01 00:00:00,2008-08-01 13:48:24,Q1,1087000000,154000000.0,933000000.0,0.858325666973321,123000000.0,431000000.0,0.0,0.0,621000000.0,775000000.0,4000000.0,36000000.0,348000000.0,0.3201471941122355,312000000.0,0.28702851885924563,-4000000.0,304000000.0,0.2796688132474701,104000000.0,200000000.0,0.18399264029438822,0.39,0.37,512000000,537000000,https://www.sec.gov/Archives/edgar/data/356028/000095012308008693/0000950123-08-008693-index.html,https://www.sec.gov/Archives/edgar/data/356028/000095012308008693/y64423e10vq.htm,1620589845,15:50:45,20210509
42,2008-03-31,CA,USD,2008-05-23 00:00:00,2008-05-23 17:01:54,Q4,1085000000,157000000.0,928000000.0,0.8552995391705069,133000000.0,504000000.0,0.0,0.0,706000000.0,863000000.0,9000000.0,39000000.0,261000000.0,0.24055299539170508,222000000.0,0.20460829493087557,-72000000.0,141000000.0,0.12995391705069123,70000000.0,71000000.0,0.06543778801843318,0.138671875,0.138671875,512000000,512000000,https://www.sec.gov/Archives/edgar/data/356028/000095012308006113/0000950123-08-006113-index.html,https://www.sec.gov/Archives/edgar/data/356028/000095012308006113/x55036e10vk.htm,1620589845,15:50:45,20210509
43,2007-12-31,CA,USD,2008-02-05,2008-02-05 16:15:58,Q3,1100000000,150000000.0,950000000.0,0.8636363636363636,133000000.0,464000000.0,0.0,0.0,666000000.0,816000000.0,10000000.0,40000000.0,324000000.0,0.29454545454545455,284000000.0,0.2581818181818182,-35000000.0,239000000.0,0.21727272727272728,76000000.0,163000000.0,0.1481818181818182,0.32,0.31,510000000,536000000,https://www.sec.gov/Archives/edgar/data/356028/000095012308001157/0000950123-08-001157-index.htm,https://www.sec.gov/Archives/edgar/data/356028/000095012308001157/y47863e10vq.htm,1620589845,15:50:45,20210509
44,2007-09-30,CA,USD,2007-11-02 00:00:00,2007-11-02 17:25:45,Q2,1067000000,88000000.0,979000000.0,0.9175257731958762,174000000.0,492000000.0,0.0,0.0,733000000.0,821000000.0,13000000.0,38000000.0,284000000.0,0.2661668228678538,246000000.0,0.23055295220243674,-2000000.0,231000000.0,0.21649484536082475,94000000.0,137000000.0,0.12839737582005623,0.27,0.26,512000000,537000000,https://www.sec.gov/Archives/edgar/data/356028/000095012307014803/0000950123-07-014803-index.html,https://www.sec.gov/Archives/edgar/data/356028/000095012307014803/y41504e10vq.htm,1620589845,15:50:45,20210509
45,2007-06-30,CA,USD,2007-08-03 00:00:00,2007-08-03 16:16:58,Q1,1025000000,90000000.0,935000000.0,0.9121951219512195,171000000.0,467000000.0,0.0,0.0,706000000.0,796000000.0,14000000.0,39000000.0,268000000.0,0.26146341463414635,229000000.0,0.22341463414634147,-18000000.0,197000000.0,0.19219512195121952,68000000.0,129000000.0,0.12585365853658537,0.25,0.24,525000000,551000000,https://www.sec.gov/Archives/edgar/data/356028/000095012307010812/0000950123-07-010812-index.html,https://www.sec.gov/Archives/edgar/data/356028/000095012307010812/y37870e10vq.htm,1620589845,15:50:45,20210509
46,2007-03-31,CA,USD,2007-05-30 00:00:00,2007-05-30 17:10:25,Q4,1005000000,98000000.0,907000000.0,0.9024875621890547,179000000.0,516000000.0,0.0,0.0,819000000.0,917000000.0,15000000.0,41000000.0,129000000.0,0.12835820895522387,88000000.0,0.08756218905472637,-100000000.0,-27000000.0,-0.026865671641791045,-7000000.0,-20000000.0,-0.01990049751243781,-0.0380952380952381,-0.0380952380952381,525000000,525000000,https://www.sec.gov/Archives/edgar/data/356028/000095012307008119/0000950123-07-008119-index.html,https://www.sec.gov/Archives/edgar/data/356028/000095012307008119/y31617e10vk.htm,1620589845,15:50:45,20210509
47,2006-12-31,CA,USD,2007-02-06,2007-02-05 19:40:20,Q3,1002000000,81000000.0,921000000.0,0.9191616766467066,176000000.0,495000000.0,0.0,0.0,790000000.0,871000000.0,25000000.0,36000000.0,167000000.0,0.16666666666666666,131000000.0,0.13073852295409183,-36000000.0,70000000.0,0.06986027944111776,18000000.0,50000000.0,0.0499001996007984,0.1,0.09,524000000,549000000,https://www.sec.gov/Archives/edgar/data/356028/000095012307001324/0000950123-07-001324-index.htm,https://www.sec.gov/Archives/edgar/data/356028/000095012307001324/y29717e10vq.htm,1620589845,15:50:45,20210509
48,2006-09-30,CA,USD,2006-11-03,2006-11-03 16:34:10,Q2,996000000,80000000.0,916000000.0,0.9196787148594378,178000000.0,425000000.0,0.0,0.0,723000000.0,803000000.0,12000000.0,37000000.0,230000000.0,0.23092369477911648,193000000.0,0.19377510040160642,-115000000.0,66000000.0,0.06626506024096386,13000000.0,53000000.0,0.05321285140562249,0.09464285714285714,0.09075342465753425,560000000,584000000,https://www.sec.gov/Archives/edgar/data/356028/000095012306013489/0000950123-06-013489-index.htm,https://www.sec.gov/Archives/edgar/data/356028/000095012306013489/y26073e10vq.htm,1620589845,15:50:45,20210509
49,2006-06-30,CA,USD,2006-08-14,2006-08-14 16:33:34,Q1,956000000,72000000.0,884000000.0,0.9246861924686193,179000000.0,505000000.0,0.0,0.0,823000000.0,895000000.0,8000000.0,34000000.0,95000000.0,0.09937238493723849,61000000.0,0.06380753138075314,-10000000.0,43000000.0,0.04497907949790795,8000000.0,35000000.0,0.036610878661087864,0.061619718309859156,0.05862646566164154,568000000,597000000,https://www.sec.gov/Archives/edgar/data/356028/000095012306010536/0000950123-06-010536-index.htm,https://www.sec.gov/Archives/edgar/data/356028/000095012306010536/y24177qe10vq.htm,1620589845,15:50:45,20210509
50,2006-03-31,CA,USD,2006-07-31,2006-07-31 17:22:12,Q4,967000000,78000000.0,889000000.0,0.9193381592554292,176000000.0,599000000.0,0.0,0.0,928000000.0,1006000000.0,10000000.0,39000000.0,0.0,0.0,-39000000.0,-0.04033092037228542,-24000000.0,-73000000.0,-0.07549120992761117,-38000000.0,-35000000.0,-0.03619441571871768,-0.061619718309859156,-0.061619718309859156,568000000,568000000,https://www.sec.gov/Archives/edgar/data/356028/000095012306009660/0000950123-06-009660-index.htm,https://www.sec.gov/Archives/edgar/data/356028/000095012306009660/y23611e10vk.htm,1620589845,15:50:45,20210509
51,2005-12-31,CA,USD,2006-02-09,2006-02-08 19:05:18,Q3,967000000,69000000.0,898000000.0,0.9286452947259566,171000000.0,492000000.0,0.0,0.0,807000000.0,876000000.0,12000000.0,33000000.0,124000000.0,0.1282316442605998,91000000.0,0.09410548086866598,-11000000.0,68000000.0,0.0703205791106515,12000000.0,59000000.0,0.06101344364012409,0.10189982728842832,0.09735973597359736,579000000,606000000,https://www.sec.gov/Archives/edgar/data/356028/000095012306001320/0000950123-06-001320-index.htm,https://www.sec.gov/Archives/edgar/data/356028/000095012306001320/y17235e10vq.htm,1620589845,15:50:45,20210509
52,2005-09-30,CA,USD,2005-11-09,2005-11-09 16:15:44,Q2,942000000,65000000.0,877000000.0,0.9309978768577495,247000000.0,382000000.0,0.0,0.0,772000000.0,837000000.0,10000000.0,32000000.0,137000000.0,0.1454352441613588,105000000.0,0.11146496815286625,-55000000.0,40000000.0,0.04246284501061571,-1000000.0,41000000.0,0.0435244161358811,0.0702054794520548,0.06721311475409836,584000000,610000000,https://www.sec.gov/Archives/edgar/data/356028/000095012305013360/0000950123-05-013360-index.htm,https://www.sec.gov/Archives/edgar/data/356028/000095012305013360/y14467e10vq.htm,1620589845,15:50:45,20210509
53,2005-06-30,CA,USD,2005-08-09,2005-08-09 17:08:46,Q1,920000000,60000000.0,860000000.0,0.9347826086956522,171000000.0,450000000.0,0.0,0.0,764000000.0,824000000.0,9000000.0,30000000.0,126000000.0,0.13695652173913042,96000000.0,0.10434782608695652,-1000000.0,86000000.0,0.09347826086956522,-8000000.0,94000000.0,0.10217391304347827,0.16,0.15,587000000,611000000,https://www.sec.gov/Archives/edgar/data/356028/000095012305009661/0000950123-05-009661-index.htm,https://www.sec.gov/Archives/edgar/data/356028/000095012305009661/y11633e10vq.htm,1620589845,15:50:45,20210509
54,2005-03-31,CA,USD,2005-06-29,2005-06-29 16:46:44,Q4,904000000,0.0,904000000.0,1.0,176000000.0,508000000.0,0.0,0.0,829000000.0,829000000.0,27000000.0,33000000.0,108000000.0,0.11946902654867257,75000000.0,0.08296460176991151,14000000.0,62000000.0,0.06858407079646017,44000000.0,16000000.0,0.017699115044247787,0.027257240204429302,0.027257240204429302,587000000,587000000,https://www.sec.gov/Archives/edgar/data/356028/000095012305007982/0000950123-05-007982-index.htm,https://www.sec.gov/Archives/edgar/data/356028/000095012305007982/y10321e10vk.htm,1620589845,15:50:45,20210509
55,2004-12-31,CA,USD,2005-02-09,2005-02-09 14:44:57,Q3,911000000,0.0,911000000.0,1.0,168000000.0,493000000.0,0.0,0.0,806000000.0,806000000.0,29000000.0,33000000.0,138000000.0,0.15148188803512624,105000000.0,0.11525795828759605,-24000000.0,52000000.0,0.0570801317233809,16000000.0,36000000.0,0.03951701427003293,0.06112054329371817,0.06050420168067227,589000000,595000000,https://www.sec.gov/Archives/edgar/data/356028/000095012305001388/0000950123-05-001388-index.htm,https://www.sec.gov/Archives/edgar/data/356028/000095012305001388/y05530e10vq.htm,1620589845,15:50:45,20210509
56,2004-09-30,CA,USD,2004-10-20,2004-10-20 17:19:20,Q2,855000000,0.0,855000000.0,1.0,174000000.0,460000000.0,0.0,0.0,777000000.0,777000000.0,24000000.0,32000000.0,110000000.0,0.1286549707602339,78000000.0,0.0912280701754386,-239000000.0,-185000000.0,-0.21637426900584794,-91000000.0,-96000000.0,-0.11228070175438597,-0.16,-0.16,587000000,587000000,https://www.sec.gov/Archives/edgar/data/356028/000095012304012267/0000950123-04-012267-index.htm,https://www.sec.gov/Archives/edgar/data/356028/000095012304012267/y67712e10vq.htm,1620589845,15:50:45,20210509
57,2004-06-30,CA,USD,2004-07-30,2004-07-30 14:47:09,Q1,860000000,55000000.0,805000000.0,0.936046511627907,172000000.0,373000000.0,0.0,0.0,723000000.0,778000000.0,26000000.0,32000000.0,114000000.0,0.1325581395348837,82000000.0,0.09534883720930233,-8000000.0,82000000.0,0.09534883720930233,29000000.0,53000000.0,0.06162790697674419,0.09044368600682594,0.08617886178861789,586000000,615000000,https://www.sec.gov/Archives/edgar/data/356028/000095012304009031/0000950123-04-009031-index.htm,https://www.sec.gov/Archives/edgar/data/356028/000095012304009031/y99465e10vq.htm,1620589845,15:50:45,20210509
58,2004-03-31,CA,USD,2004-06-14 00:00:00,2004-06-14 16:40:04,Q4,835000000,0.0,996000000.0,1.192814371257485,168000000.0,608000000.0,0.0,0.0,924000000.0,763000000.0,28000000.0,34000000.0,106000000.0,0.12694610778443113,72000000.0,0.08622754491017964,-16000000.0,28000000.0,0.033532934131736525,8000000.0,80000000.0,0.09580838323353294,0.13651877133105803,0.13651877133105803,586000000,586000000,https://www.sec.gov/Archives/edgar/data/356028/000095012304007363/0000950123-04-007363-index.html,https://www.sec.gov/Archives/edgar/data/356028/000095012304007363/y98106e10vk.htm,1620589845,15:50:45,20210509
59,2003-12-31,CA,USD,2003-12-31,2003-12-31,Q3,844000000,54000000.0,790000000.0,0.9360189573459715,167000000.0,381000000.0,0.0,0.0,697000000.0,751000000.0,29000000.0,33000000.0,126000000.0,0.14928909952606634,93000000.0,0.11018957345971564,-30000000.0,34000000.0,0.04028436018957346,13000000.0,22000000.0,0.026066350710900472,0.03793103448275862,0.03735144312393888,580000000,589000000,,,1620589845,15:50:45,20210509
60,2003-09-30,CA,USD,2004-06-14,2004-06-14,Q2,833000000,0.0,833000000.0,1.0,171000000.0,462000000.0,0.0,0.0,935000000.0,935000000.0,29000000.0,35000000.0,-67000000.0,-0.08043217286914765,-102000000.0,-0.12244897959183673,-150000000.0,-131000000.0,-0.15726290516206481,-44000000.0,-87000000.0,-0.10444177671068428,-0.15,-0.15,579000000,579000000,https://www.sec.gov/Archives/edgar/data/356028/000095012304007359/0000950123-04-007359-index.htm,https://www.sec.gov/Archives/edgar/data/356028/000095012304007359/y98170qe10vqza.htm,1620589845,15:50:45,20210509
61,2003-06-30,CA,USD,2003-06-30,2003-06-30,Q1,813000000,0.0,813000000.0,1.0,168000000.0,449000000.0,0.0,0.0,767000000.0,767000000.0,31000000.0,34000000.0,80000000.0,0.0984009840098401,46000000.0,0.056580565805658053,0.0,15000000.0,0.01845018450184502,5000000.0,10000000.0,0.012300123001230012,0.01730103806228374,0.017241379310344827,578000000,580000000,,,1620589845,15:50:45,20210509
62,2002-12-31,CA,USD,2002-12-31,2002-12-31,Q3,778000000,0.0,778000000.0,1.0,166000000.0,485000000.0,0.0,0.0,802000000.0,802000000.0,45000000.0,35000000.0,11000000.0,0.014138817480719794,-24000000.0,-0.030848329048843187,0.0,-69000000.0,-0.08868894601542417,-25000000.0,-44000000.0,-0.056555269922879174,-0.08,-0.08,574000000,574000000,,,1620589845,15:50:45,20210509
63,2002-09-30,CA,USD,2002-10-22,2002-10-22,Q2,772000000,0.0,772000000.0,1.0,165000000.0,492000000.0,0.0,0.0,810000000.0,810000000.0,41000000.0,35000000.0,-3000000.0,-0.0038860103626943004,-38000000.0,-0.04922279792746114,0.0,-79000000.0,-0.10233160621761658,-27000000.0,-52000000.0,-0.06735751295336788,-0.09,-0.09,573000000,573000000,https://www.sec.gov/Archives/edgar/data/356028/000035602802000074/0000356028-02-000074-index.htm,https://www.sec.gov/Archives/edgar/data/356028/000035602802000074/ca2qtr03_10qe.htm,1620589845,15:50:45,20210509
64,2002-06-30,CA,USD,2002-07-22,2002-07-22,Q1,765000000,0.0,765000000.0,1.0,165000000.0,500000000.0,0.0,0.0,818000000.0,818000000.0,47000000.0,34000000.0,-19000000.0,-0.02483660130718954,-53000000.0,-0.06928104575163399,0.0,-100000000.0,-0.13071895424836602,-35000000.0,-65000000.0,-0.08496732026143791,-0.11,-0.11,578000000,578000000,https://www.sec.gov/Archives/edgar/data/356028/000035602802000051/0000356028-02-000051-index.htm,https://www.sec.gov/Archives/edgar/data/356028/000035602802000051/ca1qtr10q_e.htm,1620589845,15:50:45,20210509
65,2001-12-31,CA,USD,2002-01-31,2002-01-31,Q3,749000000,0.0,749000000.0,1.0,165000000.0,531000000.0,0.0,0.0,971000000.0,971000000.0,53000000.0,275000000.0,53000000.0,0.07076101468624833,-222000000.0,-0.2963951935914553,0.0,-275000000.0,-0.3671562082777036,-44000000.0,-231000000.0,-0.308411214953271,-0.4,-0.4,576000000,576000000,https://www.sec.gov/Archives/edgar/data/356028/000035602802000013/0000356028-02-000013-index.htm,https://www.sec.gov/Archives/edgar/data/356028/000035602802000013/ca3qtr10q_edgar.htm,1620589845,15:50:45,20210509
66,2001-09-30,CA,USD,2001-11-08,2001-11-08,Q2,734000000,0.0,734000000.0,1.0,171000000.0,606000000.0,0.0,0.0,1050000000.0,1050000000.0,57000000.0,273000000.0,-43000000.0,-0.05858310626702997,-316000000.0,-0.4305177111716621,0.0,-373000000.0,-0.5081743869209809,-82000000.0,-291000000.0,-0.39645776566757496,-0.5,-0.5,577000000,577000000,https://www.sec.gov/Archives/edgar/data/356028/000035602801500048/0000356028-01-500048-index.htm,https://www.sec.gov/Archives/edgar/data/356028/000035602801500048/ca2qtr10q_edgar.htm,1620589845,15:50:45,20210509
67,2001-06-30,CA,USD,2001-06-30,2001-06-30,Q1,713000000,0.0,713000000.0,1.0,173000000.0,645000000.0,0.0,0.0,1094000000.0,1094000000.0,69000000.0,276000000.0,-105000000.0,-0.14726507713884993,-381000000.0,-0.5343618513323983,0.0,-450000000.0,-0.6311360448807855,-108000000.0,-342000000.0,-0.4796633941093969,-0.59,-0.59,577000000,577000000,,,1620589845,15:50:45,20210509
68,2000-12-31,CA,USD,2000-12-31,2000-12-31,Q3,783000000,0.0,783000000.0,1.0,172000000.0,712000000.0,0.0,0.0,1163000000.0,1163000000.0,88000000.0,279000000.0,-101000000.0,-0.12899106002554278,-380000000.0,-0.48531289910600256,0.0,-468000000.0,-0.5977011494252874,-126000000.0,-342000000.0,-0.4367816091954023,-0.59,-0.59,577000000,577000000,,,1620589845,15:50:45,20210509
69,2000-09-30,CA,USD,2000-09-30,2000-09-30,Q2,1545000000,0.0,1545000000.0,1.0,179000000.0,730000000.0,0.0,0.0,1188000000.0,1188000000.0,89000000.0,279000000.0,636000000.0,0.4116504854368932,357000000.0,0.23106796116504855,0.0,268000000.0,0.17346278317152103,130000000.0,138000000.0,0.08932038834951456,0.24,0.23,585000000,592000000,,,1620589845,15:50:45,20210509
70,2000-06-30,CA,USD,2000-06-30,2000-06-30,Q1,1137000000,0.0,1137000000.0,1.0,170000000.0,745000000.0,0.0,0.0,1188000000.0,1188000000.0,88000000.0,273000000.0,222000000.0,0.19525065963060687,-51000000.0,-0.044854881266490766,184000000.0,45000000.0,0.0395778364116095,22000000.0,23000000.0,0.020228671943711522,0.03898305084745763,0.037953795379537955,590000000,606000000,,,1620589845,15:50:45,20210509
71,1999-12-31,CA,USD,1999-12-31,1999-12-31,Q3,1812000000,0.0,1812000000.0,1.0,150000000.0,763000000.0,0.0,0.0,1073000000.0,1073000000.0,97000000.0,160000000.0,899000000.0,0.49613686534216334,739000000.0,0.40783664459161145,0.0,642000000.0,0.3543046357615894,241000000.0,401000000.0,0.22130242825607063,0.74,0.72,540000000,559000000,,,1620589845,15:50:45,20210509
72,1999-09-30,CA,USD,1999-09-30,1999-09-30,Q2,1605000000,0.0,1605000000.0,1.0,141000000.0,676000000.0,0.0,0.0,973000000.0,973000000.0,97000000.0,156000000.0,788000000.0,0.49096573208722744,632000000.0,0.39376947040498445,0.0,535000000.0,0.3333333333333333,201000000.0,334000000.0,0.20809968847352026,0.62,0.6,538709677,556666667,,,1620589845,15:50:45,20210509
73,1999-06-30,CA,USD,1999-06-30,1999-06-30,Q1,1222000000,0.0,1222000000.0,1.0,121000000.0,595000000.0,0.0,0.0,830000000.0,830000000.0,50000000.0,114000000.0,506000000.0,0.41407528641571195,392000000.0,0.32078559738134205,-646000000.0,-304000000.0,-0.24877250409165302,128000000.0,-432000000.0,-0.353518821603928,-0.8,-0.8,540000000,540000000,,,1620589845,15:50:45,20210509
74,1998-12-31,CA,USD,1998-12-31,1998-12-31,Q3,1361000000,0.0,1361000000.0,1.0,105000000.0,578000000.0,0.0,0.0,761000000.0,761000000.0,33000000.0,79000000.0,679000000.0,0.49889786921381335,600000000.0,0.440852314474651,0.0,567000000.0,0.4166054371785452,212000000.0,355000000.0,0.26083761939750183,0.66,0.64,537878788,554687500,,,1620589845,15:50:45,20210509
75,1998-09-30,CA,USD,1998-11-09,1998-11-09,Q2,1216000000,0.0,1216000000.0,1.0,103000000.0,535000000.0,0.0,0.0,717000000.0,717000000.0,29000000.0,79000000.0,578000000.0,0.4753289473684211,499000000.0,0.41036184210526316,0.0,470000000.0,0.38651315789473684,176000000.0,294000000.0,0.24177631578947367,0.53,0.52,554716981,565384615,https://www.sec.gov/Archives/edgar/data/356028/0000356028-98-000012-index.html,https://www.sec.gov/Archives/edgar/data/356028/,1620589845,15:50:45,20210509
76,1998-06-30,CA,USD,1998-06-30,1998-06-30,Q1,1047000000,0.0,1047000000.0,1.0,100000000.0,523000000.0,0.0,0.0,706000000.0,706000000.0,30000000.0,83000000.0,424000000.0,0.4049665711556829,341000000.0,0.3256924546322827,-1071000000.0,-760000000.0,-0.725883476599809,-279000000.0,-481000000.0,-0.4594078319006686,-0.87,-0.87,552873563,552873563,,,1620589845,15:50:45,20210509
77,1997-12-31,CA,USD,1998-02-05,1998-02-05,Q3,1239000000,0.0,1239000000.0,1.0,90000000.0,493000000.0,0.0,0.0,666000000.0,666000000.0,29000000.0,84000000.0,657000000.0,0.5302663438256658,573000000.0,0.46246973365617433,0.0,544000000.0,0.4390637610976594,204000000.0,340000000.0,0.2744148506860371,0.62,0.6,548387097,566666667,https://www.sec.gov/Archives/edgar/data/356028/0000356028-98-000004-index.html,https://www.sec.gov/Archives/edgar/data/356028/,1620589845,15:50:45,20210509
78,1997-09-30,CA,USD,1997-11-06,1997-11-06,Q2,1122000000,0.0,1122000000.0,1.0,90000000.0,483000000.0,0.0,0.0,658000000.0,658000000.0,29000000.0,84000000.0,548000000.0,0.48841354723707664,464000000.0,0.41354723707664887,0.0,435000000.0,0.3877005347593583,163000000.0,272000000.0,0.24242424242424243,0.49,0.48,555102041,566666667,https://www.sec.gov/Archives/edgar/data/356028/0000356028-97-000010-index.html,https://www.sec.gov/Archives/edgar/data/356028/,1620589845,15:50:45,20210509
79,1997-06-30,CA,USD,1997-06-30,1997-06-30,Q1,891000000,0.0,891000000.0,1.0,89000000.0,426000000.0,0.0,0.0,610000000.0,610000000.0,32000000.0,95000000.0,376000000.0,0.4219977553310887,281000000.0,0.3153759820426487,0.0,249000000.0,0.27946127946127947,93000000.0,156000000.0,0.1750841750841751,0.29,0.28,537931034,557142857,,,1620589845,15:50:45,20210509
80,1996-12-31,CA,USD,1996-12-31,1996-12-31,Q3,1053000000,0.0,1053000000.0,1.0,81000000.0,396000000.0,0.0,0.0,574000000.0,574000000.0,27000000.0,97000000.0,576000000.0,0.5470085470085471,479000000.0,0.45489078822412155,-598000000.0,-146000000.0,-0.13865147198480532,167000000.0,-313000000.0,-0.2972459639126306,-0.57,-0.57,549122807,549122807,,,1620589845,15:50:45,20210509
81,1996-09-30,CA,USD,1996-09-30,1996-09-30,Q2,990000000,0.0,990000000.0,1.0,76000000.0,433000000.0,0.0,0.0,615000000.0,615000000.0,21000000.0,106000000.0,481000000.0,0.4858585858585859,375000000.0,0.3787878787878788,0.0,354000000.0,0.3575757575757576,131000000.0,223000000.0,0.22525252525252526,0.4,0.39,557500000,571794872,,,1620589845,15:50:45,20210509
82,1996-06-30,CA,USD,1996-06-30,1996-06-30,Q1,792000000,0.0,792000000.0,1.0,75000000.0,384000000.0,0.0,0.0,579000000.0,579000000.0,23000000.0,120000000.0,333000000.0,0.42045454545454547,213000000.0,0.2689393939393939,0.0,190000000.0,0.2398989898989899,70000000.0,120000000.0,0.15151515151515152,0.22,0.21,545454545,571428571,,,1620589845,15:50:45,20210509
83,1995-12-31,CA,USD,1995-12-31,1995-12-31,Q3,1004400000,0.0,1004400000.0,1.0,76100000.0,422500000.0,0.0,0.0,612500000.0,612500000.0,27200000.0,113900000.0,505800000.0,0.503584229390681,391900000.0,0.3901831939466348,-100000.0,364600000.0,0.36300278773397054,137400000.0,227200000.0,0.2262046993229789,0.4,0.4,568000000,568000000,,,1620589845,15:50:45,20210509
84,1995-09-30,CA,USD,1995-09-30,1995-09-30,Q2,812300000,0.0,812300000.0,1.0,67400000.0,353200000.0,0.0,0.0,521500000.0,521500000.0,17500000.0,100900000.0,391700000.0,0.48221100578603965,290800000.0,0.3579958143543026,-1303300000.0,-1029900000.0,-1.267881324633756,-392700000.0,-637200000.0,-0.7844392465837745,-1.17,-1.17,544615385,544615385,,,1620589845,15:50:45,20210509
85,1995-06-30,CA,USD,1995-08-09,1995-08-09,Q1,577500000,0.0,577500000.0,1.0,60900000.0,303400000.0,0.0,0.0,435500000.0,435500000.0,1400000.0,71200000.0,213200000.0,0.36917748917748916,142000000.0,0.24588744588744588,-100000.0,140500000.0,0.24329004329004328,52000000.0,88500000.0,0.15324675324675324,0.15,0.15,590000000,590000000,https://www.sec.gov/Archives/edgar/data/356028/0000356028-95-000018-index.html,https://www.sec.gov/Archives/edgar/data/356028/,1620589845,15:50:45,20210509
86,1994-12-31,CA,USD,1995-01-31,1995-01-31,Q3,721000000,0.0,721000000.0,1.0,60400000.0,305600000.0,0.0,0.0,437500000.0,437500000.0,2600000.0,71600000.0,355100000.0,0.4925104022191401,283500000.0,0.3932038834951456,100000.0,281000000.0,0.3897364771151179,106800000.0,174200000.0,0.24160887656033286,0.31,0.31,561935484,561935484,https://www.sec.gov/Archives/edgar/data/356028/0000356028-95-000002-index.html,https://www.sec.gov/Archives/edgar/data/356028/,1620589845,15:50:45,20210509
87,1994-09-30,CA,USD,1994-09-30,1994-09-30,Q2,623300000,0.0,623300000.0,1.0,54100000.0,286200000.0,0.0,0.0,410100000.0,410100000.0,2900000.0,69800000.0,283000000.0,0.45403497513236,213200000.0,0.3420503770255094,0.0,210300000.0,0.33739772180330496,79900000.0,130400000.0,0.20920904861222525,0.23,0.23,566956522,566956522,,,1620589845,15:50:45,20210509
88,1994-06-30,CA,USD,1994-07-29,1994-07-29,Q1,476600000,0.0,476600000.0,1.0,50200000.0,271900000.0,0.0,0.0,366000000.0,366000000.0,700000.0,43900000.0,154500000.0,0.324171212757029,110600000.0,0.23206042803189258,-249300000.0,-138100000.0,-0.2897608057070919,-52500000.0,-85600000.0,-0.17960553923625683,-0.15,-0.15,570666667,570666667,https://www.sec.gov/Archives/edgar/data/356028/0000356028-94-000017-index.html,https://www.sec.gov/Archives/edgar/data/356028/,1620589845,15:50:45,20210509
89,1993-12-31,CA,USD,1993-12-31,1993-12-31,Q3,574400000,0.0,574400000.0,1.0,52100000.0,285300000.0,0.0,0.0,380300000.0,380300000.0,0.0,42900000.0,237000000.0,0.4126044568245125,194100000.0,0.33791782729805014,100000.0,194200000.0,0.33809192200557103,70000000.0,124200000.0,0.21622562674094709,0.21,0.21,591428571,591428571,,,1620589845,15:50:45,20210509
90,1993-09-30,CA,USD,1993-09-30,1993-09-30,Q2,517000000,0.0,517000000.0,1.0,51700000.0,258700000.0,0.0,0.0,379400000.0,379400000.0,800000.0,69000000.0,206600000.0,0.39961315280464216,137600000.0,0.26615087040618957,-100000.0,136700000.0,0.2644100580270793,49200000.0,87500000.0,0.16924564796905223,0.15,0.15,583333333,583333333,,,1620589845,15:50:45,20210509
91,1993-06-30,CA,USD,1993-06-30,1993-06-30,Q1,423400000,0.0,423400000.0,1.0,49800000.0,271900000.0,0.0,0.0,373900000.0,373900000.0,1400000.0,52200000.0,101700000.0,0.24019839395370807,49500000.0,0.11691072272083136,-100000.0,48000000.0,0.11336797354747284,17300000.0,30700000.0,0.07250826641473784,0.05,0.05,614000000,614000000,,,1620589845,15:50:45,20210509
92,1992-12-31,CA,USD,1992-12-31,1992-12-31,Q3,501500000,0.0,501500000.0,1.0,51700000.0,273500000.0,0.0,0.0,377300000.0,377300000.0,2700000.0,52100000.0,176300000.0,0.3515453639082752,124200000.0,0.24765702891326022,0.0,121500000.0,0.24227318045862412,41300000.0,80200000.0,0.15992023928215354,0.14,0.14,572857143,572857143,,,1620589845,15:50:45,20210509
93,1992-09-30,CA,USD,1992-09-30,1992-09-30,Q2,431900000,0.0,431900000.0,1.0,0.0,303500000.0,0.0,0.0,355100000.0,355100000.0,1200000.0,51600000.0,128400000.0,0.29729103959249825,76800000.0,0.17781893956934475,200000.0,75800000.0,0.17550358879370226,28800000.0,47000000.0,0.10882148645519796,0.09,0.09,522222222,522222222,,,1620589845,15:50:45,20210509
94,1992-06-30,CA,USD,1992-06-30,1992-06-30,Q1,367500000,0.0,367500000.0,1.0,0.0,286900000.0,0.0,0.0,336400000.0,336400000.0,0.0,49500000.0,80600000.0,0.21931972789115647,31100000.0,0.08462585034013606,0.0,31100000.0,0.08462585034013606,11800000.0,19300000.0,0.05251700680272109,0.03,0.03,643333333,643333333,,,1620589845,15:50:45,20210509
95,1991-12-31,CA,USD,1991-12-31,1991-12-31,Q3,455100000,0.0,455100000.0,1.0,0.0,281500000.0,0.0,0.0,330300000.0,330300000.0,0.0,48800000.0,173600000.0,0.38145462535706437,124800000.0,0.2742254449571523,100000.0,124900000.0,0.2744451768842013,48700000.0,76200000.0,0.16743572841133816,0.13,0.13,586153846,586153846,,,1620589845,15:50:45,20210509
96,1991-09-30,CA,USD,1991-09-30,1991-09-30,Q2,318500000,0.0,318500000.0,1.0,0.0,245500000.0,0.0,0.0,274100000.0,274100000.0,0.0,28500000.0,72900000.0,0.22888540031397175,44400000.0,0.13940345368916798,2900000.0,47300000.0,0.14850863422291993,18400000.0,28900000.0,0.09073783359497645,0.05,0.05,578000000,578000000,,,1620589845,15:50:45,20210509
97,1991-06-30,CA,USD,1991-06-30,1991-06-30,Q1,263200000,0.0,263200000.0,1.0,0.0,232100000.0,0.0,0.0,260500000.0,260500000.0,0.0,28400000.0,31100000.0,0.11816109422492402,2700000.0,0.010258358662613981,3300000.0,6100000.0,0.02317629179331307,2400000.0,3700000.0,0.01405775075987842,0.01,0.01,596843000,596843000,,,1620589845,15:50:45,20210509
98,1990-12-31,CA,USD,1990-12-31,1990-12-31,Q3,381400000,0.0,381400000.0,1.0,0.0,250600000.0,0.0,0.0,279300000.0,279300000.0,0.0,28600000.0,130700000.0,0.3426848453067646,102100000.0,0.267697954902989,2100000.0,104100000.0,0.2729417933927635,40600000.0,63500000.0,0.16649187205034086,0.1,0.1,635000000,635000000,,,1620589845,15:50:45,20210509
99,1990-09-30,CA,USD,1990-09-30,1990-09-30,Q2,310600000,0.0,310600000.0,1.0,0.0,237300000.0,0.0,0.0,266200000.0,266200000.0,0.0,28900000.0,73300000.0,0.23599484867997425,44400000.0,0.14294913071474566,1300000.0,45700000.0,0.14713457823567289,17800000.0,27900000.0,0.08982614294913072,0.05,0.05,558000000,558000000,,,1620589845,15:50:45,20210509
100,1990-06-30,CA,USD,1990-06-30,1990-06-30,Q1,255100000,0.0,255100000.0,1.0,0.0,221900000.0,0.0,0.0,250700000.0,250700000.0,0.0,28800000.0,33200000.0,0.1301450411603293,4400000.0,0.01724813798510388,1600000.0,5900000.0,0.023128185025480204,2300000.0,3600000.0,0.014112112896903175,0.01,0.01,629541000,629541000,,,1620589845,15:50:45,20210509
101,1989-12-31,CA,USD,1989-12-31,1989-12-31,Q3,347100000,0.0,347100000.0,1.0,0.0,214400000.0,0.0,0.0,243700000.0,243700000.0,0.0,24900000.0,128300000.0,0.3696341112071449,103400000.0,0.2978968596946125,900000.0,104300000.0,0.3004897723998848,33800000.0,70500000.0,0.2031114952463267,0.11,0.11,640909091,640909091,,,1620589845,15:50:45,20210509
102,1989-09-30,CA,USD,1989-09-30,1989-09-30,Q2,282000000,0.0,282000000.0,1.0,0.0,250900000.0,0.0,0.0,280200000.0,280200000.0,0.0,0.0,29500000.0,0.10460992907801418,1800000.0,0.006382978723404255,1600000.0,3400000.0,0.012056737588652482,-6200000.0,9600000.0,0.03404255319148936,0.01,0.01,626219000,626219000,,,1620589845,15:50:45,20210509
103,1989-06-30,CA,USD,1989-06-30,1989-06-30,Q1,303200000,0.0,0.0,0.0,0.0,0.0,0.0,0.0,0.0,0.0,0.0,0.0,303200000.0,1.0,303200000.0,1.0,0.0,0.0,0.0,0.0,0.0,0.0,0.02,0.02,628609000,628609000,,,1620589845,15:50:45,20210509
104,1988-12-31,CA,USD,1988-12-31,1988-12-31,Q3,309400000,0.0,0.0,0.0,0.0,0.0,0.0,0.0,0.0,0.0,0.0,0.0,309400000.0,1.0,309400000.0,1.0,0.0,0.0,0.0,0.0,0.0,0.0,0.11,0.11,534939000,534939000,,,1620589845,15:50:45,20210509
105,1988-09-30,CA,USD,1988-09-30,1988-09-30,Q2,223700000,0.0,0.0,0.0,0.0,0.0,0.0,0.0,0.0,0.0,0.0,0.0,223700000.0,1.0,223700000.0,1.0,0.0,0.0,0.0,0.0,0.0,0.0,0.05,0.05,534648000,534648000,,,1620589845,15:50:45,20210509
106,1988-06-30,CA,USD,1988-06-30,1988-06-30,Q1,185700000,0.0,0.0,0.0,0.0,0.0,0.0,0.0,0.0,0.0,0.0,0.0,185700000.0,1.0,185700000.0,1.0,0.0,0.0,0.0,0.0,0.0,0.0,0.03,0.03,532478000,532478000,,,1620589845,15:50:45,20210509
107,1987-12-31,CA,USD,1987-12-31,1987-12-31,Q3,195100000,0.0,0.0,0.0,0.0,0.0,0.0,0.0,0.0,0.0,0.0,0.0,195100000.0,1.0,195100000.0,1.0,0.0,0.0,0.0,0.0,0.0,0.0,0.08,0.07,526088000,526088000,,,1620589845,15:50:45,20210509
108,1987-09-30,CA,USD,1987-09-30,1987-09-30,Q2,168300000,0.0,0.0,0.0,0.0,0.0,0.0,0.0,0.0,0.0,0.0,0.0,168300000.0,1.0,168300000.0,1.0,0.0,0.0,0.0,0.0,0.0,0.0,0.03,0.03,528676000,528676000,,,1620589845,15:50:45,20210509
109,1987-06-30,CA,USD,1987-06-30,1987-06-30,Q1,139300000,0.0,0.0,0.0,0.0,0.0,0.0,0.0,0.0,0.0,0.0,0.0,139300000.0,1.0,139300000.0,1.0,0.0,0.0,0.0,0.0,0.0,0.0,0.02,0.02,335174000,335174000,,,1620589845,15:50:45,20210509
110,1986-12-31,CA,USD,1986-12-31,1986-12-31,Q3,93600000,0.0,0.0,0.0,0.0,0.0,0.0,0.0,0.0,0.0,0.0,0.0,93600000.0,1.0,93600000.0,1.0,0.0,0.0,0.0,0.0,0.0,0.0,0.05,0.05,335174000,335174000,,,1620589845,15:50:45,20210509
111,1986-09-30,CA,USD,1986-09-30,1986-09-30,Q2,63600000,0.0,0.0,0.0,0.0,0.0,0.0,0.0,0.0,0.0,0.0,0.0,63600000.0,1.0,63600000.0,1.0,0.0,0.0,0.0,0.0,0.0,0.0,0.02,0.02,335174000,335174000,,,1620589845,15:50:45,20210509
112,1986-06-30,CA,USD,1986-06-30,1986-06-30,Q1,50100000,0.0,0.0,0.0,0.0,0.0,0.0,0.0,0.0,0.0,0.0,0.0,50100000.0,1.0,50100000.0,1.0,0.0,0.0,0.0,0.0,0.0,0.0,0.01,0.01,335174000,335174000,,,1620589845,15:50:45,20210509
113,1985-12-31,CA,USD,1985-12-31,1985-12-31,Q3,60100000,0.0,0.0,0.0,0.0,0.0,0.0,0.0,0.0,0.0,0.0,0.0,60100000.0,1.0,60100000.0,1.0,0.0,0.0,0.0,0.0,0.0,0.0,0.03,0.03,296528000,296528000,,,1620589845,15:50:45,20210509
114,1985-09-30,CA,USD,1985-09-30,1985-09-30,Q2,42000000,0.0,0.0,0.0,0.0,0.0,0.0,0.0,0.0,0.0,0.0,0.0,42000000.0,1.0,42000000.0,1.0,0.0,0.0,0.0,0.0,0.0,0.0,0.01,0.01,296339000,296339000,,,1620589845,15:50:45,20210509
