,date,symbol,reportedCurrency,fillingDate,acceptedDate,period,revenue,costOfRevenue,grossProfit,grossProfitRatio,researchAndDevelopmentExpenses,generalAndAdministrativeExpenses,sellingAndMarketingExpenses,otherExpenses,operatingExpenses,costAndExpenses,interestExpense,depreciationAndAmortization,ebitda,ebitdaratio,operatingIncome,operatingIncomeRatio,totalOtherIncomeExpensesNet,incomeBeforeTax,incomeBeforeTaxRatio,incomeTaxExpense,netIncome,netIncomeRatio,eps,epsdiluted,weightedAverageShsOut,weightedAverageShsOutDil,link,finalLink,timestamp,est_time,est_date
0,2019-06-30,SLM.AX,AUD,2019-06-30,2019-06-30,Q2,62546250.0,0.0,62546250.0,1.0,0.0,24205000.0,25010750.0,216750.0,9307750.0,0.0,27000.0,1199250.0,4022750.0,0.06431640585966385,2823500.0,0.04514259448008474,-8796500.0,-5788500.0,-0.09254751483901913,701000.0,-6947500.0,-0.1110778024262046,-0.034825,-0.034825,199531000,199531000,,,1620598013,18:06:53,20210509
1,2019-03-31,SLM.AX,AUD,2019-03-31,2019-03-31,Q1,62546250.0,0.0,62546250.0,1.0,0.0,24205000.0,25010750.0,216750.0,9307750.0,0.0,27000.0,1199250.0,4022750.0,0.06431640585966385,2823500.0,0.04514259448008474,-8796500.0,-5788500.0,-0.09254751483901913,701000.0,-6947500.0,-0.1110778024262046,-0.034825,-0.034825,199531000,199531000,,,1620598013,18:06:53,20210509
2,2019-01-31,SLM.AX,AUD,2019-01-31,2019-01-31,Q1,62546250.0,0.0,62546250.0,1.0,0.0,24205000.0,25010750.0,216750.0,9307750.0,0.0,27000.0,1199250.0,4022750.0,0.06431640585966385,2823500.0,0.04514259448008474,-8796500.0,-5788500.0,-0.09254751483901913,701000.0,-6947500.0,-0.1110778024262046,-0.034825,-0.034825,199531000,199531000,,,1620598013,18:06:53,20210509
3,2018-06-30,SLM.AX,AUD,2018-06-30,2018-06-30,Q2,62405750.0,0.0,62405750.0,1.0,0.0,22353750.0,26198750.0,27500.0,9219250.0,0.0,246750.0,1536750.0,4634000.0,0.07425597801484639,3097250.0,0.049630843311714065,-3707750.0,-714500.0,-0.011449265492362483,574000.0,7463750.0,0.11960035733886701,0.0375,0.0375,199014000,199014000,,,1620598013,18:06:53,20210509
4,2018-03-31,SLM.AX,AUD,2018-03-31,2018-03-31,Q1,62405750.0,0.0,62405750.0,1.0,0.0,22353750.0,26198750.0,27500.0,9219250.0,0.0,246750.0,1536750.0,4634000.0,0.07425597801484639,3097250.0,0.049630843311714065,-3707750.0,-714500.0,-0.011449265492362483,574000.0,7463750.0,0.11960035733886701,0.0375,0.0375,199014000,199014000,,,1620598013,18:06:53,20210509
5,2018-01-31,SLM.AX,AUD,2018-01-31,2018-01-31,Q1,62405750.0,0.0,62405750.0,1.0,0.0,22353750.0,26198750.0,27500.0,9219250.0,0.0,246750.0,1536750.0,4634000.0,0.07425597801484639,3097250.0,0.049630843311714065,-3707750.0,-714500.0,-0.011449265492362483,574000.0,7463750.0,0.11960035733886701,0.0375,0.0375,199014000,199014000,,,1620598013,18:06:53,20210509
6,2017-06-30,SLM.AX,AUD,2017-06-30,2017-06-30,Q2,108647750.0,0.0,108647750.0,1.0,0.0,55495250.0,32579500.0,357500.0,15166000.0,0.0,577000.0,3368000.0,5407000.0,0.04976633202252233,2039000.0,0.018767070648034588,144500.0,1773500.0,0.016323393719612233,697000.0,1066000.0,0.00981152393859974,0.00575,0.0055,186421000,193818182,,,1620598013,18:06:53,20210509
7,2017-03-31,SLM.AX,AUD,2017-03-31,2017-03-31,Q1,108647750.0,0.0,108647750.0,1.0,0.0,55495250.0,32579500.0,357500.0,15166000.0,0.0,577000.0,3368000.0,5407000.0,0.04976633202252233,2039000.0,0.018767070648034588,144500.0,1773500.0,0.016323393719612233,697000.0,1066000.0,0.00981152393859974,0.00575,0.0055,186421000,193818182,,,1620598013,18:06:53,20210509
8,2017-01-31,SLM.AX,AUD,2017-01-31,2017-01-31,Q1,108647750.0,0.0,108647750.0,1.0,0.0,55495250.0,32579500.0,357500.0,15166000.0,0.0,577000.0,3368000.0,5407000.0,0.04976633202252233,2039000.0,0.018767070648034588,144500.0,1773500.0,0.016323393719612233,697000.0,1066000.0,0.00981152393859974,0.00575,0.0055,186421000,193818182,,,1620598013,18:06:53,20210509
9,2016-06-30,SLM.AX,AUD,2016-06-30,2016-06-30,Q2,112457750.0,0.0,112457750.0,1.0,0.0,56569250.0,35457000.0,367000.0,17667000.0,0.0,688500.0,3406000.0,2764500.0,0.024582565452358776,-641500.0,-0.005704364528011631,434750.0,-653000.0,-0.005806625154780351,858000.0,-2007250.0,-0.017848925485348943,-0.0122715,-0.0122715,162742081,162742081,,,1620598013,18:06:53,20210509
10,2016-03-31,SLM.AX,AUD,2016-03-31,2016-03-31,Q1,112457750.0,0.0,112457750.0,1.0,0.0,56569250.0,35457000.0,367000.0,17667000.0,0.0,688500.0,3406000.0,2764500.0,0.024582565452358776,-641500.0,-0.005704364528011631,434750.0,-653000.0,-0.005806625154780351,858000.0,-2007250.0,-0.017848925485348943,-0.0122715,-0.0122715,162742081,162742081,,,1620598013,18:06:53,20210509
11,2016-01-31,SLM.AX,AUD,2016-01-31,2016-01-31,Q1,112457750.0,0.0,112457750.0,1.0,0.0,56569250.0,35457000.0,367000.0,17667000.0,0.0,688500.0,3406000.0,2764500.0,0.024582565452358776,-641500.0,-0.005704364528011631,434750.0,-653000.0,-0.005806625154780351,858000.0,-2007250.0,-0.017848925485348943,-0.0122715,-0.0122715,162742081,162742081,,,1620598013,18:06:53,20210509
12,2015-09-30,SLM.AX,AUD,2015-09-30,2015-09-30,Q3,124029500.0,37750.0,123991750.0,0.9996956369250863,0.0,64625500.0,38815000.0,568250.0,17037500.0,0.0,955000.0,3662000.0,3513750.0,0.028329953761000407,-148250.0,-0.0011952801551243857,-23013750.0,-23616750.0,-0.1904123615752704,892250.0,-25137500.0,-0.20267355750043337,-0.1504495,-0.15437625,162787918,162832652,,,1620598013,18:06:53,20210509
13,2015-06-30,SLM.AX,AUD,2015-06-30,2015-06-30,Q2,124029500.0,37750.0,123991750.0,0.9996956369250863,0.0,64625500.0,38815000.0,568250.0,17037500.0,0.0,955000.0,3662000.0,3513750.0,0.028329953761000407,-148250.0,-0.0011952801551243857,-23013750.0,-23616750.0,-0.1904123615752704,892250.0,-25137500.0,-0.20267355750043337,-0.1504495,-0.15437625,162787918,162832652,,,1620598013,18:06:53,20210509
14,2015-03-31,SLM.AX,AUD,2015-03-31,2015-03-31,Q1,124029500.0,37750.0,123991750.0,0.9996956369250863,0.0,64625500.0,38815000.0,568250.0,17037500.0,0.0,955000.0,3662000.0,3513750.0,0.028329953761000407,-148250.0,-0.0011952801551243857,-23013750.0,-23616750.0,-0.1904123615752704,892250.0,-25137500.0,-0.20267355750043337,-0.1504495,-0.15437625,162787918,162832652,,,1620598013,18:06:53,20210509
15,2015-01-31,SLM.AX,AUD,2015-01-31,2015-01-31,Q1,124029500.0,37750.0,123991750.0,0.9996956369250863,0.0,64625500.0,38815000.0,568250.0,17037500.0,0.0,955000.0,3662000.0,3513750.0,0.028329953761000407,-148250.0,-0.0011952801551243857,-23013750.0,-23616750.0,-0.1904123615752704,892250.0,-25137500.0,-0.20267355750043337,-0.1504495,-0.15437625,162787918,162832652,,,1620598013,18:06:53,20210509
16,2014-09-30,SLM.AX,AUD,2014-09-30,2014-09-30,Q3,111768500.0,58750.0,111709750.0,0.9994743599493596,0.0,62550000.0,36518250.0,-29759250.0,10525250.0,0.0,1360250.0,2883250.0,2116250.0,0.018934225653918592,-767000.0,-0.006862398618573211,89250.0,-596500.0,-0.005336924088629623,-795000.0,65250.0,0.0005837959711367693,0.00039275,0.00039275,163424553,163424553,,,1620598013,18:06:53,20210509
17,2014-06-30,SLM.AX,AUD,2014-06-30,2014-06-30,Q2,111768500.0,58750.0,111709750.0,0.9994743599493596,0.0,62550000.0,36518250.0,-29759250.0,10525250.0,0.0,1360250.0,2883250.0,2116250.0,0.018934225653918592,-767000.0,-0.006862398618573211,89250.0,-596500.0,-0.005336924088629623,-795000.0,65250.0,0.0005837959711367693,0.00039275,0.00039275,163424553,163424553,,,1620598013,18:06:53,20210509
18,2014-03-31,SLM.AX,AUD,2014-03-31,2014-03-31,Q1,111768500.0,58750.0,111709750.0,0.9994743599493596,0.0,62550000.0,36518250.0,-29759250.0,10525250.0,0.0,1360250.0,2883250.0,2116250.0,0.018934225653918592,-767000.0,-0.006862398618573211,89250.0,-596500.0,-0.005336924088629623,-795000.0,65250.0,0.0005837959711367693,0.00039275,0.00039275,163424553,163424553,,,1620598013,18:06:53,20210509
19,2014-01-31,SLM.AX,AUD,2014-01-31,2014-01-31,Q1,111768500.0,58750.0,111709750.0,0.9994743599493596,0.0,62550000.0,36518250.0,-29759250.0,10525250.0,0.0,1360250.0,2883250.0,2116250.0,0.018934225653918592,-767000.0,-0.006862398618573211,89250.0,-596500.0,-0.005336924088629623,-795000.0,65250.0,0.0005837959711367693,0.00039275,0.00039275,163424553,163424553,,,1620598013,18:06:53,20210509
20,2013-09-30,SLM.AX,AUD,2013-09-30,2013-09-30,Q3,115438500.0,117500.0,115321000.0,0.9989821420063497,0.0,63629250.0,36403750.0,-29598000.0,7193750.0,0.0,1548250.0,3167250.0,8094250.0,0.07011742183067174,4927000.0,0.0426807347635321,-2130250.0,2704750.0,0.02343022475170762,1260750.0,10035500.0,0.08693373527895806,0.0623395,0.06160325,161210084,162905352,,,1620598013,18:06:53,20210509
21,2013-06-30,SLM.AX,AUD,2013-06-30,2013-06-30,Q2,115438500.0,117500.0,115321000.0,0.9989821420063497,0.0,63629250.0,36403750.0,-29598000.0,7193750.0,0.0,1548250.0,3167250.0,8094250.0,0.07011742183067174,4927000.0,0.0426807347635321,-2130250.0,2704750.0,0.02343022475170762,1260750.0,10035500.0,0.08693373527895806,0.0623395,0.06160325,161210084,162905352,,,1620598013,18:06:53,20210509
22,2013-03-31,SLM.AX,AUD,2013-03-31,2013-03-31,Q1,115438500.0,117500.0,115321000.0,0.9989821420063497,0.0,63629250.0,36403750.0,-29598000.0,7193750.0,0.0,1548250.0,3167250.0,8094250.0,0.07011742183067174,4927000.0,0.0426807347635321,-2130250.0,2704750.0,0.02343022475170762,1260750.0,10035500.0,0.08693373527895806,0.0623395,0.06160325,161210084,162905352,,,1620598013,18:06:53,20210509
23,2013-01-31,SLM.AX,AUD,2013-01-31,2013-01-31,Q1,115438500.0,117500.0,115321000.0,0.9989821420063497,0.0,63629250.0,36403750.0,-29598000.0,7193750.0,0.0,1548250.0,3167250.0,8094250.0,0.07011742183067174,4927000.0,0.0426807347635321,-2130250.0,2704750.0,0.02343022475170762,1260750.0,10035500.0,0.08693373527895806,0.0623395,0.06160325,161210084,162905352,,,1620598013,18:06:53,20210509
24,2012-09-30,SLM.AX,AUD,2012-09-30,2012-09-30,Q3,205857500.0,13008000.0,192849500.0,0.9368106578579842,0.0,108205750.0,38760250.0,-26944250.0,20877500.0,0.0,5349000.0,8808750.0,25006000.0,0.12147237773702682,16197250.0,0.07868185516680228,-466500.0,10494000.0,0.05097701079630327,2907000.0,7587000.0,0.03685559185358804,0.04712275,0.046632,161015528,162699621,,,1620598013,18:06:53,20210509
25,2012-06-30,SLM.AX,AUD,2012-06-30,2012-06-30,Q2,205857500.0,13008000.0,192849500.0,0.9368106578579842,0.0,108205750.0,38760250.0,-26944250.0,20877500.0,0.0,5349000.0,8808750.0,25006000.0,0.12147237773702682,16197250.0,0.07868185516680228,-466500.0,10494000.0,0.05097701079630327,2907000.0,7587000.0,0.03685559185358804,0.04712275,0.046632,161015528,162699621,,,1620598013,18:06:53,20210509
26,2012-03-31,SLM.AX,AUD,2012-03-31,2012-03-31,Q1,205857500.0,13008000.0,192849500.0,0.9368106578579842,0.0,108205750.0,38760250.0,-26944250.0,20877500.0,0.0,5349000.0,8808750.0,25006000.0,0.12147237773702682,16197250.0,0.07868185516680228,-466500.0,10494000.0,0.05097701079630327,2907000.0,7587000.0,0.03685559185358804,0.04712275,0.046632,161015528,162699621,,,1620598013,18:06:53,20210509
27,2012-01-31,SLM.AX,AUD,2012-01-31,2012-01-31,Q1,205857500.0,13008000.0,192849500.0,0.9368106578579842,0.0,108205750.0,38760250.0,-26944250.0,20877500.0,0.0,5349000.0,8808750.0,25006000.0,0.12147237773702682,16197250.0,0.07868185516680228,-466500.0,10494000.0,0.05097701079630327,2907000.0,7587000.0,0.03685559185358804,0.04712275,0.046632,161015528,162699621,,,1620598013,18:06:53,20210509
28,2011-09-30,SLM.AX,AUD,2011-09-30,2011-09-30,Q3,215756750.0,14725250.0,201031500.0,0.9317506868267157,0.0,108831000.0,33802000.0,-20990000.0,33252250.0,0.0,4439500.0,8256000.0,25146250.0,0.11654907668010386,16890250.0,0.07828376168995871,-45750.0,12628750.0,0.05853235182676788,3640250.0,8988500.0,0.041660342028696666,0.055713,0.055222,161105167,162770150,,,1620598013,18:06:53,20210509
29,2011-06-30,SLM.AX,AUD,2011-06-30,2011-06-30,Q2,215756750.0,14725250.0,201031500.0,0.9317506868267157,0.0,108831000.0,33802000.0,-20990000.0,33252250.0,0.0,4439500.0,8256000.0,25146250.0,0.11654907668010386,16890250.0,0.07828376168995871,-45750.0,12628750.0,0.05853235182676788,3640250.0,8988500.0,0.041660342028696666,0.055713,0.055222,161105167,162770150,,,1620598013,18:06:53,20210509
30,2011-03-31,SLM.AX,AUD,2011-03-31,2011-03-31,Q1,215756750.0,14725250.0,201031500.0,0.9317506868267157,0.0,108831000.0,33802000.0,-20990000.0,33252250.0,0.0,4439500.0,8256000.0,25146250.0,0.11654907668010386,16890250.0,0.07828376168995871,-45750.0,12628750.0,0.05853235182676788,3640250.0,8988500.0,0.041660342028696666,0.055713,0.055222,161105167,162770150,,,1620598013,18:06:53,20210509
31,2011-01-31,SLM.AX,AUD,2011-01-31,2011-01-31,Q1,215756750.0,14725250.0,201031500.0,0.9317506868267157,0.0,108831000.0,33802000.0,-20990000.0,33252250.0,0.0,4439500.0,8256000.0,25146250.0,0.11654907668010386,16890250.0,0.07828376168995871,-45750.0,12628750.0,0.05853235182676788,3640250.0,8988500.0,0.041660342028696666,0.055713,0.055222,161105167,162770150,,,1620598013,18:06:53,20210509
32,2010-09-30,SLM.AX,AUD,2010-09-30,2010-09-30,Q3,219697750.0,15496000.0,204201750.0,0.9294667332733266,41250.0,117584750.0,31801500.0,-19609500.0,26022250.0,0.0,3588750.0,8093750.0,28793250.0,0.13105846555096717,20699500.0,0.09421807915647748,61000.0,17535250.0,0.07981533720759544,5260500.0,12274750.0,0.05587107742341467,0.07632925,0.07583825,160957467,161854297,,,1620598013,18:06:53,20210509
33,2010-06-30,SLM.AX,AUD,2010-06-30,2010-06-30,Q2,219697750.0,15496000.0,204201750.0,0.9294667332733266,41250.0,117584750.0,31801500.0,-19609500.0,26022250.0,0.0,3588750.0,8093750.0,28793250.0,0.13105846555096717,20699500.0,0.09421807915647748,61000.0,17535250.0,0.07981533720759544,5260500.0,12274750.0,0.05587107742341467,0.07632925,0.07583825,160957467,161854297,,,1620598013,18:06:53,20210509
34,2010-03-31,SLM.AX,AUD,2010-03-31,2010-03-31,Q1,219697750.0,15496000.0,204201750.0,0.9294667332733266,41250.0,117584750.0,31801500.0,-19609500.0,26022250.0,0.0,3588750.0,8093750.0,28793250.0,0.13105846555096717,20699500.0,0.09421807915647748,61000.0,17535250.0,0.07981533720759544,5260500.0,12274750.0,0.05587107742341467,0.07632925,0.07583825,160957467,161854297,,,1620598013,18:06:53,20210509
35,2010-01-31,SLM.AX,AUD,2010-01-31,2010-01-31,Q1,219697750.0,15496000.0,204201750.0,0.9294667332733266,41250.0,117584750.0,31801500.0,-19609500.0,26022250.0,0.0,3588750.0,8093750.0,28793250.0,0.13105846555096717,20699500.0,0.09421807915647748,61000.0,17535250.0,0.07981533720759544,5260500.0,12274750.0,0.05587107742341467,0.07632925,0.07583825,160957467,161854297,,,1620598013,18:06:53,20210509
36,2009-09-30,SLM.AX,AUD,2009-09-30,2009-09-30,Q3,222694750.0,18396000.0,204298750.0,0.9173936520730731,50500.0,117719500.0,32009750.0,-18480000.0,28084750.0,0.0,4875250.0,8870250.0,26484750.0,0.11892848843540317,17614500.0,0.07909705998906576,-74500.0,13041250.0,0.058561102136444616,4429000.0,8612250.0,0.038672891929423574,0.0532585,0.05301325,161747913,162454945,,,1620598013,18:06:53,20210509
37,2009-06-30,SLM.AX,AUD,2009-06-30,2009-06-30,Q2,222694750.0,18396000.0,204298750.0,0.9173936520730731,50500.0,117719500.0,32009750.0,-18480000.0,28084750.0,0.0,4875250.0,8870250.0,26484750.0,0.11892848843540317,17614500.0,0.07909705998906576,-74500.0,13041250.0,0.058561102136444616,4429000.0,8612250.0,0.038672891929423574,0.0532585,0.05301325,161747913,162454945,,,1620598013,18:06:53,20210509
38,2009-03-31,SLM.AX,AUD,2009-03-31,2009-03-31,Q1,222694750.0,18396000.0,204298750.0,0.9173936520730731,50500.0,117719500.0,32009750.0,-18480000.0,28084750.0,0.0,4875250.0,8870250.0,26484750.0,0.11892848843540317,17614500.0,0.07909705998906576,-74500.0,13041250.0,0.058561102136444616,4429000.0,8612250.0,0.038672891929423574,0.0532585,0.05301325,161747913,162454945,,,1620598013,18:06:53,20210509
39,2009-01-31,SLM.AX,AUD,2009-01-31,2009-01-31,Q1,222694750.0,18396000.0,204298750.0,0.9173936520730731,50500.0,117719500.0,32009750.0,-18480000.0,28084750.0,0.0,4875250.0,8870250.0,26484750.0,0.11892848843540317,17614500.0,0.07909705998906576,-74500.0,13041250.0,0.058561102136444616,4429000.0,8612250.0,0.038672891929423574,0.0532585,0.05301325,161747913,162454945,,,1620598013,18:06:53,20210509
40,2008-09-30,SLM.AX,AUD,2008-09-30,2008-09-30,Q3,202993750.0,16951500.0,186042250.0,0.9164925028479941,71750.0,99999500.0,32705250.0,541250.0,37251500.0,0.0,4631500.0,7474500.0,16086000.0,0.07924381908309985,8611500.0,0.04242248837710521,417250.0,4866000.0,0.02397118137873703,1654250.0,3211750.0,0.01582191569937498,0.02208875,0.02208875,145087446,145087446,,,1620598013,18:06:53,20210509
41,2008-06-30,SLM.AX,AUD,2008-06-30,2008-06-30,Q2,202993750.0,16951500.0,186042250.0,0.9164925028479941,71750.0,99999500.0,32705250.0,541250.0,37251500.0,0.0,4631500.0,7474500.0,16086000.0,0.07924381908309985,8611500.0,0.04242248837710521,417250.0,4866000.0,0.02397118137873703,1654250.0,3211750.0,0.01582191569937498,0.02208875,0.02208875,145087446,145087446,,,1620598013,18:06:53,20210509
42,2008-03-31,SLM.AX,AUD,2008-03-31,2008-03-31,Q1,202993750.0,16951500.0,186042250.0,0.9164925028479941,71750.0,99999500.0,32705250.0,541250.0,37251500.0,0.0,4631500.0,7474500.0,16086000.0,0.07924381908309985,8611500.0,0.04242248837710521,417250.0,4866000.0,0.02397118137873703,1654250.0,3211750.0,0.01582191569937498,0.02208875,0.02208875,145087446,145087446,,,1620598013,18:06:53,20210509
43,2008-01-31,SLM.AX,AUD,2008-01-31,2008-01-31,Q1,202993750.0,16951500.0,186042250.0,0.9164925028479941,71750.0,99999500.0,32705250.0,541250.0,37251500.0,0.0,4631500.0,7474500.0,16086000.0,0.07924381908309985,8611500.0,0.04242248837710521,417250.0,4866000.0,0.02397118137873703,1654250.0,3211750.0,0.01582191569937498,0.02208875,0.02208875,145087446,145087446,,,1620598013,18:06:53,20210509
44,2007-09-30,SLM.AX,AUD,2007-09-30,2007-09-30,Q3,150467250.0,12191750.0,138275500.0,0.9189740624620972,696750.0,81358750.0,27260000.0,6243750.0,14910500.0,0.0,1603000.0,6166000.0,14746250.0,0.0980030538206819,8580250.0,0.057024036792059404,6575000.0,13685250.0,0.09095168549966853,2616500.0,11068750.0,0.07356251941867749,0.0925275,0.08884625,119686243,124583368,,,1620598013,18:06:53,20210509
45,2007-06-30,SLM.AX,AUD,2007-06-30,2007-06-30,Q2,150467250.0,12191750.0,138275500.0,0.9189740624620972,696750.0,81358750.0,27260000.0,6243750.0,14910500.0,0.0,1603000.0,6166000.0,14746250.0,0.0980030538206819,8580250.0,0.057024036792059404,6575000.0,13685250.0,0.09095168549966853,2616500.0,11068750.0,0.07356251941867749,0.0925275,0.08884625,119686243,124583368,,,1620598013,18:06:53,20210509
46,2007-03-31,SLM.AX,AUD,2007-03-31,2007-03-31,Q1,150467250.0,12191750.0,138275500.0,0.9189740624620972,696750.0,81358750.0,27260000.0,6243750.0,14910500.0,0.0,1603000.0,6166000.0,14746250.0,0.0980030538206819,8580250.0,0.057024036792059404,6575000.0,13685250.0,0.09095168549966853,2616500.0,11068750.0,0.07356251941867749,0.0925275,0.08884625,119686243,124583368,,,1620598013,18:06:53,20210509
47,2007-01-31,SLM.AX,AUD,2007-01-31,2007-01-31,Q1,150467250.0,12191750.0,138275500.0,0.9189740624620972,696750.0,81358750.0,27260000.0,6243750.0,14910500.0,0.0,1603000.0,6166000.0,14746250.0,0.0980030538206819,8580250.0,0.057024036792059404,6575000.0,13685250.0,0.09095168549966853,2616500.0,11068750.0,0.07356251941867749,0.0925275,0.08884625,119686243,124583368,,,1620598013,18:06:53,20210509
48,2006-09-30,SLM.AX,AUD,2006-09-30,2006-09-30,Q3,131699000.0,11689750.0,120009250.0,0.9112388856407414,187000.0,65951250.0,25144000.0,-20702000.0,14424250.0,0.0,1294750.0,4388000.0,14489750.0,0.11002171618615175,10101750.0,0.07670331589457778,657750.0,9630250.0,0.0731231824083706,3075000.0,6555250.0,0.04977448575919331,0.0549765,0.0532585,119068963,123083428,,,1620598013,18:06:53,20210509
49,2006-06-30,SLM.AX,AUD,2006-06-30,2006-06-30,Q2,131699000.0,11689750.0,120009250.0,0.9112388856407414,187000.0,65951250.0,25144000.0,-20702000.0,14424250.0,0.0,1294750.0,4388000.0,14489750.0,0.11002171618615175,10101750.0,0.07670331589457778,657750.0,9630250.0,0.0731231824083706,3075000.0,6555250.0,0.04977448575919331,0.0549765,0.0532585,119068963,123083428,,,1620598013,18:06:53,20210509
50,2006-03-31,SLM.AX,AUD,2006-03-31,2006-03-31,Q1,131699000.0,11689750.0,120009250.0,0.9112388856407414,187000.0,65951250.0,25144000.0,-20702000.0,14424250.0,0.0,1294750.0,4388000.0,14489750.0,0.11002171618615175,10101750.0,0.07670331589457778,657750.0,9630250.0,0.0731231824083706,3075000.0,6555250.0,0.04977448575919331,0.0549765,0.0532585,119068963,123083428,,,1620598013,18:06:53,20210509
51,2006-01-31,SLM.AX,AUD,2006-01-31,2006-01-31,Q1,131699000.0,11689750.0,120009250.0,0.9112388856407414,187000.0,65951250.0,25144000.0,-20702000.0,14424250.0,0.0,1294750.0,4388000.0,14489750.0,0.11002171618615175,10101750.0,0.07670331589457778,657750.0,9630250.0,0.0731231824083706,3075000.0,6555250.0,0.04977448575919331,0.0549765,0.0532585,119068963,123083428,,,1620598013,18:06:53,20210509
52,2005-09-30,SLM.AX,AUD,2005-09-30,2005-09-30,Q3,101872750.0,6048000.0,95824750.0,0.9406318176352361,175250.0,42055500.0,23842000.0,76750.0,14997500.0,0.0,436750.0,5232250.0,14929750.0,0.14655293000336203,9697500.0,0.09519228645540638,76750.0,9609250.0,0.09432600965420095,9609250.0,6776750.0,0.06652171459001549,0.05792175,0.0554675,118552525,122175207,,,1620598013,18:06:53,20210509
53,2005-06-30,SLM.AX,AUD,2005-06-30,2005-06-30,Q2,101872750.0,6048000.0,95824750.0,0.9406318176352361,175250.0,42055500.0,23842000.0,76750.0,14997500.0,0.0,436750.0,5232250.0,14929750.0,0.14655293000336203,9697500.0,0.09519228645540638,76750.0,9609250.0,0.09432600965420095,9609250.0,6776750.0,0.06652171459001549,0.05792175,0.0554675,118552525,122175207,,,1620598013,18:06:53,20210509
54,2005-03-31,SLM.AX,AUD,2005-03-31,2005-03-31,Q1,101872750.0,6048000.0,95824750.0,0.9406318176352361,175250.0,42055500.0,23842000.0,76750.0,14997500.0,0.0,436750.0,5232250.0,14929750.0,0.14655293000336203,9697500.0,0.09519228645540638,76750.0,9609250.0,0.09432600965420095,9609250.0,6776750.0,0.06652171459001549,0.05792175,0.0554675,118552525,122175207,,,1620598013,18:06:53,20210509
55,2005-01-31,SLM.AX,AUD,2005-01-31,2005-01-31,Q1,101872750.0,6048000.0,95824750.0,0.9406318176352361,175250.0,42055500.0,23842000.0,76750.0,14997500.0,0.0,436750.0,5232250.0,14929750.0,0.14655293000336203,9697500.0,0.09519228645540638,76750.0,9609250.0,0.09432600965420095,9609250.0,6776750.0,0.06652171459001549,0.05792175,0.0554675,118552525,122175207,,,1620598013,18:06:53,20210509
56,2004-09-30,SLM.AX,AUD,2004-09-30,2004-09-30,Q3,81769000.0,6084750.0,75684250.0,0.9255861023126124,150750.0,29065750.0,21627250.0,73750.0,13392500.0,0.0,6500.0,3998000.0,11598750.0,0.1418477662683902,7600750.0,0.09295393119641918,73750.0,7848750.0,0.09598686543800218,7848750.0,5238750.0,0.0640676784600521,0.04417775,0.043196,118320281,121278848,,,1620598013,18:06:53,20210509
57,2004-06-30,SLM.AX,AUD,2004-06-30,2004-06-30,Q2,81769000.0,6084750.0,75684250.0,0.9255861023126124,150750.0,29065750.0,21627250.0,73750.0,13392500.0,0.0,6500.0,3998000.0,11598750.0,0.1418477662683902,7600750.0,0.09295393119641918,73750.0,7848750.0,0.09598686543800218,7848750.0,5238750.0,0.0640676784600521,0.04417775,0.043196,118320281,121278848,,,1620598013,18:06:53,20210509
58,2004-03-31,SLM.AX,AUD,2004-03-31,2004-03-31,Q1,81769000.0,6084750.0,75684250.0,0.9255861023126124,150750.0,29065750.0,21627250.0,73750.0,13392500.0,0.0,6500.0,3998000.0,11598750.0,0.1418477662683902,7600750.0,0.09295393119641918,73750.0,7848750.0,0.09598686543800218,7848750.0,5238750.0,0.0640676784600521,0.04417775,0.043196,118320281,121278848,,,1620598013,18:06:53,20210509
59,2004-01-31,SLM.AX,AUD,2004-01-31,2004-01-31,Q1,81769000.0,6084750.0,75684250.0,0.9255861023126124,150750.0,29065750.0,21627250.0,73750.0,13392500.0,0.0,6500.0,3998000.0,11598750.0,0.1418477662683902,7600750.0,0.09295393119641918,73750.0,7848750.0,0.09598686543800218,7848750.0,5238750.0,0.0640676784600521,0.04417775,0.043196,118320281,121278848,,,1620598013,18:06:53,20210509
60,2003-09-30,SLM.AX,AUD,2003-09-30,2003-09-30,Q3,71530500.0,0.0,71530500.0,1.0,0.0,23969750.0,0.0,344000.0,37408000.0,0.0,140250.0,3707000.0,10152750.0,0.14193595738880618,6445750.0,0.09011191030399619,344000.0,6600750.0,0.09227881812653344,6600750.0,4123250.0,0.05764324309210756,0.03706025,0.03706025,111568900,111568900,,,1620598013,18:06:53,20210509
61,2003-06-30,SLM.AX,AUD,2003-06-30,2003-06-30,Q2,71530500.0,0.0,71530500.0,1.0,0.0,23969750.0,0.0,344000.0,37408000.0,0.0,140250.0,3707000.0,10152750.0,0.14193595738880618,6445750.0,0.09011191030399619,344000.0,6600750.0,0.09227881812653344,6600750.0,4123250.0,0.05764324309210756,0.03706025,0.03706025,111568900,111568900,,,1620598013,18:06:53,20210509
62,2003-03-31,SLM.AX,AUD,2003-03-31,2003-03-31,Q1,71530500.0,0.0,71530500.0,1.0,0.0,23969750.0,0.0,344000.0,37408000.0,0.0,140250.0,3707000.0,10152750.0,0.14193595738880618,6445750.0,0.09011191030399619,344000.0,6600750.0,0.09227881812653344,6600750.0,4123250.0,0.05764324309210756,0.03706025,0.03706025,111568900,111568900,,,1620598013,18:06:53,20210509
63,2003-01-31,SLM.AX,AUD,2003-01-31,2003-01-31,Q1,71530500.0,0.0,71530500.0,1.0,0.0,23969750.0,0.0,344000.0,37408000.0,0.0,140250.0,3707000.0,10152750.0,0.14193595738880618,6445750.0,0.09011191030399619,344000.0,6600750.0,0.09227881812653344,6600750.0,4123250.0,0.05764324309210756,0.03706025,0.03706025,111568900,111568900,,,1620598013,18:06:53,20210509
64,2001-09-30,SLM.AX,AUD,2001-09-30,2001-09-30,Q3,0.0,0.0,0.0,0.0,0.0,0.0,0.0,0.0,0.0,0.0,0.0,0.0,0.0,0.0,0.0,0.0,0.0,0.0,0.0,0.0,0.0,0.0,0.0,0.0,118322318,118322318,,,1620598013,18:06:53,20210509
65,2001-06-30,SLM.AX,AUD,2001-06-30,2001-06-30,Q2,0.0,0.0,0.0,0.0,0.0,0.0,0.0,0.0,0.0,0.0,0.0,0.0,0.0,0.0,0.0,0.0,0.0,0.0,0.0,0.0,0.0,0.0,0.0,0.0,118322318,118322318,,,1620598013,18:06:53,20210509
66,2001-03-31,SLM.AX,AUD,2001-03-31,2001-03-31,Q1,0.0,0.0,0.0,0.0,0.0,0.0,0.0,0.0,0.0,0.0,0.0,0.0,0.0,0.0,0.0,0.0,0.0,0.0,0.0,0.0,0.0,0.0,0.0,0.0,118322318,118322318,,,1620598013,18:06:53,20210509
67,2001-01-31,SLM.AX,AUD,2001-01-31,2001-01-31,Q1,0.0,0.0,0.0,0.0,0.0,0.0,0.0,0.0,0.0,0.0,0.0,0.0,0.0,0.0,0.0,0.0,0.0,0.0,0.0,0.0,0.0,0.0,0.0,0.0,118322318,118322318,,,1620598013,18:06:53,20210509
