,date,symbol,reportedCurrency,fillingDate,acceptedDate,period,revenue,costOfRevenue,grossProfit,grossProfitRatio,researchAndDevelopmentExpenses,generalAndAdministrativeExpenses,sellingAndMarketingExpenses,otherExpenses,operatingExpenses,costAndExpenses,interestExpense,depreciationAndAmortization,ebitda,ebitdaratio,operatingIncome,operatingIncomeRatio,totalOtherIncomeExpensesNet,incomeBeforeTax,incomeBeforeTaxRatio,incomeTaxExpense,netIncome,netIncomeRatio,eps,epsdiluted,weightedAverageShsOut,weightedAverageShsOutDil,link,finalLink,timestamp,est_time,est_date
0,2020-12-31,ROXG.TO,USD,2020-12-31,2020-12-31,Q4,72154000.0,44373000.0,27781000.0,0.38502369930980956,0.0,2432000.0,0.0,-880000.0,11922000.0,56295000.0,2068000.0,16802000.0,32661000.0,0.4526568173628628,15859000.0,0.2197937744269202,-391000.0,13400000.0,0.18571388973584277,3481000.0,7861000.0,0.10894752889652687,0.021082388830379294,0.021082388830379294,372870459.0,372870459.0,https://www.sedar.com/ModifyCompanyDocumentSearchForm.do?lang=EN&company_search=ROXGOLD INC&document_selection=0&industry_group=A&FromDate=13&FromMonth=05&FromYear=2000&ToDate=13&ToMonth=11&ToYear=2020&Variable=Issuer,https://www.sedar.com/ModifyCompanyDocumentSearchForm.do?lang=EN&company_search=ROXGOLD INC&document_selection=0&industry_group=A&FromDate=13&FromMonth=05&FromYear=2000&ToDate=13&ToMonth=11&ToYear=2020&Variable=Issuer,1620597392,17:56:32,20210509
1,2020-09-30,ROXG.TO,USD,2020-09-30,2020-09-30,Q3,57379000.0,35449000.0,21930000.0,0.38219557677896093,0.0,2994000.0,0.0,-1011000.0,11072000.0,46521000.0,1391000.0,197000.0,11055000.0,0.19266630648843652,10858000.0,0.1892329946496105,-1390000.0,8077000.0,0.1407657853918681,2471000.0,4169000.0,0.07265724393942034,0.01118082674390679,0.010624220805528065,372870459.0,392405248.0,https://www.sedar.com/ModifyCompanyDocumentSearchForm.do?lang=EN&company_search=ROXGOLD INC&document_selection=0&industry_group=A&FromDate=13&FromMonth=05&FromYear=2000&ToDate=13&ToMonth=11&ToYear=2020&Variable=Issuer,https://www.sedar.com/ModifyCompanyDocumentSearchForm.do?lang=EN&company_search=ROXGOLD INC&document_selection=0&industry_group=A&FromDate=13&FromMonth=05&FromYear=2000&ToDate=13&ToMonth=11&ToYear=2020&Variable=Issuer,1620597392,17:56:32,20210509
2,2020-06-30,ROXG.TO,USD,2020-06-30,2020-06-30,Q2,62107000.0,38925000.0,23182000.0,0.3732590529247911,0.0,3291000.0,0.0,-1177000.0,7570000.0,46495000.0,704000.0,217000.0,15829000.0,0.25486660118827187,15612000.0,0.25137263110438435,-3595000.0,11313000.0,0.18215338045630927,3846000.0,5974000.0,0.09618883539697619,0.016056304940719888,0.015223655814007678,372065679.0,392415598.0,https://www.sedar.com/ModifyCompanyDocumentSearchForm.do?lang=EN&company_search=ROXGOLD INC&document_selection=0&industry_group=A&FromDate=13&FromMonth=05&FromYear=2000&ToDate=13&ToMonth=11&ToYear=2020&Variable=Issuer,https://www.sedar.com/ModifyCompanyDocumentSearchForm.do?lang=EN&company_search=ROXGOLD INC&document_selection=0&industry_group=A&FromDate=13&FromMonth=05&FromYear=2000&ToDate=13&ToMonth=11&ToYear=2020&Variable=Issuer,1620597392,17:56:32,20210509
3,2020-03-31,ROXG.TO,USD,2020-03-31,2020-03-31,Q1,48045000.0,33367000.0,14678000.0,0.30550525548964513,0.0,1898000.0,0.0,-377000.0,9668000.0,43035000.0,1127000.0,222000.0,5232000.0,0.10889790821105214,5010000.0,0.10427724008741805,-454000.0,3429000.0,0.07137059007180768,1518000.0,864000.0,0.01798314080549485,0.002323,0.002209,371925240.0,391080520.0,https://www.sedar.com/ModifyCompanyDocumentSearchForm.do?lang=EN&company_search=ROXGOLD INC&document_selection=0&industry_group=A&FromDate=13&FromMonth=05&FromYear=2000&ToDate=13&ToMonth=11&ToYear=2020&Variable=Issuer,https://www.sedar.com/ModifyCompanyDocumentSearchForm.do?lang=EN&company_search=ROXGOLD INC&document_selection=0&industry_group=A&FromDate=13&FromMonth=05&FromYear=2000&ToDate=13&ToMonth=11&ToYear=2020&Variable=Issuer,1620597392,17:56:32,20210509
4,2019-12-31,ROXG.TO,USD,2019-12-31,2019-12-31,Q4,60208000.0,40264000.0,19944000.0,0.33125166090884933,0.0,3337000.0,0.0,-2938000.0,8111000.0,48375000.0,994000.0,479000.0,12312000.0,0.20449109752856764,11833000.0,0.19653534414031357,-3582000.0,7257000.0,0.12053215519532288,2496000.0,3621000.0,0.060141509433962265,0.009711147430963418,0.009711147430963418,372870459.0,372870459.0,https://www.sedar.com/ModifyCompanyDocumentSearchForm.do?lang=EN&company_search=ROXGOLD INC&document_selection=0&industry_group=A&FromDate=13&FromMonth=05&FromYear=2000&ToDate=13&ToMonth=11&ToYear=2020&Variable=Issuer,https://www.sedar.com/ModifyCompanyDocumentSearchForm.do?lang=EN&company_search=ROXGOLD INC&document_selection=0&industry_group=A&FromDate=13&FromMonth=05&FromYear=2000&ToDate=13&ToMonth=11&ToYear=2020&Variable=Issuer,1620597392,17:56:32,20210509
5,2019-09-30,ROXG.TO,USD,2019-09-30,2019-09-30,Q3,42258000.0,26018000.0,16240000.0,0.3843059302380614,0.0,2707000.0,0.0,-1809000.0,6788000.0,32806000.0,588000.0,156000.0,9608000.0,0.22736523261867575,9452000.0,0.22367362392919685,-4585000.0,4279000.0,0.10125893321974537,2351000.0,1104000.0,0.026125230725543094,0.002977,0.00284,370840311.0,388790701.0,https://www.sedar.com/ModifyCompanyDocumentSearchForm.do?lang=EN&company_search=ROXGOLD INC&document_selection=0&industry_group=A&FromDate=13&FromMonth=05&FromYear=2000&ToDate=13&ToMonth=11&ToYear=2020&Variable=Issuer,https://www.sedar.com/ModifyCompanyDocumentSearchForm.do?lang=EN&company_search=ROXGOLD INC&document_selection=0&industry_group=A&FromDate=13&FromMonth=05&FromYear=2000&ToDate=13&ToMonth=11&ToYear=2020&Variable=Issuer,1620597392,17:56:32,20210509
6,2019-06-30,ROXG.TO,USD,2019-06-30,2019-06-30,Q2,39689000.0,28421000.0,11268000.0,0.28390737987855574,0.0,2385000.0,0.0,-277000.0,6495000.0,34916000.0,2017000.0,197000.0,4970000.0,0.1252236135957066,4773000.0,0.12026002166847237,-3520000.0,-764000.0,-0.019249666154350073,2191000.0,-3504000.0,-0.08828642696968933,-0.01,-0.01,369956493.0,369956493.0,https://www.sedar.com/ModifyCompanyDocumentSearchForm.do?lang=EN&company_search=ROXGOLD INC&document_selection=0&industry_group=A&FromDate=13&FromMonth=05&FromYear=2000&ToDate=13&ToMonth=11&ToYear=2020&Variable=Issuer,https://www.sedar.com/ModifyCompanyDocumentSearchForm.do?lang=EN&company_search=ROXGOLD INC&document_selection=0&industry_group=A&FromDate=13&FromMonth=05&FromYear=2000&ToDate=13&ToMonth=11&ToYear=2020&Variable=Issuer,1620597392,17:56:32,20210509
7,2019-03-31,ROXG.TO,USD,2019-03-31,2019-03-31,Q1,39823000.0,27405000.0,12418000.0,0.31182984707329936,0.0,2462000.0,0.0,-698000.0,5643000.0,33048000.0,1491000.0,218000.0,6993000.0,0.17560203902267535,6775000.0,0.170127815583959,-1968000.0,3316000.0,0.08326846294854733,1387000.0,962000.0,0.024156894257087613,0.002571,0.002434,374117439.0,395308674.0,https://www.sedar.com/ModifyCompanyDocumentSearchForm.do?lang=EN&company_search=ROXGOLD INC&document_selection=0&industry_group=A&FromDate=13&FromMonth=05&FromYear=2000&ToDate=13&ToMonth=11&ToYear=2020&Variable=Issuer,https://www.sedar.com/ModifyCompanyDocumentSearchForm.do?lang=EN&company_search=ROXGOLD INC&document_selection=0&industry_group=A&FromDate=13&FromMonth=05&FromYear=2000&ToDate=13&ToMonth=11&ToYear=2020&Variable=Issuer,1620597392,17:56:32,20210509
8,2018-12-31,ROXG.TO,USD,2018-12-31,2018-12-31,Q4,31956000.0,23355000.0,8601000.0,0.2691513330829891,0.0,3085000.0,0.0,-95000.0,367000.0,23722000.0,1412000.0,515000.0,8749000.0,0.2737827012141695,8234000.0,0.25766679183877833,-4825000.0,1997000.0,0.062492176743021655,-2748000.0,4092000.0,0.12805107022155462,0.010974320709058906,0.010974320709058906,372870459.0,372870459.0,https://www.sedar.com/ModifyCompanyDocumentSearchForm.do?lang=EN&company_search=ROXGOLD INC&document_selection=0&industry_group=A&FromDate=13&FromMonth=05&FromYear=2000&ToDate=13&ToMonth=11&ToYear=2020&Variable=Issuer,https://www.sedar.com/ModifyCompanyDocumentSearchForm.do?lang=EN&company_search=ROXGOLD INC&document_selection=0&industry_group=A&FromDate=13&FromMonth=05&FromYear=2000&ToDate=13&ToMonth=11&ToYear=2020&Variable=Issuer,1620597392,17:56:32,20210509
9,2018-09-30,ROXG.TO,USD,2018-09-30,2018-09-30,Q3,37890000.0,24210000.0,13680000.0,0.36104513064133015,0.0,1831000.0,0.0,-391000.0,5207000.0,29417000.0,790000.0,198000.0,8671000.0,0.2288466613882291,8473000.0,0.22362100818157826,999000.0,8682000.0,0.22913697545526523,2083000.0,5893000.0,0.15552916336764316,0.015764343518190685,0.015093148481254431,373818294.0,390442061.0,https://www.sedar.com/ModifyCompanyDocumentSearchForm.do?lang=EN&company_search=ROXGOLD INC&document_selection=0&industry_group=A&FromDate=13&FromMonth=05&FromYear=2000&ToDate=13&ToMonth=11&ToYear=2020&Variable=Issuer,https://www.sedar.com/ModifyCompanyDocumentSearchForm.do?lang=EN&company_search=ROXGOLD INC&document_selection=0&industry_group=A&FromDate=13&FromMonth=05&FromYear=2000&ToDate=13&ToMonth=11&ToYear=2020&Variable=Issuer,1620597392,17:56:32,20210509
10,2018-06-30,ROXG.TO,USD,2018-06-30,2018-06-30,Q2,45787000.0,25404000.0,20383000.0,0.445170026426715,0.0,2633000.0,0.0,-730000.0,6329000.0,31733000.0,1166000.0,213000.0,14267000.0,0.311594994212331,14054000.0,0.3069430187607836,1105000.0,13993000.0,0.30561076288029354,3155000.0,9732000.0,0.21254941358900997,0.03,0.02,373514278.0,391894838.0,https://www.sedar.com/ModifyCompanyDocumentSearchForm.do?lang=EN&company_search=ROXGOLD INC&document_selection=0&industry_group=A&FromDate=13&FromMonth=05&FromYear=2000&ToDate=13&ToMonth=11&ToYear=2020&Variable=Issuer,https://www.sedar.com/ModifyCompanyDocumentSearchForm.do?lang=EN&company_search=ROXGOLD INC&document_selection=0&industry_group=A&FromDate=13&FromMonth=05&FromYear=2000&ToDate=13&ToMonth=11&ToYear=2020&Variable=Issuer,1620597392,17:56:32,20210509
11,2018-03-31,ROXG.TO,USD,2018-03-31,2018-03-31,Q1,53226000.0,27900000.0,25326000.0,0.475820087926953,0.0,1977000.0,0.0,-554000.0,5642000.0,33542000.0,1446000.0,218000.0,19902000.0,0.3739150039454402,19684000.0,0.3698192612632924,-341000.0,17897000.0,0.3362454439559614,3974000.0,12183000.0,0.22889189493856385,0.03267512573989427,0.031090301821194752,372852429.0,391858531.0,https://www.sedar.com/ModifyCompanyDocumentSearchForm.do?lang=EN&company_search=ROXGOLD INC&document_selection=0&industry_group=A&FromDate=13&FromMonth=05&FromYear=2000&ToDate=13&ToMonth=11&ToYear=2020&Variable=Issuer,https://www.sedar.com/ModifyCompanyDocumentSearchForm.do?lang=EN&company_search=ROXGOLD INC&document_selection=0&industry_group=A&FromDate=13&FromMonth=05&FromYear=2000&ToDate=13&ToMonth=11&ToYear=2020&Variable=Issuer,1620597392,17:56:32,20210509
12,2017-12-31,ROXG.TO,USD,2017-12-31,2017-12-31,Q4,45455000.0,26424000.0,19031000.0,0.41867781322186776,0.0,2140000.0,0.0,1184000.0,5032000.0,31456000.0,2515000.0,285000.0,14284000.0,0.3142448575514245,13999000.0,0.3079749202507975,358000.0,11842000.0,0.26052139478605213,5084000.0,6064000.0,0.13340666593334066,0.016263020718409876,0.016263020718409876,372870459.0,372870459.0,https://www.sedar.com/ModifyCompanyDocumentSearchForm.do?lang=EN&company_search=ROXGOLD INC&document_selection=0&industry_group=A&FromDate=13&FromMonth=05&FromYear=2000&ToDate=13&ToMonth=11&ToYear=2020&Variable=Issuer,https://www.sedar.com/ModifyCompanyDocumentSearchForm.do?lang=EN&company_search=ROXGOLD INC&document_selection=0&industry_group=A&FromDate=13&FromMonth=05&FromYear=2000&ToDate=13&ToMonth=11&ToYear=2020&Variable=Issuer,1620597392,17:56:32,20210509
13,2017-09-30,ROXG.TO,USD,2017-09-30,2017-09-30,Q3,36279000.0,21072000.0,15207000.0,0.4191681137848342,0.0,2649000.0,0.0,-483000.0,5653000.0,26725000.0,1124000.0,239000.0,9793000.0,0.269935775517517,9554000.0,0.26334794233578657,-2155000.0,6275000.0,0.17296507621489016,-661000.0,5594000.0,0.15419388627029412,0.02,0.02,371539603.0,371539603.0,https://www.sedar.com/ModifyCompanyDocumentSearchForm.do?lang=EN&company_search=ROXGOLD INC&document_selection=0&industry_group=A&FromDate=13&FromMonth=05&FromYear=2000&ToDate=13&ToMonth=11&ToYear=2020&Variable=Issuer,https://www.sedar.com/ModifyCompanyDocumentSearchForm.do?lang=EN&company_search=ROXGOLD INC&document_selection=0&industry_group=A&FromDate=13&FromMonth=05&FromYear=2000&ToDate=13&ToMonth=11&ToYear=2020&Variable=Issuer,1620597392,17:56:32,20210509
14,2017-06-30,ROXG.TO,USD,2017-06-30,2017-06-30,Q2,34703000.0,22374000.0,12329000.0,0.3552718785119442,0.0,1778000.0,0.0,-103000.0,5292000.0,27666000.0,1187000.0,248000.0,7285000.0,0.20992421404489525,7037000.0,0.20277785782209032,1092000.0,6486000.0,0.18690026798835835,769000.0,4767000.0,0.137365645621416,0.02,0.02,371437429.0,371437429.0,https://www.sedar.com/ModifyCompanyDocumentSearchForm.do?lang=EN&company_search=ROXGOLD INC&document_selection=0&industry_group=A&FromDate=13&FromMonth=05&FromYear=2000&ToDate=13&ToMonth=11&ToYear=2020&Variable=Issuer,https://www.sedar.com/ModifyCompanyDocumentSearchForm.do?lang=EN&company_search=ROXGOLD INC&document_selection=0&industry_group=A&FromDate=13&FromMonth=05&FromYear=2000&ToDate=13&ToMonth=11&ToYear=2020&Variable=Issuer,1620597392,17:56:32,20210509
15,2017-03-31,ROXG.TO,USD,2017-03-31,2017-03-31,Q1,42977000.0,23448000.0,19529000.0,0.45440584498685344,0.0,2194000.0,0.0,-101000.0,5541000.0,28989000.0,1976000.0,270000.0,14258000.0,0.33175884775577635,13988000.0,0.3254764176187263,-5958000.0,5760000.0,0.13402517625706772,1928000.0,2418000.0,0.05626265211624822,0.01,0.01,371104014.0,371104014.0,https://www.sedar.com/ModifyCompanyDocumentSearchForm.do?lang=EN&company_search=ROXGOLD INC&document_selection=0&industry_group=A&FromDate=13&FromMonth=05&FromYear=2000&ToDate=13&ToMonth=11&ToYear=2020&Variable=Issuer,https://www.sedar.com/ModifyCompanyDocumentSearchForm.do?lang=EN&company_search=ROXGOLD INC&document_selection=0&industry_group=A&FromDate=13&FromMonth=05&FromYear=2000&ToDate=13&ToMonth=11&ToYear=2020&Variable=Issuer,1620597392,17:56:32,20210509
16,2016-12-31,ROXG.TO,USD,2016-12-31,2016-12-31,Q4,41385000.0,20149000.0,21236000.0,0.5131327775764166,0.0,1452000.0,0.0,-14000.0,3898000.0,24047000.0,0.0,257000.0,17595000.0,0.4251540413193186,17338000.0,0.4189440618581612,7943000.0,23014000.0,0.5560952035761749,0.0,22262000.0,0.5379243687326326,0.05970438114004628,0.05970438114004628,372870459.0,372870459.0,https://www.sedar.com/ModifyCompanyDocumentSearchForm.do?lang=EN&company_search=ROXGOLD INC&document_selection=0&industry_group=A&FromDate=13&FromMonth=05&FromYear=2000&ToDate=13&ToMonth=11&ToYear=2020&Variable=Issuer,https://www.sedar.com/ModifyCompanyDocumentSearchForm.do?lang=EN&company_search=ROXGOLD INC&document_selection=0&industry_group=A&FromDate=13&FromMonth=05&FromYear=2000&ToDate=13&ToMonth=11&ToYear=2020&Variable=Issuer,1620597392,17:56:32,20210509
17,2016-09-30,ROXG.TO,USD,2016-09-30,2016-09-30,Q3,0.0,148000.0,-148000.0,0.0,0.0,1945000.0,0.0,-35000.0,3059000.0,3207000.0,0.0,148000.0,-3059000.0,0.0,-3207000.0,0.0,730000.0,-2462000.0,0.0,0.0,-2462000.0,0.0,-0.01,-0.01,367897094.0,367897094.0,https://www.sedar.com/ModifyCompanyDocumentSearchForm.do?lang=EN&company_search=ROXGOLD INC&document_selection=0&industry_group=A&FromDate=13&FromMonth=05&FromYear=2000&ToDate=13&ToMonth=11&ToYear=2020&Variable=Issuer,https://www.sedar.com/ModifyCompanyDocumentSearchForm.do?lang=EN&company_search=ROXGOLD INC&document_selection=0&industry_group=A&FromDate=13&FromMonth=05&FromYear=2000&ToDate=13&ToMonth=11&ToYear=2020&Variable=Issuer,1620597392,17:56:32,20210509
18,2016-06-30,ROXG.TO,USD,2016-06-30,2016-06-30,Q2,0.0,129852.061401,-129852.061401,0.0,0.0,1362673.715779,0.0,-57969.670269,3151231.275797,3281083.337198,0.0,129852.061401,-3151231.275797,0.0,-3281083.337198,0.0,-5683346.473125,-8956700.520954,0.0,0.0,-8956700.520954,0.0,-0.023188,-0.023188,353135175.0,353135175.0,https://www.sedar.com/ModifyCompanyDocumentSearchForm.do?lang=EN&company_search=ROXGOLD INC&document_selection=0&industry_group=A&FromDate=13&FromMonth=05&FromYear=2000&ToDate=13&ToMonth=11&ToYear=2020&Variable=Issuer,https://www.sedar.com/ModifyCompanyDocumentSearchForm.do?lang=EN&company_search=ROXGOLD INC&document_selection=0&industry_group=A&FromDate=13&FromMonth=05&FromYear=2000&ToDate=13&ToMonth=11&ToYear=2020&Variable=Issuer,1620597392,17:56:32,20210509
19,2016-03-31,ROXG.TO,USD,2016-03-31,2016-03-31,Q1,0.0,157160.025885,-157160.025885,0.0,0.0,1229546.084866,0.0,-87054.328064,1952174.047025,2109334.07291,0.0,157160.025885,-1952174.0470250002,0.0,-2109334.07291,0.0,-11971896.089489,-14078918.985547,0.0,0.0,-14078918.985547,0.0,-0.046224,-0.046224,331348313.0,331348313.0,https://www.sedar.com/ModifyCompanyDocumentSearchForm.do?lang=EN&company_search=ROXGOLD INC&document_selection=0&industry_group=A&FromDate=13&FromMonth=05&FromYear=2000&ToDate=13&ToMonth=11&ToYear=2020&Variable=Issuer,https://www.sedar.com/ModifyCompanyDocumentSearchForm.do?lang=EN&company_search=ROXGOLD INC&document_selection=0&industry_group=A&FromDate=13&FromMonth=05&FromYear=2000&ToDate=13&ToMonth=11&ToYear=2020&Variable=Issuer,1620597392,17:56:32,20210509
20,2015-12-31,ROXG.TO,USD,2015-12-31,2015-12-31,Q4,0.0,484790.579385,-484790.579385,0.0,0.0,749043.127324,0.0,-208704.311774,2770643.607942,3255434.187327,0.0,484790.579385,-2770643.607942,0.0,-3255434.187327,0.0,4071514.960764,820965.415335,0.0,0.0,2110350.890196,0.0,0.005659742785351629,0.005659742785351629,372870459.0,372870459.0,https://www.sedar.com/ModifyCompanyDocumentSearchForm.do?lang=EN&company_search=ROXGOLD INC&document_selection=0&industry_group=A&FromDate=13&FromMonth=05&FromYear=2000&ToDate=13&ToMonth=11&ToYear=2020&Variable=Issuer,https://www.sedar.com/ModifyCompanyDocumentSearchForm.do?lang=EN&company_search=ROXGOLD INC&document_selection=0&industry_group=A&FromDate=13&FromMonth=05&FromYear=2000&ToDate=13&ToMonth=11&ToYear=2020&Variable=Issuer,1620597392,17:56:32,20210509
21,2015-09-30,ROXG.TO,USD,2015-09-30,2015-09-30,Q3,0.0,43202.979516,-43202.979516,0.0,0.0,1376536.312849,0.0,-340409.683426,1410055.865922,1453258.845438,0.0,43202.979516,-1410055.865922,0.0,-1453258.845438,0.0,-4484916.201117,-5935940.409683,0.0,24581.005587,-5960521.41527,0.0,-0.022346,-0.022346,300807062.0,300807062.0,https://www.sedar.com/ModifyCompanyDocumentSearchForm.do?lang=EN&company_search=ROXGOLD INC&document_selection=0&industry_group=A&FromDate=13&FromMonth=05&FromYear=2000&ToDate=13&ToMonth=11&ToYear=2020&Variable=Issuer,https://www.sedar.com/ModifyCompanyDocumentSearchForm.do?lang=EN&company_search=ROXGOLD INC&document_selection=0&industry_group=A&FromDate=13&FromMonth=05&FromYear=2000&ToDate=13&ToMonth=11&ToYear=2020&Variable=Issuer,1620597392,17:56:32,20210509
22,2015-06-30,ROXG.TO,USD,2015-06-30,2015-06-30,Q2,0.0,48336.032095,-48336.032095,0.0,0.0,965109.440833,0.0,0.0,1000555.864369,1048891.896464,0.0,48336.032095,-1000555.864369,0.0,-1048891.896464,0.0,-209456.139079,-1247069.628054,0.0,-518001.143953,-729068.484101,0.0,-0.008056,-0.008056,287763665.0,287763665.0,https://www.sedar.com/ModifyCompanyDocumentSearchForm.do?lang=EN&company_search=ROXGOLD INC&document_selection=0&industry_group=A&FromDate=13&FromMonth=05&FromYear=2000&ToDate=13&ToMonth=11&ToYear=2020&Variable=Issuer,https://www.sedar.com/ModifyCompanyDocumentSearchForm.do?lang=EN&company_search=ROXGOLD INC&document_selection=0&industry_group=A&FromDate=13&FromMonth=05&FromYear=2000&ToDate=13&ToMonth=11&ToYear=2020&Variable=Issuer,1620597392,17:56:32,20210509
23,2015-03-31,ROXG.TO,USD,2015-03-31,2015-03-31,Q1,0.0,53636.220224,-53636.220224,0.0,0.0,1031708.471368,0.0,0.0,1070358.100647,1123994.320871,0.0,53636.220224,-1070358.100647,0.0,-1123994.320871,0.0,1743965.925225,658621.233633,0.0,1846505.758006,-1187884.524373,0.0,-0.007888,-0.007888,287730698.0,287730698.0,https://www.sedar.com/ModifyCompanyDocumentSearchForm.do?lang=EN&company_search=ROXGOLD INC&document_selection=0&industry_group=A&FromDate=13&FromMonth=05&FromYear=2000&ToDate=13&ToMonth=11&ToYear=2020&Variable=Issuer,https://www.sedar.com/ModifyCompanyDocumentSearchForm.do?lang=EN&company_search=ROXGOLD INC&document_selection=0&industry_group=A&FromDate=13&FromMonth=05&FromYear=2000&ToDate=13&ToMonth=11&ToYear=2020&Variable=Issuer,1620597392,17:56:32,20210509
24,2014-12-31,ROXG.TO,USD,2014-12-31,2014-12-31,Q4,0.0,52543.452362,-52543.452362,0.0,0.0,925481.735724,0.0,0.0,1080539.193126,1133082.645488,0.0,52543.452362,-1080539.193126,0.0,-1133082.645488,0.0,436291.836048,-1194357.771286,0.0,0.0,-1068034.060057,0.0,-0.0028643568678552783,-0.0028643568678552783,372870459.0,372870459.0,https://www.sedar.com/ModifyCompanyDocumentSearchForm.do?lang=EN&company_search=ROXGOLD INC&document_selection=0&industry_group=A&FromDate=13&FromMonth=05&FromYear=2000&ToDate=13&ToMonth=11&ToYear=2020&Variable=Issuer,https://www.sedar.com/ModifyCompanyDocumentSearchForm.do?lang=EN&company_search=ROXGOLD INC&document_selection=0&industry_group=A&FromDate=13&FromMonth=05&FromYear=2000&ToDate=13&ToMonth=11&ToYear=2020&Variable=Issuer,1620597392,17:56:32,20210509
25,2014-09-30,ROXG.TO,USD,2014-09-30,2014-09-30,Q3,0.0,50171.119354,-50171.119354,0.0,0.0,1059864.896343,0.0,0.0,1059864.896343,1110036.015696,0.0,50171.119354,-1059864.896342,0.0,-1110036.015696,0.0,288483.936283,-740919.92331,0.0,75256.67903,-816176.60234,0.0,-0.008959,-0.008959,235782698.0,235782698.0,https://www.sedar.com/ModifyCompanyDocumentSearchForm.do?lang=EN&company_search=ROXGOLD INC&document_selection=0&industry_group=A&FromDate=13&FromMonth=05&FromYear=2000&ToDate=13&ToMonth=11&ToYear=2020&Variable=Issuer,https://www.sedar.com/ModifyCompanyDocumentSearchForm.do?lang=EN&company_search=ROXGOLD INC&document_selection=0&industry_group=A&FromDate=13&FromMonth=05&FromYear=2000&ToDate=13&ToMonth=11&ToYear=2020&Variable=Issuer,1620597392,17:56:32,20210509
26,2014-06-30,ROXG.TO,USD,2014-06-30,2014-06-30,Q2,0.0,47802.491353,-47802.491353,0.0,0.0,1552175.013357,0.0,0.0,1552175.013357,1599977.50471,0.0,47802.491353,-1552175.013357,0.0,-1599977.50471,0.0,-264319.658072,-1811808.152668,0.0,32805.631321,-1844613.783989,0.0,-0.009373,-0.009373,235782698.0,235782698.0,https://www.sedar.com/ModifyCompanyDocumentSearchForm.do?lang=EN&company_search=ROXGOLD INC&document_selection=0&industry_group=A&FromDate=13&FromMonth=05&FromYear=2000&ToDate=13&ToMonth=11&ToYear=2020&Variable=Issuer,https://www.sedar.com/ModifyCompanyDocumentSearchForm.do?lang=EN&company_search=ROXGOLD INC&document_selection=0&industry_group=A&FromDate=13&FromMonth=05&FromYear=2000&ToDate=13&ToMonth=11&ToYear=2020&Variable=Issuer,1620597392,17:56:32,20210509
27,2014-03-31,ROXG.TO,USD,2014-03-31,2014-03-31,Q1,0.0,38900.64955,-38900.64955,0.0,0.0,1286435.433968,0.0,0.0,1286435.433968,1325336.083519,0.0,38900.64955,-1286435.4339690001,0.0,-1325336.083519,0.0,156507.26447,-1129928.169498,0.0,19902.657909,-1149830.827408,0.0,-0.009047,-0.009047,189321365.0,189321365.0,https://www.sedar.com/ModifyCompanyDocumentSearchForm.do?lang=EN&company_search=ROXGOLD INC&document_selection=0&industry_group=A&FromDate=13&FromMonth=05&FromYear=2000&ToDate=13&ToMonth=11&ToYear=2020&Variable=Issuer,https://www.sedar.com/ModifyCompanyDocumentSearchForm.do?lang=EN&company_search=ROXGOLD INC&document_selection=0&industry_group=A&FromDate=13&FromMonth=05&FromYear=2000&ToDate=13&ToMonth=11&ToYear=2020&Variable=Issuer,1620597392,17:56:32,20210509
28,2013-12-31,ROXG.TO,USD,2013-12-31,2013-12-31,Q4,0.0,-10317.565862,10317.565862,0.0,0.0,1156361.327894,0.0,0.0,1156361.327894,1146043.762032,0.0,-10317.565862,-1156361.327894,0.0,-1146043.762032,0.0,-255454.229552,-1370824.081235,0.0,114578.735314,-1485402.816549,0.0,-0.003983696698667673,-0.003983696698667673,372870459.0,372870459.0,https://www.sedar.com/ModifyCompanyDocumentSearchForm.do?lang=EN&company_search=ROXGOLD INC&document_selection=0&industry_group=A&FromDate=13&FromMonth=05&FromYear=2000&ToDate=13&ToMonth=11&ToYear=2020&Variable=Issuer,https://www.sedar.com/ModifyCompanyDocumentSearchForm.do?lang=EN&company_search=ROXGOLD INC&document_selection=0&industry_group=A&FromDate=13&FromMonth=05&FromYear=2000&ToDate=13&ToMonth=11&ToYear=2020&Variable=Issuer,1620597392,17:56:32,20210509
29,2013-09-30,ROXG.TO,USD,2013-09-30,2013-09-30,Q3,0.0,12361.620039,-12361.620039,0.0,0.0,1744923.321507,0.0,0.0,1744923.321507,1757284.941546,0.0,12361.620039,-1744923.3215070001,0.0,-1757284.941546,0.0,0.0,-1711429.06997,0.0,0.0,-1711429.06997,0.0,-0.009694,-0.009694,160538109.0,160538109.0,https://www.sedar.com/ModifyCompanyDocumentSearchForm.do?lang=EN&company_search=ROXGOLD INC&document_selection=0&industry_group=A&FromDate=13&FromMonth=05&FromYear=2000&ToDate=13&ToMonth=11&ToYear=2020&Variable=Issuer,https://www.sedar.com/ModifyCompanyDocumentSearchForm.do?lang=EN&company_search=ROXGOLD INC&document_selection=0&industry_group=A&FromDate=13&FromMonth=05&FromYear=2000&ToDate=13&ToMonth=11&ToYear=2020&Variable=Issuer,1620597392,17:56:32,20210509
30,2013-06-30,ROXG.TO,USD,2013-06-30,2013-06-30,Q2,0.0,47051.779197,-47051.779197,0.0,0.0,1104174.270073,0.0,0.0,1104174.270073,1151226.04927,4313.982664,47051.779197,-1104174.270073,0.0,-1151226.04927,0.0,0.0,-1117461.222628,0.0,0.0,-1117461.222628,0.0,-0.009504,-0.009504,143161019.0,143161019.0,https://www.sedar.com/ModifyCompanyDocumentSearchForm.do?lang=EN&company_search=ROXGOLD INC&document_selection=0&industry_group=A&FromDate=13&FromMonth=05&FromYear=2000&ToDate=13&ToMonth=11&ToYear=2020&Variable=Issuer,https://www.sedar.com/ModifyCompanyDocumentSearchForm.do?lang=EN&company_search=ROXGOLD INC&document_selection=0&industry_group=A&FromDate=13&FromMonth=05&FromYear=2000&ToDate=13&ToMonth=11&ToYear=2020&Variable=Issuer,1620597392,17:56:32,20210509
31,2013-03-31,ROXG.TO,USD,2013-03-31,2013-03-31,Q1,0.0,34969.777385,-34969.777385,0.0,0.0,709156.223893,0.0,0.0,713579.045653,748548.823038,1500.810851,34969.777385,-713579.045653,0.0,-748548.823038,0.0,-78636.788049,-669912.034989,0.0,0.0,-669912.034989,0.0,-0.009828,-0.009828,136216506.0,136216506.0,https://www.sedar.com/ModifyCompanyDocumentSearchForm.do?lang=EN&company_search=ROXGOLD INC&document_selection=0&industry_group=A&FromDate=13&FromMonth=05&FromYear=2000&ToDate=13&ToMonth=11&ToYear=2020&Variable=Issuer,https://www.sedar.com/ModifyCompanyDocumentSearchForm.do?lang=EN&company_search=ROXGOLD INC&document_selection=0&industry_group=A&FromDate=13&FromMonth=05&FromYear=2000&ToDate=13&ToMonth=11&ToYear=2020&Variable=Issuer,1620597392,17:56:32,20210509
32,2012-07-31,ROXG.TO,USD,2012-07-31,2012-07-31,Q3,0.0,0.0,0.0,0.0,0.0,1042673.188261,0.0,0.0,1065490.117788,1065490.117788,11304.651627,21252.745059,-1044237.372729,0.0,-1065490.117788,0.0,16906.568177,-1015596.925534,0.0,0.0,-1015596.925534,0.0,-0.009982,-0.009982,122379679.0,122379679.0,https://www.sedar.com/ModifyCompanyDocumentSearchForm.do?lang=EN&company_search=ROXGOLD INC&document_selection=0&industry_group=A&FromDate=13&FromMonth=05&FromYear=2000&ToDate=13&ToMonth=11&ToYear=2020&Variable=Issuer,https://www.sedar.com/ModifyCompanyDocumentSearchForm.do?lang=EN&company_search=ROXGOLD INC&document_selection=0&industry_group=A&FromDate=13&FromMonth=05&FromYear=2000&ToDate=13&ToMonth=11&ToYear=2020&Variable=Issuer,1620597392,17:56:32,20210509
33,2012-04-30,ROXG.TO,USD,2012-04-30,2012-04-30,Q2,0.0,0.0,0.0,0.0,0.0,5148454.028494,0.0,0.0,5171412.265862,5171412.265862,2579.336771,23237.654196,-5148174.611666,0.0,-5171412.265862,0.0,0.0,0.0,0.0,0.0,-5121674.174021,0.0,-0.040764,-0.040764,116041477.0,116041477.0,https://www.sedar.com/ModifyCompanyDocumentSearchForm.do?lang=EN&company_search=ROXGOLD INC&document_selection=0&industry_group=A&FromDate=13&FromMonth=05&FromYear=2000&ToDate=13&ToMonth=11&ToYear=2020&Variable=Issuer,https://www.sedar.com/ModifyCompanyDocumentSearchForm.do?lang=EN&company_search=ROXGOLD INC&document_selection=0&industry_group=A&FromDate=13&FromMonth=05&FromYear=2000&ToDate=13&ToMonth=11&ToYear=2020&Variable=Issuer,1620597392,17:56:32,20210509
34,2012-01-31,ROXG.TO,USD,2012-01-31,2012-01-31,Q1,0.0,0.0,0.0,0.0,0.0,7687130.30294,0.0,0.0,7700032.917377,7700032.917377,2009.955013,12902.614438,-7687130.302939,0.0,-7700032.917377,0.0,22862.614837,0.0,0.0,0.0,-7662882.165764,0.0,-0.0798,-0.0798,100432769.0,100432769.0,https://www.sedar.com/ModifyCompanyDocumentSearchForm.do?lang=EN&company_search=ROXGOLD INC&document_selection=0&industry_group=A&FromDate=13&FromMonth=05&FromYear=2000&ToDate=13&ToMonth=11&ToYear=2020&Variable=Issuer,https://www.sedar.com/ModifyCompanyDocumentSearchForm.do?lang=EN&company_search=ROXGOLD INC&document_selection=0&industry_group=A&FromDate=13&FromMonth=05&FromYear=2000&ToDate=13&ToMonth=11&ToYear=2020&Variable=Issuer,1620597392,17:56:32,20210509
35,2011-10-31,ROXG.TO,USD,2011-10-31,2011-10-31,Q4,0.0,0.0,0.0,0.0,0.0,1300706.454541,0.0,10377.425867,1344888.700616,1344888.700616,388.841441,3892.146089,-1340996.554527,0.0,-1344888.700616,0.0,724968.508099,-672837.707266,0.0,0.0,-687512.759677,0.0,-0.0018438381027041887,-0.0018438381027041887,372870459.0,372870459.0,https://www.sedar.com/ModifyCompanyDocumentSearchForm.do?lang=EN&company_search=ROXGOLD INC&document_selection=0&industry_group=A&FromDate=13&FromMonth=05&FromYear=2000&ToDate=13&ToMonth=11&ToYear=2020&Variable=Issuer,https://www.sedar.com/ModifyCompanyDocumentSearchForm.do?lang=EN&company_search=ROXGOLD INC&document_selection=0&industry_group=A&FromDate=13&FromMonth=05&FromYear=2000&ToDate=13&ToMonth=11&ToYear=2020&Variable=Issuer,1620597392,17:56:32,20210509
36,2011-07-31,ROXG.TO,USD,2011-07-31,2011-07-31,Q3,0.0,0.0,0.0,0.0,0.0,247943.396226,0.0,-48558.70021,247943.396226,247943.396226,540.880503,-3.90894,-247947.305166,0.0,-247943.396226,0.0,-95982.180294,-252167.714885,0.0,0.0,-237492.662474,0.0,-0.004902594462423818,-0.004902594462423818,48442241.0,48442241.0,https://www.sedar.com/ModifyCompanyDocumentSearchForm.do?lang=EN&company_search=ROXGOLD INC&document_selection=0&industry_group=A&FromDate=13&FromMonth=05&FromYear=2000&ToDate=13&ToMonth=11&ToYear=2020&Variable=Issuer,https://www.sedar.com/ModifyCompanyDocumentSearchForm.do?lang=EN&company_search=ROXGOLD INC&document_selection=0&industry_group=A&FromDate=13&FromMonth=05&FromYear=2000&ToDate=13&ToMonth=11&ToYear=2020&Variable=Issuer,1620597392,17:56:32,20210509
37,2011-04-30,ROXG.TO,USD,2011-04-30,2011-04-30,Q2,0.0,0.0,0.0,0.0,0.0,190465.5592,0.0,-866.574966,190675.06084,190675.06084,308.962015,221.497046,-190453.563794,0.0,-190675.06084,0.0,-866.574966,-187050.047614,0.0,0.0,-187050.047614,0.0,-0.005160370155395107,-0.005160370155395107,36247409.0,36247409.0,https://www.sedar.com/ModifyCompanyDocumentSearchForm.do?lang=EN&company_search=ROXGOLD INC&document_selection=0&industry_group=A&FromDate=13&FromMonth=05&FromYear=2000&ToDate=13&ToMonth=11&ToYear=2020&Variable=Issuer,https://www.sedar.com/ModifyCompanyDocumentSearchForm.do?lang=EN&company_search=ROXGOLD INC&document_selection=0&industry_group=A&FromDate=13&FromMonth=05&FromYear=2000&ToDate=13&ToMonth=11&ToYear=2020&Variable=Issuer,1620597392,17:56:32,20210509
38,2011-01-31,ROXG.TO,USD,2011-01-31,2011-01-31,Q1,0.0,0.0,0.0,0.0,0.0,860685.286783,0.0,-1138.154613,860882.793017,860882.793017,769.077307,197.506234,-860685.286783,0.0,-860882.793017,0.0,-1138.154613,0.0,0.0,0.0,-859018.453865,0.0,-0.01995,-0.01995,34532610.0,34532610.0,https://www.sedar.com/ModifyCompanyDocumentSearchForm.do?lang=EN&company_search=ROXGOLD INC&document_selection=0&industry_group=A&FromDate=13&FromMonth=05&FromYear=2000&ToDate=13&ToMonth=11&ToYear=2020&Variable=Issuer,https://www.sedar.com/ModifyCompanyDocumentSearchForm.do?lang=EN&company_search=ROXGOLD INC&document_selection=0&industry_group=A&FromDate=13&FromMonth=05&FromYear=2000&ToDate=13&ToMonth=11&ToYear=2020&Variable=Issuer,1620597392,17:56:32,20210509
39,2010-10-31,ROXG.TO,USD,2010-10-31,2010-10-31,Q4,0.0,0.0,0.0,0.0,0.0,68989.285566,0.0,47451.733105,69020.411708,69020.411708,59.850468,31.126141,-68989.285567,0.0,-69020.411708,0.0,-2425020.978379,-2494075.311657,0.0,-133.752602,-2493941.559055,0.0,-0.006688493279257073,-0.006688493279257073,372870459.0,372870459.0,https://www.sedar.com/ModifyCompanyDocumentSearchForm.do?lang=EN&company_search=ROXGOLD INC&document_selection=0&industry_group=A&FromDate=13&FromMonth=05&FromYear=2000&ToDate=13&ToMonth=11&ToYear=2020&Variable=Issuer,https://www.sedar.com/ModifyCompanyDocumentSearchForm.do?lang=EN&company_search=ROXGOLD INC&document_selection=0&industry_group=A&FromDate=13&FromMonth=05&FromYear=2000&ToDate=13&ToMonth=11&ToYear=2020&Variable=Issuer,1620597392,17:56:32,20210509
40,2010-07-31,ROXG.TO,USD,2010-07-31,2010-07-31,Q3,0.0,0.0,0.0,0.0,0.0,19369.711118,0.0,18051.745939,20426.028596,20426.028596,42.797393,1005.799731,-19420.228865,0.0,-20426.028596,0.0,13188.405797,-7269.720844,0.0,0.0,-7269.720844,0.0,-0.0006022330569057535,-0.0006022330569057535,12071275.0,12071275.0,https://www.sedar.com/ModifyCompanyDocumentSearchForm.do?lang=EN&company_search=ROXGOLD INC&document_selection=0&industry_group=A&FromDate=13&FromMonth=05&FromYear=2000&ToDate=13&ToMonth=11&ToYear=2020&Variable=Issuer,https://www.sedar.com/ModifyCompanyDocumentSearchForm.do?lang=EN&company_search=ROXGOLD INC&document_selection=0&industry_group=A&FromDate=13&FromMonth=05&FromYear=2000&ToDate=13&ToMonth=11&ToYear=2020&Variable=Issuer,1620597392,17:56:32,20210509
41,2010-04-30,ROXG.TO,USD,2010-04-30,2010-04-30,Q2,0.0,0.0,0.0,0.0,0.0,45885.329004,0.0,0.0,46966.905357,46966.905357,12.947047,1146.393975,-45820.511382000004,0.0,-46966.905357,0.0,-41451.463514,-85739.326156,0.0,-13942.973239,-71796.352917,0.0,-0.009959,-0.009959,11665198.0,11665198.0,https://www.sedar.com/ModifyCompanyDocumentSearchForm.do?lang=EN&company_search=ROXGOLD INC&document_selection=0&industry_group=A&FromDate=13&FromMonth=05&FromYear=2000&ToDate=13&ToMonth=11&ToYear=2020&Variable=Issuer,https://www.sedar.com/ModifyCompanyDocumentSearchForm.do?lang=EN&company_search=ROXGOLD INC&document_selection=0&industry_group=A&FromDate=13&FromMonth=05&FromYear=2000&ToDate=13&ToMonth=11&ToYear=2020&Variable=Issuer,1620597392,17:56:32,20210509
42,2010-01-31,ROXG.TO,USD,2010-01-31,2010-01-31,Q1,0.0,0.0,0.0,0.0,0.0,54302.967887,0.0,51409.044097,55319.726617,55319.726617,36.513435,1016.75873,-54302.967887,0.0,-55319.726617,0.0,51409.044097,0.0,0.0,0.0,-3947.195955,0.0,-0.00033837402635500196,-0.00033837402635500196,11665186.0,11665186.0,https://www.sedar.com/ModifyCompanyDocumentSearchForm.do?lang=EN&company_search=ROXGOLD INC&document_selection=0&industry_group=A&FromDate=13&FromMonth=05&FromYear=2000&ToDate=13&ToMonth=11&ToYear=2020&Variable=Issuer,https://www.sedar.com/ModifyCompanyDocumentSearchForm.do?lang=EN&company_search=ROXGOLD INC&document_selection=0&industry_group=A&FromDate=13&FromMonth=05&FromYear=2000&ToDate=13&ToMonth=11&ToYear=2020&Variable=Issuer,1620597392,17:56:32,20210509
43,2009-10-31,ROXG.TO,USD,2009-10-31,2009-10-31,Q4,0.0,0.0,0.0,0.0,0.0,75488.696936,0.0,-19.569816,49025.048373,49025.048373,154.962773,1403.148149,-47621.900224,0.0,-49025.048373,0.0,197.75939,-47972.980125,0.0,146.01806,-48118.998185,0.0,-0.0001290501755329456,-0.0001290501755329456,372870459.0,372870459.0,https://www.sedar.com/ModifyCompanyDocumentSearchForm.do?lang=EN&company_search=ROXGOLD INC&document_selection=0&industry_group=A&FromDate=13&FromMonth=05&FromYear=2000&ToDate=13&ToMonth=11&ToYear=2020&Variable=Issuer,https://www.sedar.com/ModifyCompanyDocumentSearchForm.do?lang=EN&company_search=ROXGOLD INC&document_selection=0&industry_group=A&FromDate=13&FromMonth=05&FromYear=2000&ToDate=13&ToMonth=11&ToYear=2020&Variable=Issuer,1620597392,17:56:32,20210509
44,2009-07-31,ROXG.TO,USD,2009-07-31,2009-07-31,Q3,0.0,0.0,0.0,0.0,0.0,63839.115694,0.0,5353.211648,65282.615763,65282.615763,361.339464,2244.368489,-63038.247274,0.0,-65282.615763,0.0,-54095.95467,-119739.909897,0.0,0.0,-119739.909897,0.0,-0.010904988092935268,-0.010904988092935268,10980288.0,10980288.0,https://www.sedar.com/ModifyCompanyDocumentSearchForm.do?lang=EN&company_search=ROXGOLD INC&document_selection=0&industry_group=A&FromDate=13&FromMonth=05&FromYear=2000&ToDate=13&ToMonth=11&ToYear=2020&Variable=Issuer,https://www.sedar.com/ModifyCompanyDocumentSearchForm.do?lang=EN&company_search=ROXGOLD INC&document_selection=0&industry_group=A&FromDate=13&FromMonth=05&FromYear=2000&ToDate=13&ToMonth=11&ToYear=2020&Variable=Issuer,1620597392,17:56:32,20210509
45,2009-04-30,ROXG.TO,USD,2009-04-30,2009-04-30,Q2,0.0,0.0,0.0,0.0,0.0,90082.506177,0.0,0.0,118880.093814,118880.093814,103.028019,3786.415312,-115093.67850200001,0.0,-118880.093814,0.0,0.0,-118297.106002,0.0,-36017.9252,-82279.180802,0.0,-0.008569690179076854,-0.008569690179076854,9601185.0,9601185.0,https://www.sedar.com/ModifyCompanyDocumentSearchForm.do?lang=EN&company_search=ROXGOLD INC&document_selection=0&industry_group=A&FromDate=13&FromMonth=05&FromYear=2000&ToDate=13&ToMonth=11&ToYear=2020&Variable=Issuer,https://www.sedar.com/ModifyCompanyDocumentSearchForm.do?lang=EN&company_search=ROXGOLD INC&document_selection=0&industry_group=A&FromDate=13&FromMonth=05&FromYear=2000&ToDate=13&ToMonth=11&ToYear=2020&Variable=Issuer,1620597392,17:56:32,20210509
46,2009-01-31,ROXG.TO,USD,2009-01-31,2009-01-31,Q1,0.0,0.0,0.0,0.0,0.0,48330.833164,0.0,0.0,51894.587472,51894.587472,372.998176,3563.754308,-48330.833163999996,0.0,-51894.587472,0.0,0.0,-52162.983985,0.0,0.0,-52162.983985,0.0,-0.005432973532433757,-0.005432973532433757,9601185.0,9601185.0,https://www.sedar.com/ModifyCompanyDocumentSearchForm.do?lang=EN&company_search=ROXGOLD INC&document_selection=0&industry_group=A&FromDate=13&FromMonth=05&FromYear=2000&ToDate=13&ToMonth=11&ToYear=2020&Variable=Issuer,https://www.sedar.com/ModifyCompanyDocumentSearchForm.do?lang=EN&company_search=ROXGOLD INC&document_selection=0&industry_group=A&FromDate=13&FromMonth=05&FromYear=2000&ToDate=13&ToMonth=11&ToYear=2020&Variable=Issuer,1620597392,17:56:32,20210509
47,2008-10-31,ROXG.TO,USD,2008-10-31,2008-10-31,Q4,0.0,0.0,0.0,0.0,0.0,24558.937577,0.0,0.0,12219.008565,12219.008565,-18261.901223,2826.900256,-9392.108309,0.0,-12219.008565,0.0,-2381409.796941,-2392018.494847,0.0,-540781.5211,-1851236.973747,0.0,-0.004964826065094634,-0.004964826065094634,372870459.0,372870459.0,https://www.sedar.com/ModifyCompanyDocumentSearchForm.do?lang=EN&company_search=ROXGOLD INC&document_selection=0&industry_group=A&FromDate=13&FromMonth=05&FromYear=2000&ToDate=13&ToMonth=11&ToYear=2020&Variable=Issuer,https://www.sedar.com/ModifyCompanyDocumentSearchForm.do?lang=EN&company_search=ROXGOLD INC&document_selection=0&industry_group=A&FromDate=13&FromMonth=05&FromYear=2000&ToDate=13&ToMonth=11&ToYear=2020&Variable=Issuer,1620597392,17:56:32,20210509
48,2008-07-31,ROXG.TO,USD,2008-07-31,2008-07-31,Q3,0.0,0.0,0.0,0.0,0.0,210166.829268,0.0,0.0,216433.170732,216433.170732,858.536585,6191.374757,-210241.795975,0.0,-216433.170732,0.0,45.853659,-201526.829268,0.0,-413658.536585,212131.707317,0.0,0.029268,0.029268,8999011.0,8999011.0,https://www.sedar.com/ModifyCompanyDocumentSearchForm.do?lang=EN&company_search=ROXGOLD INC&document_selection=0&industry_group=A&FromDate=13&FromMonth=05&FromYear=2000&ToDate=13&ToMonth=11&ToYear=2020&Variable=Issuer,https://www.sedar.com/ModifyCompanyDocumentSearchForm.do?lang=EN&company_search=ROXGOLD INC&document_selection=0&industry_group=A&FromDate=13&FromMonth=05&FromYear=2000&ToDate=13&ToMonth=11&ToYear=2020&Variable=Issuer,1620597392,17:56:32,20210509
49,2008-04-30,ROXG.TO,USD,2008-04-30,2008-04-30,Q2,0.0,0.0,0.0,0.0,0.0,131225.531493,0.0,0.0,152267.208484,152267.208484,704.692998,5623.000144,-146644.20834,0.0,-152267.208484,0.0,-45743.594826,-163366.866544,0.0,-61450.0223,-101916.844244,0.0,-0.011343606067726053,-0.011343606067726053,8984519.0,8984519.0,https://www.sedar.com/ModifyCompanyDocumentSearchForm.do?lang=EN&company_search=ROXGOLD INC&document_selection=0&industry_group=A&FromDate=13&FromMonth=05&FromYear=2000&ToDate=13&ToMonth=11&ToYear=2020&Variable=Issuer,https://www.sedar.com/ModifyCompanyDocumentSearchForm.do?lang=EN&company_search=ROXGOLD INC&document_selection=0&industry_group=A&FromDate=13&FromMonth=05&FromYear=2000&ToDate=13&ToMonth=11&ToYear=2020&Variable=Issuer,1620597392,17:56:32,20210509
50,2008-01-31,ROXG.TO,USD,2008-01-31,2008-01-31,Q1,0.0,0.0,0.0,0.0,0.0,100328.734373,0.0,0.0,102421.676545,102421.676545,663.445734,2092.942173,-100328.73437199999,0.0,-102421.676545,0.0,-10665.936146,-102834.088758,0.0,0.0,-102834.088758,0.0,-0.01231305905363601,-0.01231305905363601,8351628.0,8351628.0,https://www.sedar.com/ModifyCompanyDocumentSearchForm.do?lang=EN&company_search=ROXGOLD INC&document_selection=0&industry_group=A&FromDate=13&FromMonth=05&FromYear=2000&ToDate=13&ToMonth=11&ToYear=2020&Variable=Issuer,https://www.sedar.com/ModifyCompanyDocumentSearchForm.do?lang=EN&company_search=ROXGOLD INC&document_selection=0&industry_group=A&FromDate=13&FromMonth=05&FromYear=2000&ToDate=13&ToMonth=11&ToYear=2020&Variable=Issuer,1620597392,17:56:32,20210509
51,2007-10-31,ROXG.TO,USD,2007-10-31,2007-10-31,Q4,0.0,0.0,0.0,0.0,0.0,169485.620143,0.0,0.0,165436.910955,165436.910955,0.0,1470.642752,-163966.26820299999,0.0,-165436.910955,0.0,-193780.362564,0.0,0.0,0.0,-76265.54797,0.0,-0.0002045363104777362,-0.0002045363104777362,372870459.0,372870459.0,https://www.sedar.com/ModifyCompanyDocumentSearchForm.do?lang=EN&company_search=ROXGOLD INC&document_selection=0&industry_group=A&FromDate=13&FromMonth=05&FromYear=2000&ToDate=13&ToMonth=11&ToYear=2020&Variable=Issuer,https://www.sedar.com/ModifyCompanyDocumentSearchForm.do?lang=EN&company_search=ROXGOLD INC&document_selection=0&industry_group=A&FromDate=13&FromMonth=05&FromYear=2000&ToDate=13&ToMonth=11&ToYear=2020&Variable=Issuer,1620597392,17:56:32,20210509
52,2007-07-31,ROXG.TO,USD,2007-07-31,2007-07-31,Q3,0.0,0.0,0.0,0.0,0.0,74851.159733,0.0,0.0,75554.512161,75554.512161,0.0,346.209101,-75208.30306,0.0,-75554.512161,0.0,-3625.692553,0.0,0.0,0.0,-27963.189032,0.0,-0.003955,-0.003955,7070627.0,7070627.0,https://www.sedar.com/ModifyCompanyDocumentSearchForm.do?lang=EN&company_search=ROXGOLD INC&document_selection=0&industry_group=A&FromDate=13&FromMonth=05&FromYear=2000&ToDate=13&ToMonth=11&ToYear=2020&Variable=Issuer,https://www.sedar.com/ModifyCompanyDocumentSearchForm.do?lang=EN&company_search=ROXGOLD INC&document_selection=0&industry_group=A&FromDate=13&FromMonth=05&FromYear=2000&ToDate=13&ToMonth=11&ToYear=2020&Variable=Issuer,1620597392,17:56:32,20210509
53,2007-04-30,ROXG.TO,USD,2007-04-30,2007-04-30,Q2,0.0,0.0,0.0,0.0,0.0,428142.999007,0.0,0.0,455264.963438,455264.963438,252.776022,194.114854,-455070.848584,0.0,-455264.963438,0.0,195881.556378,0.0,0.0,0.0,-223564.141916,0.0,-0.027083,-0.027083,5893201.0,5893201.0,https://www.sedar.com/ModifyCompanyDocumentSearchForm.do?lang=EN&company_search=ROXGOLD INC&document_selection=0&industry_group=A&FromDate=13&FromMonth=05&FromYear=2000&ToDate=13&ToMonth=11&ToYear=2020&Variable=Issuer,https://www.sedar.com/ModifyCompanyDocumentSearchForm.do?lang=EN&company_search=ROXGOLD INC&document_selection=0&industry_group=A&FromDate=13&FromMonth=05&FromYear=2000&ToDate=13&ToMonth=11&ToYear=2020&Variable=Issuer,1620597392,17:56:32,20210509
54,2007-01-31,ROXG.TO,USD,2007-01-31,2007-01-31,Q1,0.0,0.0,0.0,0.0,0.0,43306.205493,0.0,0.0,43431.671753,43431.671753,12.716175,125.46626,-43306.205493,0.0,-43431.671753,0.0,0.0,0.0,0.0,0.0,-42283.825025,0.0,-0.011903,-0.011903,3552275.0,3552275.0,https://www.sedar.com/ModifyCompanyDocumentSearchForm.do?lang=EN&company_search=ROXGOLD INC&document_selection=0&industry_group=A&FromDate=13&FromMonth=05&FromYear=2000&ToDate=13&ToMonth=11&ToYear=2020&Variable=Issuer,https://www.sedar.com/ModifyCompanyDocumentSearchForm.do?lang=EN&company_search=ROXGOLD INC&document_selection=0&industry_group=A&FromDate=13&FromMonth=05&FromYear=2000&ToDate=13&ToMonth=11&ToYear=2020&Variable=Issuer,1620597392,17:56:32,20210509
55,2006-10-31,ROXG.TO,USD,2006-10-31,2006-10-31,Q4,0.0,0.0,0.0,0.0,0.0,39177.085709,0.0,0.0,68351.817295,68351.817295,51.324687,101.357284,-68250.460011,0.0,-68351.817295,0.0,-30269.266405,0.0,0.0,0.0,-62338.78453,0.0,-0.00016718617156528349,-0.00016718617156528349,372870459.0,372870459.0,https://www.sedar.com/ModifyCompanyDocumentSearchForm.do?lang=EN&company_search=ROXGOLD INC&document_selection=0&industry_group=A&FromDate=13&FromMonth=05&FromYear=2000&ToDate=13&ToMonth=11&ToYear=2020&Variable=Issuer,https://www.sedar.com/ModifyCompanyDocumentSearchForm.do?lang=EN&company_search=ROXGOLD INC&document_selection=0&industry_group=A&FromDate=13&FromMonth=05&FromYear=2000&ToDate=13&ToMonth=11&ToYear=2020&Variable=Issuer,1620597392,17:56:32,20210509
56,2006-07-31,ROXG.TO,USD,2006-07-31,2006-07-31,Q3,0.0,0.0,0.0,0.0,0.0,19476.685083,0.0,0.0,19574.80663,19574.80663,58.342541,95.706923,-19479.099706999998,0.0,-19574.80663,0.0,-1274.696133,0.0,0.0,0.0,-20907.845304,0.0,-0.020477,-0.020477,1021062.0,1021062.0,https://www.sedar.com/ModifyCompanyDocumentSearchForm.do?lang=EN&company_search=ROXGOLD INC&document_selection=0&industry_group=A&FromDate=13&FromMonth=05&FromYear=2000&ToDate=13&ToMonth=11&ToYear=2020&Variable=Issuer,https://www.sedar.com/ModifyCompanyDocumentSearchForm.do?lang=EN&company_search=ROXGOLD INC&document_selection=0&industry_group=A&FromDate=13&FromMonth=05&FromYear=2000&ToDate=13&ToMonth=11&ToYear=2020&Variable=Issuer,1620597392,17:56:32,20210509
57,2006-04-30,ROXG.TO,USD,2006-04-30,2006-04-30,Q2,0.0,0.0,0.0,0.0,0.0,29389.709172,0.0,0.0,29489.038031,29489.038031,-45.486596,101.591564,-29387.446467,0.0,-29489.038031,0.0,-6711.409396,0.0,0.0,0.0,-36151.230425,0.0,-0.035406,-0.035406,1021062.0,1021062.0,https://www.sedar.com/ModifyCompanyDocumentSearchForm.do?lang=EN&company_search=ROXGOLD INC&document_selection=0&industry_group=A&FromDate=13&FromMonth=05&FromYear=2000&ToDate=13&ToMonth=11&ToYear=2020&Variable=Issuer,https://www.sedar.com/ModifyCompanyDocumentSearchForm.do?lang=EN&company_search=ROXGOLD INC&document_selection=0&industry_group=A&FromDate=13&FromMonth=05&FromYear=2000&ToDate=13&ToMonth=11&ToYear=2020&Variable=Issuer,1620597392,17:56:32,20210509
58,2006-01-31,ROXG.TO,USD,2006-01-31,2006-01-31,Q1,0.0,0.0,0.0,0.0,0.0,31439.814612,0.0,0.0,31536.880766,31536.880766,160.027983,97.066154,-31439.814612,0.0,-31536.880766,0.0,0.0,0.0,0.0,0.0,-31696.908749,0.0,-0.031043,-0.031043,1021062.0,1021062.0,https://www.sedar.com/ModifyCompanyDocumentSearchForm.do?lang=EN&company_search=ROXGOLD INC&document_selection=0&industry_group=A&FromDate=13&FromMonth=05&FromYear=2000&ToDate=13&ToMonth=11&ToYear=2020&Variable=Issuer,https://www.sedar.com/ModifyCompanyDocumentSearchForm.do?lang=EN&company_search=ROXGOLD INC&document_selection=0&industry_group=A&FromDate=13&FromMonth=05&FromYear=2000&ToDate=13&ToMonth=11&ToYear=2020&Variable=Issuer,1620597392,17:56:32,20210509
59,2005-10-31,ROXG.TO,USD,2005-10-31,2005-10-31,Q4,0.0,0.0,0.0,0.0,0.0,36469.30356,0.0,0.0,38418.339348,38418.339348,108.535875,147.235788,-38271.10356,0.0,-38418.339348,0.0,-1801.8,0.0,0.0,0.0,-23459.193328,0.0,-6.291512980383357e-05,-6.291512980383357e-05,372870459.0,372870459.0,https://www.sedar.com/ModifyCompanyDocumentSearchForm.do?lang=EN&company_search=ROXGOLD INC&document_selection=0&industry_group=A&FromDate=13&FromMonth=05&FromYear=2000&ToDate=13&ToMonth=11&ToYear=2020&Variable=Issuer,https://www.sedar.com/ModifyCompanyDocumentSearchForm.do?lang=EN&company_search=ROXGOLD INC&document_selection=0&industry_group=A&FromDate=13&FromMonth=05&FromYear=2000&ToDate=13&ToMonth=11&ToYear=2020&Variable=Issuer,1620597392,17:56:32,20210509
60,2005-07-31,ROXG.TO,USD,2005-07-31,2005-07-31,Q3,0.0,0.0,0.0,0.0,0.0,35747.220405,0.0,0.0,44535.644212,44535.644212,0.0,137.83516,-44397.809052,0.0,-44535.644212,0.0,-8658.436887,0.0,0.0,0.0,-44775.997384,0.0,-0.048201,-0.048201,928943.0,928943.0,https://www.sedar.com/ModifyCompanyDocumentSearchForm.do?lang=EN&company_search=ROXGOLD INC&document_selection=0&industry_group=A&FromDate=13&FromMonth=05&FromYear=2000&ToDate=13&ToMonth=11&ToYear=2020&Variable=Issuer,https://www.sedar.com/ModifyCompanyDocumentSearchForm.do?lang=EN&company_search=ROXGOLD INC&document_selection=0&industry_group=A&FromDate=13&FromMonth=05&FromYear=2000&ToDate=13&ToMonth=11&ToYear=2020&Variable=Issuer,1620597392,17:56:32,20210509
61,2005-04-30,ROXG.TO,USD,2005-04-30,2005-04-30,Q2,0.0,0.0,0.0,0.0,0.0,92267.322023,0.0,0.0,92393.372443,92393.372443,53.115586,-4.384518,-92397.756961,0.0,-92393.372443,0.0,0.0,0.0,0.0,0.0,-92446.488029,0.0,-0.095132,-0.095132,942267.0,942267.0,https://www.sedar.com/ModifyCompanyDocumentSearchForm.do?lang=EN&company_search=ROXGOLD INC&document_selection=0&industry_group=A&FromDate=13&FromMonth=05&FromYear=2000&ToDate=13&ToMonth=11&ToYear=2020&Variable=Issuer,https://www.sedar.com/ModifyCompanyDocumentSearchForm.do?lang=EN&company_search=ROXGOLD INC&document_selection=0&industry_group=A&FromDate=13&FromMonth=05&FromYear=2000&ToDate=13&ToMonth=11&ToYear=2020&Variable=Issuer,1620597392,17:56:32,20210509
62,2005-01-31,ROXG.TO,USD,2005-01-31,2005-01-31,Q1,0.0,0.0,0.0,0.0,0.0,93877.090105,0.0,0.0,94005.3397,94005.3397,54.042282,255.692588,-93749.64711199999,0.0,-94005.3397,0.0,0.0,0.0,0.0,0.0,-94059.381982,0.0,-0.096792,-0.096792,885988.0,885988.0,https://www.sedar.com/ModifyCompanyDocumentSearchForm.do?lang=EN&company_search=ROXGOLD INC&document_selection=0&industry_group=A&FromDate=13&FromMonth=05&FromYear=2000&ToDate=13&ToMonth=11&ToYear=2020&Variable=Issuer,https://www.sedar.com/ModifyCompanyDocumentSearchForm.do?lang=EN&company_search=ROXGOLD INC&document_selection=0&industry_group=A&FromDate=13&FromMonth=05&FromYear=2000&ToDate=13&ToMonth=11&ToYear=2020&Variable=Issuer,1620597392,17:56:32,20210509
63,2004-10-31,ROXG.TO,USD,2004-10-31,2004-10-31,Q4,0.0,0.0,0.0,0.0,0.0,49390.253023,0.0,0.0,49169.820838,49169.820838,104.76905,166.492962,-49003.327876,0.0,-49169.820838,0.0,386.925147,0.0,0.0,0.0,-49274.589888,0.0,-0.00013214935294190202,-0.00013214935294190202,372870459.0,372870459.0,https://www.sedar.com/ModifyCompanyDocumentSearchForm.do?lang=EN&company_search=ROXGOLD INC&document_selection=0&industry_group=A&FromDate=13&FromMonth=05&FromYear=2000&ToDate=13&ToMonth=11&ToYear=2020&Variable=Issuer,https://www.sedar.com/ModifyCompanyDocumentSearchForm.do?lang=EN&company_search=ROXGOLD INC&document_selection=0&industry_group=A&FromDate=13&FromMonth=05&FromYear=2000&ToDate=13&ToMonth=11&ToYear=2020&Variable=Issuer,1620597392,17:56:32,20210509
64,2004-07-31,ROXG.TO,USD,2004-07-31,2004-07-31,Q3,0.0,0.0,0.0,0.0,0.0,19929.349868,0.0,0.0,15897.031191,15897.031191,21.796317,0.0,-15757.234123,0.0,-15897.031191,0.0,4172.115746,0.0,0.0,0.0,-15918.827508,0.0,-0.020154,-0.020154,789877.0,789877.0,https://www.sedar.com/ModifyCompanyDocumentSearchForm.do?lang=EN&company_search=ROXGOLD INC&document_selection=0&industry_group=A&FromDate=13&FromMonth=05&FromYear=2000&ToDate=13&ToMonth=11&ToYear=2020&Variable=Issuer,https://www.sedar.com/ModifyCompanyDocumentSearchForm.do?lang=EN&company_search=ROXGOLD INC&document_selection=0&industry_group=A&FromDate=13&FromMonth=05&FromYear=2000&ToDate=13&ToMonth=11&ToYear=2020&Variable=Issuer,1620597392,17:56:32,20210509
65,2004-04-30,ROXG.TO,USD,2004-04-30,2004-04-30,Q2,0.0,0.0,0.0,0.0,0.0,42529.079089,0.0,0.0,42529.079089,42529.079089,-13.503148,0.0,-42529.079089,0.0,-42529.079089,0.0,0.0,0.0,0.0,0.0,-42529.079089,0.0,-0.087456,-0.087456,789877.0,789877.0,https://www.sedar.com/ModifyCompanyDocumentSearchForm.do?lang=EN&company_search=ROXGOLD INC&document_selection=0&industry_group=A&FromDate=13&FromMonth=05&FromYear=2000&ToDate=13&ToMonth=11&ToYear=2020&Variable=Issuer,https://www.sedar.com/ModifyCompanyDocumentSearchForm.do?lang=EN&company_search=ROXGOLD INC&document_selection=0&industry_group=A&FromDate=13&FromMonth=05&FromYear=2000&ToDate=13&ToMonth=11&ToYear=2020&Variable=Issuer,1620597392,17:56:32,20210509
66,2004-01-31,ROXG.TO,USD,2004-01-31,2004-01-31,Q1,0.0,0.0,0.0,0.0,0.0,37755.471698,0.0,0.0,37755.471698,37755.471698,393.207547,0.0,-37755.471698,0.0,-37755.471698,0.0,0.0,0.0,0.0,0.0,-38148.679245,0.0,-0.090566,-0.090566,756359.0,756359.0,https://www.sedar.com/ModifyCompanyDocumentSearchForm.do?lang=EN&company_search=ROXGOLD INC&document_selection=0&industry_group=A&FromDate=13&FromMonth=05&FromYear=2000&ToDate=13&ToMonth=11&ToYear=2020&Variable=Issuer,https://www.sedar.com/ModifyCompanyDocumentSearchForm.do?lang=EN&company_search=ROXGOLD INC&document_selection=0&industry_group=A&FromDate=13&FromMonth=05&FromYear=2000&ToDate=13&ToMonth=11&ToYear=2020&Variable=Issuer,1620597392,17:56:32,20210509
67,2003-10-31,ROXG.TO,USD,2003-10-31,2003-10-31,Q4,0.0,0.0,0.0,0.0,0.0,49240.318801,0.0,0.0,46364.864838,46364.864838,387.690965,0.0,-46364.864838,0.0,-46364.864838,0.0,-63560.63444,0.0,0.0,0.0,-113188.644205,0.0,-0.0003035602351244457,-0.0003035602351244457,372870459.0,372870459.0,https://www.sedar.com/ModifyCompanyDocumentSearchForm.do?lang=EN&company_search=ROXGOLD INC&document_selection=0&industry_group=A&FromDate=13&FromMonth=05&FromYear=2000&ToDate=13&ToMonth=11&ToYear=2020&Variable=Issuer,https://www.sedar.com/ModifyCompanyDocumentSearchForm.do?lang=EN&company_search=ROXGOLD INC&document_selection=0&industry_group=A&FromDate=13&FromMonth=05&FromYear=2000&ToDate=13&ToMonth=11&ToYear=2020&Variable=Issuer,1620597392,17:56:32,20210509
68,2003-07-31,ROXG.TO,USD,2003-07-31,2003-07-31,Q3,0.0,0.0,0.0,0.0,0.0,46168.197679,0.0,0.0,52845.545824,52845.545824,0.0,0.0,-52845.545824,0.0,-52845.545824,0.0,-6677.348145,0.0,0.0,0.0,-53356.832586,0.0,-0.170904,-0.170904,452114.0,452114.0,https://www.sedar.com/ModifyCompanyDocumentSearchForm.do?lang=EN&company_search=ROXGOLD INC&document_selection=0&industry_group=A&FromDate=13&FromMonth=05&FromYear=2000&ToDate=13&ToMonth=11&ToYear=2020&Variable=Issuer,https://www.sedar.com/ModifyCompanyDocumentSearchForm.do?lang=EN&company_search=ROXGOLD INC&document_selection=0&industry_group=A&FromDate=13&FromMonth=05&FromYear=2000&ToDate=13&ToMonth=11&ToYear=2020&Variable=Issuer,1620597392,17:56:32,20210509
69,2003-04-30,ROXG.TO,USD,2003-04-30,2003-04-30,Q2,0.0,0.0,0.0,0.0,0.0,35765.919145,0.0,0.0,35765.919145,35765.919145,0.0,0.0,-35765.919145,0.0,-35765.919145,0.0,0.0,0.0,0.0,0.0,-40435.953614,0.0,-0.092103,-0.092103,439614.0,439614.0,https://www.sedar.com/ModifyCompanyDocumentSearchForm.do?lang=EN&company_search=ROXGOLD INC&document_selection=0&industry_group=A&FromDate=13&FromMonth=05&FromYear=2000&ToDate=13&ToMonth=11&ToYear=2020&Variable=Issuer,https://www.sedar.com/ModifyCompanyDocumentSearchForm.do?lang=EN&company_search=ROXGOLD INC&document_selection=0&industry_group=A&FromDate=13&FromMonth=05&FromYear=2000&ToDate=13&ToMonth=11&ToYear=2020&Variable=Issuer,1620597392,17:56:32,20210509
70,2003-01-31,ROXG.TO,USD,2003-01-31,2003-01-31,Q1,0.0,0.0,0.0,0.0,0.0,36341.769573,0.0,0.0,36341.769573,36341.769573,1295.33849,0.0,-36341.769573,0.0,-36341.769573,0.0,3508.78346,0.0,0.0,0.0,-34128.324604,0.0,-0.157728,-0.157728,439614.0,439614.0,https://www.sedar.com/ModifyCompanyDocumentSearchForm.do?lang=EN&company_search=ROXGOLD INC&document_selection=0&industry_group=A&FromDate=13&FromMonth=05&FromYear=2000&ToDate=13&ToMonth=11&ToYear=2020&Variable=Issuer,https://www.sedar.com/ModifyCompanyDocumentSearchForm.do?lang=EN&company_search=ROXGOLD INC&document_selection=0&industry_group=A&FromDate=13&FromMonth=05&FromYear=2000&ToDate=13&ToMonth=11&ToYear=2020&Variable=Issuer,1620597392,17:56:32,20210509
71,2002-10-31,ROXG.TO,USD,2002-10-31,2002-10-31,Q4,0.0,0.0,0.0,0.0,0.0,15403.408272,0.0,0.0,15403.408272,15403.408272,1310.959398,0.0,-15403.408272,0.0,-15403.408272,0.0,0.0,0.0,0.0,0.0,-16714.367669,0.0,-4.4826205094997884e-05,-4.4826205094997884e-05,372870459.0,372870459.0,https://www.sedar.com/ModifyCompanyDocumentSearchForm.do?lang=EN&company_search=ROXGOLD INC&document_selection=0&industry_group=A&FromDate=13&FromMonth=05&FromYear=2000&ToDate=13&ToMonth=11&ToYear=2020&Variable=Issuer,https://www.sedar.com/ModifyCompanyDocumentSearchForm.do?lang=EN&company_search=ROXGOLD INC&document_selection=0&industry_group=A&FromDate=13&FromMonth=05&FromYear=2000&ToDate=13&ToMonth=11&ToYear=2020&Variable=Issuer,1620597392,17:56:32,20210509
72,2002-07-31,ROXG.TO,USD,2002-07-31,2002-07-31,Q3,0.0,0.0,0.0,0.0,0.0,14482.514789,0.0,0.0,14482.514789,14482.514789,493.714921,0.0,-14482.514789,0.0,-14482.514789,0.0,0.0,0.0,0.0,0.0,-14976.22971,0.0,-0.171014,-0.171014,87573.0,87573.0,https://www.sedar.com/ModifyCompanyDocumentSearchForm.do?lang=EN&company_search=ROXGOLD INC&document_selection=0&industry_group=A&FromDate=13&FromMonth=05&FromYear=2000&ToDate=13&ToMonth=11&ToYear=2020&Variable=Issuer,https://www.sedar.com/ModifyCompanyDocumentSearchForm.do?lang=EN&company_search=ROXGOLD INC&document_selection=0&industry_group=A&FromDate=13&FromMonth=05&FromYear=2000&ToDate=13&ToMonth=11&ToYear=2020&Variable=Issuer,1620597392,17:56:32,20210509
73,2002-04-30,ROXG.TO,USD,2002-04-30,2002-04-30,Q2,0.0,0.0,0.0,0.0,0.0,6094.652672,0.0,0.0,6094.652672,6094.652672,0.0,0.0,-6094.652672,0.0,-6094.652672,0.0,0.0,0.0,0.0,0.0,-6094.652672,0.0,-0.695975,-0.695975,8757.0,8757.0,https://www.sedar.com/ModifyCompanyDocumentSearchForm.do?lang=EN&company_search=ROXGOLD INC&document_selection=0&industry_group=A&FromDate=13&FromMonth=05&FromYear=2000&ToDate=13&ToMonth=11&ToYear=2020&Variable=Issuer,https://www.sedar.com/ModifyCompanyDocumentSearchForm.do?lang=EN&company_search=ROXGOLD INC&document_selection=0&industry_group=A&FromDate=13&FromMonth=05&FromYear=2000&ToDate=13&ToMonth=11&ToYear=2020&Variable=Issuer,1620597392,17:56:32,20210509
74,2002-01-31,ROXG.TO,USD,2002-01-31,2002-01-31,Q1,0.0,0.0,0.0,0.0,0.0,6027.279779,0.0,0.0,6027.279779,6027.279779,0.0,0.0,-6027.279779,0.0,-6027.279779,0.0,0.0,0.0,0.0,0.0,-6027.279779,0.0,-0.688281,-0.688281,8757.0,8757.0,https://www.sedar.com/ModifyCompanyDocumentSearchForm.do?lang=EN&company_search=ROXGOLD INC&document_selection=0&industry_group=A&FromDate=13&FromMonth=05&FromYear=2000&ToDate=13&ToMonth=11&ToYear=2020&Variable=Issuer,https://www.sedar.com/ModifyCompanyDocumentSearchForm.do?lang=EN&company_search=ROXGOLD INC&document_selection=0&industry_group=A&FromDate=13&FromMonth=05&FromYear=2000&ToDate=13&ToMonth=11&ToYear=2020&Variable=Issuer,1620597392,17:56:32,20210509
75,2001-10-31,ROXG.TO,USD,2001-10-31,2001-10-31,Q4,0.0,0.0,0.0,0.0,0.0,6406.415461,0.0,0.0,6406.415461,6406.415461,0.0,0.0,-6406.415461,0.0,-6406.415461,0.0,0.0,0.0,0.0,0.0,-16144.882816,0.0,-4.329890562877763e-05,-4.329890562877763e-05,372870459.0,372870459.0,https://www.sedar.com/ModifyCompanyDocumentSearchForm.do?lang=EN&company_search=ROXGOLD INC&document_selection=0&industry_group=A&FromDate=13&FromMonth=05&FromYear=2000&ToDate=13&ToMonth=11&ToYear=2020&Variable=Issuer,https://www.sedar.com/ModifyCompanyDocumentSearchForm.do?lang=EN&company_search=ROXGOLD INC&document_selection=0&industry_group=A&FromDate=13&FromMonth=05&FromYear=2000&ToDate=13&ToMonth=11&ToYear=2020&Variable=Issuer,1620597392,17:56:32,20210509
76,2001-07-31,ROXG.TO,USD,2001-07-31,2001-07-31,Q3,0.0,0.0,0.0,0.0,0.0,8719.041487,0.0,0.0,8719.041487,8719.041487,0.0,0.0,-8719.041487,0.0,-8719.041487,0.0,0.0,0.0,0.0,0.0,-8719.041487,0.0,-0.995665,-0.995665,8757.0,8757.0,https://www.sedar.com/ModifyCompanyDocumentSearchForm.do?lang=EN&company_search=ROXGOLD INC&document_selection=0&industry_group=A&FromDate=13&FromMonth=05&FromYear=2000&ToDate=13&ToMonth=11&ToYear=2020&Variable=Issuer,https://www.sedar.com/ModifyCompanyDocumentSearchForm.do?lang=EN&company_search=ROXGOLD INC&document_selection=0&industry_group=A&FromDate=13&FromMonth=05&FromYear=2000&ToDate=13&ToMonth=11&ToYear=2020&Variable=Issuer,1620597392,17:56:32,20210509
77,2001-04-30,ROXG.TO,USD,2001-04-30,2001-04-30,Q2,0.0,0.0,0.0,0.0,0.0,19501.018661,0.0,0.0,19501.018661,19501.018661,0.0,0.0,-19501.018661,0.0,-19501.018661,0.0,0.0,0.0,0.0,0.0,-19501.018661,0.0,-2.210248,-2.210248,8823.0,8823.0,https://www.sedar.com/ModifyCompanyDocumentSearchForm.do?lang=EN&company_search=ROXGOLD INC&document_selection=0&industry_group=A&FromDate=13&FromMonth=05&FromYear=2000&ToDate=13&ToMonth=11&ToYear=2020&Variable=Issuer,https://www.sedar.com/ModifyCompanyDocumentSearchForm.do?lang=EN&company_search=ROXGOLD INC&document_selection=0&industry_group=A&FromDate=13&FromMonth=05&FromYear=2000&ToDate=13&ToMonth=11&ToYear=2020&Variable=Issuer,1620597392,17:56:32,20210509
78,2001-01-31,ROXG.TO,USD,2001-01-31,2001-01-31,Q1,0.0,0.0,0.0,0.0,0.0,12867.875388,0.0,0.0,12867.875388,12867.875388,0.0,0.0,-12867.875388,0.0,-12867.875388,0.0,0.0,0.0,0.0,0.0,-12867.875388,0.0,-1.469439,-1.469439,8757.0,8757.0,https://www.sedar.com/ModifyCompanyDocumentSearchForm.do?lang=EN&company_search=ROXGOLD INC&document_selection=0&industry_group=A&FromDate=13&FromMonth=05&FromYear=2000&ToDate=13&ToMonth=11&ToYear=2020&Variable=Issuer,https://www.sedar.com/ModifyCompanyDocumentSearchForm.do?lang=EN&company_search=ROXGOLD INC&document_selection=0&industry_group=A&FromDate=13&FromMonth=05&FromYear=2000&ToDate=13&ToMonth=11&ToYear=2020&Variable=Issuer,1620597392,17:56:32,20210509
