,date,symbol,reportedCurrency,fillingDate,acceptedDate,period,revenue,costOfRevenue,grossProfit,grossProfitRatio,researchAndDevelopmentExpenses,generalAndAdministrativeExpenses,sellingAndMarketingExpenses,otherExpenses,operatingExpenses,costAndExpenses,interestExpense,depreciationAndAmortization,ebitda,ebitdaratio,operatingIncome,operatingIncomeRatio,totalOtherIncomeExpensesNet,incomeBeforeTax,incomeBeforeTaxRatio,incomeTaxExpense,netIncome,netIncomeRatio,eps,epsdiluted,weightedAverageShsOut,weightedAverageShsOutDil,link,finalLink,timestamp,est_time,est_date
0,2019-09-30,0769.HK,HKD,2019-09-30,2019-09-30,Q3,254633750,235356750,19277000.0,0.07570481132214406,0.0,10655250.0,2792500.0,136250.0,0.0,248804500,147000.0,9129750.0,14959000.0,0.05874712209202433,5829250.0,0.022892684100202742,0.0,10227000.0,0.04016356826225903,330250.0,9721250.0,0.03817738222054225,0.00415,0.00415,2341700000,2341700000,https://www1.hkexnews.hk/search/titlesearch.xhtml,https://www1.hkexnews.hk/search/titlesearch.xhtml,1620584907,14:28:27,20210509
1,2019-06-30,0769.HK,HKD,2019-06-30,2019-06-30,Q2,254633750,235356750,19277000.0,0.07570481132214406,0.0,10655250.0,2792500.0,136250.0,0.0,248804500,147000.0,9129750.0,14959000.0,0.05874712209202433,5829250.0,0.022892684100202742,0.0,10227000.0,0.04016356826225903,330250.0,9721250.0,0.03817738222054225,0.00415,0.00415,2341700000,2341700000,https://www1.hkexnews.hk/search/titlesearch.xhtml,https://www1.hkexnews.hk/search/titlesearch.xhtml,1620584907,14:28:27,20210509
2,2019-03-31,0769.HK,HKD,2019-03-31,2019-03-31,Q1,254633750,235356750,19277000.0,0.07570481132214406,0.0,10655250.0,2792500.0,136250.0,0.0,248804500,147000.0,9129750.0,14959000.0,0.05874712209202433,5829250.0,0.022892684100202742,0.0,10227000.0,0.04016356826225903,330250.0,9721250.0,0.03817738222054225,0.00415,0.00415,2341700000,2341700000,https://www1.hkexnews.hk/search/titlesearch.xhtml,https://www1.hkexnews.hk/search/titlesearch.xhtml,1620584907,14:28:27,20210509
3,2019-01-31,0769.HK,HKD,2019-01-31,2019-01-31,Q1,254633750,235356750,19277000.0,0.07570481132214406,0.0,10655250.0,2792500.0,136250.0,0.0,248804500,147000.0,9129750.0,14959000.0,0.05874712209202433,5829250.0,0.022892684100202742,0.0,10227000.0,0.04016356826225903,330250.0,9721250.0,0.03817738222054225,0.00415,0.00415,2341700000,2341700000,https://www1.hkexnews.hk/search/titlesearch.xhtml,https://www1.hkexnews.hk/search/titlesearch.xhtml,1620584907,14:28:27,20210509
4,2018-09-30,0769.HK,HKD,2018-09-30,2018-09-30,Q3,225523750,210416750,15107000.0,0.0669862930179194,0.0,13037500.0,3303500.0,3000.0,0.0,225999250,0.0,11338000.0,10862500.0,0.048165658827507084,-475500.0,-0.002108425387570045,0.0,230250.0,0.0010209567728454321,2074250.0,-1356000.0,-0.006012670505877984,-0.000575,-0.000575,2341700000,2341700000,https://www1.hkexnews.hk/search/titlesearch.xhtml,https://www1.hkexnews.hk/search/titlesearch.xhtml,1620584907,14:28:27,20210509
5,2018-06-30,0769.HK,HKD,2018-06-30,2018-06-30,Q2,225523750,210416750,15107000.0,0.0669862930179194,0.0,13037500.0,3303500.0,3000.0,0.0,225999250,0.0,11338000.0,10862500.0,0.048165658827507084,-475500.0,-0.002108425387570045,0.0,230250.0,0.0010209567728454321,2074250.0,-1356000.0,-0.006012670505877984,-0.000575,-0.000575,2341700000,2341700000,https://www1.hkexnews.hk/search/titlesearch.xhtml,https://www1.hkexnews.hk/search/titlesearch.xhtml,1620584907,14:28:27,20210509
6,2018-03-31,0769.HK,HKD,2018-03-31,2018-03-31,Q1,225523750,210416750,15107000.0,0.0669862930179194,0.0,13037500.0,3303500.0,3000.0,0.0,225999250,0.0,11338000.0,10862500.0,0.048165658827507084,-475500.0,-0.002108425387570045,0.0,230250.0,0.0010209567728454321,2074250.0,-1356000.0,-0.006012670505877984,-0.000575,-0.000575,2341700000,2341700000,https://www1.hkexnews.hk/search/titlesearch.xhtml,https://www1.hkexnews.hk/search/titlesearch.xhtml,1620584907,14:28:27,20210509
7,2018-01-31,0769.HK,HKD,2018-01-31,2018-01-31,Q1,225523750,210416750,15107000.0,0.0669862930179194,0.0,13037500.0,3303500.0,3000.0,0.0,225999250,0.0,11338000.0,10862500.0,0.048165658827507084,-475500.0,-0.002108425387570045,0.0,230250.0,0.0010209567728454321,2074250.0,-1356000.0,-0.006012670505877984,-0.000575,-0.000575,2341700000,2341700000,https://www1.hkexnews.hk/search/titlesearch.xhtml,https://www1.hkexnews.hk/search/titlesearch.xhtml,1620584907,14:28:27,20210509
8,2017-09-30,0769.HK,HKD,2017-09-30,2017-09-30,Q3,159290500,152882750,6407750.0,0.04022681829738748,0.0,13219000.0,4880500.0,-151750.0,0.0,179430750,467250.0,15311250.0,-4829000.0,-0.030315681098370587,-20140250.0,-0.12643723260332537,0.0,-19850500.0,-0.12461822895904025,1344750.0,-20709750.0,-0.130012461509004,-0.00885,-0.00885,2341700000,2341700000,https://www1.hkexnews.hk/search/titlesearch.xhtml,https://www1.hkexnews.hk/search/titlesearch.xhtml,1620584907,14:28:27,20210509
9,2017-06-30,0769.HK,HKD,2017-06-30,2017-06-30,Q2,159290500,152882750,6407750.0,0.04022681829738748,0.0,13219000.0,4880500.0,-151750.0,0.0,179430750,467250.0,15311250.0,-4829000.0,-0.030315681098370587,-20140250.0,-0.12643723260332537,0.0,-19850500.0,-0.12461822895904025,1344750.0,-20709750.0,-0.130012461509004,-0.00885,-0.00885,2341700000,2341700000,https://www1.hkexnews.hk/search/titlesearch.xhtml,https://www1.hkexnews.hk/search/titlesearch.xhtml,1620584907,14:28:27,20210509
10,2017-03-31,0769.HK,HKD,2017-03-31,2017-03-31,Q1,159290500,152882750,6407750.0,0.04022681829738748,0.0,13219000.0,4880500.0,-151750.0,0.0,179430750,467250.0,15311250.0,-4829000.0,-0.030315681098370587,-20140250.0,-0.12643723260332537,0.0,-19850500.0,-0.12461822895904025,1344750.0,-20709750.0,-0.130012461509004,-0.00885,-0.00885,2341700000,2341700000,https://www1.hkexnews.hk/search/titlesearch.xhtml,https://www1.hkexnews.hk/search/titlesearch.xhtml,1620584907,14:28:27,20210509
11,2017-01-31,0769.HK,HKD,2017-01-31,2017-01-31,Q1,159290500,152882750,6407750.0,0.04022681829738748,0.0,13219000.0,4880500.0,-151750.0,0.0,179430750,467250.0,15311250.0,-4829000.0,-0.030315681098370587,-20140250.0,-0.12643723260332537,0.0,-19850500.0,-0.12461822895904025,1344750.0,-20709750.0,-0.130012461509004,-0.00885,-0.00885,2341700000,2341700000,https://www1.hkexnews.hk/search/titlesearch.xhtml,https://www1.hkexnews.hk/search/titlesearch.xhtml,1620584907,14:28:27,20210509
12,2016-09-30,0769.HK,HKD,2016-09-30,2016-09-30,Q3,177280000,176047500,1232500.0,0.006952278880866426,0.0,16517250.0,4162000.0,102500.0,0.0,199490500,391500.0,16100000.0,-6110500.0,-0.03446807310469314,-22210500.0,-0.12528486010830325,0.0,-24600750.0,-0.13876776850180506,2368250.0,-26060500.0,-0.1470019178700361,-0.011125,-0.011125,2341700000,2341700000,https://www1.hkexnews.hk/search/titlesearch.xhtml,https://www1.hkexnews.hk/search/titlesearch.xhtml,1620584907,14:28:27,20210509
13,2016-06-30,0769.HK,HKD,2016-06-30,2016-06-30,Q2,177280000,176047500,1232500.0,0.006952278880866426,0.0,16517250.0,4162000.0,102500.0,0.0,199490500,391500.0,16100000.0,-6110500.0,-0.03446807310469314,-22210500.0,-0.12528486010830325,0.0,-24600750.0,-0.13876776850180506,2368250.0,-26060500.0,-0.1470019178700361,-0.011125,-0.011125,2341700000,2341700000,https://www1.hkexnews.hk/search/titlesearch.xhtml,https://www1.hkexnews.hk/search/titlesearch.xhtml,1620584907,14:28:27,20210509
14,2016-03-31,0769.HK,HKD,2016-03-31,2016-03-31,Q1,177280000,176047500,1232500.0,0.006952278880866426,0.0,16517250.0,4162000.0,102500.0,0.0,199490500,391500.0,16100000.0,-6110500.0,-0.03446807310469314,-22210500.0,-0.12528486010830325,0.0,-24600750.0,-0.13876776850180506,2368250.0,-26060500.0,-0.1470019178700361,-0.011125,-0.011125,2341700000,2341700000,https://www1.hkexnews.hk/search/titlesearch.xhtml,https://www1.hkexnews.hk/search/titlesearch.xhtml,1620584907,14:28:27,20210509
15,2016-01-31,0769.HK,HKD,2016-01-31,2016-01-31,Q1,177280000,176047500,1232500.0,0.006952278880866426,0.0,16517250.0,4162000.0,102500.0,0.0,199490500,391500.0,16100000.0,-6110500.0,-0.03446807310469314,-22210500.0,-0.12528486010830325,0.0,-24600750.0,-0.13876776850180506,2368250.0,-26060500.0,-0.1470019178700361,-0.011125,-0.011125,2341700000,2341700000,https://www1.hkexnews.hk/search/titlesearch.xhtml,https://www1.hkexnews.hk/search/titlesearch.xhtml,1620584907,14:28:27,20210509
16,2015-09-30,0769.HK,HKD,2015-09-30,2015-09-30,Q3,210777500,235893750,-25116250.0,-0.11916001470745217,0.0,18330250.0,7018750.0,-92250.0,0.0,261242750,359000.0,20738500.0,-29726750.0,-0.14103379155744802,-50465250.0,-0.23942427441259148,0.0,-66020750.0,-0.3132248461054904,883750.0,-64162500.0,-0.30440867739678096,-0.02995,-0.02995,2141900000,2141900000,https://www1.hkexnews.hk/search/titlesearch.xhtml,https://www1.hkexnews.hk/search/titlesearch.xhtml,1620584907,14:28:27,20210509
17,2015-06-30,0769.HK,HKD,2015-06-30,2015-06-30,Q2,210777500,235893750,-25116250.0,-0.11916001470745217,0.0,18330250.0,7018750.0,-92250.0,0.0,261242750,359000.0,20738500.0,-29726750.0,-0.14103379155744802,-50465250.0,-0.23942427441259148,0.0,-66020750.0,-0.3132248461054904,883750.0,-64162500.0,-0.30440867739678096,-0.02995,-0.02995,2141900000,2141900000,https://www1.hkexnews.hk/search/titlesearch.xhtml,https://www1.hkexnews.hk/search/titlesearch.xhtml,1620584907,14:28:27,20210509
18,2015-03-31,0769.HK,HKD,2015-03-31,2015-03-31,Q1,210777500,235893750,-25116250.0,-0.11916001470745217,0.0,18330250.0,7018750.0,-92250.0,0.0,261242750,359000.0,20738500.0,-29726750.0,-0.14103379155744802,-50465250.0,-0.23942427441259148,0.0,-66020750.0,-0.3132248461054904,883750.0,-64162500.0,-0.30440867739678096,-0.02995,-0.02995,2141900000,2141900000,https://www1.hkexnews.hk/search/titlesearch.xhtml,https://www1.hkexnews.hk/search/titlesearch.xhtml,1620584907,14:28:27,20210509
19,2015-01-31,0769.HK,HKD,2015-01-31,2015-01-31,Q1,210777500,235893750,-25116250.0,-0.11916001470745217,0.0,18330250.0,7018750.0,-92250.0,0.0,261242750,359000.0,20738500.0,-29726750.0,-0.14103379155744802,-50465250.0,-0.23942427441259148,0.0,-66020750.0,-0.3132248461054904,883750.0,-64162500.0,-0.30440867739678096,-0.02995,-0.02995,2141900000,2141900000,https://www1.hkexnews.hk/search/titlesearch.xhtml,https://www1.hkexnews.hk/search/titlesearch.xhtml,1620584907,14:28:27,20210509
20,2014-09-30,0769.HK,HKD,2014-09-30,2014-09-30,Q3,295946500,324261250,-28314750.0,-0.09567523184089016,0.0,20487750.0,11548500.0,4099250.0,0.0,356297500,834250.0,21369750.0,-38981250.0,-0.13171721915954404,-60351000.0,-0.2039253716465645,0.0,-25938250.0,-0.08764506422613547,653000.0,-24297750.0,-0.08210183259474263,-0.012367,-0.012367,1964514185,1964514185,https://www1.hkexnews.hk/search/titlesearch.xhtml,https://www1.hkexnews.hk/search/titlesearch.xhtml,1620584907,14:28:27,20210509
21,2014-06-30,0769.HK,HKD,2014-06-30,2014-06-30,Q2,295946500,324261250,-28314750.0,-0.09567523184089016,0.0,20487750.0,11548500.0,4099250.0,0.0,356297500,834250.0,21369750.0,-38981250.0,-0.13171721915954404,-60351000.0,-0.2039253716465645,0.0,-25938250.0,-0.08764506422613547,653000.0,-24297750.0,-0.08210183259474263,-0.012367,-0.012367,1964514185,1964514185,https://www1.hkexnews.hk/search/titlesearch.xhtml,https://www1.hkexnews.hk/search/titlesearch.xhtml,1620584907,14:28:27,20210509
22,2014-03-31,0769.HK,HKD,2014-03-31,2014-03-31,Q1,295946500,324261250,-28314750.0,-0.09567523184089016,0.0,20487750.0,11548500.0,4099250.0,0.0,356297500,834250.0,21369750.0,-38981250.0,-0.13171721915954404,-60351000.0,-0.2039253716465645,0.0,-25938250.0,-0.08764506422613547,653000.0,-24297750.0,-0.08210183259474263,-0.012367,-0.012367,1964514185,1964514185,https://www1.hkexnews.hk/search/titlesearch.xhtml,https://www1.hkexnews.hk/search/titlesearch.xhtml,1620584907,14:28:27,20210509
23,2014-01-31,0769.HK,HKD,2014-01-31,2014-01-31,Q1,295946500,324261250,-28314750.0,-0.09567523184089016,0.0,20487750.0,11548500.0,4099250.0,0.0,356297500,834250.0,21369750.0,-38981250.0,-0.13171721915954404,-60351000.0,-0.2039253716465645,0.0,-25938250.0,-0.08764506422613547,653000.0,-24297750.0,-0.08210183259474263,-0.012367,-0.012367,1964514185,1964514185,https://www1.hkexnews.hk/search/titlesearch.xhtml,https://www1.hkexnews.hk/search/titlesearch.xhtml,1620584907,14:28:27,20210509
24,2013-09-30,0769.HK,HKD,2013-09-30,2013-09-30,Q3,372070500,426460500,-54390000.0,-0.1461819735775881,0.0,21163750.0,11119000.0,-9218250.0,0.0,458743250,0.0,21623000.0,-65049750.0,-0.17483178591154097,-86672750.0,-0.23294711620512779,0.0,-95113750.0,-0.2556336769510079,-2687250.0,-88662500.0,-0.2382948930377442,-0.04512575,-0.04512575,1964514185,1964514185,https://www1.hkexnews.hk/search/titlesearch.xhtml,https://www1.hkexnews.hk/search/titlesearch.xhtml,1620584907,14:28:27,20210509
25,2013-06-30,0769.HK,HKD,2013-06-30,2013-06-30,Q2,372070500,426460500,-54390000.0,-0.1461819735775881,0.0,21163750.0,11119000.0,-9218250.0,0.0,458743250,0.0,21623000.0,-65049750.0,-0.17483178591154097,-86672750.0,-0.23294711620512779,0.0,-95113750.0,-0.2556336769510079,-2687250.0,-88662500.0,-0.2382948930377442,-0.04512575,-0.04512575,1964514185,1964514185,https://www1.hkexnews.hk/search/titlesearch.xhtml,https://www1.hkexnews.hk/search/titlesearch.xhtml,1620584907,14:28:27,20210509
26,2013-03-31,0769.HK,HKD,2013-03-31,2013-03-31,Q1,372070500,426460500,-54390000.0,-0.1461819735775881,0.0,21163750.0,11119000.0,-9218250.0,0.0,458743250,0.0,21623000.0,-65049750.0,-0.17483178591154097,-86672750.0,-0.23294711620512779,0.0,-95113750.0,-0.2556336769510079,-2687250.0,-88662500.0,-0.2382948930377442,-0.04512575,-0.04512575,1964514185,1964514185,https://www1.hkexnews.hk/search/titlesearch.xhtml,https://www1.hkexnews.hk/search/titlesearch.xhtml,1620584907,14:28:27,20210509
27,2013-01-31,0769.HK,HKD,2013-01-31,2013-01-31,Q1,372070500,426460500,-54390000.0,-0.1461819735775881,0.0,21163750.0,11119000.0,-9218250.0,0.0,458743250,0.0,21623000.0,-65049750.0,-0.17483178591154097,-86672750.0,-0.23294711620512779,0.0,-95113750.0,-0.2556336769510079,-2687250.0,-88662500.0,-0.2382948930377442,-0.04512575,-0.04512575,1964514185,1964514185,https://www1.hkexnews.hk/search/titlesearch.xhtml,https://www1.hkexnews.hk/search/titlesearch.xhtml,1620584907,14:28:27,20210509
28,2012-09-30,0769.HK,HKD,2012-09-30,2012-09-30,Q3,525479500,636210750,-110731250.0,-0.2107242052258937,0.0,20564000.0,22672750.0,-13130250.0,0.0,679447500,705250.0,22660500.0,-131307500.0,-0.24988129888987107,-153968000.0,-0.29300476992917895,0.0,-171789500.0,-0.3269195087534338,3090250.0,-169925500.0,-0.3233722723721858,-0.086505,-0.086505,1964514185,1964514185,https://www1.hkexnews.hk/search/titlesearch.xhtml,https://www1.hkexnews.hk/search/titlesearch.xhtml,1620584907,14:28:27,20210509
29,2012-06-30,0769.HK,HKD,2012-06-30,2012-06-30,Q2,525479500,636210750,-110731250.0,-0.2107242052258937,0.0,20564000.0,22672750.0,-13130250.0,0.0,679447500,705250.0,22660500.0,-131307500.0,-0.24988129888987107,-153968000.0,-0.29300476992917895,0.0,-171789500.0,-0.3269195087534338,3090250.0,-169925500.0,-0.3233722723721858,-0.086505,-0.086505,1964514185,1964514185,https://www1.hkexnews.hk/search/titlesearch.xhtml,https://www1.hkexnews.hk/search/titlesearch.xhtml,1620584907,14:28:27,20210509
30,2012-03-31,0769.HK,HKD,2012-03-31,2012-03-31,Q1,525479500,636210750,-110731250.0,-0.2107242052258937,0.0,20564000.0,22672750.0,-13130250.0,0.0,679447500,705250.0,22660500.0,-131307500.0,-0.24988129888987107,-153968000.0,-0.29300476992917895,0.0,-171789500.0,-0.3269195087534338,3090250.0,-169925500.0,-0.3233722723721858,-0.086505,-0.086505,1964514185,1964514185,https://www1.hkexnews.hk/search/titlesearch.xhtml,https://www1.hkexnews.hk/search/titlesearch.xhtml,1620584907,14:28:27,20210509
31,2012-01-31,0769.HK,HKD,2012-01-31,2012-01-31,Q1,525479500,636210750,-110731250.0,-0.2107242052258937,0.0,20564000.0,22672750.0,-13130250.0,0.0,679447500,705250.0,22660500.0,-131307500.0,-0.24988129888987107,-153968000.0,-0.29300476992917895,0.0,-171789500.0,-0.3269195087534338,3090250.0,-169925500.0,-0.3233722723721858,-0.086505,-0.086505,1964514185,1964514185,https://www1.hkexnews.hk/search/titlesearch.xhtml,https://www1.hkexnews.hk/search/titlesearch.xhtml,1620584907,14:28:27,20210509
32,2011-09-30,0769.HK,HKD,2011-09-30,2011-09-30,Q3,553338500,289980500,263358000.0,0.475943748718009,0.0,30723000.0,53725000.0,0.0,0.0,369832250,1424500.0,29354500.0,212860750.0,0.3846845104759564,183506250.0,0.33163470461570993,0.0,179020750.0,0.32352845500539,44071250.0,130869000.0,0.23650803260571965,0.06662897790886706,0.06662053248201454,1964145393,1964394386,https://www1.hkexnews.hk/search/titlesearch.xhtml,https://www1.hkexnews.hk/search/titlesearch.xhtml,1620584907,14:28:27,20210509
33,2011-06-30,0769.HK,HKD,2011-06-30,2011-06-30,Q2,553338500,289980500,263358000.0,0.475943748718009,0.0,30723000.0,53725000.0,0.0,0.0,369832250,1424500.0,29354500.0,212860750.0,0.3846845104759564,183506250.0,0.33163470461570993,0.0,179020750.0,0.32352845500539,44071250.0,130869000.0,0.23650803260571965,0.06662897790886706,0.06662053248201454,1964145393,1964394386,https://www1.hkexnews.hk/search/titlesearch.xhtml,https://www1.hkexnews.hk/search/titlesearch.xhtml,1620584907,14:28:27,20210509
34,2011-03-31,0769.HK,HKD,2011-03-31,2011-03-31,Q1,553338500,289980500,263358000.0,0.475943748718009,0.0,30723000.0,53725000.0,0.0,0.0,369832250,1424500.0,29354500.0,212860750.0,0.3846845104759564,183506250.0,0.33163470461570993,0.0,179020750.0,0.32352845500539,44071250.0,130869000.0,0.23650803260571965,0.06662897790886706,0.06662053248201454,1964145393,1964394386,https://www1.hkexnews.hk/search/titlesearch.xhtml,https://www1.hkexnews.hk/search/titlesearch.xhtml,1620584907,14:28:27,20210509
35,2011-01-31,0769.HK,HKD,2011-01-31,2011-01-31,Q1,553338500,289980500,263358000.0,0.475943748718009,0.0,30723000.0,53725000.0,0.0,0.0,369832250,1424500.0,29354500.0,212860750.0,0.3846845104759564,183506250.0,0.33163470461570993,0.0,179020750.0,0.32352845500539,44071250.0,130869000.0,0.23650803260571965,0.06662897790886706,0.06662053248201454,1964145393,1964394386,https://www1.hkexnews.hk/search/titlesearch.xhtml,https://www1.hkexnews.hk/search/titlesearch.xhtml,1620584907,14:28:27,20210509
36,2010-09-30,0769.HK,HKD,2010-09-30,2010-09-30,Q3,329876000,257857500,72018500.0,0.21831991414955923,0.0,17295750.0,12400000.0,1744750.0,0.0,285081500,2109500.0,31873250.0,76667750.0,0.23241384641501656,44794500.0,0.13579193393881336,0.0,44429750.0,0.13468621542640266,9669500.0,33339750.0,0.1010675223417284,0.018049611322553463,0.01804202826214547,1847117337,1847893680,https://www1.hkexnews.hk/search/titlesearch.xhtml,https://www1.hkexnews.hk/search/titlesearch.xhtml,1620584907,14:28:27,20210509
37,2010-06-30,0769.HK,HKD,2010-06-30,2010-06-30,Q2,329876000,257857500,72018500.0,0.21831991414955923,0.0,17295750.0,12400000.0,1744750.0,0.0,285081500,2109500.0,31873250.0,76667750.0,0.23241384641501656,44794500.0,0.13579193393881336,0.0,44429750.0,0.13468621542640266,9669500.0,33339750.0,0.1010675223417284,0.018049611322553463,0.01804202826214547,1847117337,1847893680,https://www1.hkexnews.hk/search/titlesearch.xhtml,https://www1.hkexnews.hk/search/titlesearch.xhtml,1620584907,14:28:27,20210509
38,2010-03-31,0769.HK,HKD,2010-03-31,2010-03-31,Q1,329876000,257857500,72018500.0,0.21831991414955923,0.0,17295750.0,12400000.0,1744750.0,0.0,285081500,2109500.0,31873250.0,76667750.0,0.23241384641501656,44794500.0,0.13579193393881336,0.0,44429750.0,0.13468621542640266,9669500.0,33339750.0,0.1010675223417284,0.018049611322553463,0.01804202826214547,1847117337,1847893680,https://www1.hkexnews.hk/search/titlesearch.xhtml,https://www1.hkexnews.hk/search/titlesearch.xhtml,1620584907,14:28:27,20210509
39,2010-01-31,0769.HK,HKD,2010-01-31,2010-01-31,Q1,329876000,257857500,72018500.0,0.21831991414955923,0.0,17295750.0,12400000.0,1744750.0,0.0,285081500,2109500.0,31873250.0,76667750.0,0.23241384641501656,44794500.0,0.13579193393881336,0.0,44429750.0,0.13468621542640266,9669500.0,33339750.0,0.1010675223417284,0.018049611322553463,0.01804202826214547,1847117337,1847893680,https://www1.hkexnews.hk/search/titlesearch.xhtml,https://www1.hkexnews.hk/search/titlesearch.xhtml,1620584907,14:28:27,20210509
40,2009-09-30,0769.HK,HKD,2009-09-30,2009-09-30,Q3,302920750,245061500,57859250.0,0.19100457793003617,0.0,14578500.0,9576500.0,2045750.0,0.0,264389000,4492000.0,32729250.0,71261000.0,0.2352463474357567,38531750.0,0.1272007612552128,0.0,36085500.0,0.11912521674398337,14914750.0,21148250.0,0.0698144646743414,0.012231862395099637,0.012229619306102968,1728947671,1729264785,https://www1.hkexnews.hk/search/titlesearch.xhtml,https://www1.hkexnews.hk/search/titlesearch.xhtml,1620584907,14:28:27,20210509
41,2009-06-30,0769.HK,HKD,2009-06-30,2009-06-30,Q2,302920750,245061500,57859250.0,0.19100457793003617,0.0,14578500.0,9576500.0,2045750.0,0.0,264389000,4492000.0,32729250.0,71261000.0,0.2352463474357567,38531750.0,0.1272007612552128,0.0,36085500.0,0.11912521674398337,14914750.0,21148250.0,0.0698144646743414,0.012231862395099637,0.012229619306102968,1728947671,1729264785,https://www1.hkexnews.hk/search/titlesearch.xhtml,https://www1.hkexnews.hk/search/titlesearch.xhtml,1620584907,14:28:27,20210509
42,2009-03-31,0769.HK,HKD,2009-03-31,2009-03-31,Q1,302920750,245061500,57859250.0,0.19100457793003617,0.0,14578500.0,9576500.0,2045750.0,0.0,264389000,4492000.0,32729250.0,71261000.0,0.2352463474357567,38531750.0,0.1272007612552128,0.0,36085500.0,0.11912521674398337,14914750.0,21148250.0,0.0698144646743414,0.012231862395099637,0.012229619306102968,1728947671,1729264785,https://www1.hkexnews.hk/search/titlesearch.xhtml,https://www1.hkexnews.hk/search/titlesearch.xhtml,1620584907,14:28:27,20210509
43,2009-01-31,0769.HK,HKD,2009-01-31,2009-01-31,Q1,302920750,245061500,57859250.0,0.19100457793003617,0.0,14578500.0,9576500.0,2045750.0,0.0,264389000,4492000.0,32729250.0,71261000.0,0.2352463474357567,38531750.0,0.1272007612552128,0.0,36085500.0,0.11912521674398337,14914750.0,21148250.0,0.0698144646743414,0.012231862395099637,0.012229619306102968,1728947671,1729264785,https://www1.hkexnews.hk/search/titlesearch.xhtml,https://www1.hkexnews.hk/search/titlesearch.xhtml,1620584907,14:28:27,20210509
44,2008-09-30,0769.HK,HKD,2008-09-30,2008-09-30,Q3,341222500,253900750,87321750.0,0.25590853475371644,0.0,26339750.0,15034750.0,-76401500.0,0.0,291886750,2572000.0,24117750.0,73453500.0,0.2152656990673241,49335750.0,0.14458527793448556,0.0,-29637750.0,-0.08685754895998946,13464000.0,-42743000.0,-0.12526430701375202,-0.02554275,-0.02554275,1669128190,1669128190,https://www1.hkexnews.hk/search/titlesearch.xhtml,https://www1.hkexnews.hk/search/titlesearch.xhtml,1620584907,14:28:27,20210509
45,2008-06-30,0769.HK,HKD,2008-06-30,2008-06-30,Q2,341222500,253900750,87321750.0,0.25590853475371644,0.0,26339750.0,15034750.0,-76401500.0,0.0,291886750,2572000.0,24117750.0,73453500.0,0.2152656990673241,49335750.0,0.14458527793448556,0.0,-29637750.0,-0.08685754895998946,13464000.0,-42743000.0,-0.12526430701375202,-0.02554275,-0.02554275,1669128190,1669128190,https://www1.hkexnews.hk/search/titlesearch.xhtml,https://www1.hkexnews.hk/search/titlesearch.xhtml,1620584907,14:28:27,20210509
46,2008-03-31,0769.HK,HKD,2008-03-31,2008-03-31,Q1,341222500,253900750,87321750.0,0.25590853475371644,0.0,26339750.0,15034750.0,-76401500.0,0.0,291886750,2572000.0,24117750.0,73453500.0,0.2152656990673241,49335750.0,0.14458527793448556,0.0,-29637750.0,-0.08685754895998946,13464000.0,-42743000.0,-0.12526430701375202,-0.02554275,-0.02554275,1669128190,1669128190,https://www1.hkexnews.hk/search/titlesearch.xhtml,https://www1.hkexnews.hk/search/titlesearch.xhtml,1620584907,14:28:27,20210509
47,2008-01-31,0769.HK,HKD,2008-01-31,2008-01-31,Q1,341222500,253900750,87321750.0,0.25590853475371644,0.0,26339750.0,15034750.0,-76401500.0,0.0,291886750,2572000.0,24117750.0,73453500.0,0.2152656990673241,49335750.0,0.14458527793448556,0.0,-29637750.0,-0.08685754895998946,13464000.0,-42743000.0,-0.12526430701375202,-0.02554275,-0.02554275,1669128190,1669128190,https://www1.hkexnews.hk/search/titlesearch.xhtml,https://www1.hkexnews.hk/search/titlesearch.xhtml,1620584907,14:28:27,20210509
48,2007-09-30,0769.HK,HKD,2007-09-30,2007-09-30,Q3,346336250,232808000,113528250.0,0.3277977687868365,0.0,8238750.0,11253750.0,4997750.0,0.0,252300500,0.0,0.0,94035750.0,3.6830274656181294,94035750.0,0.27151575961222657,0.0,99033500.0,0.2859461000689359,24263500.0,74770000.0,0.21588846099708014,0.04427425,0.04427425,1666007055,1666007055,https://www1.hkexnews.hk/search/titlesearch.xhtml,https://www1.hkexnews.hk/search/titlesearch.xhtml,1620584907,14:28:27,20210509
49,2007-06-30,0769.HK,HKD,2007-06-30,2007-06-30,Q2,346336250,232808000,113528250.0,0.3277977687868365,0.0,8238750.0,11253750.0,4997750.0,0.0,252300500,0.0,0.0,94035750.0,3.6830274656181294,94035750.0,0.27151575961222657,0.0,99033500.0,0.2859461000689359,24263500.0,74770000.0,0.21588846099708014,0.04427425,0.04427425,1666007055,1666007055,https://www1.hkexnews.hk/search/titlesearch.xhtml,https://www1.hkexnews.hk/search/titlesearch.xhtml,1620584907,14:28:27,20210509
50,2007-03-31,0769.HK,HKD,2007-03-31,2007-03-31,Q1,346336250,232808000,113528250.0,0.3277977687868365,0.0,8238750.0,11253750.0,4997750.0,0.0,252300500,0.0,0.0,94035750.0,3.6830274656181294,94035750.0,0.27151575961222657,0.0,99033500.0,0.2859461000689359,24263500.0,74770000.0,0.21588846099708014,0.04427425,0.04427425,1666007055,1666007055,https://www1.hkexnews.hk/search/titlesearch.xhtml,https://www1.hkexnews.hk/search/titlesearch.xhtml,1620584907,14:28:27,20210509
51,2007-01-31,0769.HK,HKD,2007-01-31,2007-01-31,Q1,346336250,232808000,113528250.0,0.3277977687868365,0.0,8238750.0,11253750.0,4997750.0,0.0,252300500,0.0,0.0,94035750.0,3.6830274656181294,94035750.0,0.27151575961222657,0.0,99033500.0,0.2859461000689359,24263500.0,74770000.0,0.21588846099708014,0.04427425,0.04427425,1666007055,1666007055,https://www1.hkexnews.hk/search/titlesearch.xhtml,https://www1.hkexnews.hk/search/titlesearch.xhtml,1620584907,14:28:27,20210509
52,2006-09-30,0769.HK,HKD,2006-09-30,2006-09-30,Q3,257770500,183144250,74626250.0,0.2895065571894379,0.0,5668250.0,5950500.0,5511250.0,0.0,194763000,0.0,0.0,63007500.0,4.0911082014045945,63007500.0,0.24443254755683835,0.0,68518750.0,0.26581300032393157,15596000.0,52922750.0,0.2053095680072002,0.03831425,0.03831425,1365385387,1365385387,https://www1.hkexnews.hk/search/titlesearch.xhtml,https://www1.hkexnews.hk/search/titlesearch.xhtml,1620584907,14:28:27,20210509
53,2006-06-30,0769.HK,HKD,2006-06-30,2006-06-30,Q2,257770500,183144250,74626250.0,0.2895065571894379,0.0,5668250.0,5950500.0,5511250.0,0.0,194763000,0.0,0.0,63007500.0,4.0911082014045945,63007500.0,0.24443254755683835,0.0,68518750.0,0.26581300032393157,15596000.0,52922750.0,0.2053095680072002,0.03831425,0.03831425,1365385387,1365385387,https://www1.hkexnews.hk/search/titlesearch.xhtml,https://www1.hkexnews.hk/search/titlesearch.xhtml,1620584907,14:28:27,20210509
54,2006-03-31,0769.HK,HKD,2006-03-31,2006-03-31,Q1,257770500,183144250,74626250.0,0.2895065571894379,0.0,5668250.0,5950500.0,5511250.0,0.0,194763000,0.0,0.0,63007500.0,4.0911082014045945,63007500.0,0.24443254755683835,0.0,68518750.0,0.26581300032393157,15596000.0,52922750.0,0.2053095680072002,0.03831425,0.03831425,1365385387,1365385387,https://www1.hkexnews.hk/search/titlesearch.xhtml,https://www1.hkexnews.hk/search/titlesearch.xhtml,1620584907,14:28:27,20210509
55,2006-01-31,0769.HK,HKD,2006-01-31,2006-01-31,Q1,257770500,183144250,74626250.0,0.2895065571894379,0.0,5668250.0,5950500.0,5511250.0,0.0,194763000,0.0,0.0,63007500.0,4.0911082014045945,63007500.0,0.24443254755683835,0.0,68518750.0,0.26581300032393157,15596000.0,52922750.0,0.2053095680072002,0.03831425,0.03831425,1365385387,1365385387,https://www1.hkexnews.hk/search/titlesearch.xhtml,https://www1.hkexnews.hk/search/titlesearch.xhtml,1620584907,14:28:27,20210509
56,2005-09-30,0769.HK,HKD,2005-09-30,2005-09-30,Q3,192342500,141351750,50990750.0,0.2651039161911694,0.0,3726500.0,5424500.0,1071750.0,0.0,150502750,0.0,0.0,41839750.0,4.597123548778375,41839750.0,0.2175273275537128,0.0,42911500.0,0.22309941900516006,10005250.0,32906250.0,0.17108153424230213,0.02809725,0.028403122011268673,1158543416,1158543416,https://www1.hkexnews.hk/search/titlesearch.xhtml,https://www1.hkexnews.hk/search/titlesearch.xhtml,1620584907,14:28:27,20210509
57,2005-06-30,0769.HK,HKD,2005-06-30,2005-06-30,Q2,192342500,141351750,50990750.0,0.2651039161911694,0.0,3726500.0,5424500.0,1071750.0,0.0,150502750,0.0,0.0,41839750.0,4.597123548778375,41839750.0,0.2175273275537128,0.0,42911500.0,0.22309941900516006,10005250.0,32906250.0,0.17108153424230213,0.02809725,0.028403122011268673,1158543416,1158543416,https://www1.hkexnews.hk/search/titlesearch.xhtml,https://www1.hkexnews.hk/search/titlesearch.xhtml,1620584907,14:28:27,20210509
58,2005-03-31,0769.HK,HKD,2005-03-31,2005-03-31,Q1,192342500,141351750,50990750.0,0.2651039161911694,0.0,3726500.0,5424500.0,1071750.0,0.0,150502750,0.0,0.0,41839750.0,4.597123548778375,41839750.0,0.2175273275537128,0.0,42911500.0,0.22309941900516006,10005250.0,32906250.0,0.17108153424230213,0.02809725,0.028403122011268673,1158543416,1158543416,https://www1.hkexnews.hk/search/titlesearch.xhtml,https://www1.hkexnews.hk/search/titlesearch.xhtml,1620584907,14:28:27,20210509
59,2005-01-31,0769.HK,HKD,2005-01-31,2005-01-31,Q1,192342500,141351750,50990750.0,0.2651039161911694,0.0,3726500.0,5424500.0,1071750.0,0.0,150502750,0.0,0.0,41839750.0,4.597123548778375,41839750.0,0.2175273275537128,0.0,42911500.0,0.22309941900516006,10005250.0,32906250.0,0.17108153424230213,0.02809725,0.028403122011268673,1158543416,1158543416,https://www1.hkexnews.hk/search/titlesearch.xhtml,https://www1.hkexnews.hk/search/titlesearch.xhtml,1620584907,14:28:27,20210509
60,2004-09-30,0769.HK,HKD,2004-09-30,2004-09-30,Q3,166330000,121221000,45109000.0,0.27120182769193774,0.0,6082500.0,4832250.0,-529250.0,0.0,131038750,0.0,1644250.0,36935500.0,0.2220615643600072,35291250.0,0.21217609571334095,0.0,34762000.0,0.20899416821980402,4493250.0,29856000.0,0.17949858714603498,0.0261815,0.0261815,1140350648,1140350648,https://www1.hkexnews.hk/search/titlesearch.xhtml,https://www1.hkexnews.hk/search/titlesearch.xhtml,1620584907,14:28:27,20210509
61,2004-06-30,0769.HK,HKD,2004-06-30,2004-06-30,Q2,166330000,121221000,45109000.0,0.27120182769193774,0.0,6082500.0,4832250.0,-529250.0,0.0,131038750,0.0,1644250.0,36935500.0,0.2220615643600072,35291250.0,0.21217609571334095,0.0,34762000.0,0.20899416821980402,4493250.0,29856000.0,0.17949858714603498,0.0261815,0.0261815,1140350648,1140350648,https://www1.hkexnews.hk/search/titlesearch.xhtml,https://www1.hkexnews.hk/search/titlesearch.xhtml,1620584907,14:28:27,20210509
62,2004-03-31,0769.HK,HKD,2004-03-31,2004-03-31,Q1,166330000,121221000,45109000.0,0.27120182769193774,0.0,6082500.0,4832250.0,-529250.0,0.0,131038750,0.0,1644250.0,36935500.0,0.2220615643600072,35291250.0,0.21217609571334095,0.0,34762000.0,0.20899416821980402,4493250.0,29856000.0,0.17949858714603498,0.0261815,0.0261815,1140350648,1140350648,https://www1.hkexnews.hk/search/titlesearch.xhtml,https://www1.hkexnews.hk/search/titlesearch.xhtml,1620584907,14:28:27,20210509
63,2004-01-31,0769.HK,HKD,2004-01-31,2004-01-31,Q1,166330000,121221000,45109000.0,0.27120182769193774,0.0,6082500.0,4832250.0,-529250.0,0.0,131038750,0.0,1644250.0,36935500.0,0.2220615643600072,35291250.0,0.21217609571334095,0.0,34762000.0,0.20899416821980402,4493250.0,29856000.0,0.17949858714603498,0.0261815,0.0261815,1140350648,1140350648,https://www1.hkexnews.hk/search/titlesearch.xhtml,https://www1.hkexnews.hk/search/titlesearch.xhtml,1620584907,14:28:27,20210509
64,2003-09-30,0769.HK,HKD,2003-09-30,2003-09-30,Q3,114269250,86260500,28008750.0,0.24511187392933795,0.0,6493750.0,3551500.0,254250.0,0.0,95452250,0.0,0.0,18817000.0,6.072660360312484,18817000.0,0.16467247312816002,0.0,19071250.0,0.16689748116838082,2311500.0,16644500.0,0.1456603591954966,0.01745425,0.01745425,953605625,953605625,https://www1.hkexnews.hk/search/titlesearch.xhtml,https://www1.hkexnews.hk/search/titlesearch.xhtml,1620584907,14:28:27,20210509
65,2003-06-30,0769.HK,HKD,2003-06-30,2003-06-30,Q2,114269250,86260500,28008750.0,0.24511187392933795,0.0,6493750.0,3551500.0,254250.0,0.0,95452250,0.0,0.0,18817000.0,6.072660360312484,18817000.0,0.16467247312816002,0.0,19071250.0,0.16689748116838082,2311500.0,16644500.0,0.1456603591954966,0.01745425,0.01745425,953605625,953605625,https://www1.hkexnews.hk/search/titlesearch.xhtml,https://www1.hkexnews.hk/search/titlesearch.xhtml,1620584907,14:28:27,20210509
66,2003-03-31,0769.HK,HKD,2003-03-31,2003-03-31,Q1,114269250,86260500,28008750.0,0.24511187392933795,0.0,6493750.0,3551500.0,254250.0,0.0,95452250,0.0,0.0,18817000.0,6.072660360312484,18817000.0,0.16467247312816002,0.0,19071250.0,0.16689748116838082,2311500.0,16644500.0,0.1456603591954966,0.01745425,0.01745425,953605625,953605625,https://www1.hkexnews.hk/search/titlesearch.xhtml,https://www1.hkexnews.hk/search/titlesearch.xhtml,1620584907,14:28:27,20210509
67,2003-01-31,0769.HK,HKD,2003-01-31,2003-01-31,Q1,114269250,86260500,28008750.0,0.24511187392933795,0.0,6493750.0,3551500.0,254250.0,0.0,95452250,0.0,0.0,18817000.0,6.072660360312484,18817000.0,0.16467247312816002,0.0,19071250.0,0.16689748116838082,2311500.0,16644500.0,0.1456603591954966,0.01745425,0.01745425,953605625,953605625,https://www1.hkexnews.hk/search/titlesearch.xhtml,https://www1.hkexnews.hk/search/titlesearch.xhtml,1620584907,14:28:27,20210509
68,2002-09-30,0769.HK,HKD,2002-09-30,2002-09-30,Q3,116915750,90902500,26013250.0,0.22249568599611258,0.0,4537000.0,3341000.0,-7016000.0,0.0,97671000,0.0,0.0,19244750.0,6.075202327907611,19244750.0,0.16460357137511414,0.0,12228750.0,0.10459454778333971,2148250.0,10258000.0,0.08773839281704988,0.01064275,0.010642853920476184,963839218,963839218,https://www1.hkexnews.hk/search/titlesearch.xhtml,https://www1.hkexnews.hk/search/titlesearch.xhtml,1620584907,14:28:27,20210509
69,2002-06-30,0769.HK,HKD,2002-06-30,2002-06-30,Q2,116915750,90902500,26013250.0,0.22249568599611258,0.0,4537000.0,3341000.0,-7016000.0,0.0,97671000,0.0,0.0,19244750.0,6.075202327907611,19244750.0,0.16460357137511414,0.0,12228750.0,0.10459454778333971,2148250.0,10258000.0,0.08773839281704988,0.01064275,0.010642853920476184,963839218,963839218,https://www1.hkexnews.hk/search/titlesearch.xhtml,https://www1.hkexnews.hk/search/titlesearch.xhtml,1620584907,14:28:27,20210509
70,2002-03-31,0769.HK,HKD,2002-03-31,2002-03-31,Q1,116915750,90902500,26013250.0,0.22249568599611258,0.0,4537000.0,3341000.0,-7016000.0,0.0,97671000,0.0,0.0,19244750.0,6.075202327907611,19244750.0,0.16460357137511414,0.0,12228750.0,0.10459454778333971,2148250.0,10258000.0,0.08773839281704988,0.01064275,0.010642853920476184,963839218,963839218,https://www1.hkexnews.hk/search/titlesearch.xhtml,https://www1.hkexnews.hk/search/titlesearch.xhtml,1620584907,14:28:27,20210509
71,2002-01-31,0769.HK,HKD,2002-01-31,2002-01-31,Q1,116915750,90902500,26013250.0,0.22249568599611258,0.0,4537000.0,3341000.0,-7016000.0,0.0,97671000,0.0,0.0,19244750.0,6.075202327907611,19244750.0,0.16460357137511414,0.0,12228750.0,0.10459454778333971,2148250.0,10258000.0,0.08773839281704988,0.01064275,0.010642853920476184,963839218,963839218,https://www1.hkexnews.hk/search/titlesearch.xhtml,https://www1.hkexnews.hk/search/titlesearch.xhtml,1620584907,14:28:27,20210509
72,2001-09-30,0769.HK,HKD,2001-09-30,2001-09-30,Q3,154452000,108689250,45762750.0,0.2962910807241085,0.0,5219250.0,2801750.0,-2628250.0,0.0,115147000,0.0,0.0,39305000.0,3.9295763897722935,39305000.0,0.25448035635666744,0.0,36676750.0,0.23746374278092872,0.0,35553500.0,0.2301912568306011,0.04065575,0.04023,874502180,883756171,https://www1.hkexnews.hk/search/titlesearch.xhtml,https://www1.hkexnews.hk/search/titlesearch.xhtml,1620584907,14:28:27,20210509
73,2001-06-30,0769.HK,HKD,2001-06-30,2001-06-30,Q2,154452000,108689250,45762750.0,0.2962910807241085,0.0,5219250.0,2801750.0,-2628250.0,0.0,115147000,0.0,0.0,39305000.0,3.9295763897722935,39305000.0,0.25448035635666744,0.0,36676750.0,0.23746374278092872,0.0,35553500.0,0.2301912568306011,0.04065575,0.04023,874502180,883756171,https://www1.hkexnews.hk/search/titlesearch.xhtml,https://www1.hkexnews.hk/search/titlesearch.xhtml,1620584907,14:28:27,20210509
74,2001-03-31,0769.HK,HKD,2001-03-31,2001-03-31,Q1,154452000,108689250,45762750.0,0.2962910807241085,0.0,5219250.0,2801750.0,-2628250.0,0.0,115147000,0.0,0.0,39305000.0,3.9295763897722935,39305000.0,0.25448035635666744,0.0,36676750.0,0.23746374278092872,0.0,35553500.0,0.2301912568306011,0.04065575,0.04023,874502180,883756171,https://www1.hkexnews.hk/search/titlesearch.xhtml,https://www1.hkexnews.hk/search/titlesearch.xhtml,1620584907,14:28:27,20210509
75,2001-01-31,0769.HK,HKD,2001-01-31,2001-01-31,Q1,154452000,108689250,45762750.0,0.2962910807241085,0.0,5219250.0,2801750.0,-2628250.0,0.0,115147000,0.0,0.0,39305000.0,3.9295763897722935,39305000.0,0.25448035635666744,0.0,36676750.0,0.23746374278092872,0.0,35553500.0,0.2301912568306011,0.04065575,0.04023,874502180,883756171,https://www1.hkexnews.hk/search/titlesearch.xhtml,https://www1.hkexnews.hk/search/titlesearch.xhtml,1620584907,14:28:27,20210509
76,2000-09-30,0769.HK,HKD,2000-09-30,2000-09-30,Q3,139557750,91863750,47694000.0,0.34175099555560334,0.0,8253750.0,1285000.0,-2897500.0,0.0,100240500,0.0,0.0,39317250.0,3.549529786544074,39317250.0,0.2817274569129984,0.0,36419750.0,0.26096544262142374,0.0,35230750.0,0.252445672132146,0.04938275,0.0483185,79312607,79312607,https://www1.hkexnews.hk/search/titlesearch.xhtml,https://www1.hkexnews.hk/search/titlesearch.xhtml,1620584907,14:28:27,20210509
77,2000-06-30,0769.HK,HKD,2000-06-30,2000-06-30,Q2,139557750,91863750,47694000.0,0.34175099555560334,0.0,8253750.0,1285000.0,-2897500.0,0.0,100240500,0.0,0.0,39317250.0,3.549529786544074,39317250.0,0.2817274569129984,0.0,36419750.0,0.26096544262142374,0.0,35230750.0,0.252445672132146,0.04938275,0.0483185,79312607,79312607,https://www1.hkexnews.hk/search/titlesearch.xhtml,https://www1.hkexnews.hk/search/titlesearch.xhtml,1620584907,14:28:27,20210509
78,2000-03-31,0769.HK,HKD,2000-03-31,2000-03-31,Q1,139557750,91863750,47694000.0,0.34175099555560334,0.0,8253750.0,1285000.0,-2897500.0,0.0,100240500,0.0,0.0,39317250.0,3.549529786544074,39317250.0,0.2817274569129984,0.0,36419750.0,0.26096544262142374,0.0,35230750.0,0.252445672132146,0.04938275,0.0483185,79312607,79312607,https://www1.hkexnews.hk/search/titlesearch.xhtml,https://www1.hkexnews.hk/search/titlesearch.xhtml,1620584907,14:28:27,20210509
79,2000-01-31,0769.HK,HKD,2000-01-31,2000-01-31,Q1,139557750,91863750,47694000.0,0.34175099555560334,0.0,8253750.0,1285000.0,-2897500.0,0.0,100240500,0.0,0.0,39317250.0,3.549529786544074,39317250.0,0.2817274569129984,0.0,36419750.0,0.26096544262142374,0.0,35230750.0,0.252445672132146,0.04938275,0.0483185,79312607,79312607,https://www1.hkexnews.hk/search/titlesearch.xhtml,https://www1.hkexnews.hk/search/titlesearch.xhtml,1620584907,14:28:27,20210509
80,1999-09-30,0769.HK,HKD,1999-09-30,1999-09-30,Q3,111961250,71772000,40189250.0,0.3589567819223169,0.0,7686250.0,0.0,0.0,0.0,81732500,0.0,0.0,30228750.0,3.703800190216268,30228750.0,0.26999296631647113,0.0,29226000.0,0.26103674262300575,8186250.0,20291750.0,0.18123904475878932,0.03576,0.03576,70469820,70469820,https://www1.hkexnews.hk/search/titlesearch.xhtml,https://www1.hkexnews.hk/search/titlesearch.xhtml,1620584907,14:28:27,20210509
81,1999-06-30,0769.HK,HKD,1999-06-30,1999-06-30,Q2,111961250,71772000,40189250.0,0.3589567819223169,0.0,7686250.0,0.0,0.0,0.0,81732500,0.0,0.0,30228750.0,3.703800190216268,30228750.0,0.26999296631647113,0.0,29226000.0,0.26103674262300575,8186250.0,20291750.0,0.18123904475878932,0.03576,0.03576,70469820,70469820,https://www1.hkexnews.hk/search/titlesearch.xhtml,https://www1.hkexnews.hk/search/titlesearch.xhtml,1620584907,14:28:27,20210509
82,1999-03-31,0769.HK,HKD,1999-03-31,1999-03-31,Q1,111961250,71772000,40189250.0,0.3589567819223169,0.0,7686250.0,0.0,0.0,0.0,81732500,0.0,0.0,30228750.0,3.703800190216268,30228750.0,0.26999296631647113,0.0,29226000.0,0.26103674262300575,8186250.0,20291750.0,0.18123904475878932,0.03576,0.03576,70469820,70469820,https://www1.hkexnews.hk/search/titlesearch.xhtml,https://www1.hkexnews.hk/search/titlesearch.xhtml,1620584907,14:28:27,20210509
83,1999-01-31,0769.HK,HKD,1999-01-31,1999-01-31,Q1,111961250,71772000,40189250.0,0.3589567819223169,0.0,7686250.0,0.0,0.0,0.0,81732500,0.0,0.0,30228750.0,3.703800190216268,30228750.0,0.26999296631647113,0.0,29226000.0,0.26103674262300575,8186250.0,20291750.0,0.18123904475878932,0.03576,0.03576,70469820,70469820,https://www1.hkexnews.hk/search/titlesearch.xhtml,https://www1.hkexnews.hk/search/titlesearch.xhtml,1620584907,14:28:27,20210509
84,1998-09-30,0769.HK,HKD,1998-09-30,1998-09-30,Q3,104870500,75480000,29390500.0,0.2802551718548114,0.0,3715250.0,0.0,-1566000.0,0.0,81433750,0.0,0.0,23436750.0,4.474617854438009,23436750.0,0.2234827716087937,0.0,21870750.0,0.20855006889449368,5658000.0,15500000.0,0.14780133593336545,0.02937425,0.02937425,527672565,527672565,https://www1.hkexnews.hk/search/titlesearch.xhtml,https://www1.hkexnews.hk/search/titlesearch.xhtml,1620584907,14:28:27,20210509
85,1998-06-30,0769.HK,HKD,1998-06-30,1998-06-30,Q2,104870500,75480000,29390500.0,0.2802551718548114,0.0,3715250.0,0.0,-1566000.0,0.0,81433750,0.0,0.0,23436750.0,4.474617854438009,23436750.0,0.2234827716087937,0.0,21870750.0,0.20855006889449368,5658000.0,15500000.0,0.14780133593336545,0.02937425,0.02937425,527672565,527672565,https://www1.hkexnews.hk/search/titlesearch.xhtml,https://www1.hkexnews.hk/search/titlesearch.xhtml,1620584907,14:28:27,20210509
86,1998-03-31,0769.HK,HKD,1998-03-31,1998-03-31,Q1,104870500,75480000,29390500.0,0.2802551718548114,0.0,3715250.0,0.0,-1566000.0,0.0,81433750,0.0,0.0,23436750.0,4.474617854438009,23436750.0,0.2234827716087937,0.0,21870750.0,0.20855006889449368,5658000.0,15500000.0,0.14780133593336545,0.02937425,0.02937425,527672565,527672565,https://www1.hkexnews.hk/search/titlesearch.xhtml,https://www1.hkexnews.hk/search/titlesearch.xhtml,1620584907,14:28:27,20210509
87,1998-01-31,0769.HK,HKD,1998-01-31,1998-01-31,Q1,104870500,75480000,29390500.0,0.2802551718548114,0.0,3715250.0,0.0,-1566000.0,0.0,81433750,0.0,0.0,23436750.0,4.474617854438009,23436750.0,0.2234827716087937,0.0,21870750.0,0.20855006889449368,5658000.0,15500000.0,0.14780133593336545,0.02937425,0.02937425,527672565,527672565,https://www1.hkexnews.hk/search/titlesearch.xhtml,https://www1.hkexnews.hk/search/titlesearch.xhtml,1620584907,14:28:27,20210509
