,date,symbol,reportedCurrency,fillingDate,acceptedDate,period,revenue,costOfRevenue,grossProfit,grossProfitRatio,researchAndDevelopmentExpenses,generalAndAdministrativeExpenses,sellingAndMarketingExpenses,otherExpenses,operatingExpenses,costAndExpenses,interestExpense,depreciationAndAmortization,ebitda,ebitdaratio,operatingIncome,operatingIncomeRatio,totalOtherIncomeExpensesNet,incomeBeforeTax,incomeBeforeTaxRatio,incomeTaxExpense,netIncome,netIncomeRatio,eps,epsdiluted,weightedAverageShsOut,weightedAverageShsOutDil,link,finalLink,timestamp,est_time,est_date
0,2020-12-31,BNG.TO,CAD,2020-12-31,2020-12-31,Q4,1274000.0,404000.0,870000.0,0.6828885400313972,0.0,453000.0,0.0,0.0,1059000.0,1463000.0,226000.0,0.0,139000.0,0.10910518053375197,-189000.0,-0.14835164835164835,1085000.0,670000.0,0.5259026687598116,0.0,670000.0,0.5259026687598116,0.01,0.01,102267000.0,102267000.0,https://www.sedar.com/ModifyCompanyDocumentSearchForm.do?lang=EN&company_search=Bengal Energy Ltd&document_selection=0&industry_group=A&FromDate=13&FromMonth=05&FromYear=2000&ToDate=13&ToMonth=11&ToYear=2020&Variable=Issuer,https://www.sedar.com/ModifyCompanyDocumentSearchForm.do?lang=EN&company_search=Bengal Energy Ltd&document_selection=0&industry_group=A&FromDate=13&FromMonth=05&FromYear=2000&ToDate=13&ToMonth=11&ToYear=2020&Variable=Issuer,1620589535,15:45:35,20210509
1,2020-09-30,BNG.TO,CAD,2020-09-30,2020-09-30,Q3,1260000.0,432000.0,828000.0,0.6571428571428571,0.0,540000.0,0.0,99000.0,1413000.0,1845000.0,259000.0,0.0,-130000.0,-0.10317460317460317,-585000.0,-0.4642857142857143,662000.0,-182000.0,-0.14444444444444443,0.0,-182000.0,-0.14444444444444443,-0.00178,-0.00178,102267000.0,102267000.0,https://www.sedar.com/ModifyCompanyDocumentSearchForm.do?lang=EN&company_search=Bengal Energy Ltd&document_selection=0&industry_group=A&FromDate=13&FromMonth=05&FromYear=2000&ToDate=13&ToMonth=11&ToYear=2020&Variable=Issuer,https://www.sedar.com/ModifyCompanyDocumentSearchForm.do?lang=EN&company_search=Bengal Energy Ltd&document_selection=0&industry_group=A&FromDate=13&FromMonth=05&FromYear=2000&ToDate=13&ToMonth=11&ToYear=2020&Variable=Issuer,1620589535,15:45:35,20210509
2,2020-06-30,BNG.TO,CAD,2020-06-30,2020-06-30,Q2,1099000.0,414000.0,685000.0,0.6232939035486806,0.0,504000.0,0.0,0.0,1403000.0,1817000.0,268000.0,0.0,-370000.0,-0.33666969972702454,-718000.0,-0.6533212010919017,1386000.0,400000.0,0.36396724294813465,0.0,400000.0,0.36396724294813465,0.003911,0.003911,102267000.0,102267000.0,https://www.sedar.com/ModifyCompanyDocumentSearchForm.do?lang=EN&company_search=Bengal Energy Ltd&document_selection=0&industry_group=A&FromDate=13&FromMonth=05&FromYear=2000&ToDate=13&ToMonth=11&ToYear=2020&Variable=Issuer,https://www.sedar.com/ModifyCompanyDocumentSearchForm.do?lang=EN&company_search=Bengal Energy Ltd&document_selection=0&industry_group=A&FromDate=13&FromMonth=05&FromYear=2000&ToDate=13&ToMonth=11&ToYear=2020&Variable=Issuer,1620589535,15:45:35,20210509
3,2020-03-31,BNG.TO,CAD,2020-03-31,2020-03-31,Q1,1140000.0,461000.0,679000.0,0.5956140350877193,0.0,965000.0,0.0,0.0,1873000.0,2334000.0,275000.0,0.0,-990000.0,-0.868421052631579,-1194000.0,-1.0473684210526315,-729000.0,-2196000.0,-1.9263157894736842,0.0,-2196000.0,-1.9263157894736842,-0.021473202499339962,-0.021473202499339962,102267000.0,102267000.0,https://www.sedar.com/ModifyCompanyDocumentSearchForm.do?lang=EN&company_search=Bengal Energy Ltd&document_selection=0&industry_group=A&FromDate=13&FromMonth=05&FromYear=2000&ToDate=13&ToMonth=11&ToYear=2020&Variable=Issuer,https://www.sedar.com/ModifyCompanyDocumentSearchForm.do?lang=EN&company_search=Bengal Energy Ltd&document_selection=0&industry_group=A&FromDate=13&FromMonth=05&FromYear=2000&ToDate=13&ToMonth=11&ToYear=2020&Variable=Issuer,1620589535,15:45:35,20210509
4,2019-12-31,BNG.TO,CAD,2019-12-31,2019-12-31,Q4,2425000.0,195000.0,2230000.0,0.9195876288659793,0.0,696000.0,0.0,221000.0,1702000.0,1897000.0,341000.0,0.0,1136000.0,0.46845360824742266,528000.0,0.2177319587628866,368000.0,556000.0,0.2292783505154639,0.0,556000.0,0.2292783505154639,0.01,0.01,102267000.0,102267000.0,https://www.sedar.com/ModifyCompanyDocumentSearchForm.do?lang=EN&company_search=Bengal Energy Ltd&document_selection=0&industry_group=A&FromDate=13&FromMonth=05&FromYear=2000&ToDate=13&ToMonth=11&ToYear=2020&Variable=Issuer,https://www.sedar.com/ModifyCompanyDocumentSearchForm.do?lang=EN&company_search=Bengal Energy Ltd&document_selection=0&industry_group=A&FromDate=13&FromMonth=05&FromYear=2000&ToDate=13&ToMonth=11&ToYear=2020&Variable=Issuer,1620589535,15:45:35,20210509
5,2019-09-30,BNG.TO,CAD,2019-09-30,2019-09-30,Q3,2576000.0,602000.0,1974000.0,0.7663043478260869,0.0,728000.0,0.0,0.0,1769000.0,2371000.0,325000.0,0.0,660000.0,0.2562111801242236,205000.0,0.07958074534161491,-386000.0,-506000.0,-0.19642857142857142,0.0,-506000.0,-0.19642857142857142,-0.004948,-0.004948,102267000.0,102267000.0,https://www.sedar.com/ModifyCompanyDocumentSearchForm.do?lang=EN&company_search=Bengal Energy Ltd&document_selection=0&industry_group=A&FromDate=13&FromMonth=05&FromYear=2000&ToDate=13&ToMonth=11&ToYear=2020&Variable=Issuer,https://www.sedar.com/ModifyCompanyDocumentSearchForm.do?lang=EN&company_search=Bengal Energy Ltd&document_selection=0&industry_group=A&FromDate=13&FromMonth=05&FromYear=2000&ToDate=13&ToMonth=11&ToYear=2020&Variable=Issuer,1620589535,15:45:35,20210509
6,2019-06-30,BNG.TO,CAD,2019-06-30,2019-06-30,Q2,1962000.0,455000.0,1507000.0,0.7680937818552498,0.0,942000.0,0.0,0.0,1794000.0,2249000.0,305000.0,0.0,68000.0,0.034658511722731905,-287000.0,-0.14627930682976553,-159000.0,-750000.0,-0.382262996941896,0.0,-750000.0,-0.382262996941896,-0.01,-0.01,102267000.0,102267000.0,https://www.sedar.com/ModifyCompanyDocumentSearchForm.do?lang=EN&company_search=Bengal Energy Ltd&document_selection=0&industry_group=A&FromDate=13&FromMonth=05&FromYear=2000&ToDate=13&ToMonth=11&ToYear=2020&Variable=Issuer,https://www.sedar.com/ModifyCompanyDocumentSearchForm.do?lang=EN&company_search=Bengal Energy Ltd&document_selection=0&industry_group=A&FromDate=13&FromMonth=05&FromYear=2000&ToDate=13&ToMonth=11&ToYear=2020&Variable=Issuer,1620589535,15:45:35,20210509
7,2019-03-31,BNG.TO,CAD,2019-03-31,2019-03-31,Q1,2667000.0,432000.0,2235000.0,0.8380202474690663,0.0,819000.0,0.0,0.0,1402000.0,1834000.0,294000.0,0.0,1207000.0,0.4525684289463817,833000.0,0.3123359580052493,-2684000.0,-2144000.0,-0.8038995125609298,0.0,-2144000.0,-0.8038995125609298,-0.02096472958041206,-0.02096472958041206,102267000.0,102267000.0,https://www.sedar.com/ModifyCompanyDocumentSearchForm.do?lang=EN&company_search=Bengal Energy Ltd&document_selection=0&industry_group=A&FromDate=13&FromMonth=05&FromYear=2000&ToDate=13&ToMonth=11&ToYear=2020&Variable=Issuer,https://www.sedar.com/ModifyCompanyDocumentSearchForm.do?lang=EN&company_search=Bengal Energy Ltd&document_selection=0&industry_group=A&FromDate=13&FromMonth=05&FromYear=2000&ToDate=13&ToMonth=11&ToYear=2020&Variable=Issuer,1620589535,15:45:35,20210509
8,2018-12-31,BNG.TO,CAD,2018-12-31,2018-12-31,Q4,2014000.0,474000.0,1540000.0,0.7646474677259185,0.0,699000.0,0.0,0.0,1680000.0,2154000.0,248000.0,0.0,215000.0,0.1067527308838133,-140000.0,-0.06951340615690169,1270000.0,883000.0,0.4384309831181728,0.0,883000.0,0.4384309831181728,0.01,0.01,102267000.0,102267000.0,https://www.sedar.com/ModifyCompanyDocumentSearchForm.do?lang=EN&company_search=Bengal Energy Ltd&document_selection=0&industry_group=A&FromDate=13&FromMonth=05&FromYear=2000&ToDate=13&ToMonth=11&ToYear=2020&Variable=Issuer,https://www.sedar.com/ModifyCompanyDocumentSearchForm.do?lang=EN&company_search=Bengal Energy Ltd&document_selection=0&industry_group=A&FromDate=13&FromMonth=05&FromYear=2000&ToDate=13&ToMonth=11&ToYear=2020&Variable=Issuer,1620589535,15:45:35,20210509
9,2018-09-30,BNG.TO,CAD,2018-09-30,2018-09-30,Q3,3315000.0,622000.0,2693000.0,0.81236802413273,0.0,753000.0,0.0,0.0,1774000.0,2396000.0,249000.0,0.0,1269000.0,0.38280542986425337,919000.0,0.2772247360482655,-1399000.0,-728000.0,-0.2196078431372549,0.0,-728000.0,-0.2196078431372549,-0.01,-0.01,102267000.0,102267000.0,https://www.sedar.com/ModifyCompanyDocumentSearchForm.do?lang=EN&company_search=Bengal Energy Ltd&document_selection=0&industry_group=A&FromDate=13&FromMonth=05&FromYear=2000&ToDate=13&ToMonth=11&ToYear=2020&Variable=Issuer,https://www.sedar.com/ModifyCompanyDocumentSearchForm.do?lang=EN&company_search=Bengal Energy Ltd&document_selection=0&industry_group=A&FromDate=13&FromMonth=05&FromYear=2000&ToDate=13&ToMonth=11&ToYear=2020&Variable=Issuer,1620589535,15:45:35,20210509
10,2018-06-30,BNG.TO,CAD,2018-06-30,2018-06-30,Q2,3215000.0,499000.0,2716000.0,0.8447900466562986,0.0,698000.0,0.0,0.0,1777000.0,2276000.0,251000.0,0.0,1327000.0,0.41275272161741833,939000.0,0.2920684292379471,-1181000.0,-486000.0,-0.15116640746500778,0.0,-486000.0,-0.15116640746500778,-0.004752,-0.004752,102266694.0,102266694.0,https://www.sedar.com/ModifyCompanyDocumentSearchForm.do?lang=EN&company_search=Bengal Energy Ltd&document_selection=0&industry_group=A&FromDate=13&FromMonth=05&FromYear=2000&ToDate=13&ToMonth=11&ToYear=2020&Variable=Issuer,https://www.sedar.com/ModifyCompanyDocumentSearchForm.do?lang=EN&company_search=Bengal Energy Ltd&document_selection=0&industry_group=A&FromDate=13&FromMonth=05&FromYear=2000&ToDate=13&ToMonth=11&ToYear=2020&Variable=Issuer,1620589535,15:45:35,20210509
11,2018-03-31,BNG.TO,CAD,2018-03-31,2018-03-31,Q1,2783000.0,712000.0,2071000.0,0.7441609773625584,0.0,642000.0,0.0,0.0,1728000.0,2440000.0,236000.0,0.0,-11247000.0,-4.041322314049586,343000.0,0.12324829320876751,-12634000.0,-12526000.0,-4.500898311174991,0.0,-12526000.0,-4.500898311174991,-0.12248330350944098,-0.12248330350944098,102267000.0,102267000.0,https://www.sedar.com/ModifyCompanyDocumentSearchForm.do?lang=EN&company_search=Bengal Energy Ltd&document_selection=0&industry_group=A&FromDate=13&FromMonth=05&FromYear=2000&ToDate=13&ToMonth=11&ToYear=2020&Variable=Issuer,https://www.sedar.com/ModifyCompanyDocumentSearchForm.do?lang=EN&company_search=Bengal Energy Ltd&document_selection=0&industry_group=A&FromDate=13&FromMonth=05&FromYear=2000&ToDate=13&ToMonth=11&ToYear=2020&Variable=Issuer,1620589535,15:45:35,20210509
12,2017-12-31,BNG.TO,CAD,2017-12-31,2017-12-31,Q4,3211000.0,691000.0,2520000.0,0.7848022422921208,0.0,653000.0,0.0,0.0,1395000.0,2086000.0,246000.0,0.0,1595000.0,0.49672999065711615,1125000.0,0.3503581438804111,-675000.0,206000.0,0.06415446901276861,0.0,206000.0,0.06415446901276861,0.002014,0.002014,102267000.0,102267000.0,https://www.sedar.com/ModifyCompanyDocumentSearchForm.do?lang=EN&company_search=Bengal Energy Ltd&document_selection=0&industry_group=A&FromDate=13&FromMonth=05&FromYear=2000&ToDate=13&ToMonth=11&ToYear=2020&Variable=Issuer,https://www.sedar.com/ModifyCompanyDocumentSearchForm.do?lang=EN&company_search=Bengal Energy Ltd&document_selection=0&industry_group=A&FromDate=13&FromMonth=05&FromYear=2000&ToDate=13&ToMonth=11&ToYear=2020&Variable=Issuer,1620589535,15:45:35,20210509
13,2017-09-30,BNG.TO,CAD,2017-09-30,2017-09-30,Q3,2410000.0,649000.0,1761000.0,0.7307053941908713,0.0,643000.0,0.0,124000.0,1890000.0,2539000.0,230000.0,0.0,504000.0,0.2091286307053942,-129000.0,-0.053526970954356844,-145000.0,-500000.0,-0.2074688796680498,0.0,-500000.0,-0.2074688796680498,-0.004889,-0.004889,102267000.0,102267000.0,https://www.sedar.com/ModifyCompanyDocumentSearchForm.do?lang=EN&company_search=Bengal Energy Ltd&document_selection=0&industry_group=A&FromDate=13&FromMonth=05&FromYear=2000&ToDate=13&ToMonth=11&ToYear=2020&Variable=Issuer,https://www.sedar.com/ModifyCompanyDocumentSearchForm.do?lang=EN&company_search=Bengal Energy Ltd&document_selection=0&industry_group=A&FromDate=13&FromMonth=05&FromYear=2000&ToDate=13&ToMonth=11&ToYear=2020&Variable=Issuer,1620589535,15:45:35,20210509
14,2017-06-30,BNG.TO,CAD,2017-06-30,2017-06-30,Q2,2306000.0,630000.0,1676000.0,0.7267996530789246,0.0,555000.0,0.0,0.0,1235000.0,1865000.0,242000.0,0.0,938000.0,0.406764960971379,441000.0,0.19124024284475283,344000.0,549000.0,0.2380745880312229,0.0,549000.0,0.2380745880312229,0.0053683006248349905,0.005323378260447978,102267000.0,103130000.0,https://www.sedar.com/ModifyCompanyDocumentSearchForm.do?lang=EN&company_search=Bengal Energy Ltd&document_selection=0&industry_group=A&FromDate=13&FromMonth=05&FromYear=2000&ToDate=13&ToMonth=11&ToYear=2020&Variable=Issuer,https://www.sedar.com/ModifyCompanyDocumentSearchForm.do?lang=EN&company_search=Bengal Energy Ltd&document_selection=0&industry_group=A&FromDate=13&FromMonth=05&FromYear=2000&ToDate=13&ToMonth=11&ToYear=2020&Variable=Issuer,1620589535,15:45:35,20210509
15,2017-03-31,BNG.TO,CAD,2017-03-31,2017-03-31,Q1,2179000.0,100000.0,2079000.0,0.9541073887104177,0.0,725000.0,0.0,62000.0,1722000.0,1822000.0,178000.0,0.0,874000.0,0.40110142267095,357000.0,0.16383662230380908,1744000.0,1931000.0,0.8861863240018357,0.0,1931000.0,0.8861863240018357,0.01888194627788045,0.01888194627788045,102267000.0,102267000.0,https://www.sedar.com/ModifyCompanyDocumentSearchForm.do?lang=EN&company_search=Bengal Energy Ltd&document_selection=0&industry_group=A&FromDate=13&FromMonth=05&FromYear=2000&ToDate=13&ToMonth=11&ToYear=2020&Variable=Issuer,https://www.sedar.com/ModifyCompanyDocumentSearchForm.do?lang=EN&company_search=Bengal Energy Ltd&document_selection=0&industry_group=A&FromDate=13&FromMonth=05&FromYear=2000&ToDate=13&ToMonth=11&ToYear=2020&Variable=Issuer,1620589535,15:45:35,20210509
16,2016-12-31,BNG.TO,CAD,2016-12-31,2016-12-31,Q4,2325000.0,520000.0,1805000.0,0.7763440860215054,0.0,650000.0,0.0,0.0,1930000.0,2450000.0,256000.0,0.0,443000.0,0.19053763440860216,-125000.0,-0.053763440860215055,-1908000.0,-2288000.0,-0.9840860215053764,0.0,-2288000.0,-0.9840860215053764,-0.03,-0.03,68919000.0,68919000.0,https://www.sedar.com/ModifyCompanyDocumentSearchForm.do?lang=EN&company_search=Bengal Energy Ltd&document_selection=0&industry_group=A&FromDate=13&FromMonth=05&FromYear=2000&ToDate=13&ToMonth=11&ToYear=2020&Variable=Issuer,https://www.sedar.com/ModifyCompanyDocumentSearchForm.do?lang=EN&company_search=Bengal Energy Ltd&document_selection=0&industry_group=A&FromDate=13&FromMonth=05&FromYear=2000&ToDate=13&ToMonth=11&ToYear=2020&Variable=Issuer,1620589535,15:45:35,20210509
17,2016-09-30,BNG.TO,CAD,2016-09-30,2016-09-30,Q3,2301000.0,663000.0,1638000.0,0.711864406779661,0.0,664000.0,0.0,316000.0,1863000.0,2526000.0,258000.0,0.0,722000.0,0.3137766188613646,-225000.0,-0.09778357235984354,806000.0,325000.0,0.14124293785310735,0.0,325000.0,0.14124293785310735,0.00454,0.004535,71586900.0,71669850.0,https://www.sedar.com/ModifyCompanyDocumentSearchForm.do?lang=EN&company_search=Bengal Energy Ltd&document_selection=0&industry_group=A&FromDate=13&FromMonth=05&FromYear=2000&ToDate=13&ToMonth=11&ToYear=2020&Variable=Issuer,https://www.sedar.com/ModifyCompanyDocumentSearchForm.do?lang=EN&company_search=Bengal Energy Ltd&document_selection=0&industry_group=A&FromDate=13&FromMonth=05&FromYear=2000&ToDate=13&ToMonth=11&ToYear=2020&Variable=Issuer,1620589535,15:45:35,20210509
18,2016-06-30,BNG.TO,CAD,2016-06-30,2016-06-30,Q2,2489000.0,813000.0,1676000.0,0.6733627963037364,0.0,730000.0,0.0,0.0,2155000.0,2968000.0,310000.0,0.0,188000.0,0.07553234230614704,-479000.0,-0.1924467657693853,-1948000.0,-2736000.0,-1.099236641221374,0.0,-2736000.0,-1.099236641221374,-0.038095,-0.038095,71586900.0,71586900.0,https://www.sedar.com/ModifyCompanyDocumentSearchForm.do?lang=EN&company_search=Bengal Energy Ltd&document_selection=0&industry_group=A&FromDate=13&FromMonth=05&FromYear=2000&ToDate=13&ToMonth=11&ToYear=2020&Variable=Issuer,https://www.sedar.com/ModifyCompanyDocumentSearchForm.do?lang=EN&company_search=Bengal Energy Ltd&document_selection=0&industry_group=A&FromDate=13&FromMonth=05&FromYear=2000&ToDate=13&ToMonth=11&ToYear=2020&Variable=Issuer,1620589535,15:45:35,20210509
19,2016-03-31,BNG.TO,CAD,2016-03-31,2016-03-31,Q1,2253000.0,877000.0,1376000.0,0.6107412339103417,0.0,707000.0,0.0,0.0,2190000.0,3067000.0,348000.0,0.0,-40000.0,-0.01775410563692854,-814000.0,-0.36129604971149576,-10545000.0,-11704000.0,-5.194851309365291,0.0,-11704000.0,-5.194851309365291,-0.11444552006023448,-0.11444552006023448,102267000.0,102267000.0,https://www.sedar.com/ModifyCompanyDocumentSearchForm.do?lang=EN&company_search=Bengal Energy Ltd&document_selection=0&industry_group=A&FromDate=13&FromMonth=05&FromYear=2000&ToDate=13&ToMonth=11&ToYear=2020&Variable=Issuer,https://www.sedar.com/ModifyCompanyDocumentSearchForm.do?lang=EN&company_search=Bengal Energy Ltd&document_selection=0&industry_group=A&FromDate=13&FromMonth=05&FromYear=2000&ToDate=13&ToMonth=11&ToYear=2020&Variable=Issuer,1620589535,15:45:35,20210509
20,2015-12-31,BNG.TO,CAD,2015-12-31,2015-12-31,Q4,1838000.0,1217000.0,621000.0,0.337867247007617,0.0,675000.0,0.0,-2000.0,2115000.0,3332000.0,333000.0,0.0,-407000.0,-0.22143634385201305,-1494000.0,-0.8128400435255713,3235000.0,1413000.0,0.7687704026115343,0.0,1413000.0,0.7687704026115343,0.019048,0.019048,71586900.0,71586900.0,https://www.sedar.com/ModifyCompanyDocumentSearchForm.do?lang=EN&company_search=Bengal Energy Ltd&document_selection=0&industry_group=A&FromDate=13&FromMonth=05&FromYear=2000&ToDate=13&ToMonth=11&ToYear=2020&Variable=Issuer,https://www.sedar.com/ModifyCompanyDocumentSearchForm.do?lang=EN&company_search=Bengal Energy Ltd&document_selection=0&industry_group=A&FromDate=13&FromMonth=05&FromYear=2000&ToDate=13&ToMonth=11&ToYear=2020&Variable=Issuer,1620589535,15:45:35,20210509
21,2015-09-30,BNG.TO,CAD,2015-09-30,2015-09-30,Q3,3392000.0,1670000.0,1722000.0,0.5076650943396226,0.0,674000.0,0.0,0.0,2561000.0,4231000.0,326000.0,0.0,610000.0,0.17983490566037735,-839000.0,-0.24734669811320756,2318000.0,1167000.0,0.3440448113207547,0.0,1167000.0,0.3440448113207547,0.016301865285408362,0.016291828956736608,71586900.0,71631000.0,https://www.sedar.com/ModifyCompanyDocumentSearchForm.do?lang=EN&company_search=Bengal Energy Ltd&document_selection=0&industry_group=A&FromDate=13&FromMonth=05&FromYear=2000&ToDate=13&ToMonth=11&ToYear=2020&Variable=Issuer,https://www.sedar.com/ModifyCompanyDocumentSearchForm.do?lang=EN&company_search=Bengal Energy Ltd&document_selection=0&industry_group=A&FromDate=13&FromMonth=05&FromYear=2000&ToDate=13&ToMonth=11&ToYear=2020&Variable=Issuer,1620589535,15:45:35,20210509
22,2015-06-30,BNG.TO,CAD,2015-06-30,2015-06-30,Q2,3704000.0,1507000.0,2197000.0,0.5931425485961123,0.0,698000.0,0.0,0.0,2401000.0,3908000.0,290000.0,0.0,1039000.0,0.2805075593952484,-204000.0,-0.0550755939524838,-752000.0,-1256000.0,-0.3390928725701944,0.0,-1256000.0,-0.3390928725701944,-0.019048,-0.019048,71586900.0,71586900.0,https://www.sedar.com/ModifyCompanyDocumentSearchForm.do?lang=EN&company_search=Bengal Energy Ltd&document_selection=0&industry_group=A&FromDate=13&FromMonth=05&FromYear=2000&ToDate=13&ToMonth=11&ToYear=2020&Variable=Issuer,https://www.sedar.com/ModifyCompanyDocumentSearchForm.do?lang=EN&company_search=Bengal Energy Ltd&document_selection=0&industry_group=A&FromDate=13&FromMonth=05&FromYear=2000&ToDate=13&ToMonth=11&ToYear=2020&Variable=Issuer,1620589535,15:45:35,20210509
23,2015-03-31,BNG.TO,CAD,2015-03-31,2015-03-31,Q1,3378000.0,1513000.0,1865000.0,0.5521018354055655,0.0,924000.0,0.0,19000.0,2655000.0,4168000.0,374000.0,0.0,497000.0,0.14712847838957963,-790000.0,-0.23386619301361752,155000.0,-1052000.0,-0.3114268798105388,0.0,-1052000.0,-0.3114268798105388,-0.010286798282926066,-0.010286798282926066,102267000.0,102267000.0,https://www.sedar.com/ModifyCompanyDocumentSearchForm.do?lang=EN&company_search=Bengal Energy Ltd&document_selection=0&industry_group=A&FromDate=13&FromMonth=05&FromYear=2000&ToDate=13&ToMonth=11&ToYear=2020&Variable=Issuer,https://www.sedar.com/ModifyCompanyDocumentSearchForm.do?lang=EN&company_search=Bengal Energy Ltd&document_selection=0&industry_group=A&FromDate=13&FromMonth=05&FromYear=2000&ToDate=13&ToMonth=11&ToYear=2020&Variable=Issuer,1620589535,15:45:35,20210509
24,2014-12-31,BNG.TO,CAD,2014-12-31,2014-12-31,Q4,3944000.0,1931000.0,2013000.0,0.5103955375253549,0.0,801000.0,0.0,-11000.0,2599000.0,4530000.0,381000.0,0.0,601000.0,0.15238336713995942,-586000.0,-0.14858012170385396,38000.0,-1293000.0,-0.3278397565922921,0.0,-1293000.0,-0.3278397565922921,-0.019048,-0.019048,67926600.0,67926600.0,https://www.sedar.com/ModifyCompanyDocumentSearchForm.do?lang=EN&company_search=Bengal Energy Ltd&document_selection=0&industry_group=A&FromDate=13&FromMonth=05&FromYear=2000&ToDate=13&ToMonth=11&ToYear=2020&Variable=Issuer,https://www.sedar.com/ModifyCompanyDocumentSearchForm.do?lang=EN&company_search=Bengal Energy Ltd&document_selection=0&industry_group=A&FromDate=13&FromMonth=05&FromYear=2000&ToDate=13&ToMonth=11&ToYear=2020&Variable=Issuer,1620589535,15:45:35,20210509
25,2014-09-30,BNG.TO,CAD,2014-09-30,2014-09-30,Q3,4458000.0,1583000.0,2875000.0,0.6449080305069538,0.0,876000.0,0.0,-169000.0,2400000.0,3983000.0,246000.0,0.0,1699000.0,0.38111260655002244,475000.0,0.10655002243158367,-342000.0,-98000.0,-0.021982951996410947,0.0,-98000.0,-0.021982951996410947,-0.001443,-0.001443,67926600.0,67926600.0,https://www.sedar.com/ModifyCompanyDocumentSearchForm.do?lang=EN&company_search=Bengal Energy Ltd&document_selection=0&industry_group=A&FromDate=13&FromMonth=05&FromYear=2000&ToDate=13&ToMonth=11&ToYear=2020&Variable=Issuer,https://www.sedar.com/ModifyCompanyDocumentSearchForm.do?lang=EN&company_search=Bengal Energy Ltd&document_selection=0&industry_group=A&FromDate=13&FromMonth=05&FromYear=2000&ToDate=13&ToMonth=11&ToYear=2020&Variable=Issuer,1620589535,15:45:35,20210509
26,2014-06-30,BNG.TO,CAD,2014-06-30,2014-06-30,Q2,3889000.0,1192000.0,2697000.0,0.6934944715865261,0.0,976000.0,0.0,-173000.0,2185000.0,3377000.0,243000.0,0.0,1156000.0,0.2972486500385703,512000.0,0.13165338133196194,-904000.0,-729000.0,-0.18745178709179738,0.0,-729000.0,-0.18745178709179738,-0.009524,-0.009524,67918200.0,67918200.0,https://www.sedar.com/ModifyCompanyDocumentSearchForm.do?lang=EN&company_search=Bengal Energy Ltd&document_selection=0&industry_group=A&FromDate=13&FromMonth=05&FromYear=2000&ToDate=13&ToMonth=11&ToYear=2020&Variable=Issuer,https://www.sedar.com/ModifyCompanyDocumentSearchForm.do?lang=EN&company_search=Bengal Energy Ltd&document_selection=0&industry_group=A&FromDate=13&FromMonth=05&FromYear=2000&ToDate=13&ToMonth=11&ToYear=2020&Variable=Issuer,1620589535,15:45:35,20210509
27,2014-03-31,BNG.TO,CAD,2014-03-31,2014-03-31,Q1,5272000.0,1681000.0,3591000.0,0.6811456752655539,0.0,1287000.0,0.0,0.0,2802000.0,4483000.0,219000.0,0.0,2068000.0,0.3922610015174507,789000.0,0.14965857359635812,-2379000.0,-1804000.0,-0.34218512898330805,0.0,-1804000.0,-0.34218512898330805,-0.017640098956652684,-0.017640098956652684,102267000.0,102267000.0,https://www.sedar.com/ModifyCompanyDocumentSearchForm.do?lang=EN&company_search=Bengal Energy Ltd&document_selection=0&industry_group=A&FromDate=13&FromMonth=05&FromYear=2000&ToDate=13&ToMonth=11&ToYear=2020&Variable=Issuer,https://www.sedar.com/ModifyCompanyDocumentSearchForm.do?lang=EN&company_search=Bengal Energy Ltd&document_selection=0&industry_group=A&FromDate=13&FromMonth=05&FromYear=2000&ToDate=13&ToMonth=11&ToYear=2020&Variable=Issuer,1620589535,15:45:35,20210509
28,2013-12-31,BNG.TO,CAD,2013-12-31,2013-12-31,Q4,5516000.0,1555000.0,3961000.0,0.7180928208846991,0.0,984000.0,0.0,0.0,2351000.0,3906000.0,245000.0,0.0,2777000.0,0.5034445250181291,1610000.0,0.2918781725888325,-769000.0,573000.0,0.10387962291515591,0.0,573000.0,0.10387962291515591,0.00848502348929932,0.008461211326505298,67530750.0,67720800.0,https://www.sedar.com/ModifyCompanyDocumentSearchForm.do?lang=EN&company_search=Bengal Energy Ltd&document_selection=0&industry_group=A&FromDate=13&FromMonth=05&FromYear=2000&ToDate=13&ToMonth=11&ToYear=2020&Variable=Issuer,https://www.sedar.com/ModifyCompanyDocumentSearchForm.do?lang=EN&company_search=Bengal Energy Ltd&document_selection=0&industry_group=A&FromDate=13&FromMonth=05&FromYear=2000&ToDate=13&ToMonth=11&ToYear=2020&Variable=Issuer,1620589535,15:45:35,20210509
29,2013-09-30,BNG.TO,CAD,2013-09-30,2013-09-30,Q3,5312000.0,1611000.0,3701000.0,0.6967243975903614,0.0,1374000.0,0.0,0.0,2859000.0,4470000.0,239000.0,0.0,2057000.0,0.38723644578313254,842000.0,0.1585090361445783,-75000.0,490000.0,0.09224397590361445,-55000.0,545000.0,0.10259789156626506,0.008128026105131917,0.00810024687174411,67051950.0,67281900.0,https://www.sedar.com/ModifyCompanyDocumentSearchForm.do?lang=EN&company_search=Bengal Energy Ltd&document_selection=0&industry_group=A&FromDate=13&FromMonth=05&FromYear=2000&ToDate=13&ToMonth=11&ToYear=2020&Variable=Issuer,https://www.sedar.com/ModifyCompanyDocumentSearchForm.do?lang=EN&company_search=Bengal Energy Ltd&document_selection=0&industry_group=A&FromDate=13&FromMonth=05&FromYear=2000&ToDate=13&ToMonth=11&ToYear=2020&Variable=Issuer,1620589535,15:45:35,20210509
30,2013-06-30,BNG.TO,CAD,2013-06-30,2013-06-30,Q2,3722000.0,1018000.0,2704000.0,0.7264911337990327,0.0,936000.0,0.0,0.0,1868000.0,2886000.0,52000.0,0.0,1615000.0,0.4339065018807093,836000.0,0.2246104245029554,89000.0,838000.0,0.22514777001612035,0.0,836000.0,0.2246104245029554,0.013283036807279104,0.012547419414574032,62937415.0,66627246.0,https://www.sedar.com/ModifyCompanyDocumentSearchForm.do?lang=EN&company_search=Bengal Energy Ltd&document_selection=0&industry_group=A&FromDate=13&FromMonth=05&FromYear=2000&ToDate=13&ToMonth=11&ToYear=2020&Variable=Issuer,https://www.sedar.com/ModifyCompanyDocumentSearchForm.do?lang=EN&company_search=Bengal Energy Ltd&document_selection=0&industry_group=A&FromDate=13&FromMonth=05&FromYear=2000&ToDate=13&ToMonth=11&ToYear=2020&Variable=Issuer,1620589535,15:45:35,20210509
31,2013-03-31,BNG.TO,CAD,2013-03-31,2013-03-31,Q1,3013000.0,1009000.0,2004000.0,0.6651178227680054,0.0,970000.0,0.0,0.0,1671000.0,2680000.0,6000.0,0.0,985000.0,0.3269166943245934,333000.0,0.1105210753401925,-841000.0,-600000.0,-0.19913707268503153,0.0,-592000.0,-0.19648191171589777,-0.005788768615486912,-0.005788768615486912,102267000.0,102267000.0,https://www.sedar.com/ModifyCompanyDocumentSearchForm.do?lang=EN&company_search=Bengal Energy Ltd&document_selection=0&industry_group=A&FromDate=13&FromMonth=05&FromYear=2000&ToDate=13&ToMonth=11&ToYear=2020&Variable=Issuer,https://www.sedar.com/ModifyCompanyDocumentSearchForm.do?lang=EN&company_search=Bengal Energy Ltd&document_selection=0&industry_group=A&FromDate=13&FromMonth=05&FromYear=2000&ToDate=13&ToMonth=11&ToYear=2020&Variable=Issuer,1620589535,15:45:35,20210509
32,2012-12-31,BNG.TO,CAD,2012-12-31,2012-12-31,Q4,1937000.0,693000.0,1244000.0,0.642230252968508,0.0,772000.0,0.0,0.0,1395000.0,2088000.0,5000.0,0.0,378000.0,0.19514713474445017,-151000.0,-0.07795560144553433,-3000.0,-151000.0,-0.07795560144553433,0.0,-151000.0,-0.07795560144553433,-0.00276,-0.00276,54715500.0,54715500.0,https://www.sedar.com/ModifyCompanyDocumentSearchForm.do?lang=EN&company_search=Bengal Energy Ltd&document_selection=0&industry_group=A&FromDate=13&FromMonth=05&FromYear=2000&ToDate=13&ToMonth=11&ToYear=2020&Variable=Issuer,https://www.sedar.com/ModifyCompanyDocumentSearchForm.do?lang=EN&company_search=Bengal Energy Ltd&document_selection=0&industry_group=A&FromDate=13&FromMonth=05&FromYear=2000&ToDate=13&ToMonth=11&ToYear=2020&Variable=Issuer,1620589535,15:45:35,20210509
33,2012-09-30,BNG.TO,CAD,2012-09-30,2012-09-30,Q3,437000.0,38000.0,399000.0,0.9130434782608695,0.0,955000.0,0.0,0.0,1302000.0,1340000.0,1000.0,0.0,-742000.0,-1.6979405034324944,-903000.0,-2.066361556064073,-6000.0,-845000.0,-1.9336384439359269,0.0,-845000.0,-1.9336384439359269,-0.019048,-0.019048,54715500.0,54715500.0,https://www.sedar.com/ModifyCompanyDocumentSearchForm.do?lang=EN&company_search=Bengal Energy Ltd&document_selection=0&industry_group=A&FromDate=13&FromMonth=05&FromYear=2000&ToDate=13&ToMonth=11&ToYear=2020&Variable=Issuer,https://www.sedar.com/ModifyCompanyDocumentSearchForm.do?lang=EN&company_search=Bengal Energy Ltd&document_selection=0&industry_group=A&FromDate=13&FromMonth=05&FromYear=2000&ToDate=13&ToMonth=11&ToYear=2020&Variable=Issuer,1620589535,15:45:35,20210509
34,2012-06-30,BNG.TO,CAD,2012-06-30,2012-06-30,Q2,498000.0,45000.0,453000.0,0.9096385542168675,0.0,1256000.0,0.0,0.0,1596000.0,1641000.0,26000.0,0.0,-958000.0,-1.9236947791164658,-1143000.0,-2.2951807228915664,866000.0,-211000.0,-0.42369477911646586,0.0,-211000.0,-0.42369477911646586,-0.003856311282908865,-0.003856311282908865,54715500.0,54715500.0,https://www.sedar.com/ModifyCompanyDocumentSearchForm.do?lang=EN&company_search=Bengal Energy Ltd&document_selection=0&industry_group=A&FromDate=13&FromMonth=05&FromYear=2000&ToDate=13&ToMonth=11&ToYear=2020&Variable=Issuer,https://www.sedar.com/ModifyCompanyDocumentSearchForm.do?lang=EN&company_search=Bengal Energy Ltd&document_selection=0&industry_group=A&FromDate=13&FromMonth=05&FromYear=2000&ToDate=13&ToMonth=11&ToYear=2020&Variable=Issuer,1620589535,15:45:35,20210509
35,2012-03-31,BNG.TO,CAD,2012-03-31,2012-03-31,Q1,622000.0,76000.0,546000.0,0.8778135048231511,0.0,1547000.0,0.0,-26000.0,1640000.0,1716000.0,19000.0,0.0,-585000.0,-0.9405144694533762,-1094000.0,-1.7588424437299035,-442000.0,0.0,0.0,0.0,-1424000.0,-2.289389067524116,-0.013924335318333382,-0.013924335318333382,102267000.0,102267000.0,https://www.sedar.com/ModifyCompanyDocumentSearchForm.do?lang=EN&company_search=Bengal Energy Ltd&document_selection=0&industry_group=A&FromDate=13&FromMonth=05&FromYear=2000&ToDate=13&ToMonth=11&ToYear=2020&Variable=Issuer,https://www.sedar.com/ModifyCompanyDocumentSearchForm.do?lang=EN&company_search=Bengal Energy Ltd&document_selection=0&industry_group=A&FromDate=13&FromMonth=05&FromYear=2000&ToDate=13&ToMonth=11&ToYear=2020&Variable=Issuer,1620589535,15:45:35,20210509
36,2011-12-31,BNG.TO,CAD,2011-12-31,2011-12-31,Q4,1328000.0,900000.0,428000.0,0.32228915662650603,0.0,1022000.0,0.0,-179000.0,1148000.0,2048000.0,3000.0,0.0,-845000.0,-0.6362951807228916,-720000.0,-0.5421686746987951,72000.0,0.0,0.0,0.0,-477000.0,-0.35918674698795183,-0.009524,-0.009524,54692400.0,54692400.0,https://www.sedar.com/ModifyCompanyDocumentSearchForm.do?lang=EN&company_search=Bengal Energy Ltd&document_selection=0&industry_group=A&FromDate=13&FromMonth=05&FromYear=2000&ToDate=13&ToMonth=11&ToYear=2020&Variable=Issuer,https://www.sedar.com/ModifyCompanyDocumentSearchForm.do?lang=EN&company_search=Bengal Energy Ltd&document_selection=0&industry_group=A&FromDate=13&FromMonth=05&FromYear=2000&ToDate=13&ToMonth=11&ToYear=2020&Variable=Issuer,1620589535,15:45:35,20210509
37,2011-09-30,BNG.TO,CAD,2011-09-30,2011-09-30,Q3,1017000.0,411000.0,606000.0,0.5958702064896755,0.0,4904000.0,0.0,-11000.0,5008000.0,5419000.0,2000.0,0.0,-4298000.0,-4.226155358898722,-4402000.0,-4.328416912487709,-11000.0,0.0,0.0,0.0,-4247000.0,-4.176007866273353,-0.07619,-0.07619,54559050.0,54559050.0,https://www.sedar.com/ModifyCompanyDocumentSearchForm.do?lang=EN&company_search=Bengal Energy Ltd&document_selection=0&industry_group=A&FromDate=13&FromMonth=05&FromYear=2000&ToDate=13&ToMonth=11&ToYear=2020&Variable=Issuer,https://www.sedar.com/ModifyCompanyDocumentSearchForm.do?lang=EN&company_search=Bengal Energy Ltd&document_selection=0&industry_group=A&FromDate=13&FromMonth=05&FromYear=2000&ToDate=13&ToMonth=11&ToYear=2020&Variable=Issuer,1620589535,15:45:35,20210509
38,2011-06-30,BNG.TO,CAD,2011-06-30,2011-06-30,Q2,1319000.0,643000.0,676000.0,0.5125094768764216,0.0,1741000.0,0.0,5000.0,1838000.0,2481000.0,44000.0,0.0,-1065000.0,-0.8074298711144806,-1162000.0,-0.8809704321455648,5000.0,0.0,0.0,0.0,-1061000.0,-0.8043972706595905,-0.019048,-0.019048,52271100.0,52271100.0,https://www.sedar.com/ModifyCompanyDocumentSearchForm.do?lang=EN&company_search=Bengal Energy Ltd&document_selection=0&industry_group=A&FromDate=13&FromMonth=05&FromYear=2000&ToDate=13&ToMonth=11&ToYear=2020&Variable=Issuer,https://www.sedar.com/ModifyCompanyDocumentSearchForm.do?lang=EN&company_search=Bengal Energy Ltd&document_selection=0&industry_group=A&FromDate=13&FromMonth=05&FromYear=2000&ToDate=13&ToMonth=11&ToYear=2020&Variable=Issuer,1620589535,15:45:35,20210509
39,2011-03-31,BNG.TO,CAD,2011-03-31,2011-03-31,Q1,755000.0,362000.0,393000.0,0.5205298013245033,0.0,1246000.0,0.0,0.0,1581000.0,1943000.0,0.0,0.0,-930000.0,-1.2317880794701987,-1188000.0,-1.5735099337748344,0.0,0.0,0.0,0.0,-1188000.0,-1.5735099337748344,-0.011616650532429816,-0.011616650532429816,102267000.0,102267000.0,https://www.sedar.com/ModifyCompanyDocumentSearchForm.do?lang=EN&company_search=Bengal Energy Ltd&document_selection=0&industry_group=A&FromDate=13&FromMonth=05&FromYear=2000&ToDate=13&ToMonth=11&ToYear=2020&Variable=Issuer,https://www.sedar.com/ModifyCompanyDocumentSearchForm.do?lang=EN&company_search=Bengal Energy Ltd&document_selection=0&industry_group=A&FromDate=13&FromMonth=05&FromYear=2000&ToDate=13&ToMonth=11&ToYear=2020&Variable=Issuer,1620589535,15:45:35,20210509
40,2010-12-31,BNG.TO,CAD,2010-12-31,2010-12-31,Q4,485000.0,235000.0,250000.0,0.5154639175257731,0.0,1199000.0,0.0,0.0,1281000.0,1516000.0,0.0,0.0,-898000.0,-1.8515463917525774,-1031000.0,-2.1257731958762887,0.0,0.0,0.0,0.0,-1031000.0,-2.1257731958762887,-0.028571,-0.028571,31769850.0,31769850.0,https://www.sedar.com/ModifyCompanyDocumentSearchForm.do?lang=EN&company_search=Bengal Energy Ltd&document_selection=0&industry_group=A&FromDate=13&FromMonth=05&FromYear=2000&ToDate=13&ToMonth=11&ToYear=2020&Variable=Issuer,https://www.sedar.com/ModifyCompanyDocumentSearchForm.do?lang=EN&company_search=Bengal Energy Ltd&document_selection=0&industry_group=A&FromDate=13&FromMonth=05&FromYear=2000&ToDate=13&ToMonth=11&ToYear=2020&Variable=Issuer,1620589535,15:45:35,20210509
41,2010-09-30,BNG.TO,CAD,2010-09-30,2010-09-30,Q3,383000.0,260000.0,123000.0,0.32114882506527415,0.0,682000.0,0.0,0.0,807000.0,1067000.0,0.0,0.0,-563000.0,-1.4699738903394255,-684000.0,-1.7859007832898173,0.0,0.0,0.0,0.0,-684000.0,-1.7859007832898173,-0.038095,-0.038095,20282850.0,20282850.0,https://www.sedar.com/ModifyCompanyDocumentSearchForm.do?lang=EN&company_search=Bengal Energy Ltd&document_selection=0&industry_group=A&FromDate=13&FromMonth=05&FromYear=2000&ToDate=13&ToMonth=11&ToYear=2020&Variable=Issuer,https://www.sedar.com/ModifyCompanyDocumentSearchForm.do?lang=EN&company_search=Bengal Energy Ltd&document_selection=0&industry_group=A&FromDate=13&FromMonth=05&FromYear=2000&ToDate=13&ToMonth=11&ToYear=2020&Variable=Issuer,1620589535,15:45:35,20210509
42,2010-06-30,BNG.TO,CAD,2010-06-30,2010-06-30,Q2,349000.0,28000.0,321000.0,0.9197707736389685,0.0,791000.0,0.0,0.0,1068000.0,1096000.0,0.0,0.0,-645000.0,-1.848137535816619,-747000.0,-2.140401146131805,-4000.0,-751000.0,-2.151862464183381,0.0,-751000.0,-2.151862464183381,-0.038095,-0.038095,19136250.0,19136250.0,https://www.sedar.com/ModifyCompanyDocumentSearchForm.do?lang=EN&company_search=Bengal Energy Ltd&document_selection=0&industry_group=A&FromDate=13&FromMonth=05&FromYear=2000&ToDate=13&ToMonth=11&ToYear=2020&Variable=Issuer,https://www.sedar.com/ModifyCompanyDocumentSearchForm.do?lang=EN&company_search=Bengal Energy Ltd&document_selection=0&industry_group=A&FromDate=13&FromMonth=05&FromYear=2000&ToDate=13&ToMonth=11&ToYear=2020&Variable=Issuer,1620589535,15:45:35,20210509
43,2010-03-31,BNG.TO,CAD,2010-03-31,2010-03-31,Q1,457000.0,347000.0,110000.0,0.24070021881838075,0.0,1042000.0,0.0,0.0,2479000.0,2826000.0,0.0,0.0,-2793000.0,-6.111597374179431,-2369000.0,-5.183807439824945,930000.0,0.0,0.0,0.0,-1393000.0,-3.0481400437636763,-0.013621207232049438,-0.013621207232049438,102267000.0,102267000.0,https://www.sedar.com/ModifyCompanyDocumentSearchForm.do?lang=EN&company_search=Bengal Energy Ltd&document_selection=0&industry_group=A&FromDate=13&FromMonth=05&FromYear=2000&ToDate=13&ToMonth=11&ToYear=2020&Variable=Issuer,https://www.sedar.com/ModifyCompanyDocumentSearchForm.do?lang=EN&company_search=Bengal Energy Ltd&document_selection=0&industry_group=A&FromDate=13&FromMonth=05&FromYear=2000&ToDate=13&ToMonth=11&ToYear=2020&Variable=Issuer,1620589535,15:45:35,20210509
44,2009-12-31,BNG.TO,CAD,2009-12-31,2009-12-31,Q4,362000.0,164000.0,198000.0,0.5469613259668509,0.0,708000.0,0.0,5000.0,1078000.0,1242000.0,0.0,0.0,-510000.0,-1.408839779005525,-880000.0,-2.430939226519337,5000.0,0.0,0.0,0.0,-885000.0,-2.4447513812154695,-0.047619,-0.047619,19123650.0,19123650.0,https://www.sedar.com/ModifyCompanyDocumentSearchForm.do?lang=EN&company_search=Bengal Energy Ltd&document_selection=0&industry_group=A&FromDate=13&FromMonth=05&FromYear=2000&ToDate=13&ToMonth=11&ToYear=2020&Variable=Issuer,https://www.sedar.com/ModifyCompanyDocumentSearchForm.do?lang=EN&company_search=Bengal Energy Ltd&document_selection=0&industry_group=A&FromDate=13&FromMonth=05&FromYear=2000&ToDate=13&ToMonth=11&ToYear=2020&Variable=Issuer,1620589535,15:45:35,20210509
45,2009-09-30,BNG.TO,CAD,2009-09-30,2009-09-30,Q3,437000.0,230000.0,207000.0,0.47368421052631576,0.0,657000.0,0.0,0.0,2055000.0,2285000.0,0.0,0.0,-1404000.0,-3.2128146453089244,-1848000.0,-4.22883295194508,0.0,0.0,0.0,0.0,-1848000.0,-4.22883295194508,-0.095238,-0.095238,19123650.0,19123650.0,https://www.sedar.com/ModifyCompanyDocumentSearchForm.do?lang=EN&company_search=Bengal Energy Ltd&document_selection=0&industry_group=A&FromDate=13&FromMonth=05&FromYear=2000&ToDate=13&ToMonth=11&ToYear=2020&Variable=Issuer,https://www.sedar.com/ModifyCompanyDocumentSearchForm.do?lang=EN&company_search=Bengal Energy Ltd&document_selection=0&industry_group=A&FromDate=13&FromMonth=05&FromYear=2000&ToDate=13&ToMonth=11&ToYear=2020&Variable=Issuer,1620589535,15:45:35,20210509
46,2009-06-30,BNG.TO,CAD,2009-06-30,2009-06-30,Q2,581000.0,311000.0,270000.0,0.46471600688468157,0.0,579000.0,0.0,0.0,1135000.0,1446000.0,0.0,0.0,-306000.0,-0.5266781411359724,-865000.0,-1.4888123924268502,0.0,0.0,0.0,0.0,-865000.0,-1.4888123924268502,-0.047619,-0.047619,19123650.0,19123650.0,https://www.sedar.com/ModifyCompanyDocumentSearchForm.do?lang=EN&company_search=Bengal Energy Ltd&document_selection=0&industry_group=A&FromDate=13&FromMonth=05&FromYear=2000&ToDate=13&ToMonth=11&ToYear=2020&Variable=Issuer,https://www.sedar.com/ModifyCompanyDocumentSearchForm.do?lang=EN&company_search=Bengal Energy Ltd&document_selection=0&industry_group=A&FromDate=13&FromMonth=05&FromYear=2000&ToDate=13&ToMonth=11&ToYear=2020&Variable=Issuer,1620589535,15:45:35,20210509
47,2009-03-31,BNG.TO,CAD,2009-03-31,2009-03-31,Q1,1418000.0,0.0,0.0,0.0,0.0,0.0,0.0,0.0,96000.0,2123000.0,0.0,0.0,-145000.0,-0.10225669957686882,-705000.0,-0.49717912552891397,-134000.0,0.0,0.0,0.0,-839000.0,-0.5916784203102962,-0.008204014980394457,-0.008204014980394457,102267000.0,102267000.0,https://www.sedar.com/ModifyCompanyDocumentSearchForm.do?lang=EN&company_search=Bengal Energy Ltd&document_selection=0&industry_group=A&FromDate=13&FromMonth=05&FromYear=2000&ToDate=13&ToMonth=11&ToYear=2020&Variable=Issuer,https://www.sedar.com/ModifyCompanyDocumentSearchForm.do?lang=EN&company_search=Bengal Energy Ltd&document_selection=0&industry_group=A&FromDate=13&FromMonth=05&FromYear=2000&ToDate=13&ToMonth=11&ToYear=2020&Variable=Issuer,1620589535,15:45:35,20210509
48,2008-12-31,BNG.TO,CAD,2008-12-31,2008-12-31,Q4,729000.0,0.0,0.0,0.0,0.0,0.0,0.0,0.0,5190000.0,5190000.0,0.0,4357000.0,-104000.0,-0.14266117969821673,-4461000.0,-6.1193415637860085,-1735000.0,0.0,0.0,0.0,-6196000.0,-8.499314128943759,-0.32381,-0.32381,19123650.0,19123650.0,https://www.sedar.com/ModifyCompanyDocumentSearchForm.do?lang=EN&company_search=Bengal Energy Ltd&document_selection=0&industry_group=A&FromDate=13&FromMonth=05&FromYear=2000&ToDate=13&ToMonth=11&ToYear=2020&Variable=Issuer,https://www.sedar.com/ModifyCompanyDocumentSearchForm.do?lang=EN&company_search=Bengal Energy Ltd&document_selection=0&industry_group=A&FromDate=13&FromMonth=05&FromYear=2000&ToDate=13&ToMonth=11&ToYear=2020&Variable=Issuer,1620589535,15:45:35,20210509
49,2008-09-30,BNG.TO,CAD,2008-09-30,2008-09-30,Q3,1482000.0,631000.0,851000.0,0.5742240215924427,0.0,0.0,0.0,0.0,1798000.0,2429000.0,0.0,1077000.0,130000.0,0.08771929824561403,-947000.0,-0.6390013495276653,82000.0,0.0,0.0,0.0,-812000.0,-0.5479082321187584,-0.038095,-0.038095,19123650.0,19123650.0,https://www.sedar.com/ModifyCompanyDocumentSearchForm.do?lang=EN&company_search=Bengal Energy Ltd&document_selection=0&industry_group=A&FromDate=13&FromMonth=05&FromYear=2000&ToDate=13&ToMonth=11&ToYear=2020&Variable=Issuer,https://www.sedar.com/ModifyCompanyDocumentSearchForm.do?lang=EN&company_search=Bengal Energy Ltd&document_selection=0&industry_group=A&FromDate=13&FromMonth=05&FromYear=2000&ToDate=13&ToMonth=11&ToYear=2020&Variable=Issuer,1620589535,15:45:35,20210509
50,2008-06-30,BNG.TO,CAD,2008-06-30,2008-06-30,Q2,2022000.0,634000.0,1388000.0,0.6864490603363007,0.0,0.0,0.0,0.0,1774000.0,2408000.0,0.0,1042000.0,656000.0,0.32443125618199803,-386000.0,-0.19090009891196835,28000.0,0.0,0.0,0.0,-351000.0,-0.17359050445103857,-0.095238,-0.095238,3823890.0,3823890.0,https://www.sedar.com/ModifyCompanyDocumentSearchForm.do?lang=EN&company_search=Bengal Energy Ltd&document_selection=0&industry_group=A&FromDate=13&FromMonth=05&FromYear=2000&ToDate=13&ToMonth=11&ToYear=2020&Variable=Issuer,https://www.sedar.com/ModifyCompanyDocumentSearchForm.do?lang=EN&company_search=Bengal Energy Ltd&document_selection=0&industry_group=A&FromDate=13&FromMonth=05&FromYear=2000&ToDate=13&ToMonth=11&ToYear=2020&Variable=Issuer,1620589535,15:45:35,20210509
51,2008-03-31,BNG.TO,CAD,2008-03-31,2008-03-31,Q1,1016000.0,192000.0,824000.0,0.8110236220472441,0.0,0.0,0.0,0.0,1444000.0,1636000.0,0.0,256000.0,-364000.0,-0.35826771653543305,-620000.0,-0.610236220472441,-323000.0,0.0,0.0,0.0,-632000.0,-0.6220472440944882,-0.006179901630046838,-0.006179901630046838,102267000.0,102267000.0,https://www.sedar.com/ModifyCompanyDocumentSearchForm.do?lang=EN&company_search=Bengal Energy Ltd&document_selection=0&industry_group=A&FromDate=13&FromMonth=05&FromYear=2000&ToDate=13&ToMonth=11&ToYear=2020&Variable=Issuer,https://www.sedar.com/ModifyCompanyDocumentSearchForm.do?lang=EN&company_search=Bengal Energy Ltd&document_selection=0&industry_group=A&FromDate=13&FromMonth=05&FromYear=2000&ToDate=13&ToMonth=11&ToYear=2020&Variable=Issuer,1620589535,15:45:35,20210509
52,2007-12-31,BNG.TO,CAD,2007-12-31,2007-12-31,Q4,1037000.0,111000.0,926000.0,0.892960462873674,0.0,0.0,0.0,0.0,2596000.0,2707000.0,0.0,1733000.0,63000.0,0.06075216972034716,-1670000.0,-1.6104146576663452,-38000.0,0.0,0.0,0.0,-1702000.0,-1.6412729026036643,-0.095238,-0.095238,16104676.0,16104676.0,https://www.sedar.com/ModifyCompanyDocumentSearchForm.do?lang=EN&company_search=Bengal Energy Ltd&document_selection=0&industry_group=A&FromDate=13&FromMonth=05&FromYear=2000&ToDate=13&ToMonth=11&ToYear=2020&Variable=Issuer,https://www.sedar.com/ModifyCompanyDocumentSearchForm.do?lang=EN&company_search=Bengal Energy Ltd&document_selection=0&industry_group=A&FromDate=13&FromMonth=05&FromYear=2000&ToDate=13&ToMonth=11&ToYear=2020&Variable=Issuer,1620589535,15:45:35,20210509
53,2007-09-30,BNG.TO,CAD,2007-09-30,2007-09-30,Q3,732000.0,252000.0,480000.0,0.6557377049180327,0.0,0.0,0.0,0.0,1050000.0,1302000.0,0.0,552000.0,-18000.0,-0.02459016393442623,-570000.0,-0.7786885245901639,-79000.0,0.0,0.0,0.0,-553000.0,-0.755464480874317,-0.047619,-0.047619,16104676.0,16104676.0,https://www.sedar.com/ModifyCompanyDocumentSearchForm.do?lang=EN&company_search=Bengal Energy Ltd&document_selection=0&industry_group=A&FromDate=13&FromMonth=05&FromYear=2000&ToDate=13&ToMonth=11&ToYear=2020&Variable=Issuer,https://www.sedar.com/ModifyCompanyDocumentSearchForm.do?lang=EN&company_search=Bengal Energy Ltd&document_selection=0&industry_group=A&FromDate=13&FromMonth=05&FromYear=2000&ToDate=13&ToMonth=11&ToYear=2020&Variable=Issuer,1620589535,15:45:35,20210509
54,2007-06-30,BNG.TO,CAD,2007-06-30,2007-06-30,Q2,705000.0,187000.0,518000.0,0.7347517730496453,0.0,0.0,0.0,0.0,1092000.0,1279000.0,0.0,390000.0,-184000.0,-0.26099290780141843,-574000.0,-0.8141843971631205,-199000.0,0.0,0.0,0.0,-758000.0,-1.075177304964539,-0.047619,-0.047619,16104676.0,16104676.0,https://www.sedar.com/ModifyCompanyDocumentSearchForm.do?lang=EN&company_search=Bengal Energy Ltd&document_selection=0&industry_group=A&FromDate=13&FromMonth=05&FromYear=2000&ToDate=13&ToMonth=11&ToYear=2020&Variable=Issuer,https://www.sedar.com/ModifyCompanyDocumentSearchForm.do?lang=EN&company_search=Bengal Energy Ltd&document_selection=0&industry_group=A&FromDate=13&FromMonth=05&FromYear=2000&ToDate=13&ToMonth=11&ToYear=2020&Variable=Issuer,1620589535,15:45:35,20210509
55,2007-03-31,BNG.TO,CAD,2007-03-31,2007-03-31,Q1,778645.0,888160.0,-109515.0,-0.1406481772823302,0.0,0.0,0.0,0.0,3827390.0,4715550.0,0.0,3207921.0,-728984.0,-0.9362212561565283,-3936905.0,-5.056097451341754,11714.0,0.0,0.0,0.0,-3666225.0,-4.708467915417167,-0.03584954090762416,-0.03584954090762416,102267000.0,102267000.0,https://www.sedar.com/ModifyCompanyDocumentSearchForm.do?lang=EN&company_search=Bengal Energy Ltd&document_selection=0&industry_group=A&FromDate=13&FromMonth=05&FromYear=2000&ToDate=13&ToMonth=11&ToYear=2020&Variable=Issuer,https://www.sedar.com/ModifyCompanyDocumentSearchForm.do?lang=EN&company_search=Bengal Energy Ltd&document_selection=0&industry_group=A&FromDate=13&FromMonth=05&FromYear=2000&ToDate=13&ToMonth=11&ToYear=2020&Variable=Issuer,1620589535,15:45:35,20210509
56,2006-12-31,BNG.TO,CAD,2006-12-31,2006-12-31,Q4,1883033.0,107382.0,1775651.0,0.9429739149552876,0.0,0.0,0.0,0.0,3094268.0,3201650.0,0.0,2087500.0,768883.0,0.4083215748210467,-1318617.0,-0.7002622896146802,242804.0,0.0,0.0,0.0,-1069374.0,-0.5678997659626783,-0.07716737609604837,-0.07480467174717505,13857851.0,14295551.0,https://www.sedar.com/ModifyCompanyDocumentSearchForm.do?lang=EN&company_search=Bengal Energy Ltd&document_selection=0&industry_group=A&FromDate=13&FromMonth=05&FromYear=2000&ToDate=13&ToMonth=11&ToYear=2020&Variable=Issuer,https://www.sedar.com/ModifyCompanyDocumentSearchForm.do?lang=EN&company_search=Bengal Energy Ltd&document_selection=0&industry_group=A&FromDate=13&FromMonth=05&FromYear=2000&ToDate=13&ToMonth=11&ToYear=2020&Variable=Issuer,1620589535,15:45:35,20210509
57,2006-09-30,BNG.TO,CAD,2006-09-30,2006-09-30,Q3,232222.0,132174.0,100048.0,0.43082912041064153,0.0,0.0,0.0,0.0,908165.0,1040339.0,0.0,145782.0,-662335.0,-2.852163016423939,-808117.0,-3.4799329951511915,1405261.0,0.0,0.0,0.0,655762.0,2.8238582046489995,0.047619,0.047619,11800663.0,11800663.0,https://www.sedar.com/ModifyCompanyDocumentSearchForm.do?lang=EN&company_search=Bengal Energy Ltd&document_selection=0&industry_group=A&FromDate=13&FromMonth=05&FromYear=2000&ToDate=13&ToMonth=11&ToYear=2020&Variable=Issuer,https://www.sedar.com/ModifyCompanyDocumentSearchForm.do?lang=EN&company_search=Bengal Energy Ltd&document_selection=0&industry_group=A&FromDate=13&FromMonth=05&FromYear=2000&ToDate=13&ToMonth=11&ToYear=2020&Variable=Issuer,1620589535,15:45:35,20210509
58,2006-06-30,BNG.TO,CAD,2006-06-30,2006-06-30,Q2,299116.0,123818.0,175298.0,0.5860535711897725,0.0,0.0,0.0,0.0,976640.0,1100458.0,0.0,151797.0,-649545.0,-2.1715488305540327,-801342.0,-2.679034220837401,-20779.0,0.0,0.0,0.0,-819162.0,-2.738609770122628,-0.095238,-0.095238,11766960.0,11766960.0,https://www.sedar.com/ModifyCompanyDocumentSearchForm.do?lang=EN&company_search=Bengal Energy Ltd&document_selection=0&industry_group=A&FromDate=13&FromMonth=05&FromYear=2000&ToDate=13&ToMonth=11&ToYear=2020&Variable=Issuer,https://www.sedar.com/ModifyCompanyDocumentSearchForm.do?lang=EN&company_search=Bengal Energy Ltd&document_selection=0&industry_group=A&FromDate=13&FromMonth=05&FromYear=2000&ToDate=13&ToMonth=11&ToYear=2020&Variable=Issuer,1620589535,15:45:35,20210509
59,2006-03-31,BNG.TO,CAD,2006-03-31,2006-03-31,Q1,359472.0,0.0,0.0,0.0,0.0,0.0,0.0,0.0,946093.0,1162900.0,0.0,170302.0,-633126.0,-1.7612665242355454,-803428.0,-2.2350224774113143,-115448.0,0.0,0.0,0.0,-918008.0,-2.5537677482529935,-0.008976580910753224,-0.008976580910753224,102267000.0,102267000.0,https://www.sedar.com/ModifyCompanyDocumentSearchForm.do?lang=EN&company_search=Bengal Energy Ltd&document_selection=0&industry_group=A&FromDate=13&FromMonth=05&FromYear=2000&ToDate=13&ToMonth=11&ToYear=2020&Variable=Issuer,https://www.sedar.com/ModifyCompanyDocumentSearchForm.do?lang=EN&company_search=Bengal Energy Ltd&document_selection=0&industry_group=A&FromDate=13&FromMonth=05&FromYear=2000&ToDate=13&ToMonth=11&ToYear=2020&Variable=Issuer,1620589535,15:45:35,20210509
60,2005-12-31,BNG.TO,CAD,2005-12-31,2005-12-31,Q4,121232.0,0.0,0.0,0.0,0.0,0.0,0.0,0.0,532712.0,532712.0,0.0,37961.0,-373519.0,-3.081026461660288,-411480.0,-3.394153358849149,-1630542.0,0.0,0.0,0.0,-2042022.0,-16.84391909726805,-0.190476,-0.190476,8030772.0,8030772.0,https://www.sedar.com/ModifyCompanyDocumentSearchForm.do?lang=EN&company_search=Bengal Energy Ltd&document_selection=0&industry_group=A&FromDate=13&FromMonth=05&FromYear=2000&ToDate=13&ToMonth=11&ToYear=2020&Variable=Issuer,https://www.sedar.com/ModifyCompanyDocumentSearchForm.do?lang=EN&company_search=Bengal Energy Ltd&document_selection=0&industry_group=A&FromDate=13&FromMonth=05&FromYear=2000&ToDate=13&ToMonth=11&ToYear=2020&Variable=Issuer,1620589535,15:45:35,20210509
61,2005-09-30,BNG.TO,CAD,2005-09-30,2005-09-30,Q3,4749.0,0.0,0.0,0.0,0.0,0.0,0.0,0.0,309466.0,309466.0,0.0,1976.0,-302741.0,-63.74836807749,-304717.0,-64.16445567487892,-8431.0,0.0,0.0,0.0,-313148.0,-65.93977679511477,-0.095238,-0.095238,4420505.0,4420505.0,https://www.sedar.com/ModifyCompanyDocumentSearchForm.do?lang=EN&company_search=Bengal Energy Ltd&document_selection=0&industry_group=A&FromDate=13&FromMonth=05&FromYear=2000&ToDate=13&ToMonth=11&ToYear=2020&Variable=Issuer,https://www.sedar.com/ModifyCompanyDocumentSearchForm.do?lang=EN&company_search=Bengal Energy Ltd&document_selection=0&industry_group=A&FromDate=13&FromMonth=05&FromYear=2000&ToDate=13&ToMonth=11&ToYear=2020&Variable=Issuer,1620589535,15:45:35,20210509
62,2005-06-30,BNG.TO,CAD,2005-06-30,2005-06-30,Q2,2118.0,0.0,0.0,0.0,0.0,0.0,0.0,0.0,315911.0,315911.0,0.0,2214.0,-311579.0,-147.11000944287062,-313793.0,-148.15533522190745,-8430.0,0.0,0.0,0.0,-322223.0,-152.13550519357884,-0.095238,-0.095238,3545025.0,3545025.0,https://www.sedar.com/ModifyCompanyDocumentSearchForm.do?lang=EN&company_search=Bengal Energy Ltd&document_selection=0&industry_group=A&FromDate=13&FromMonth=05&FromYear=2000&ToDate=13&ToMonth=11&ToYear=2020&Variable=Issuer,https://www.sedar.com/ModifyCompanyDocumentSearchForm.do?lang=EN&company_search=Bengal Energy Ltd&document_selection=0&industry_group=A&FromDate=13&FromMonth=05&FromYear=2000&ToDate=13&ToMonth=11&ToYear=2020&Variable=Issuer,1620589535,15:45:35,20210509
63,2005-03-31,BNG.TO,CAD,2005-03-31,2005-03-31,Q1,22196.0,0.0,0.0,0.0,0.0,0.0,0.0,0.0,110997.0,110997.0,0.0,3154.0,-85647.0,-3.858668228509641,-88801.0,-4.000765903766444,-161114.0,0.0,0.0,0.0,-262011.0,-11.804424220580286,-0.0025620288069465222,-0.0025620288069465222,102267000.0,102267000.0,https://www.sedar.com/ModifyCompanyDocumentSearchForm.do?lang=EN&company_search=Bengal Energy Ltd&document_selection=0&industry_group=A&FromDate=13&FromMonth=05&FromYear=2000&ToDate=13&ToMonth=11&ToYear=2020&Variable=Issuer,https://www.sedar.com/ModifyCompanyDocumentSearchForm.do?lang=EN&company_search=Bengal Energy Ltd&document_selection=0&industry_group=A&FromDate=13&FromMonth=05&FromYear=2000&ToDate=13&ToMonth=11&ToYear=2020&Variable=Issuer,1620589535,15:45:35,20210509
64,2004-12-31,BNG.TO,CAD,2004-12-31,2004-12-31,Q4,5186.0,0.0,0.0,0.0,0.0,0.0,0.0,0.0,221070.0,221070.0,0.0,4204.0,-211680.0,-40.81758580794447,-215884.0,-41.628229849595066,-8430.0,0.0,0.0,0.0,-224314.0,-43.25376012340918,-0.047619,-0.047619,3529465.0,3529465.0,https://www.sedar.com/ModifyCompanyDocumentSearchForm.do?lang=EN&company_search=Bengal Energy Ltd&document_selection=0&industry_group=A&FromDate=13&FromMonth=05&FromYear=2000&ToDate=13&ToMonth=11&ToYear=2020&Variable=Issuer,https://www.sedar.com/ModifyCompanyDocumentSearchForm.do?lang=EN&company_search=Bengal Energy Ltd&document_selection=0&industry_group=A&FromDate=13&FromMonth=05&FromYear=2000&ToDate=13&ToMonth=11&ToYear=2020&Variable=Issuer,1620589535,15:45:35,20210509
65,2004-09-30,BNG.TO,CAD,2004-09-30,2004-09-30,Q3,2145.0,0.0,0.0,0.0,0.0,0.0,0.0,0.0,151918.0,151918.0,0.0,2548.0,-147225.0,-68.63636363636364,-149773.0,-69.82424242424243,-8431.0,0.0,0.0,0.0,-158204.0,-73.75477855477855,-0.047619,-0.047619,2545686.0,2545686.0,https://www.sedar.com/ModifyCompanyDocumentSearchForm.do?lang=EN&company_search=Bengal Energy Ltd&document_selection=0&industry_group=A&FromDate=13&FromMonth=05&FromYear=2000&ToDate=13&ToMonth=11&ToYear=2020&Variable=Issuer,https://www.sedar.com/ModifyCompanyDocumentSearchForm.do?lang=EN&company_search=Bengal Energy Ltd&document_selection=0&industry_group=A&FromDate=13&FromMonth=05&FromYear=2000&ToDate=13&ToMonth=11&ToYear=2020&Variable=Issuer,1620589535,15:45:35,20210509
66,2004-06-30,BNG.TO,CAD,2004-06-30,2004-06-30,Q2,0.0,0.0,0.0,0.0,0.0,0.0,0.0,0.0,124709.0,124709.0,0.0,2428.0,-122281.0,0.0,-124709.0,0.0,-8430.0,0.0,0.0,0.0,-129819.0,0.0,-0.047619,-0.047619,2254432.0,2254432.0,https://www.sedar.com/ModifyCompanyDocumentSearchForm.do?lang=EN&company_search=Bengal Energy Ltd&document_selection=0&industry_group=A&FromDate=13&FromMonth=05&FromYear=2000&ToDate=13&ToMonth=11&ToYear=2020&Variable=Issuer,https://www.sedar.com/ModifyCompanyDocumentSearchForm.do?lang=EN&company_search=Bengal Energy Ltd&document_selection=0&industry_group=A&FromDate=13&FromMonth=05&FromYear=2000&ToDate=13&ToMonth=11&ToYear=2020&Variable=Issuer,1620589535,15:45:35,20210509
67,2004-03-31,BNG.TO,CAD,2004-03-31,2004-03-31,Q1,0.0,0.0,0.0,0.0,0.0,0.0,0.0,0.0,114709.0,114709.0,0.0,4548.0,-102585.0,0.0,-107133.0,0.0,-8430.0,0.0,0.0,0.0,-115563.0,0.0,-0.0011300126140397196,-0.0011300126140397196,102267000.0,102267000.0,https://www.sedar.com/ModifyCompanyDocumentSearchForm.do?lang=EN&company_search=Bengal Energy Ltd&document_selection=0&industry_group=A&FromDate=13&FromMonth=05&FromYear=2000&ToDate=13&ToMonth=11&ToYear=2020&Variable=Issuer,https://www.sedar.com/ModifyCompanyDocumentSearchForm.do?lang=EN&company_search=Bengal Energy Ltd&document_selection=0&industry_group=A&FromDate=13&FromMonth=05&FromYear=2000&ToDate=13&ToMonth=11&ToYear=2020&Variable=Issuer,1620589535,15:45:35,20210509
68,2003-12-31,BNG.TO,CAD,2003-12-31,2003-12-31,Q4,0.0,0.0,0.0,0.0,0.0,0.0,0.0,0.0,85670.0,85670.0,0.0,4560.0,-81110.0,0.0,-85670.0,0.0,-8430.0,0.0,0.0,0.0,-94100.0,0.0,-0.047619,-0.047619,2244352.0,2244352.0,https://www.sedar.com/ModifyCompanyDocumentSearchForm.do?lang=EN&company_search=Bengal Energy Ltd&document_selection=0&industry_group=A&FromDate=13&FromMonth=05&FromYear=2000&ToDate=13&ToMonth=11&ToYear=2020&Variable=Issuer,https://www.sedar.com/ModifyCompanyDocumentSearchForm.do?lang=EN&company_search=Bengal Energy Ltd&document_selection=0&industry_group=A&FromDate=13&FromMonth=05&FromYear=2000&ToDate=13&ToMonth=11&ToYear=2020&Variable=Issuer,1620589535,15:45:35,20210509
69,2003-09-30,BNG.TO,CAD,2003-09-30,2003-09-30,Q3,0.0,0.0,0.0,0.0,0.0,0.0,0.0,0.0,73302.0,73302.0,0.0,2553.0,-70749.0,0.0,-73302.0,0.0,-8431.0,0.0,0.0,0.0,-81733.0,0.0,-0.047619,-0.047619,1404352.0,1404352.0,https://www.sedar.com/ModifyCompanyDocumentSearchForm.do?lang=EN&company_search=Bengal Energy Ltd&document_selection=0&industry_group=A&FromDate=13&FromMonth=05&FromYear=2000&ToDate=13&ToMonth=11&ToYear=2020&Variable=Issuer,https://www.sedar.com/ModifyCompanyDocumentSearchForm.do?lang=EN&company_search=Bengal Energy Ltd&document_selection=0&industry_group=A&FromDate=13&FromMonth=05&FromYear=2000&ToDate=13&ToMonth=11&ToYear=2020&Variable=Issuer,1620589535,15:45:35,20210509
70,2003-06-30,BNG.TO,CAD,2003-06-30,2003-06-30,Q2,0.0,0.0,0.0,0.0,0.0,0.0,0.0,0.0,66446.0,66446.0,0.0,2446.0,-64000.0,0.0,-66446.0,0.0,-8430.0,0.0,0.0,0.0,-74876.0,0.0,-0.047619,-0.047619,1404270.0,1404270.0,https://www.sedar.com/ModifyCompanyDocumentSearchForm.do?lang=EN&company_search=Bengal Energy Ltd&document_selection=0&industry_group=A&FromDate=13&FromMonth=05&FromYear=2000&ToDate=13&ToMonth=11&ToYear=2020&Variable=Issuer,https://www.sedar.com/ModifyCompanyDocumentSearchForm.do?lang=EN&company_search=Bengal Energy Ltd&document_selection=0&industry_group=A&FromDate=13&FromMonth=05&FromYear=2000&ToDate=13&ToMonth=11&ToYear=2020&Variable=Issuer,1620589535,15:45:35,20210509
71,2003-03-31,BNG.TO,CAD,2003-03-31,2003-03-31,Q1,0.0,0.0,0.0,0.0,0.0,0.0,0.0,0.0,99446.0,99446.0,0.0,3732.0,-95714.0,0.0,-99446.0,0.0,0.0,0.0,0.0,0.0,-99446.0,0.0,-0.0009724153441481612,-0.0009724153441481612,102267000.0,102267000.0,https://www.sedar.com/ModifyCompanyDocumentSearchForm.do?lang=EN&company_search=Bengal Energy Ltd&document_selection=0&industry_group=A&FromDate=13&FromMonth=05&FromYear=2000&ToDate=13&ToMonth=11&ToYear=2020&Variable=Issuer,https://www.sedar.com/ModifyCompanyDocumentSearchForm.do?lang=EN&company_search=Bengal Energy Ltd&document_selection=0&industry_group=A&FromDate=13&FromMonth=05&FromYear=2000&ToDate=13&ToMonth=11&ToYear=2020&Variable=Issuer,1620589535,15:45:35,20210509
72,2002-12-31,BNG.TO,CAD,2002-12-31,2002-12-31,Q4,0.0,0.0,0.0,0.0,0.0,0.0,0.0,0.0,72409.0,72409.0,0.0,3502.0,-68907.0,0.0,-72409.0,0.0,0.0,0.0,0.0,0.0,-72409.0,0.0,-0.047619,-0.047619,1173270.0,1173270.0,https://www.sedar.com/ModifyCompanyDocumentSearchForm.do?lang=EN&company_search=Bengal Energy Ltd&document_selection=0&industry_group=A&FromDate=13&FromMonth=05&FromYear=2000&ToDate=13&ToMonth=11&ToYear=2020&Variable=Issuer,https://www.sedar.com/ModifyCompanyDocumentSearchForm.do?lang=EN&company_search=Bengal Energy Ltd&document_selection=0&industry_group=A&FromDate=13&FromMonth=05&FromYear=2000&ToDate=13&ToMonth=11&ToYear=2020&Variable=Issuer,1620589535,15:45:35,20210509
73,2002-09-30,BNG.TO,CAD,2002-09-30,2002-09-30,Q3,0.0,0.0,0.0,0.0,0.0,15766.0,0.0,0.0,19268.0,19268.0,0.0,3502.0,-15766.0,0.0,-19268.0,0.0,0.0,0.0,0.0,0.0,-19268.0,0.0,-0.047619,-0.047619,627270.0,627270.0,https://www.sedar.com/ModifyCompanyDocumentSearchForm.do?lang=EN&company_search=Bengal Energy Ltd&document_selection=0&industry_group=A&FromDate=13&FromMonth=05&FromYear=2000&ToDate=13&ToMonth=11&ToYear=2020&Variable=Issuer,https://www.sedar.com/ModifyCompanyDocumentSearchForm.do?lang=EN&company_search=Bengal Energy Ltd&document_selection=0&industry_group=A&FromDate=13&FromMonth=05&FromYear=2000&ToDate=13&ToMonth=11&ToYear=2020&Variable=Issuer,1620589535,15:45:35,20210509
74,2002-06-30,BNG.TO,CAD,2002-06-30,2002-06-30,Q2,0.0,0.0,0.0,0.0,0.0,4083.0,0.0,0.0,7585.0,7585.0,0.0,3502.0,-4083.0,0.0,-7585.0,0.0,0.0,0.0,0.0,0.0,-7585.0,0.0,-0.01209,-0.01209,627354.0,627354.0,https://www.sedar.com/ModifyCompanyDocumentSearchForm.do?lang=EN&company_search=Bengal Energy Ltd&document_selection=0&industry_group=A&FromDate=13&FromMonth=05&FromYear=2000&ToDate=13&ToMonth=11&ToYear=2020&Variable=Issuer,https://www.sedar.com/ModifyCompanyDocumentSearchForm.do?lang=EN&company_search=Bengal Energy Ltd&document_selection=0&industry_group=A&FromDate=13&FromMonth=05&FromYear=2000&ToDate=13&ToMonth=11&ToYear=2020&Variable=Issuer,1620589535,15:45:35,20210509
75,2002-03-31,BNG.TO,CAD,2002-03-31,2002-03-31,Q1,0.0,0.0,0.0,0.0,0.0,41279.0,0.0,0.0,46390.0,46390.0,0.0,5111.0,-41279.0,0.0,-46390.0,0.0,0.0,0.0,0.0,0.0,-50096.0,0.0,-0.0004898549874348519,-0.0004898549874348519,102267000.0,102267000.0,https://www.sedar.com/ModifyCompanyDocumentSearchForm.do?lang=EN&company_search=Bengal Energy Ltd&document_selection=0&industry_group=A&FromDate=13&FromMonth=05&FromYear=2000&ToDate=13&ToMonth=11&ToYear=2020&Variable=Issuer,https://www.sedar.com/ModifyCompanyDocumentSearchForm.do?lang=EN&company_search=Bengal Energy Ltd&document_selection=0&industry_group=A&FromDate=13&FromMonth=05&FromYear=2000&ToDate=13&ToMonth=11&ToYear=2020&Variable=Issuer,1620589535,15:45:35,20210509
76,2001-12-31,BNG.TO,CAD,2001-12-31,2001-12-31,Q4,0.0,0.0,0.0,0.0,0.0,66223.0,0.0,0.0,71335.0,71335.0,0.0,5112.0,-66223.0,0.0,-71335.0,0.0,0.0,0.0,0.0,0.0,-71335.0,0.0,-0.47619,-0.47619,627354.0,627354.0,https://www.sedar.com/ModifyCompanyDocumentSearchForm.do?lang=EN&company_search=Bengal Energy Ltd&document_selection=0&industry_group=A&FromDate=13&FromMonth=05&FromYear=2000&ToDate=13&ToMonth=11&ToYear=2020&Variable=Issuer,https://www.sedar.com/ModifyCompanyDocumentSearchForm.do?lang=EN&company_search=Bengal Energy Ltd&document_selection=0&industry_group=A&FromDate=13&FromMonth=05&FromYear=2000&ToDate=13&ToMonth=11&ToYear=2020&Variable=Issuer,1620589535,15:45:35,20210509
77,2001-09-30,BNG.TO,CAD,2001-09-30,2001-09-30,Q3,0.0,0.0,0.0,0.0,0.0,134008.0,0.0,0.0,139235.0,139235.0,0.0,5227.0,-134008.0,0.0,-139235.0,0.0,-8871530.0,0.0,0.0,0.0,-9010765.0,0.0,-14.285714,-14.285714,627354.0,627354.0,https://www.sedar.com/ModifyCompanyDocumentSearchForm.do?lang=EN&company_search=Bengal Energy Ltd&document_selection=0&industry_group=A&FromDate=13&FromMonth=05&FromYear=2000&ToDate=13&ToMonth=11&ToYear=2020&Variable=Issuer,https://www.sedar.com/ModifyCompanyDocumentSearchForm.do?lang=EN&company_search=Bengal Energy Ltd&document_selection=0&industry_group=A&FromDate=13&FromMonth=05&FromYear=2000&ToDate=13&ToMonth=11&ToYear=2020&Variable=Issuer,1620589535,15:45:35,20210509
78,2001-06-30,BNG.TO,CAD,2001-06-30,2001-06-30,Q2,1.0,0.0,0.0,0.0,0.0,86931.0,0.0,0.0,91928.0,91928.0,0.0,4997.0,-86930.0,-86930.0,-91927.0,-91927.0,0.0,0.0,0.0,0.0,-91928.0,-91928.0,-0.146533,-0.146533,627354.0,627354.0,https://www.sedar.com/ModifyCompanyDocumentSearchForm.do?lang=EN&company_search=Bengal Energy Ltd&document_selection=0&industry_group=A&FromDate=13&FromMonth=05&FromYear=2000&ToDate=13&ToMonth=11&ToYear=2020&Variable=Issuer,https://www.sedar.com/ModifyCompanyDocumentSearchForm.do?lang=EN&company_search=Bengal Energy Ltd&document_selection=0&industry_group=A&FromDate=13&FromMonth=05&FromYear=2000&ToDate=13&ToMonth=11&ToYear=2020&Variable=Issuer,1620589535,15:45:35,20210509
79,2001-03-31,BNG.TO,CAD,2001-03-31,2001-03-31,Q1,0.0,0.0,0.0,0.0,0.0,126229.0,0.0,0.0,133714.0,133714.0,0.0,7485.0,-126229.0,0.0,-133714.0,0.0,0.0,0.0,0.0,0.0,-134555.0,0.0,-0.0013157225693527727,-0.0013157225693527727,102267000.0,102267000.0,https://www.sedar.com/ModifyCompanyDocumentSearchForm.do?lang=EN&company_search=Bengal Energy Ltd&document_selection=0&industry_group=A&FromDate=13&FromMonth=05&FromYear=2000&ToDate=13&ToMonth=11&ToYear=2020&Variable=Issuer,https://www.sedar.com/ModifyCompanyDocumentSearchForm.do?lang=EN&company_search=Bengal Energy Ltd&document_selection=0&industry_group=A&FromDate=13&FromMonth=05&FromYear=2000&ToDate=13&ToMonth=11&ToYear=2020&Variable=Issuer,1620589535,15:45:35,20210509
80,2000-12-31,BNG.TO,CAD,2000-12-31,2000-12-31,Q4,1.0,0.0,0.0,0.0,0.0,81380.0,0.0,0.0,88866.0,88866.0,0.0,7486.0,-81379.0,-81379.0,-88865.0,-88865.0,0.0,0.0,0.0,0.0,-88019.0,-88019.0,-0.47619,-0.47619,627354.0,627354.0,https://www.sedar.com/ModifyCompanyDocumentSearchForm.do?lang=EN&company_search=Bengal Energy Ltd&document_selection=0&industry_group=A&FromDate=13&FromMonth=05&FromYear=2000&ToDate=13&ToMonth=11&ToYear=2020&Variable=Issuer,https://www.sedar.com/ModifyCompanyDocumentSearchForm.do?lang=EN&company_search=Bengal Energy Ltd&document_selection=0&industry_group=A&FromDate=13&FromMonth=05&FromYear=2000&ToDate=13&ToMonth=11&ToYear=2020&Variable=Issuer,1620589535,15:45:35,20210509
81,2000-09-30,BNG.TO,CAD,2000-09-30,2000-09-30,Q3,1.0,0.0,0.0,0.0,0.0,175414.0,0.0,0.0,190386.0,190386.0,0.0,0.0,-175413.0,-175413.0,-190385.0,-190385.0,0.0,0.0,0.0,0.0,-189432.0,-189432.0,-0.301954,-0.301954,627354.0,627354.0,https://www.sedar.com/ModifyCompanyDocumentSearchForm.do?lang=EN&company_search=Bengal Energy Ltd&document_selection=0&industry_group=A&FromDate=13&FromMonth=05&FromYear=2000&ToDate=13&ToMonth=11&ToYear=2020&Variable=Issuer,https://www.sedar.com/ModifyCompanyDocumentSearchForm.do?lang=EN&company_search=Bengal Energy Ltd&document_selection=0&industry_group=A&FromDate=13&FromMonth=05&FromYear=2000&ToDate=13&ToMonth=11&ToYear=2020&Variable=Issuer,1620589535,15:45:35,20210509
82,2000-06-30,BNG.TO,CAD,2000-06-30,2000-06-30,Q2,100000.0,0.0,0.0,0.0,0.0,200000.0,0.0,0.0,200000.0,200000.0,0.0,0.0,-100000.0,-1.0,-100000.0,-1.0,0.0,0.0,0.0,0.0,-200000.0,-2.0,-0.47619,-0.47619,627354.0,627354.0,https://www.sedar.com/ModifyCompanyDocumentSearchForm.do?lang=EN&company_search=Bengal Energy Ltd&document_selection=0&industry_group=A&FromDate=13&FromMonth=05&FromYear=2000&ToDate=13&ToMonth=11&ToYear=2020&Variable=Issuer,https://www.sedar.com/ModifyCompanyDocumentSearchForm.do?lang=EN&company_search=Bengal Energy Ltd&document_selection=0&industry_group=A&FromDate=13&FromMonth=05&FromYear=2000&ToDate=13&ToMonth=11&ToYear=2020&Variable=Issuer,1620589535,15:45:35,20210509
83,2000-03-31,BNG.TO,CAD,2000-03-31,2000-03-31,Q1,0.0,0.0,0.0,0.0,0.0,200000.0,0.0,0.0,200000.0,200000.0,0.0,0.0,-200000.0,0.0,-200000.0,0.0,0.0,0.0,0.0,0.0,-200000.0,0.0,-0.0019556650727996323,-0.0019556650727996323,102267000.0,102267000.0,https://www.sedar.com/ModifyCompanyDocumentSearchForm.do?lang=EN&company_search=Bengal Energy Ltd&document_selection=0&industry_group=A&FromDate=13&FromMonth=05&FromYear=2000&ToDate=13&ToMonth=11&ToYear=2020&Variable=Issuer,https://www.sedar.com/ModifyCompanyDocumentSearchForm.do?lang=EN&company_search=Bengal Energy Ltd&document_selection=0&industry_group=A&FromDate=13&FromMonth=05&FromYear=2000&ToDate=13&ToMonth=11&ToYear=2020&Variable=Issuer,1620589535,15:45:35,20210509
84,1999-12-31,BNG.TO,CAD,1999-12-31,1999-12-31,Q4,100000.0,0.0,0.0,0.0,0.0,300000.0,0.0,0.0,300000.0,300000.0,0.0,0.0,-200000.0,-2.0,-200000.0,-2.0,0.0,0.0,0.0,0.0,-300000.0,-3.0,-0.47619,-0.47619,630000.0,630000.0,https://www.sedar.com/ModifyCompanyDocumentSearchForm.do?lang=EN&company_search=Bengal Energy Ltd&document_selection=0&industry_group=A&FromDate=13&FromMonth=05&FromYear=2000&ToDate=13&ToMonth=11&ToYear=2020&Variable=Issuer,https://www.sedar.com/ModifyCompanyDocumentSearchForm.do?lang=EN&company_search=Bengal Energy Ltd&document_selection=0&industry_group=A&FromDate=13&FromMonth=05&FromYear=2000&ToDate=13&ToMonth=11&ToYear=2020&Variable=Issuer,1620589535,15:45:35,20210509
85,1999-09-30,BNG.TO,CAD,1999-09-30,1999-09-30,Q3,100000.0,0.0,0.0,0.0,0.0,300000.0,0.0,0.0,300000.0,300000.0,0.0,0.0,-200000.0,-2.0,-200000.0,-2.0,0.0,0.0,0.0,0.0,-300000.0,-3.0,-0.47619,-0.47619,630000.0,630000.0,https://www.sedar.com/ModifyCompanyDocumentSearchForm.do?lang=EN&company_search=Bengal Energy Ltd&document_selection=0&industry_group=A&FromDate=13&FromMonth=05&FromYear=2000&ToDate=13&ToMonth=11&ToYear=2020&Variable=Issuer,https://www.sedar.com/ModifyCompanyDocumentSearchForm.do?lang=EN&company_search=Bengal Energy Ltd&document_selection=0&industry_group=A&FromDate=13&FromMonth=05&FromYear=2000&ToDate=13&ToMonth=11&ToYear=2020&Variable=Issuer,1620589535,15:45:35,20210509
86,1999-06-30,BNG.TO,CAD,1999-06-30,1999-06-30,Q2,100000.0,0.0,0.0,0.0,0.0,300000.0,0.0,0.0,300000.0,300000.0,0.0,0.0,-200000.0,-2.0,-200000.0,-2.0,100000.0,0.0,0.0,0.0,-200000.0,-2.0,-0.47619,-0.47619,625821.0,625821.0,https://www.sedar.com/ModifyCompanyDocumentSearchForm.do?lang=EN&company_search=Bengal Energy Ltd&document_selection=0&industry_group=A&FromDate=13&FromMonth=05&FromYear=2000&ToDate=13&ToMonth=11&ToYear=2020&Variable=Issuer,https://www.sedar.com/ModifyCompanyDocumentSearchForm.do?lang=EN&company_search=Bengal Energy Ltd&document_selection=0&industry_group=A&FromDate=13&FromMonth=05&FromYear=2000&ToDate=13&ToMonth=11&ToYear=2020&Variable=Issuer,1620589535,15:45:35,20210509
87,1999-03-31,BNG.TO,CAD,1999-03-31,1999-03-31,Q1,0.0,0.0,0.0,0.0,0.0,400000.0,0.0,0.0,500000.0,600000.0,0.0,100000.0,-500000.0,0.0,-600000.0,0.0,0.0,0.0,0.0,0.0,-400000.0,0.0,-0.003911330145599265,-0.003911330145599265,102267000.0,102267000.0,https://www.sedar.com/ModifyCompanyDocumentSearchForm.do?lang=EN&company_search=Bengal Energy Ltd&document_selection=0&industry_group=A&FromDate=13&FromMonth=05&FromYear=2000&ToDate=13&ToMonth=11&ToYear=2020&Variable=Issuer,https://www.sedar.com/ModifyCompanyDocumentSearchForm.do?lang=EN&company_search=Bengal Energy Ltd&document_selection=0&industry_group=A&FromDate=13&FromMonth=05&FromYear=2000&ToDate=13&ToMonth=11&ToYear=2020&Variable=Issuer,1620589535,15:45:35,20210509
88,1998-12-31,BNG.TO,CAD,1998-12-31,1998-12-31,Q4,100000.0,0.0,0.0,0.0,0.0,300000.0,0.0,0.0,300000.0,300000.0,0.0,0.0,-200000.0,-2.0,-200000.0,-2.0,0.0,0.0,0.0,0.0,-300000.0,-3.0,-0.47619,-0.47619,630000.0,630000.0,https://www.sedar.com/ModifyCompanyDocumentSearchForm.do?lang=EN&company_search=Bengal Energy Ltd&document_selection=0&industry_group=A&FromDate=13&FromMonth=05&FromYear=2000&ToDate=13&ToMonth=11&ToYear=2020&Variable=Issuer,https://www.sedar.com/ModifyCompanyDocumentSearchForm.do?lang=EN&company_search=Bengal Energy Ltd&document_selection=0&industry_group=A&FromDate=13&FromMonth=05&FromYear=2000&ToDate=13&ToMonth=11&ToYear=2020&Variable=Issuer,1620589535,15:45:35,20210509
89,1998-09-30,BNG.TO,CAD,1998-09-30,1998-09-30,Q3,100000.0,0.0,0.0,0.0,0.0,200000.0,0.0,0.0,400000.0,400000.0,0.0,200000.0,-100000.0,-1.0,-300000.0,-3.0,200000.0,0.0,0.0,0.0,-300000.0,-3.0,-0.47619,-0.47619,630000.0,630000.0,https://www.sedar.com/ModifyCompanyDocumentSearchForm.do?lang=EN&company_search=Bengal Energy Ltd&document_selection=0&industry_group=A&FromDate=13&FromMonth=05&FromYear=2000&ToDate=13&ToMonth=11&ToYear=2020&Variable=Issuer,https://www.sedar.com/ModifyCompanyDocumentSearchForm.do?lang=EN&company_search=Bengal Energy Ltd&document_selection=0&industry_group=A&FromDate=13&FromMonth=05&FromYear=2000&ToDate=13&ToMonth=11&ToYear=2020&Variable=Issuer,1620589535,15:45:35,20210509
90,1998-06-30,BNG.TO,CAD,1998-06-30,1998-06-30,Q2,100000.0,0.0,0.0,0.0,0.0,300000.0,0.0,0.0,400000.0,400000.0,0.0,100000.0,-200000.0,-2.0,-300000.0,-3.0,-100000.0,0.0,0.0,0.0,-400000.0,-4.0,-0.952381,-0.952381,420000.0,420000.0,https://www.sedar.com/ModifyCompanyDocumentSearchForm.do?lang=EN&company_search=Bengal Energy Ltd&document_selection=0&industry_group=A&FromDate=13&FromMonth=05&FromYear=2000&ToDate=13&ToMonth=11&ToYear=2020&Variable=Issuer,https://www.sedar.com/ModifyCompanyDocumentSearchForm.do?lang=EN&company_search=Bengal Energy Ltd&document_selection=0&industry_group=A&FromDate=13&FromMonth=05&FromYear=2000&ToDate=13&ToMonth=11&ToYear=2020&Variable=Issuer,1620589535,15:45:35,20210509
91,1998-03-31,BNG.TO,CAD,1998-03-31,1998-03-31,Q1,0.0,0.0,0.0,0.0,0.0,200000.0,0.0,0.0,1100000.0,1100000.0,0.0,900000.0,-200000.0,0.0,-1100000.0,0.0,0.0,0.0,0.0,0.0,-1100000.0,0.0,-0.010756157900397977,-0.010756157900397977,102267000.0,102267000.0,https://www.sedar.com/ModifyCompanyDocumentSearchForm.do?lang=EN&company_search=Bengal Energy Ltd&document_selection=0&industry_group=A&FromDate=13&FromMonth=05&FromYear=2000&ToDate=13&ToMonth=11&ToYear=2020&Variable=Issuer,https://www.sedar.com/ModifyCompanyDocumentSearchForm.do?lang=EN&company_search=Bengal Energy Ltd&document_selection=0&industry_group=A&FromDate=13&FromMonth=05&FromYear=2000&ToDate=13&ToMonth=11&ToYear=2020&Variable=Issuer,1620589535,15:45:35,20210509
92,1997-12-31,BNG.TO,CAD,1997-12-31,1997-12-31,Q4,100000.0,0.0,0.0,0.0,0.0,200000.0,0.0,0.0,200000.0,200000.0,0.0,0.0,-100000.0,-1.0,-100000.0,-1.0,0.0,0.0,0.0,0.0,-200000.0,-2.0,-0.595238,-0.595238,336000.0,336000.0,https://www.sedar.com/ModifyCompanyDocumentSearchForm.do?lang=EN&company_search=Bengal Energy Ltd&document_selection=0&industry_group=A&FromDate=13&FromMonth=05&FromYear=2000&ToDate=13&ToMonth=11&ToYear=2020&Variable=Issuer,https://www.sedar.com/ModifyCompanyDocumentSearchForm.do?lang=EN&company_search=Bengal Energy Ltd&document_selection=0&industry_group=A&FromDate=13&FromMonth=05&FromYear=2000&ToDate=13&ToMonth=11&ToYear=2020&Variable=Issuer,1620589535,15:45:35,20210509
93,1997-09-30,BNG.TO,CAD,1997-09-30,1997-09-30,Q3,100000.0,0.0,0.0,0.0,0.0,300000.0,0.0,0.0,300000.0,300000.0,0.0,0.0,-200000.0,-2.0,-200000.0,-2.0,0.0,0.0,0.0,0.0,-300000.0,-3.0,-0.952381,-0.952381,315000.0,315000.0,https://www.sedar.com/ModifyCompanyDocumentSearchForm.do?lang=EN&company_search=Bengal Energy Ltd&document_selection=0&industry_group=A&FromDate=13&FromMonth=05&FromYear=2000&ToDate=13&ToMonth=11&ToYear=2020&Variable=Issuer,https://www.sedar.com/ModifyCompanyDocumentSearchForm.do?lang=EN&company_search=Bengal Energy Ltd&document_selection=0&industry_group=A&FromDate=13&FromMonth=05&FromYear=2000&ToDate=13&ToMonth=11&ToYear=2020&Variable=Issuer,1620589535,15:45:35,20210509
94,1997-06-30,BNG.TO,CAD,1997-06-30,1997-06-30,Q2,100000.0,0.0,0.0,0.0,0.0,500000.0,0.0,0.0,500000.0,500000.0,0.0,0.0,-400000.0,-4.0,-400000.0,-4.0,0.0,0.0,0.0,0.0,-500000.0,-5.0,-1.428571,-1.428571,350000.0,350000.0,https://www.sedar.com/ModifyCompanyDocumentSearchForm.do?lang=EN&company_search=Bengal Energy Ltd&document_selection=0&industry_group=A&FromDate=13&FromMonth=05&FromYear=2000&ToDate=13&ToMonth=11&ToYear=2020&Variable=Issuer,https://www.sedar.com/ModifyCompanyDocumentSearchForm.do?lang=EN&company_search=Bengal Energy Ltd&document_selection=0&industry_group=A&FromDate=13&FromMonth=05&FromYear=2000&ToDate=13&ToMonth=11&ToYear=2020&Variable=Issuer,1620589535,15:45:35,20210509
