,date,symbol,reportedCurrency,fillingDate,acceptedDate,period,revenue,costOfRevenue,grossProfit,grossProfitRatio,researchAndDevelopmentExpenses,generalAndAdministrativeExpenses,sellingAndMarketingExpenses,otherExpenses,operatingExpenses,costAndExpenses,interestExpense,depreciationAndAmortization,ebitda,ebitdaratio,operatingIncome,operatingIncomeRatio,totalOtherIncomeExpensesNet,incomeBeforeTax,incomeBeforeTaxRatio,incomeTaxExpense,netIncome,netIncomeRatio,eps,epsdiluted,weightedAverageShsOut,weightedAverageShsOutDil,link,finalLink,timestamp,est_time,est_date
0,2020-12-31,USDR,USD,2021-03-30,2021-03-30 06:11:55,Q4,0.0,0.0,0.0,0.0,0.0,146000.0,0.0,0.0,-1305000.0,-1305000.0,0.0,-2000.0,-1370000.0,0.0,-1368000.0,0.0,0.0,-1368000.0,0.0,0.0,-1368000.0,0.0,-0.03413586723942393,-0.03413586723942393,40075150.0,40075150.0,https://www.sec.gov/Archives/edgar/data/1638911/000121390021018451/0001213900-21-018451-index.htm,https://www.sec.gov/Archives/edgar/data/1638911/000121390021018451/f10k2020_uasdrone.htm,1620599353,18:29:13,20210509
1,2020-09-30,USDR,USD,2020-11-12,2020-11-12 09:00:09,Q3,0.0,0.0,0.0,0.0,0.0,172000.0,0.0,0.0,172000.0,1114000.0,0.0,1000.0,1230000.0,0.0,1229000.0,0.0,0.0,1229000.0,0.0,0.0,1229000.0,0.0,0.030667383652961996,0.030667383652961996,40075150.0,40075150.0,https://www.sec.gov/Archives/edgar/data/1638911/000121390020036382/0001213900-20-036382-index.htm,https://www.sec.gov/Archives/edgar/data/1638911/000121390020036382/f10q0920_uasdronecorp.htm,1620599353,18:29:13,20210509
2,2020-06-30,USDR,USD,2020-08-11,2020-08-11 16:04:59,Q2,0.0,0.0,0.0,0.0,0.0,247000.0,0.0,0.0,247000.0,247000.0,-65000.0,3000.0,-244000.0,0.0,-247000.0,0.0,0.0,-312000.0,0.0,0.0,-312000.0,0.0,-0.00779,-0.00779,40075150.0,40075150.0,https://www.sec.gov/Archives/edgar/data/1638911/000121390020021400/0001213900-20-021400-index.htm,https://www.sec.gov/Archives/edgar/data/1638911/000121390020021400/f10q0620_uasdrone.htm,1620599353,18:29:13,20210509
3,2020-03-31,USDR,USD,2020-04-13 00:00:00,2020-04-13 16:11:17,Q1,0.0,0.0,0.0,0.0,0.0,696000.0,0.0,0.0,696000.0,696000.0,5000.0,3000.0,-693000.0,0.0,-696000.0,0.0,0.0,-691000.0,0.0,0.0,-691000.0,0.0,-0.02395,-0.02395,28853280.0,28853280.0,https://www.sec.gov/Archives/edgar/data/1638911/000121390020009056/0001213900-20-009056-index.html,https://www.sec.gov/Archives/edgar/data/1638911/000121390020009056/f10k2019_uasdronecorp.htm,1620599353,18:29:13,20210509
4,2019-12-31,USDR,USD,2020-04-13,2020-04-13,Q4,0.0,0.0,0.0,0.0,0.0,70553.0,0.0,66288.0,70553.0,70550.0,9699.0,0.0,-70551.0,0.0,-70550.0,0.0,0.0,-80250.0,0.0,0.0,-80250.0,0.0,-0.06844,-0.06844,1172540.0,1172540.0,https://www.sec.gov/Archives/edgar/data/1638911/000121390020009056/0001213900-20-009056-index.htm,https://www.sec.gov/Archives/edgar/data/1638911/000121390020009056/f10k2019_uasdronecorp.htm,1620599353,18:29:13,20210509
5,2019-09-30,USDR,USD,2019-11-14 00:00:00,2019-11-14 16:00:54,Q3,0.0,0.0,0.0,0.0,0.0,18717.0,0.0,4422.0,18717.0,18720.0,9177.0,0.0,-18713.0,0.0,-18720.0,0.0,0.0,-27890.0,0.0,0.0,-27890.0,0.0,-0.02379,-0.02379,1172540.0,1172540.0,https://www.sec.gov/Archives/edgar/data/1638911/000101041219000035/0001010412-19-000035-index.html,https://www.sec.gov/Archives/edgar/data/1638911/000101041219000035/f10q93019btbdraft2clean11121.htm,1620599353,18:29:13,20210509
6,2019-06-30,USDR,USD,2019-08-05,2019-08-05,Q2,0.0,0.0,0.0,0.0,0.0,18588.0,0.0,9370.0,18588.0,18590.0,9137.0,0.0,-18593.0,0.0,-18590.0,0.0,0.0,-27730.0,0.0,0.0,-27730.0,0.0,-0.02365,-0.02365,1172540.0,1172540.0,https://www.sec.gov/Archives/edgar/data/1638911/000154812319000146/0001548123-19-000146-index.htm,https://www.sec.gov/Archives/edgar/data/1638911/000154812319000146/f10qfinal.htm,1620599353,18:29:13,20210509
7,2019-03-31,USDR,USD,2019-05-10 00:00:00,2019-05-10 16:02:10,Q1,0.0,0.0,0.0,0.0,0.0,27685.0,0.0,17516.0,27685.0,27685.0,9392.0,0.0,0.0,0.0,0.0,0.0,0.0,0.0,0.0,0.0,0.0,0.0,0.0,0.0,1172540.0,1172540.0,https://www.sec.gov/Archives/edgar/data/1638911/000154812319000073/0001548123-19-000073-index.html,https://www.sec.gov/Archives/edgar/data/1638911/000154812319000073/f10qv2.htm,1620599353,18:29:13,20210509
8,2018-12-31,USDR,USD,2019-03-29 00:00:00,2019-03-29 08:33:19,Q4,0.0,0.0,0.0,0.0,0.0,19296.0,0.0,9917.0,19296.0,27690.0,9285.0,0.0,-27795.0,0.0,-27690.0,0.0,0.0,-37080.0,0.0,0.0,-37080.0,0.0,-0.03162,-0.03162,1172540.0,1172540.0,https://www.sec.gov/Archives/edgar/data/1638911/000154812319000045/0001548123-19-000045-index.html,https://www.sec.gov/Archives/edgar/data/1638911/000154812319000045/f10kfinal.htm,1620599353,18:29:13,20210509
9,2018-09-30,USDR,USD,2018-11-14 00:00:00,2018-11-14 16:17:47,Q3,0.0,0.0,0.0,0.0,0.0,33926.0,0.0,14040.0,33926.0,33930.0,9013.0,0.0,-33927.0,0.0,-33930.0,0.0,0.0,-42940.0,0.0,0.0,-42940.0,0.0,-0.03662,-0.03662,1172540.0,1172540.0,https://www.sec.gov/Archives/edgar/data/1638911/000154812318000298/0001548123-18-000298-index.html,https://www.sec.gov/Archives/edgar/data/1638911/000154812318000298/f10qfinal4.htm,1620599353,18:29:13,20210509
10,2018-06-30,USDR,USD,2018-08-14 00:00:00,2018-08-14 13:12:31,Q2,0.0,0.0,0.0,0.0,0.0,18388.0,0.0,8587.0,18388.0,18388.0,9119.0,0.0,-18388.0,0.0,-18388.0,0.0,-9119.0,-27507.0,0.0,0.0,-27507.0,0.0,-0.02346,-0.02346,1172544.0,1172544.0,https://www.sec.gov/Archives/edgar/data/1638911/000154812318000214/0001548123-18-000214-index.html,https://www.sec.gov/Archives/edgar/data/1638911/000154812318000214/f10qv1clean.htm,1620599353,18:29:13,20210509
11,2018-03-31,USDR,USD,2018-05-15 00:00:00,2018-05-15 11:28:03,Q1,0.0,0.0,0.0,0.0,0.0,28950.0,0.0,16790.0,28950.0,28950.0,9236.0,0.0,-28950.0,0.0,-28950.0,0.0,-9236.0,-38186.0,0.0,0.0,-38186.0,0.0,-0.03257,-0.03257,1172544.0,1172544.0,https://www.sec.gov/Archives/edgar/data/1638911/000154812318000127/0001548123-18-000127-index.html,https://www.sec.gov/Archives/edgar/data/1638911/000154812318000127/f10qv3clean.htm,1620599353,18:29:13,20210509
12,2017-12-31,USDR,USD,2018-03-29 00:00:00,2018-03-29 11:20:43,Q4,0.0,0.0,0.0,0.0,0.0,0.0,0.0,12440.0,24162.0,24162.0,11080.0,0.0,-24162.0,0.0,-24162.0,0.0,-11080.0,-35242.0,0.0,-966.0,-35242.0,0.0,-0.03006,-0.03006,1172544.0,1172544.0,https://www.sec.gov/Archives/edgar/data/1638911/000154812318000038/0001548123-18-000038-index.html,https://www.sec.gov/Archives/edgar/data/1638911/000154812318000038/f10kv3.htm,1620599353,18:29:13,20210509
13,2017-09-30,USDR,USD,2017-11-14 00:00:00,2017-11-14 16:48:18,Q3,0.0,0.0,0.0,0.0,0.0,27414.0,0.0,15571.0,27414.0,27414.0,9356.0,0.0,-27414.0,0.0,-27414.0,0.0,-9356.0,-36770.0,0.0,0.0,-36770.0,0.0,-0.03136,-0.03136,1172544.0,1172544.0,https://www.sec.gov/Archives/edgar/data/1638911/000101041217000068/0001010412-17-000068-index.html,https://www.sec.gov/Archives/edgar/data/1638911/000101041217000068/f10qfinal917.htm,1620599353,18:29:13,20210509
14,2017-06-30,USDR,USD,2017-08-11 00:00:00,2017-08-11 16:07:52,Q2,5000.0,4741.0,259.0,0.0518,0.0,22941.0,0.0,11278.0,22941.0,27682.0,9460.0,0.0,-22682.0,-4.5364,-22682.0,-4.5364,-9460.0,-32142.0,-6.4284,0.0,-32142.0,-6.4284,-0.02741,-0.02741,1172544.0,1172544.0,https://www.sec.gov/Archives/edgar/data/1638911/000154812317000184/0001548123-17-000184-index.html,https://www.sec.gov/Archives/edgar/data/1638911/000154812317000184/f10qfinaluas.htm,1620599353,18:29:13,20210509
15,2017-03-31,USDR,USD,2017-05-12 00:00:00,2017-05-12 16:24:32,Q1,0.0,0.0,0.0,0.0,0.0,35336.0,0.0,25482.0,35336.0,35336.0,9566.0,0.0,-35336.0,0.0,-35336.0,0.0,-9566.0,-44902.0,0.0,0.0,-44902.0,0.0,-0.03829,-0.03829,1172544.0,1172544.0,https://www.sec.gov/Archives/edgar/data/1638911/000101041217000028/0001010412-17-000028-index.html,https://www.sec.gov/Archives/edgar/data/1638911/000101041217000028/f10qfinal33117.htm,1620599353,18:29:13,20210509
16,2016-12-31,USDR,USD,2017-03-28 00:00:00,2017-03-28 17:17:09,Q4,0.0,0.0,0.0,0.0,4740.0,36870.0,0.0,38331.0,41610.0,52986.0,8495.0,0.0,-52986.0,0.0,-52986.0,0.0,-8732.0,-61718.0,0.0,112472.0,-61718.0,0.0,-0.05314,-0.05314,1161427.0,1161427.0,https://www.sec.gov/Archives/edgar/data/1638911/000154812317000043/0001548123-17-000043-index.html,https://www.sec.gov/Archives/edgar/data/1638911/000154812317000043/f10kv6uas.htm,1620599353,18:29:13,20210509
17,2016-09-30,USDR,USD,2016-11-14 00:00:00,2016-11-14 12:39:15,Q3,0.0,0.0,0.0,0.0,0.0,30164.0,0.0,20496.0,30164.0,30164.0,8014.0,0.0,-30164.0,0.0,-30164.0,0.0,-8014.0,-38178.0,0.0,0.0,-38178.0,0.0,-0.03297,-0.03297,1157921.0,1157921.0,https://www.sec.gov/Archives/edgar/data/1638911/000101041216000260/0001010412-16-000260-index.html,https://www.sec.gov/Archives/edgar/data/1638911/000101041216000260/f10quasdronefinal.htm,1620599353,18:29:13,20210509
18,2016-06-30,USDR,USD,2016-08-15 00:00:00,2016-08-15 11:57:04,Q2,0.0,0.0,0.0,0.0,0.0,55670.0,0.0,45173.0,55670.0,55670.0,7935.0,0.0,-55670.0,0.0,-55670.0,0.0,-7935.0,-63605.0,0.0,0.0,-63605.0,0.0,-0.05527,-0.05527,1150870.0,1150870.0,https://www.sec.gov/Archives/edgar/data/1638911/000101041216000247/0001010412-16-000247-index.html,https://www.sec.gov/Archives/edgar/data/1638911/000101041216000247/f10qv4.htm,1620599353,18:29:13,20210509
19,2016-03-31,USDR,USD,2016-05-13 00:00:00,2016-05-13 15:34:05,Q1,0.0,0.0,0.0,0.0,0.0,129448.0,0.0,114688.0,129448.0,129448.0,6225.0,0.0,-129448.0,0.0,-129448.0,0.0,-6225.0,-135673.0,0.0,0.0,-135673.0,0.0,-0.12008,-0.12008,1129871.0,1129871.0,https://www.sec.gov/Archives/edgar/data/1638911/000101041216000234/0001010412-16-000234-index.html,https://www.sec.gov/Archives/edgar/data/1638911/000101041216000234/f10qfinal.htm,1620599353,18:29:13,20210509
20,2015-12-31,USDR,USD,2016-03-30 00:00:00,2016-03-30 16:57:07,Q4,0.0,0.0,0.0,0.0,508.0,96768.0,0.0,83589.0,98074.0,98074.0,6335.0,0.0,-98074.0,0.0,-98074.0,0.0,-6335.0,-104409.0,0.0,-112704.0,-104409.0,0.0,-0.11996,-0.11996,870388.0,870388.0,https://www.sec.gov/Archives/edgar/data/1638911/000154812316000516/0001548123-16-000516-index.html,https://www.sec.gov/Archives/edgar/data/1638911/000154812316000516/f10kv4clean.htm,1620599353,18:29:13,20210509
21,2015-09-30,USDR,USD,2015-11-05 00:00:00,2015-11-05 12:04:09,Q3,25998.0,11793.0,14205.0,0.5463881837064389,0.0,67602.0,0.0,173704.0,80007.0,209516.0,12000.0,0.0,-183518.0,-7.05892760982,-183518.0,-7.0589276098161395,-12000.0,-195518.0,-7.520501577044388,0.0,-195518.0,-7.520501577044388,-0.24792,-0.24792,788645.0,788645.0,https://www.sec.gov/Archives/edgar/data/1638911/000101041215000180/0001010412-15-000180-index.html,https://www.sec.gov/Archives/edgar/data/1638911/000101041215000180/f10qq3v5.htm,1620599353,18:29:13,20210509
