,date,symbol,reportedCurrency,fillingDate,acceptedDate,period,revenue,costOfRevenue,grossProfit,grossProfitRatio,researchAndDevelopmentExpenses,generalAndAdministrativeExpenses,sellingAndMarketingExpenses,otherExpenses,operatingExpenses,costAndExpenses,interestExpense,depreciationAndAmortization,ebitda,ebitdaratio,operatingIncome,operatingIncomeRatio,totalOtherIncomeExpensesNet,incomeBeforeTax,incomeBeforeTaxRatio,incomeTaxExpense,netIncome,netIncomeRatio,eps,epsdiluted,weightedAverageShsOut,weightedAverageShsOutDil,link,finalLink,timestamp,est_time,est_date
0,2021-03-31,ARGO,USD,2021-05-07,2021-05-07,Q1,522300000.0,0.0,0.0,0.0,0.0,97200000.0,0.0,0.0,0.0,491100000.0,5100000.0,2000.0,0.0,0.0,0.0,0.05973578403216542,0.0,31200000.0,0.05973578403216542,1400000.0,29800000.0,0.05705533218456826,0.78,0.78,34700000.0,34900000.0,https://www.sec.gov/Archives/edgar/data/1091748/000162828021009428/0001628280-21-009428-index.htm,https://www.sec.gov/Archives/edgar/data/1091748/000162828021009428/argo-20210331.htm,1620588711,15:31:51,20210509
1,2020-12-31,ARGO,USD,2021-03-15,2021-03-15,Q4,516500000.0,0.0,0.0,0.0,0.0,106300000.0,0.0,0.0,0.0,517600000.0,5600000.0,8500000.0,0.0,0.0,0.0,-0.0021297192642787998,0.0,-1100000.0,-0.0021297192642787998,-1800000.0,700000.0,0.0013552758954501452,-0.57,-0.57,34700000.0,34700000.0,https://www.sec.gov/Archives/edgar/data/1091748/000162828021004668/0001628280-21-004668-index.htm,https://www.sec.gov/ix?doc=/Archives/edgar/data/1091748/000162828021004668/argo-20201231.htm,1620588711,15:31:51,20210509
2,2020-09-30,ARGO,USD,2020-11-04,2020-11-04,Q3,471900000.0,0.0,0.0,0.0,0.0,92500000.0,0.0,0.0,506000000.0,501300000.0,6800000.0,10600000.0,0.0,0.0,0.0,-0.062301335028607754,0.0,-29400000.0,-0.062301335028607754,200000.0,-29600000.0,-0.06272515363424454,-0.91,-0.91,34700000.0,34700000.0,https://www.sec.gov/Archives/edgar/data/1091748/000162828020015488/0001628280-20-015488-index.htm,https://www.sec.gov/ix?doc=/Archives/edgar/data/1091748/000162828020015488/argo-20200930.htm,1620588711,15:31:51,20210509
3,2020-06-30,ARGO,USD,2020-08-06 00:00:00,2020-08-06 07:15:42,Q2,450600000.0,0.0,0.0,0.0,0.0,95800000.0,0.0,0.0,6500000.0,444900000.0,6800000.0,9100000.0,0.0,0.0,0.0,0.012649800266311585,0.0,5700000.0,0.012649800266311585,12100000.0,-6400000.0,-0.014203284509542832,-0.18,-0.18,34634353.0,34634353.0,https://www.sec.gov/Archives/edgar/data/1091748/000162828020011889/0001628280-20-011889-index.htm,https://www.sec.gov/Archives/edgar/data/1091748/000162828020011889/argo-20200630.htm,1620588711,15:31:51,20210509
4,2020-03-31,ARGO,USD,2020-05-08,2020-05-08 14:42:44,Q1,439500000.0,0.0,439500000.0,1.0,0.0,102200000.0,0.0,0.0,8000000.0,461100000.0,7700000.0,5000000.0,2000000.0,0.0,-3000000.0,-0.049146757679180884,0.0,-21600000.0,-0.049146757679180884,-2800000.0,-18800000.0,-0.04277588168373151,-0.55,-0.55,34469516.0,34469516.0,https://www.sec.gov/Archives/edgar/data/1091748/000162828020007182/0001628280-20-007182-index.htm,https://www.sec.gov/Archives/edgar/data/1091748/000162828020007182/argo-20200331.htm,1620588711,15:31:51,20210509
5,2019-12-31,ARGO,USD,2020-02-28 00:00:00,2020-02-28 16:10:28,Q4,487900000.0,0.0,0.0,0.0,0.0,135700000.0,0.0,0.0,6000000.0,591200000.0,8300000.0,6900000.0,0.0,0.0,0.0,-0.21172371387579422,0.0,-103300000.0,-0.21172371387579422,0.0,-103300000.0,-0.21172371387579422,-3.01,-3.01,34300000.0,34300000.0,https://www.sec.gov/Archives/edgar/data/1091748/000162828020002567/0001628280-20-002567-index.html,https://www.sec.gov/Archives/edgar/data/1091748/000162828020002567/argo10k12312019.htm,1620588711,15:31:51,20210509
6,2019-09-30,ARGO,USD,2019-11-08 00:00:00,2019-11-08 11:52:56,Q3,489000000.0,0.0,0.0,0.0,0.0,92900000.0,0.0,0.0,10800000.0,515200000.0,7500000.0,6600000.0,0.0,0.0,0.0,-0.05357873210633947,0.0,-26200000.0,-0.05357873210633947,-1100000.0,-25100000.0,-0.05132924335378323,-0.73,-0.73,34300000.0,34300000.0,https://www.sec.gov/Archives/edgar/data/1091748/000162828019013779/0001628280-19-013779-index.html,https://www.sec.gov/Archives/edgar/data/1091748/000162828019013779/argo10-q09302019.htm,1620588711,15:31:51,20210509
7,2019-06-30,ARGO,USD,2019-08-06,2019-08-06 16:48:17,Q2,493900000.0,0.0,0.0,0.0,0.0,99000000.0,0.0,0.0,7900000.0,464300000.0,9300000.0,7100000.0,0.0,0.0,0.0,0.059931160153877304,0.0,29600000.0,0.059931160153877304,800000.0,28800000.0,0.05831139906863737,0.84,0.83,34200000.0,34800000.0,https://www.sec.gov/Archives/edgar/data/1091748/000162828019010159/argo10-q06302019.htm,https://www.sec.gov/Archives/edgar/data/1091748/000162828019010159/argo10-q06302019.htm,1620588711,15:31:51,20210509
8,2019-03-31,ARGO,USD,2019-05-08 00:00:00,2019-05-08 12:55:52,Q1,508500000.0,0.0,0.0,0.0,0.0,89100000.0,0.0,0.0,8300000.0,408400000.0,8500000.0,6700000.0,0.0,0.0,0.0,0.1968534906588004,0.0,100100000.0,0.1968534906588004,8900000.0,91200000.0,0.17935103244837758,2.68,2.63,34000000.0,34700000.0,https://www.sec.gov/Archives/edgar/data/1091748/000162828019006220/0001628280-19-006220-index.html,https://www.sec.gov/Archives/edgar/data/1091748/000162828019006220/argo10-q03312019.htm,1620588711,15:31:51,20210509
9,2018-12-31,ARGO,USD,2019-02-26 00:00:00,2019-02-25 18:41:03,Q4,400400000.0,0.0,0.0,0.0,0.0,90100000.0,0.0,0.0,5300000.0,460100000.0,8200000.0,8800000.0,0.0,0.0,0.0,-0.1491008991008991,0.0,-59700000.0,-0.1491008991008991,-16100000.0,-43600000.0,-0.1088911088911089,-1.29,-1.29,33900000.0,33900000.0,https://www.sec.gov/Archives/edgar/data/1091748/000162828019001883/0001628280-19-001883-index.html,https://www.sec.gov/Archives/edgar/data/1091748/000162828019001883/argo10k12312018f.htm,1620588711,15:31:51,20210509
10,2018-09-30,ARGO,USD,2018-11-06 00:00:00,2018-11-06 14:16:00,Q3,500600000.0,0.0,0.0,0.0,0.0,83200000.0,0.0,0.0,9800000.0,455300000.0,7900000.0,9300000.0,0.0,0.0,0.0,0.09049141030763085,0.0,45300000.0,0.09049141030763085,4700000.0,40600000.0,0.08110267678785457,1.2,1.17,34000000.0,34700000.0,https://www.sec.gov/Archives/edgar/data/1091748/000162828018013740/0001628280-18-013740-index.html,https://www.sec.gov/Archives/edgar/data/1091748/000162828018013740/argo10-q09302018.htm,1620588711,15:31:51,20210509
11,2018-06-30,ARGO,USD,2018-08-07 00:00:00,2018-08-07 12:47:06,Q2,468800000.0,0.0,0.0,0.0,0.0,90600000.0,0.0,0.0,8100000.0,411700000.0,7800000.0,7700000.0,0.0,0.0,0.0,0.12180034129692832,0.0,57100000.0,0.12180034129692832,15300000.0,41800000.0,0.08916382252559726,1.23,1.2,33900000.0,34700000.0,https://www.sec.gov/Archives/edgar/data/1091748/000162828018010622/0001628280-18-010622-index.html,https://www.sec.gov/Archives/edgar/data/1091748/000162828018010622/argo10q06302018.htm,1620588711,15:31:51,20210509
12,2018-03-31,ARGO,USD,2018-05-09 00:00:00,2018-05-09 14:40:45,Q1,432100000.0,0.0,0.0,0.0,0.0,87800000.0,0.0,0.0,9300000.0,407100000.0,7700000.0,6100000.0,0.0,0.0,0.0,0.05785697755149271,0.0,25000000.0,0.05785697755149271,200000.0,24800000.0,0.05739412173108077,0.73,0.71,33900000.0,34700000.0,https://www.sec.gov/Archives/edgar/data/1091748/000156459018012299/0001564590-18-012299-index.html,https://www.sec.gov/Archives/edgar/data/1091748/000156459018012299/argo-10q_20180331.htm,1620588711,15:31:51,20210509
13,2017-12-31,ARGO,USD,2018-02-27 00:00:00,2018-02-27 17:15:27,Q4,453500000.0,0.0,0.0,0.0,0.0,92700000.0,0.0,0.0,6400000.0,441200000.0,7300000.0,9400000.0,0.0,0.0,0.0,0.027122381477398014,0.0,12300000.0,0.027122381477398014,-16600000.0,28900000.0,0.06372657111356118,0.852174,0.826087,34040000.0,34960000.0,https://www.sec.gov/Archives/edgar/data/1091748/000156459018003547/0001564590-18-003547-index.html,https://www.sec.gov/Archives/edgar/data/1091748/000156459018003547/agii-10k_20171231.htm,1620588711,15:31:51,20210509
14,2017-09-30,ARGO,USD,2017-11-07 00:00:00,2017-11-07 16:28:54,Q3,439100000.0,0.0,0.0,0.0,0.0,89700000.0,0.0,0.0,11800000.0,505000000.0,7500000.0,8500000.0,0.0,0.0,0.0,-0.15007970849464813,0.0,-65900000.0,-0.15007970849464813,-4600000.0,-61300000.0,-0.13960373491232064,-1.773913,-1.773913,34500000.0,34500000.0,https://www.sec.gov/Archives/edgar/data/1091748/000156459017022275/0001564590-17-022275-index.html,https://www.sec.gov/Archives/edgar/data/1091748/000156459017022275/agii-10q_20170930.htm,1620588711,15:31:51,20210509
15,2017-06-30,ARGO,USD,2017-08-08 00:00:00,2017-08-08 16:02:24,Q2,446400000.0,0.0,0.0,0.0,0.0,88000000.0,0.0,0.0,6700000.0,395600000.0,7000000.0,7600000.0,0.0,0.0,0.0,0.11379928315412187,0.0,50800000.0,0.11379928315412187,4800000.0,46000000.0,0.10304659498207885,1.321739,1.286957,34730000.0,35650000.0,https://www.sec.gov/Archives/edgar/data/1091748/000156459017016491/0001564590-17-016491-index.html,https://www.sec.gov/Archives/edgar/data/1091748/000156459017016491/agii-10q_20170630.htm,1620588711,15:31:51,20210509
16,2017-03-31,ARGO,USD,2017-05-05 00:00:00,2017-05-05 16:10:29,Q1,428800000.0,0.0,0.0,0.0,0.0,88700000.0,0.0,0.0,7400000.0,386100000.0,5900000.0,8300000.0,0.0,0.0,0.0,0.09958022388059702,0.0,42700000.0,0.09958022388059702,6000000.0,36700000.0,0.08558768656716417,1.06087,1.034783,34500000.0,35535000.0,https://www.sec.gov/Archives/edgar/data/1091748/000156459017009086/0001564590-17-009086-index.html,https://www.sec.gov/Archives/edgar/data/1091748/000156459017009086/agii-10q_20170331.htm,1620588711,15:31:51,20210509
17,2016-12-31,ARGO,USD,2017-02-24 00:00:00,2017-02-24 16:04:31,Q4,414400000.0,0.0,0.0,0.0,0.0,74800000.0,0.0,0.0,6200000.0,367400000.0,5000000.0,8000000.0,0.0,0.0,0.0,0.11341698841698841,0.0,47000000.0,0.11341698841698841,14100000.0,32900000.0,0.07939189189189189,0.956522,0.930435,34500000.0,35305000.0,https://www.sec.gov/Archives/edgar/data/1091748/000156459017002394/0001564590-17-002394-index.html,https://www.sec.gov/Archives/edgar/data/1091748/000156459017002394/agii-10k_20161231.htm,1620588711,15:31:51,20210509
18,2016-09-30,ARGO,USD,2016-11-04 00:00:00,2016-11-04 16:03:37,Q3,418200000.0,0.0,0.0,0.0,0.0,75600000.0,0.0,0.0,6100000.0,356000000.0,4900000.0,9600000.0,0.0,0.0,0.0,0.14873266379722622,0.0,62200000.0,0.14873266379722622,7000000.0,55200000.0,0.13199426111908177,1.6,1.565217,34500000.0,35305000.0,https://www.sec.gov/Archives/edgar/data/1091748/000156459016027639/0001564590-16-027639-index.html,https://www.sec.gov/Archives/edgar/data/1091748/000156459016027639/agii-10q_20160930.htm,1620588711,15:31:51,20210509
19,2016-06-30,ARGO,USD,2016-08-04 00:00:00,2016-08-04 16:06:43,Q2,379800000.0,0.0,0.0,0.0,0.0,71100000.0,0.0,0.0,6300000.0,340200000.0,4900000.0,7800000.0,0.0,0.0,0.0,0.10426540284360189,0.0,39600000.0,0.10426540284360189,8700000.0,30900000.0,0.08135860979462875,0.895652,0.869565,34730000.0,35420000.0,https://www.sec.gov/Archives/edgar/data/1091748/000156459016022676/0001564590-16-022676-index.html,https://www.sec.gov/Archives/edgar/data/1091748/000156459016022676/agii-10q_20160630.htm,1620588711,15:31:51,20210509
20,2016-03-31,ARGO,USD,2016-05-05 00:00:00,2016-05-05 16:00:06,Q1,368600000.0,0.0,0.0,0.0,0.0,70600000.0,0.0,0.0,6600000.0,335500000.0,4800000.0,10000000.0,0.0,0.0,0.0,0.08979924036896364,0.0,33100000.0,0.08979924036896364,5400000.0,27700000.0,0.07514921323928378,0.790514,0.774704,35040500.0,35799500.0,https://www.sec.gov/Archives/edgar/data/1091748/000156459016017961/0001564590-16-017961-index.html,https://www.sec.gov/Archives/edgar/data/1091748/000156459016017961/agii-10q_20160331.htm,1620588711,15:31:51,20210509
21,2015-12-31,ARGO,USD,2016-02-26 00:00:00,2016-02-26 15:57:53,Q4,379100000.0,0.0,0.0,0.0,0.0,76300000.0,0.0,0.0,1700000.0,334900000.0,4700000.0,8000000.0,0.0,0.0,0.0,0.11659192825112108,0.0,44200000.0,0.11659192825112108,3000000.0,41200000.0,0.10867844895805856,1.16996,1.13834,35293500.0,36052500.0,https://www.sec.gov/Archives/edgar/data/1091748/000156459016013542/0001564590-16-013542-index.html,https://www.sec.gov/Archives/edgar/data/1091748/000156459016013542/agii-10k_20151231.htm,1620588711,15:31:51,20210509
22,2015-09-30,ARGO,USD,2015-11-06 00:00:00,2015-11-06 16:01:57,Q3,373800000.0,0.0,0.0,0.0,0.0,69600000.0,0.0,0.0,7500000.0,337600000.0,4800000.0,11100000.0,0.0,0.0,0.0,0.09684323167469235,0.0,36200000.0,0.09684323167469235,900000.0,35300000.0,0.09443552701979668,1.003953,0.980237,35293500.0,36052500.0,https://www.sec.gov/Archives/edgar/data/1091748/000156459015009915/0001564590-15-009915-index.html,https://www.sec.gov/Archives/edgar/data/1091748/000156459015009915/agii-10q_20150930.htm,1620588711,15:31:51,20210509
23,2015-06-30,ARGO,USD,2015-08-07 00:00:00,2015-08-07 16:30:46,Q2,370100000.0,0.0,0.0,0.0,0.0,79700000.0,0.0,0.0,338000000.0,335400000.0,4600000.0,10700000.0,0.0,0.0,0.0,0.09375844366387463,0.0,34700000.0,0.09375844366387463,6800000.0,27900000.0,0.07538503107268306,0.790514,0.774704,35293500.0,36052500.0,https://www.sec.gov/Archives/edgar/data/1091748/000156459015006684/0001564590-15-006684-index.html,https://www.sec.gov/Archives/edgar/data/1091748/000156459015006684/agii-10q_20150630.htm,1620588711,15:31:51,20210509
24,2015-03-31,ARGO,USD,2015-05-08 00:00:00,2015-05-08 16:02:11,Q1,381000000.0,0.0,0.0,0.0,0.0,72900000.0,0.0,0.0,600000.0,318600000.0,4900000.0,8900000.0,0.0,0.0,0.0,0.16377952755905512,0.0,62400000.0,0.16377952755905512,3600000.0,58800000.0,0.15433070866141732,1.652174,1.620553,35546500.0,36305500.0,https://www.sec.gov/Archives/edgar/data/1091748/000156459015003746/0001564590-15-003746-index.html,https://www.sec.gov/Archives/edgar/data/1091748/000156459015003746/agii-10q_20150331.htm,1620588711,15:31:51,20210509
25,2014-12-31,ARGO,USD,2015-02-27,2015-02-27 16:28:17,Q4,417000000.0,0.0,0.0,0.0,0.0,76100000.0,0.0,0.0,6000000.0,336700000.0,4900000.0,9400000.0,0.0,0.0,0.0,0.19256594724220624,0.0,80300000.0,0.19256594724220624,20600000.0,59700000.0,0.14316546762589927,1.667266,1.63852,35761550.0,36457300.0,https://www.sec.gov/Archives/edgar/data/1091748/000156459015001103/agii-10k_20141231.htm,https://www.sec.gov/Archives/edgar/data/1091748/000156459015001103/agii-10k_20141231.htm,1620588711,15:31:51,20210509
26,2014-09-30,ARGO,USD,2014-11-10 00:00:00,2014-11-10 16:06:16,Q3,378900000.0,0.0,0.0,0.0,0.0,69000000.0,0.0,0.0,7200000.0,330600000.0,4900000.0,9800000.0,0.0,0.0,0.0,0.12747426761678543,0.0,48300000.0,0.12747426761678543,3600000.0,44700000.0,0.11797307996832937,1.236076,1.214517,36179000.0,36735600.0,https://www.sec.gov/Archives/edgar/data/1091748/000119312514405968/0001193125-14-405968-index.html,https://www.sec.gov/Archives/edgar/data/1091748/000119312514405968/d780064d10q.htm,1620588711,15:31:51,20210509
27,2014-06-30,ARGO,USD,2014-08-06 00:00:00,2014-08-06 16:24:45,Q2,371800000.0,0.0,0.0,0.0,0.0,74100000.0,0.0,0.0,5700000.0,327100000.0,5100000.0,7600000.0,0.0,0.0,0.0,0.12022592791823561,0.0,44700000.0,0.12022592791823561,6100000.0,38600000.0,0.10381925766541152,1.0636,1.042041,36318150.0,37013900.0,https://www.sec.gov/Archives/edgar/data/1091748/000119312514298285/0001193125-14-298285-index.html,https://www.sec.gov/Archives/edgar/data/1091748/000119312514298285/d733838d10q.htm,1620588711,15:31:51,20210509
28,2014-03-31,ARGO,USD,2014-05-08 00:00:00,2014-05-08 17:22:08,Q1,360300000.0,0.0,0.0,0.0,0.0,68800000.0,0.0,0.0,6600000.0,317600000.0,5000000.0,10400000.0,0.0,0.0,0.0,0.11851235081876214,0.0,42700000.0,0.11851235081876214,2500000.0,40200000.0,0.1115736885928393,1.092346,1.070787,36874750.0,37570500.0,https://www.sec.gov/Archives/edgar/data/1091748/000119312514190338/0001193125-14-190338-index.html,https://www.sec.gov/Archives/edgar/data/1091748/000119312514190338/d693648d10q.htm,1620588711,15:31:51,20210509
29,2013-12-31,ARGO,USD,2014-02-28,2014-02-28 16:06:36,Q4,397100000.0,0.0,0.0,0.0,0.0,72000000.0,0.0,0.0,4500000.0,330600000.0,5100000.0,10800000.0,0.0,0.0,0.0,0.1674641148325359,0.0,66500000.0,0.1674641148325359,18700000.0,47800000.0,0.12037270209015362,1.293568,1.250449,37013900.0,38266250.0,https://www.sec.gov/Archives/edgar/data/1091748/000119312514077302/d635086d10k.htm,https://www.sec.gov/Archives/edgar/data/1091748/000119312514077302/d635086d10k.htm,1620588711,15:31:51,20210509
30,2013-09-30,ARGO,USD,2013-11-12 00:00:00,2013-11-12 15:54:33,Q3,360200000.0,0.0,0.0,0.0,0.0,65400000.0,0.0,0.0,6800000.0,327300000.0,5100000.0,10100000.0,0.0,0.0,0.0,0.09133814547473626,0.0,32900000.0,0.09133814547473626,1900000.0,31000000.0,0.08606329816768463,0.833633,0.804887,37153050.0,38683700.0,https://www.sec.gov/Archives/edgar/data/1091748/000119312513438190/0001193125-13-438190-index.html,https://www.sec.gov/Archives/edgar/data/1091748/000119312513438190/d599818d10q.htm,1620588711,15:31:51,20210509
31,2013-06-30,ARGO,USD,2013-08-09 00:00:00,2013-08-09 15:59:15,Q2,369900000.0,0.0,0.0,0.0,0.0,66700000.0,0.0,0.0,6100000.0,327100000.0,5100000.0,9000000.0,0.0,0.0,0.0,0.11570694782373614,0.0,42800000.0,0.11570694782373614,11100000.0,31700000.0,0.08569883752365504,0.848006,0.812073,37570500.0,38962000.0,https://www.sec.gov/Archives/edgar/data/1091748/000119312513329128/0001193125-13-329128-index.html,https://www.sec.gov/Archives/edgar/data/1091748/000119312513329128/d545927d10q.htm,1620588711,15:31:51,20210509
32,2013-03-31,ARGO,USD,2013-05-09 00:00:00,2013-05-09 17:02:41,Q1,344700000.0,0.0,0.0,0.0,0.0,68700000.0,0.0,0.0,6800000.0,307200000.0,4900000.0,9700000.0,0.0,0.0,0.0,0.10879025239338555,0.0,37500000.0,0.10879025239338555,4800000.0,32700000.0,0.09486510008703221,0.862379,0.836246,37960120.0,39184640.0,https://www.sec.gov/Archives/edgar/data/1091748/000119312513211360/0001193125-13-211360-index.html,https://www.sec.gov/Archives/edgar/data/1091748/000119312513211360/d497045d10q.htm,1620588711,15:31:51,20210509
33,2012-12-31,ARGO,USD,2013-02-28 00:00:00,2013-02-28 17:06:18,Q4,349200000.0,0.0,0.0,0.0,0.0,0.0,0.0,0.0,341000000.0,353300000.0,6700000.0,8700000.0,0.0,0.0,0.0,-0.011741122565864834,0.0,-4100000.0,-0.011741122565864834,600000.0,-4700000.0,-0.013459335624284079,-0.12413,-0.12413,38419315.0,38419315.0,https://www.sec.gov/Archives/edgar/data/1091748/000119312513084723/0001193125-13-084723-index.html,https://www.sec.gov/Archives/edgar/data/1091748/000119312513084723/d458575d10k.htm,1620588711,15:31:51,20210509
34,2012-09-30,ARGO,USD,2012-11-09 00:00:00,2012-11-09 16:57:56,Q3,334800000.0,0.0,0.0,0.0,0.0,0.0,0.0,0.0,16700000.0,317100000.0,5800000.0,11600000.0,0.0,0.0,0.0,0.0528673835125448,0.0,17700000.0,0.0528673835125448,4300000.0,13400000.0,0.04002389486260454,0.346258,0.339725,38572380.0,39490770.0,https://www.sec.gov/Archives/edgar/data/1091748/000119312512463558/0001193125-12-463558-index.html,https://www.sec.gov/Archives/edgar/data/1091748/000119312512463558/d415717d10q.htm,1620588711,15:31:51,20210509
35,2012-06-30,ARGO,USD,2012-08-09 00:00:00,2012-08-09 16:45:56,Q2,318000000.0,0.0,0.0,0.0,0.0,0.0,0.0,0.0,288000000.0,293000000.0,5500000.0,7900000.0,0.0,0.0,0.0,0.07861635220125786,0.0,25000000.0,0.07861635220125786,1000000.0,24000000.0,0.07547169811320754,0.607585,0.601052,39337705.0,39949965.0,https://www.sec.gov/Archives/edgar/data/1091748/000119312512347762/0001193125-12-347762-index.html,https://www.sec.gov/Archives/edgar/data/1091748/000119312512347762/d367885d10q.htm,1620588711,15:31:51,20210509
36,2012-03-31,ARGO,USD,2012-05-10,2012-05-10 16:05:34,Q1,323100000.0,0.0,0.0,0.0,0.0,0.0,0.0,0.0,9800000.0,295000000.0,5700000.0,8400000.0,0.0,0.0,0.0,0.08696997833488085,0.0,28100000.0,0.08696997833488085,8500000.0,19600000.0,0.060662333642835034,0.489988,0.483455,40000987.0,40541541.0,https://www.sec.gov/Archives/edgar/data/1091748/000119312512225476/d328263d10q.htm,https://www.sec.gov/Archives/edgar/data/1091748/000119312512225476/d328263d10q.htm,1620588711,15:31:51,20210509
37,2011-12-31,ARGO,USD,2012-02-29 00:00:00,2012-02-29 16:06:32,Q4,321700000.0,0.0,0.0,0.0,0.0,0.0,0.0,0.0,305000000.0,313400000.0,5600000.0,9400000.0,0.0,0.0,0.0,0.025800435188063412,0.0,8300000.0,0.025800435188063412,6900000.0,1400000.0,0.004351880634131178,0.03499913639630942,0.03499913639630942,40000987.0,40000987.0,https://www.sec.gov/Archives/edgar/data/1091748/000119312512089089/0001193125-12-089089-index.html,https://www.sec.gov/Archives/edgar/data/1091748/000119312512089089/d264701d10k.htm,1620588711,15:31:51,20210509
38,2011-09-30,ARGO,USD,2011-11-08 00:00:00,2011-11-08 16:27:17,Q3,303500000.0,0.0,0.0,0.0,0.0,0.0,0.0,0.0,305000000.0,309600000.0,5600000.0,9000000.0,0.0,0.0,0.0,-0.020098846787479408,0.0,-6100000.0,-0.020098846787479408,6000000.0,-12100000.0,-0.03986820428336079,-0.28746,-0.28746,41633680.0,41633680.0,https://www.sec.gov/Archives/edgar/data/1091748/000119312511302216/0001193125-11-302216-index.html,https://www.sec.gov/Archives/edgar/data/1091748/000119312511302216/d234732d10q.htm,1620588711,15:31:51,20210509
39,2011-06-30,ARGO,USD,2011-08-09 00:00:00,2011-08-09 16:10:19,Q2,336000000.0,0.0,0.0,0.0,0.0,0.0,0.0,0.0,3400000.0,303500000.0,5500000.0,7200000.0,0.0,0.0,0.0,0.09672619047619048,0.0,32500000.0,0.09672619047619048,9700000.0,22800000.0,0.06785714285714285,0.542253,0.53572,41786745.0,42399005.0,https://www.sec.gov/Archives/edgar/data/1091748/000119312511216484/0001193125-11-216484-index.html,https://www.sec.gov/Archives/edgar/data/1091748/000119312511216484/d10q.htm,1620588711,15:31:51,20210509
40,2011-03-31,ARGO,USD,2011-05-10 00:00:00,2011-05-10 16:06:49,Q1,297200000.0,0.0,0.0,0.0,0.0,0.0,0.0,0.0,9600000.0,394800000.0,5400000.0,6300000.0,0.0,0.0,0.0,-0.3283983849259758,0.0,-97600000.0,-0.3283983849259758,-3100000.0,-94500000.0,-0.31796769851951545,-2.18208,-2.18208,42245940.0,42245940.0,https://www.sec.gov/Archives/edgar/data/1091748/000119312511134196/0001193125-11-134196-index.html,https://www.sec.gov/Archives/edgar/data/1091748/000119312511134196/d10q.htm,1620588711,15:31:51,20210509
41,2010-12-31,ARGO,USD,2011-02-28,2011-02-28 16:45:48,Q4,316500000.0,0.0,0.0,0.0,0.0,0.0,0.0,0.0,8100000.0,298200000.0,5600000.0,7900000.0,0.0,0.0,0.0,0.05781990521327014,0.0,18300000.0,0.05781990521327014,5500000.0,12800000.0,0.04044233807266982,0.3029876953856394,0.3029876953856394,42245940.0,42245940.0,https://www.sec.gov/Archives/edgar/data/1091748/000119312511050073/d10k.htm,https://www.sec.gov/Archives/edgar/data/1091748/000119312511050073/d10k.htm,1620588711,15:31:51,20210509
42,2010-09-30,ARGO,USD,2010-11-05 00:00:00,2010-11-05 16:09:43,Q3,333300000.0,0.0,0.0,0.0,0.0,0.0,0.0,0.0,3400000.0,301900000.0,5800000.0,8600000.0,0.0,0.0,0.0,0.09420942094209421,0.0,31400000.0,0.09420942094209421,8400000.0,23000000.0,0.06900690069006901,0.509587,0.503054,45154175.0,45766435.0,https://www.sec.gov/Archives/edgar/data/1091748/000119312510250080/0001193125-10-250080-index.html,https://www.sec.gov/Archives/edgar/data/1091748/000119312510250080/d10q.htm,1620588711,15:31:51,20210509
43,2010-06-30,ARGO,USD,2010-08-09 00:00:00,2010-08-09 16:37:06,Q2,362400000.0,0.0,0.0,0.0,0.0,0.0,0.0,0.0,325000000.0,330300000.0,5500000.0,8000000.0,0.0,0.0,0.0,0.08857615894039735,0.0,32100000.0,0.08857615894039735,6000000.0,26100000.0,0.07201986754966887,0.568386,0.561853,45766435.0,46378695.0,https://www.sec.gov/Archives/edgar/data/1091748/000119312510183446/0001193125-10-183446-index.html,https://www.sec.gov/Archives/edgar/data/1091748/000119312510183446/d10q.htm,1620588711,15:31:51,20210509
44,2010-03-31,ARGO,USD,2010-05-07 00:00:00,2010-05-07 16:54:37,Q1,372300000.0,0.0,0.0,0.0,0.0,0.0,0.0,0.0,333000000.0,338800000.0,6000000.0,7800000.0,0.0,0.0,0.0,0.0899811979586355,0.0,33500000.0,0.0899811979586355,12800000.0,20700000.0,0.055600322320709106,0.444256,0.437723,46837890.0,47297085.0,https://www.sec.gov/Archives/edgar/data/1091748/000119312510113024/0001193125-10-113024-index.html,https://www.sec.gov/Archives/edgar/data/1091748/000119312510113024/d10q.htm,1620588711,15:31:51,20210509
45,2009-12-31,ARGO,USD,2010-03-01 00:00:00,2010-02-26 20:33:29,Q4,382900000.0,0.0,0.0,0.0,0.0,0.0,0.0,0.0,334000000.0,331800000.0,-1800000.0,10800000.0,0.0,0.0,0.0,0.13345521023765997,0.0,51100000.0,0.13345521023765997,10100000.0,41000000.0,0.10707756594411073,0.8753596714113296,0.8753596714113296,46837890.0,46837890.0,https://www.sec.gov/Archives/edgar/data/1091748/000119312510043345/0001193125-10-043345-index.html,https://www.sec.gov/Archives/edgar/data/1091748/000119312510043345/d10k.htm,1620588711,15:31:51,20210509
46,2009-09-30,ARGO,USD,2009-11-09 00:00:00,2009-11-09 16:06:56,Q3,383800000.0,0.0,0.0,0.0,0.0,0.0,0.0,0.0,337000000.0,346400000.0,9000000.0,6400000.0,0.0,0.0,0.0,0.09744658676393955,0.0,37400000.0,0.09744658676393955,9800000.0,27600000.0,0.07191245440333507,0.585440104598632,0.5835454764284099,47144020.0,47297085.0,https://www.sec.gov/Archives/edgar/data/1091748/000119312509229353/0001193125-09-229353-index.html,https://www.sec.gov/Archives/edgar/data/1091748/000119312509229353/d10q.htm,1620588711,15:31:51,20210509
47,2009-06-30,ARGO,USD,2009-08-10 00:00:00,2009-08-10 16:40:15,Q2,407000000.0,0.0,0.0,0.0,0.0,0.0,0.0,0.0,12800000.0,384500000.0,9200000.0,2600000.0,0.0,0.0,0.0,0.05528255528255528,0.0,22500000.0,0.05528255528255528,600000.0,21900000.0,0.05380835380835381,0.4660471360924672,0.4645339960402189,46990955.0,47144020.0,https://www.sec.gov/Archives/edgar/data/1091748/000119312509170731/0001193125-09-170731-index.html,https://www.sec.gov/Archives/edgar/data/1091748/000119312509170731/d10q.htm,1620588711,15:31:51,20210509
48,2009-03-31,ARGO,USD,2009-05-11 00:00:00,2009-05-11 16:15:15,Q1,371100000.0,0.0,0.0,0.0,0.0,0.0,0.0,0.0,331000000.0,339700000.0,9200000.0,2600000.0,0.0,0.0,0.0,0.08461331177580167,0.0,31400000.0,0.08461331177580167,4400000.0,27000000.0,0.07275666936135812,0.5756667703008993,0.5737005713930202,46902134.0,47062878.0,https://www.sec.gov/Archives/edgar/data/1091748/000119312509107153/0001193125-09-107153-index.html,https://www.sec.gov/Archives/edgar/data/1091748/000119312509107153/d10q.htm,1620588711,15:31:51,20210509
49,2008-12-31,ARGO,USD,2009-03-02 00:00:00,2009-03-02 15:48:20,Q4,347100000.0,0.0,0.0,0.0,0.0,0.0,0.0,0.0,316000000.0,325200000.0,5700000.0,0.0,0.0,0.0,0.0,0.06309420916162489,0.0,21900000.0,0.06309420916162489,10100000.0,11800000.0,0.03399596658023624,0.2515876996129856,0.2515876996129856,46902134.0,46902134.0,https://www.sec.gov/Archives/edgar/data/1091748/000119312509042483/0001193125-09-042483-index.html,https://www.sec.gov/Archives/edgar/data/1091748/000119312509042483/d10k.htm,1620588711,15:31:51,20210509
50,2008-09-30,ARGO,USD,2008-11-10 00:00:00,2008-11-10 15:35:38,Q3,351400000.0,0.0,0.0,0.0,0.0,0.0,0.0,0.0,346000000.0,357800000.0,15200000.0,3500000.0,0.0,0.0,0.0,-0.01821286283437678,0.0,-6400000.0,-0.01821286283437678,2400000.0,-8800000.0,-0.02504268639726807,-0.189462,-0.189462,46822790.0,46822790.0,https://www.sec.gov/Archives/edgar/data/1091748/000119312508231618/0001193125-08-231618-index.html,https://www.sec.gov/Archives/edgar/data/1091748/000119312508231618/d10q.htm,1620588711,15:31:51,20210509
51,2008-06-30,ARGO,USD,2008-08-11 00:00:00,2008-08-11 17:09:15,Q2,299200000.0,0.0,0.0,0.0,0.0,0.0,0.0,0.0,260000000.0,269600000.0,9500000.0,3800000.0,0.0,0.0,0.0,0.09893048128342247,0.0,29600000.0,0.09893048128342247,6600000.0,23000000.0,0.0768716577540107,0.4909150199206912,0.4883167354828795,46851286.0,47100577.0,https://www.sec.gov/Archives/edgar/data/1091748/000119312508173643/0001193125-08-173643-index.html,https://www.sec.gov/Archives/edgar/data/1091748/000119312508173643/d10q.htm,1620588711,15:31:51,20210509
52,2008-03-31,ARGO,USD,2008-05-12 00:00:00,2008-05-12 16:44:48,Q1,258100000.0,0.0,0.0,0.0,0.0,0.0,0.0,0.0,210000000.0,216800000.0,7000000.0,2600000.0,0.0,0.0,0.0,0.160015497869043,1300000.0,41300000.0,0.160015497869043,4400000.0,36900000.0,0.14296784192173576,0.7859412030357267,0.781833329237007,46950077.0,47196760.0,https://www.sec.gov/Archives/edgar/data/1091748/000119312508111604/0001193125-08-111604-index.html,https://www.sec.gov/Archives/edgar/data/1091748/000119312508111604/d10q.htm,1620588711,15:31:51,20210509
53,2007-12-31,ARGO,USD,2008-03-05,2008-03-05 15:46:04,Q4,265400000.0,0.0,0.0,0.0,0.0,0.0,0.0,0.0,213000000.0,225400000.0,12400000.0,1600000.0,0.0,0.0,0.0,0.15071590052750566,1300000.0,40000000.0,0.15071590052750566,15500000.0,23500000.0,0.08854559155990957,0.5005316604699073,0.5005316604699073,46950077.0,46950077.0,https://www.sec.gov/Archives/edgar/data/1091748/000120677408000455/argo_10-k.htm,https://www.sec.gov/Archives/edgar/data/1091748/000120677408000455/argo_10-k.htm,1620588711,15:31:51,20210509
54,2007-09-30,ARGO,USD,2007-11-09 00:00:00,2007-11-09 12:46:43,Q3,258700000.0,0.0,0.0,0.0,0.0,0.0,0.0,0.0,241000000.0,246700000.0,6200000.0,0.0,0.0,0.0,0.0,0.04638577502899111,700000.0,12000000.0,0.04638577502899111,5100000.0,74200000.0,0.2868187089292617,1.77049,1.763956,41843724.0,42137790.0,https://www.sec.gov/Archives/edgar/data/1091748/000120677407002592/0001206774-07-002592-index.html,https://www.sec.gov/Archives/edgar/data/1091748/000120677407002592/argogroup_10q.htm,1620588711,15:31:51,20210509
55,2007-06-30,ARGO,USD,2007-08-06 00:00:00,2007-08-06 17:10:46,Q2,5764000.0,0.0,0.0,0.0,0.0,0.0,0.0,0.0,12633000.0,17261000.0,3625000.0,0.0,0.0,0.0,0.0,-1.9946217904233172,16000.0,-11497000.0,-1.9946217904233172,68000.0,-11565000.0,-2.006419153365718,-1.175971,-1.175971,11043180.0,11043180.0,https://www.sec.gov/Archives/edgar/data/1091748/000095012307010895/0000950123-07-010895-index.html,https://www.sec.gov/Archives/edgar/data/1091748/000095012307010895/y37942e10vq.htm,1620588711,15:31:51,20210509
56,2007-03-31,ARGO,USD,2007-05-09 00:00:00,2007-05-09 15:15:29,Q1,6277000.0,0.0,0.0,0.0,0.0,0.0,0.0,0.0,6286000.0,13473000.0,3612000.0,0.0,0.0,0.0,0.0,-1.1464075195156922,63000.0,-7196000.0,-1.1464075195156922,1000.0,-7197000.0,-1.1465668312888322,-0.783981,-0.783981,11028180.0,11028180.0,https://www.sec.gov/Archives/edgar/data/1091748/000095012307007095/0000950123-07-007095-index.html,https://www.sec.gov/Archives/edgar/data/1091748/000095012307007095/y34723e10vq.htm,1620588711,15:31:51,20210509
57,2006-12-31,ARGO,USD,2007-03-16,2007-03-16 16:49:01,Q4,1776000.0,0.0,0.0,0.0,0.0,0.0,0.0,0.0,16688000.0,20889000.0,3627000.0,0.0,0.0,0.0,0.0,-10.761824324324325,194000.0,-19113000.0,-10.761824324324325,597000.0,-19710000.0,-11.097972972972974,-1.7872395989184071,-1.7872395989184071,11028180.0,11028180.0,https://www.sec.gov/Archives/edgar/data/1091748/000095012307004010/y30986e10vk.htm,https://www.sec.gov/Archives/edgar/data/1091748/000095012307004010/y30986e10vk.htm,1620588711,15:31:51,20210509
58,2006-09-30,ARGO,USD,2006-11-09,2006-11-09 13:19:47,Q3,20289000.0,0.0,0.0,0.0,0.0,0.0,0.0,0.0,4461000.0,15829000.0,3616000.0,0.0,0.0,0.0,0.0,0.21982354970673765,16000.0,4460000.0,0.21982354970673765,0.0,4460000.0,0.21982354970673765,0.4046824848520813,0.37782611391779247,11020986.0,11804372.0,https://www.sec.gov/Archives/edgar/data/1091748/000112528206006916/b415579_10q.htm,https://www.sec.gov/Archives/edgar/data/1091748/000112528206006916/b415579_10q.htm,1620588711,15:31:51,20210509
59,2006-06-30,ARGO,USD,2006-08-09,2006-08-09 15:49:35,Q2,25206000.0,0.0,0.0,0.0,0.0,0.0,0.0,0.0,13985000.0,23066000.0,3601000.0,0.0,0.0,0.0,0.0,0.0849004205347933,27000.0,2140000.0,0.0849004205347933,0.0,2140000.0,0.0849004205347933,0.19421816163071376,0.1813593134787259,11018537.0,11799780.0,https://www.sec.gov/Archives/edgar/data/1091748/000112528206004772/b414354_10q.htm,https://www.sec.gov/Archives/edgar/data/1091748/000112528206004772/b414354_10q.htm,1620588711,15:31:51,20210509
60,2006-03-31,ARGO,USD,2006-05-10,2006-05-10 15:09:12,Q1,90531000.0,0.0,0.0,0.0,0.0,0.0,0.0,0.0,15613000.0,48919000.0,3611000.0,0.0,0.0,0.0,0.0,0.4596436579735118,191000.0,41612000.0,0.4596436579735118,0.0,41612000.0,0.4596436579735118,3.658576,3.527913,11003689.0,11782178.0,https://www.sec.gov/Archives/edgar/data/1091748/000112528206002662/b413157-10q.htm,https://www.sec.gov/Archives/edgar/data/1091748/000112528206002662/b413157-10q.htm,1620588711,15:31:51,20210509
61,2005-12-31,ARGO,USD,2006-03-16,2006-03-16 15:38:07,Q4,157097000.0,0.0,0.0,0.0,0.0,0.0,0.0,0.0,9547000.0,564052000.0,3615000.0,0.0,0.0,0.0,0.0,-2.5904695824872532,171000.0,-406955000.0,-2.5904695824872532,39510000.0,-446465000.0,-2.8419702476813686,-40.57412018823869,-40.57412018823869,11003689.0,11003689.0,https://www.sec.gov/Archives/edgar/data/1091748/000112528206001680/b412207_10k.htm,https://www.sec.gov/Archives/edgar/data/1091748/000112528206001680/b412207_10k.htm,1620588711,15:31:51,20210509
62,2005-09-30,ARGO,USD,2005-10-28,2005-10-28 11:47:16,Q3,82662000.0,0.0,0.0,0.0,0.0,0.0,0.0,0.0,7018000.0,432536000.0,3615000.0,0.0,0.0,0.0,0.0,-4.232585710483656,353000.0,-349874000.0,-4.232585710483656,-32531000.0,-317343000.0,-3.839043333091384,-72.975533,-72.975533,4366791.0,4366791.0,https://www.sec.gov/Archives/edgar/data/1091748/000112528205005568/b409455_10q.htm,https://www.sec.gov/Archives/edgar/data/1091748/000112528205005568/b409455_10q.htm,1620588711,15:31:51,20210509
63,2005-06-30,ARGO,USD,2005-07-29,2005-07-29 13:01:38,Q2,90082000.0,0.0,0.0,0.0,0.0,0.0,0.0,0.0,9057000.0,47583000.0,3612000.0,0.0,0.0,0.0,0.0,0.471781265957683,206000.0,42499000.0,0.471781265957683,-1008000.0,43507000.0,0.482971070802158,9.799758,8.493124,4313218.0,5106095.0,https://www.sec.gov/Archives/edgar/data/1091748/000112528205003988/b407960_10q.htm,https://www.sec.gov/Archives/edgar/data/1091748/000112528205003988/b407960_10q.htm,1620588711,15:31:51,20210509
64,2005-03-31,ARGO,USD,2005-04-29,2005-04-29 15:05:36,Q1,89980000.0,0.0,0.0,0.0,0.0,0.0,0.0,0.0,9975000.0,67301000.0,3610000.0,0.0,0.0,0.0,0.0,0.25204489886641473,211000.0,22679000.0,0.25204489886641473,-64000.0,22743000.0,0.25275616803734163,6.271845,4.507889,3091913.0,5048083.0,https://www.sec.gov/Archives/edgar/data/1091748/000112528205002243/b406338_10q.htm,https://www.sec.gov/Archives/edgar/data/1091748/000112528205002243/b406338_10q.htm,1620588711,15:31:51,20210509
65,2004-12-31,ARGO,USD,2005-03-01 00:00:00,2005-03-01 17:01:21,Q4,89061000.0,0.0,0.0,0.0,0.0,0.0,0.0,0.0,10635000.0,55698000.0,3442000.0,0.0,0.0,0.0,0.0,0.37460841445750664,229000.0,33363000.0,0.37460841445750664,610000.0,32753000.0,0.367759176294899,10.593118241037184,10.593118241037184,3091913.0,3091913.0,https://www.sec.gov/Archives/edgar/data/1091748/000112528205001024/0001125282-05-001024-index.html,https://www.sec.gov/Archives/edgar/data/1091748/000112528205001024/b405016_10k.htm,1620588711,15:31:51,20210509
66,2004-09-30,ARGO,USD,2004-11-05 00:00:00,2004-11-05 16:57:28,Q3,95611000.0,0.0,0.0,0.0,0.0,0.0,0.0,0.0,7890000.0,176942000.0,3817000.0,0.0,0.0,0.0,0.0,-0.8506448002844861,695000.0,-81331000.0,-0.8506448002844861,-8157000.0,-73174000.0,-0.7653303490184183,-35.801784,-35.801784,2142144.0,2142144.0,https://www.sec.gov/Archives/edgar/data/1091748/000112528204005563/0001125282-04-005563-index.html,https://www.sec.gov/Archives/edgar/data/1091748/000112528204005563/b401875_10q.txt,1620588711,15:31:51,20210509
67,2004-06-30,ARGO,USD,2004-08-05 00:00:00,2004-08-05 15:09:41,Q2,74704000.0,0.0,0.0,0.0,0.0,0.0,0.0,0.0,-13669000.0,41708000.0,3455000.0,0.0,0.0,0.0,0.0,0.44168986935103877,262000.0,32996000.0,0.44168986935103877,660000.0,32336000.0,0.43285500107089314,13.65433,7.839807,2115664.0,4135969.0,https://www.sec.gov/Archives/edgar/data/1091748/000112528204003634/0001125282-04-003634-index.html,https://www.sec.gov/Archives/edgar/data/1091748/000112528204003634/b400105_10q.txt,1620588711,15:31:51,20210509
68,2004-03-31,ARGO,USD,2004-05-07 00:00:00,2004-05-07 09:35:47,Q1,76509000.0,0.0,0.0,0.0,0.0,0.0,0.0,0.0,-12847000.0,43872000.0,3675000.0,0.0,0.0,0.0,0.0,0.42657726541975455,599000.0,32637000.0,0.42657726541975455,653000.0,30931000.0,0.4042792351226653,13.327671,7.709143,2053673.0,4022854.0,https://www.sec.gov/Archives/edgar/data/1091748/000112528204002027/0001125282-04-002027-index.html,https://www.sec.gov/Archives/edgar/data/1091748/000112528204002027/b331686_10q.txt,1620588711,15:31:51,20210509
69,2003-12-31,ARGO,USD,2004-03-12 00:00:00,2004-03-12 16:22:01,Q4,93285000.0,0.0,0.0,0.0,0.0,0.0,0.0,0.0,89849000.0,67492000.0,2000.0,0.0,0.0,0.0,0.0,0.2764967572492898,1481000.0,25793000.0,0.2764967572492898,-2046000.0,27839000.0,0.2984295438709332,13.555712131386057,13.555712131386057,2053673.0,2053673.0,https://www.sec.gov/Archives/edgar/data/1091748/000112528204001011/0001125282-04-001011-index.html,https://www.sec.gov/Archives/edgar/data/1091748/000112528204001011/b330645_10k.txt,1620588711,15:31:51,20210509
70,2003-09-30,ARGO,USD,2003-11-14 00:00:00,2003-11-14 10:11:41,Q3,76726000.0,0.0,0.0,0.0,0.0,0.0,0.0,0.0,-3218000.0,51995000.0,0.0,0.0,0.0,0.0,0.0,0.32232880640200195,1148000.0,24731000.0,0.32232880640200195,1007000.0,23724000.0,0.309204181112009,11.171724,6.598504,1825300.0,3609731.0,https://www.sec.gov/Archives/edgar/data/1091748/000112528203006133/0001125282-03-006133-index.html,https://www.sec.gov/Archives/edgar/data/1091748/000112528203006133/b327797_10q.txt,1620588711,15:31:51,20210509
71,2003-06-30,ARGO,USD,2003-08-08 00:00:00,2003-08-08 13:16:13,Q2,93790000.0,0.0,0.0,0.0,0.0,0.0,0.0,0.0,12279000.0,71941000.0,245000.0,0.0,0.0,0.0,0.0,0.2329566051817891,1108000.0,21849000.0,0.2329566051817891,371000.0,21478000.0,0.22900095959057468,9.995753,6.07585,1824687.0,3548505.0,https://www.sec.gov/Archives/edgar/data/1091748/000112528203004680/0001125282-03-004680-index.html,https://www.sec.gov/Archives/edgar/data/1091748/000112528203004680/b326106_10q.txt,1620588711,15:31:51,20210509
72,2003-03-31,ARGO,USD,2003-05-08 00:00:00,2003-05-08 15:55:57,Q1,91522000.0,0.0,0.0,0.0,0.0,0.0,0.0,0.0,11268000.0,66408000.0,2259000.0,0.0,0.0,0.0,0.0,0.2744039684447455,1276000.0,25114000.0,0.2744039684447455,1507000.0,23607000.0,0.2579379821245165,11.171724,6.794499,1820555.0,3469065.0,https://www.sec.gov/Archives/edgar/data/1091748/000112528203003214/0001125282-03-003214-index.html,https://www.sec.gov/Archives/edgar/data/1091748/000112528203003214/b324692_10q.txt,1620588711,15:31:51,20210509
73,2002-12-31,ARGO,USD,2003-03-21 00:00:00,2003-03-21 14:53:07,Q4,99911000.0,0.0,0.0,0.0,0.0,0.0,0.0,0.0,74505000.0,78197000.0,742000.0,0.0,0.0,0.0,0.0,0.21733342674980732,666000.0,21714000.0,0.21733342674980732,5454000.0,16260000.0,0.16274484291019006,8.93134236537759,8.93134236537759,1820555.0,1820555.0,https://www.sec.gov/Archives/edgar/data/1091748/000112528203002350/0001125282-03-002350-index.html,https://www.sec.gov/Archives/edgar/data/1091748/000112528203002350/b323566_10k.txt,1620588711,15:31:51,20210509
74,2002-09-30,ARGO,USD,2002-11-12 00:00:00,2002-11-12 16:36:57,Q3,86462000.0,0.0,0.0,0.0,0.0,0.0,0.0,0.0,-14187000.0,71274000.0,698000.0,0.0,0.0,0.0,0.0,0.17566098401609956,928000.0,15188000.0,0.17566098401609956,4179000.0,11009000.0,0.12732761213018437,4.377225,3.266586,1808769.0,3388399.0,https://www.sec.gov/Archives/edgar/data/1091748/000112528202003342/0001125282-02-003342-index.html,https://www.sec.gov/Archives/edgar/data/1091748/000112528202003342/b321019_10q.txt,1620588711,15:31:51,20210509
75,2002-06-30,ARGO,USD,2002-08-08 00:00:00,2002-08-08 17:03:17,Q2,55308000.0,0.0,0.0,0.0,0.0,0.0,0.0,0.0,8422000.0,33315000.0,754000.0,0.0,0.0,0.0,0.0,0.39764591017574313,586000.0,21993000.0,0.39764591017574313,2949000.0,19044000.0,0.3443263180733348,8.950446,5.749192,1801268.0,3314622.0,https://www.sec.gov/Archives/edgar/data/1091748/000112528202002394/0001125282-02-002394-index.html,https://www.sec.gov/Archives/edgar/data/1091748/000112528202002394/b319599_10q.txt,1620588711,15:31:51,20210509
76,2002-03-31,ARGO,USD,2002-05-15 00:00:00,2002-05-15 12:06:25,Q1,64985000.0,0.0,0.0,0.0,0.0,0.0,0.0,0.0,-13188000.0,41505000.0,745000.0,0.0,0.0,0.0,0.0,0.36131414941909673,1253000.0,23480000.0,0.36131414941909673,5247000.0,18233000.0,0.2805724397937986,10.191749,9.86509,1792391.0,1842443.0,https://www.sec.gov/Archives/edgar/data/1091748/000112528202001670/0001125282-02-001670-index.html,https://www.sec.gov/Archives/edgar/data/1091748/000112528202001670/b318332_10q.txt,1620588711,15:31:51,20210509
77,2001-12-31,ARGO,USD,2002-03-27 00:00:00,2002-03-27 00:00:00,Q4,59963899.0,0.0,0.0,0.0,0.0,0.0,0.0,0.0,8436860.0,50473465.0,830046.0,0.0,0.0,0.0,0.0,0.1582691278964365,716755.0,9490434.0,0.1582691278964365,1148000.0,8342434.0,0.13912427542445163,4.654360571995731,4.654360571995731,1792391.0,1792391.0,https://www.sec.gov/Archives/edgar/data/1091748/000112528202000997/0001125282-02-000997-index.html,https://www.sec.gov/Archives/edgar/data/1091748/000112528202000997/b317102_10k.txt,1620588711,15:31:51,20210509
78,2001-09-30,ARGO,USD,2001-11-14 00:00:00,2001-11-14 00:00:00,Q3,29071144.0,0.0,0.0,0.0,0.0,0.0,0.0,0.0,1309377.0,70255449.0,854957.0,0.0,0.0,0.0,0.0,-1.4166730074330751,2335219.0,-41184305.0,-1.4166730074330751,-7338000.0,-33846305.0,-1.1642577602037265,-19.207526,-19.207526,1760457.0,1760457.0,https://www.sec.gov/Archives/edgar/data/1091748/000095011701501623/0000950117-01-501623-index.html,https://www.sec.gov/Archives/edgar/data/1091748/000095011701501623/a31618.txt,1620588711,15:31:51,20210509
79,2001-06-30,ARGO,USD,2001-08-20 00:00:00,2001-08-20 00:00:00,Q2,52765104.0,0.0,0.0,0.0,0.0,0.0,0.0,0.0,9715579.0,48250985.0,766358.0,0.0,0.0,0.0,0.0,0.08555121960908103,772114.0,4514119.0,0.08555121960908103,792350.0,3721769.0,0.07053466624456951,2.090615,2.025283,1755694.0,1818094.0,https://www.sec.gov/Archives/edgar/data/1091748/000095011701501018/0000950117-01-501018-index.html,https://www.sec.gov/Archives/edgar/data/1091748/000095011701501018/a31200.txt,1620588711,15:31:51,20210509
80,2001-03-31,ARGO,USD,2001-05-15 00:00:00,2001-05-15 00:00:00,Q1,48156066.0,0.0,0.0,0.0,0.0,0.0,0.0,0.0,-10047693.0,40670208.0,1159820.0,0.0,0.0,0.0,0.0,0.1554499489223227,1961570.0,7485858.0,0.1554499489223227,1847000.0,5638858.0,0.11709548699430722,3.201254,3.070591,1757486.0,1819900.0,https://www.sec.gov/Archives/edgar/data/1091748/000095011701500373/0000950117-01-500373-index.html,https://www.sec.gov/Archives/edgar/data/1091748/000095011701500373/a29689.txt,1620588711,15:31:51,20210509
81,2000-12-31,ARGO,USD,2001-03-29 00:00:00,2001-03-29 00:00:00,Q4,50858147.0,0.0,0.0,0.0,0.0,0.0,0.0,0.0,-10288356.0,47581348.0,1171971.0,0.0,0.0,0.0,0.0,0.06443016887736787,1184894.0,3276799.0,0.06443016887736787,-2058500.0,5335299.0,0.10490549331260535,3.035756188100503,3.035756188100503,1757486.0,1757486.0,https://www.sec.gov/Archives/edgar/data/1091748/000095011701000614/0000950117-01-000614-index.html,https://www.sec.gov/Archives/edgar/data/1091748/000095011701000614/0000950117-01-000614-0001.txt,1620588711,15:31:51,20210509
82,2000-09-30,ARGO,USD,2000-11-14 00:00:00,2000-11-14 00:00:00,Q3,47884393.0,0.0,0.0,0.0,0.0,0.0,0.0,0.0,-10222303.0,39785024.0,1176581.0,0.0,0.0,0.0,0.0,0.16914423453169805,725564.0,8099369.0,0.16914423453169805,4716000.0,3383369.0,0.07065703015176573,1.959952,1.89462,1744351.0,1783709.0,https://www.sec.gov/Archives/edgar/data/1091748/000095011700002474/0000950117-00-002474-index.html,https://www.sec.gov/Archives/edgar/data/1091748/000095011700002474/0000950117-00-002474-0001.txt,1620588711,15:31:51,20210509
83,2000-06-30,ARGO,USD,2000-08-14 00:00:00,2000-08-14 00:00:00,Q2,51230898.0,0.0,0.0,0.0,0.0,0.0,0.0,0.0,-10024673.0,89496600.0,1149198.0,0.0,0.0,0.0,0.0,-0.74692623970792,1778920.0,-38265702.0,-0.74692623970792,-14738500.0,-23527202.0,-0.45923852437644175,-13.523666,-13.523666,1742353.0,1742353.0,https://www.sec.gov/Archives/edgar/data/1091748/000095011700001991/0000950117-00-001991-index.html,https://www.sec.gov/Archives/edgar/data/1091748/000095011700001991/0000950117-00-001991-0001.txt,1620588711,15:31:51,20210509
84,2000-03-31,ARGO,USD,2000-05-12 00:00:00,2000-05-12 00:00:00,Q1,48943843.0,0.0,0.0,0.0,0.0,0.0,0.0,0.0,-9141446.0,44860782.0,1280045.0,0.0,0.0,0.0,0.0,0.08342338381561089,1794311.0,4083061.0,0.08342338381561089,74500.0,4008561.0,0.08190123117222324,2.3004271377979935,2.270407443719277,1742529.0,1765569.0,https://www.sec.gov/Archives/edgar/data/1091748/000095011700001210/0000950117-00-001210-index.html,https://www.sec.gov/Archives/edgar/data/1091748/0000950117-00-001210.txt,1620588711,15:31:51,20210509
85,1999-12-31,ARGO,USD,2000-03-29 00:00:00,2000-03-29 00:00:00,Q4,64700247.0,0.0,0.0,0.0,0.0,0.0,0.0,0.0,0.0,206718571.0,1315098.0,0.0,0.0,0.0,0.0,-0.8379925350207704,-22209663.0,-54218324.0,-0.8379925350207704,-11174971.0,-38838631.0,-0.6002856681520861,-22.288656888924088,-22.288656888924088,1742529.0,1742529.0,https://www.sec.gov/Archives/edgar/data/1091748/000095011700000741/0000950117-00-000741-index.html,https://www.sec.gov/Archives/edgar/data/1091748/0000950117-00-000741.txt,1620588711,15:31:51,20210509
86,1999-09-30,ARGO,USD,1999-09-30,1999-09-30,Q3,40300000.0,0.0,0.0,0.0,0.0,0.0,0.0,0.0,0.0,8600000.0,900000.0,0.0,0.0,0.0,0.0,0.0,7800000.0,0.0,0.0,-1200000.0,-5600000.0,-0.13895781637717122,-3.201254,-3.201254,1751369.0,1751369.0,,,1620588711,15:31:51,20210509
87,1999-06-30,ARGO,USD,1999-06-30,1999-06-30,Q2,41200000.0,0.0,0.0,0.0,0.0,0.0,0.0,0.0,0.0,6900000.0,800000.0,0.0,0.0,0.0,0.0,0.0,12500000.0,0.0,0.0,1900000.0,5000000.0,0.12135922330097088,2.874596,2.874596,1739375.0,1739375.0,,,1620588711,15:31:51,20210509
88,1999-03-31,ARGO,USD,1999-03-31,1999-03-31,Q4,29400000.0,0.0,0.0,0.0,0.0,0.0,0.0,0.0,0.0,7200000.0,800000.0,0.0,0.0,0.0,0.0,0.0,5600000.0,0.0,0.0,-2400000.0,-2800000.0,-0.09523809523809523,-1.50263,-1.50263,1863400.0,1863400.0,,,1620588711,15:31:51,20210509
89,1998-12-31,ARGO,USD,1998-12-31,1998-12-31,Q4,26000000.0,0.0,0.0,0.0,0.0,0.0,0.0,0.0,0.0,4900000.0,0.0,0.0,0.0,0.0,0.0,0.0,2300000.0,0.0,0.0,-2400000.0,-3000000.0,-0.11538461538461539,-1.4415654247260186,-1.4415654247260186,2081071.0,2081071.0,,,1620588711,15:31:51,20210509
90,1998-09-30,ARGO,USD,1998-09-30,1998-09-30,Q3,28100000.0,0.0,0.0,0.0,0.0,0.0,0.0,0.0,0.0,7600000.0,200000.0,0.0,0.0,0.0,0.0,0.0,500000.0,0.0,0.0,-7500000.0,-13400000.0,-0.47686832740213525,-6.46784,-6.46784,2081071.0,2081071.0,,,1620588711,15:31:51,20210509
91,1998-06-30,ARGO,USD,1998-06-30,1998-06-30,Q2,26900000.0,0.0,0.0,0.0,0.0,0.0,0.0,0.0,0.0,4900000.0,600000.0,0.0,0.0,0.0,0.0,0.0,5500000.0,0.0,0.0,4100000.0,9200000.0,0.3420074349442379,4.402988289008323,4.380207745635623,2089490.0,2100357.0,,,1620588711,15:31:51,20210509
92,1998-03-31,ARGO,USD,1998-03-31,1998-03-31,Q4,29400000.0,0.0,0.0,0.0,0.0,0.0,0.0,0.0,0.0,4500000.0,500000.0,0.0,0.0,0.0,0.0,0.0,9700000.0,0.0,0.0,4700000.0,10000000.0,0.3401360544217687,4.7531273201202735,4.712668595719012,2103878.0,2121940.0,,,1620588711,15:31:51,20210509
93,1997-12-31,ARGO,USD,1997-12-31,1997-12-31,Q4,33200000.0,0.0,0.0,0.0,0.0,0.0,0.0,0.0,0.0,7300000.0,500000.0,0.0,0.0,0.0,0.0,0.0,8600000.0,0.0,0.0,4000000.0,9700000.0,0.2921686746987952,4.561747723123546,4.561747723123546,2126378.0,2126378.0,,,1620588711,15:31:51,20210509
94,1997-09-30,ARGO,USD,1997-09-30,1997-09-30,Q3,29900000.0,0.0,0.0,0.0,0.0,0.0,0.0,0.0,0.0,4600000.0,400000.0,0.0,0.0,0.0,0.0,0.0,9800000.0,0.0,0.0,6000000.0,12200000.0,0.4080267558528428,5.814523,5.749192,2126378.0,2128062.0,,,1620588711,15:31:51,20210509
95,1997-06-30,ARGO,USD,1997-06-30,1997-06-30,Q2,33300000.0,0.0,0.0,0.0,0.0,0.0,0.0,0.0,0.0,4200000.0,800000.0,0.0,0.0,0.0,0.0,0.0,8900000.0,0.0,0.0,6300000.0,11900000.0,0.35735735735735735,5.68386,5.618528,2132807.0,2140307.0,,,1620588711,15:31:51,20210509
96,1997-03-31,ARGO,USD,1997-03-31,1997-03-31,Q4,31700000.0,0.0,0.0,0.0,0.0,0.0,0.0,0.0,0.0,7800000.0,3100000.0,0.0,0.0,0.0,0.0,0.0,9400000.0,0.0,0.0,5900000.0,10400000.0,0.3280757097791798,4.830442189825231,4.819819840695685,2153012.0,2157757.0,,,1620588711,15:31:51,20210509
97,1996-12-31,ARGO,USD,1996-12-31,1996-12-31,Q4,24900000.0,0.0,0.0,0.0,0.0,0.0,0.0,0.0,0.0,4900000.0,1700000.0,0.0,0.0,0.0,0.0,0.0,6400000.0,0.0,0.0,4300000.0,9200000.0,0.36947791164658633,6.814648234524638,6.814648234524638,1350033.0,1350033.0,,,1620588711,15:31:51,20210509
98,1996-09-30,ARGO,USD,1996-09-30,1996-09-30,Q3,24600000.0,0.0,0.0,0.0,0.0,0.0,0.0,0.0,0.0,4700000.0,1700000.0,0.0,0.0,0.0,0.0,0.0,6800000.0,0.0,0.0,3500000.0,7600000.0,0.3089430894308943,5.749192,5.68386,1350033.0,1350033.0,,,1620588711,15:31:51,20210509
99,1996-06-30,ARGO,USD,1996-06-30,1996-06-30,Q2,23200000.0,0.0,0.0,0.0,0.0,0.0,0.0,0.0,0.0,5000000.0,1900000.0,0.0,0.0,0.0,0.0,0.0,6100000.0,0.0,0.0,3400000.0,7200000.0,0.3103448275862069,5.357201,5.291869,1358911.0,1358911.0,,,1620588711,15:31:51,20210509
100,1996-03-31,ARGO,USD,1996-03-31,1996-03-31,Q4,25700000.0,0.0,0.0,0.0,0.0,0.0,0.0,0.0,0.0,5300000.0,1700000.0,0.0,0.0,0.0,0.0,0.0,6300000.0,0.0,0.0,4300000.0,9300000.0,0.36186770428015563,6.990494,6.859831,1356615.0,1359523.0,,,1620588711,15:31:51,20210509
101,1995-12-31,ARGO,USD,1995-12-31,1995-12-31,Q4,36000000.0,0.0,0.0,0.0,0.0,0.0,0.0,0.0,0.0,5300000.0,1700000.0,0.0,0.0,0.0,0.0,0.0,11900000.0,0.0,0.0,4900000.0,10600000.0,0.29444444444444445,7.801764523610274,7.801764523610274,1358667.0,1358667.0,,,1620588711,15:31:51,20210509
102,1995-09-30,ARGO,USD,1995-09-30,1995-09-30,Q3,30100000.0,0.0,0.0,0.0,0.0,3200000.0,0.0,0.0,0.0,5100000.0,1900000.0,0.0,0.0,0.0,0.0,0.0,5800000.0,0.0,0.0,3600000.0,7900000.0,0.26245847176079734,5.814523,5.814523,1358667.0,1358667.0,,,1620588711,15:31:51,20210509
103,1995-06-30,ARGO,USD,1995-06-30,1995-06-30,Q2,30900000.0,0.0,0.0,0.0,0.0,0.0,0.0,0.0,0.0,5500000.0,1800000.0,0.0,0.0,0.0,0.0,0.0,5800000.0,0.0,0.0,5700000.0,12500000.0,0.4045307443365696,9.669095,9.211773,1292779.0,1356959.0,,,1620588711,15:31:51,20210509
104,1995-03-31,ARGO,USD,1995-03-31,1995-03-31,Q4,30300000.0,0.0,0.0,0.0,0.0,2900000.0,0.0,0.0,0.0,4700000.0,1800000.0,0.0,0.0,0.0,0.0,0.0,6700000.0,0.0,0.0,4100000.0,8900000.0,0.29372937293729373,7.774475,6.533172,1144772.0,1362278.0,,,1620588711,15:31:51,20210509
105,1994-12-31,ARGO,USD,1994-12-31,1994-12-31,Q4,35300000.0,0.0,0.0,0.0,0.0,0.0,0.0,0.0,0.0,17100000.0,2100000.0,0.0,0.0,0.0,0.0,0.0,6200000.0,0.0,0.0,4500000.0,10000000.0,0.28328611898017,9.62158313528908,9.62158313528908,1039330.0,1039330.0,,,1620588711,15:31:51,20210509
106,1994-09-30,ARGO,USD,1994-09-30,1994-09-30,Q3,34900000.0,0.0,0.0,0.0,0.0,0.0,0.0,0.0,0.0,1900000.0,1900000.0,0.0,0.0,0.0,0.0,0.0,8200000.0,0.0,0.0,5400000.0,11500000.0,0.32951289398280803,10.583739,8.493124,1039330.0,1295165.0,,,1620588711,15:31:51,20210509
107,1994-06-30,ARGO,USD,1994-06-30,1994-06-30,Q2,29500000.0,0.0,0.0,0.0,0.0,0.0,0.0,0.0,0.0,1900000.0,1900000.0,0.0,0.0,0.0,0.0,0.0,4800000.0,0.0,0.0,4300000.0,9800000.0,0.33220338983050846,9.015778,7.251821,1031525.0,1282436.0,,,1620588711,15:31:51,20210509
108,1994-03-31,ARGO,USD,1994-03-31,1994-03-31,Q4,34800000.0,0.0,0.0,0.0,0.0,0.0,0.0,0.0,0.0,3600000.0,1900000.0,0.0,0.0,0.0,0.0,0.0,4600000.0,0.0,0.0,1500000.0,3600000.0,0.10344827586206896,2.939927,2.678601,1054448.0,1157321.0,,,1620588711,15:31:51,20210509
109,1993-12-31,ARGO,USD,1993-12-31,1993-12-31,Q4,37000000.0,0.0,0.0,0.0,0.0,0.0,0.0,0.0,0.0,15200000.0,1900000.0,0.0,0.0,0.0,0.0,0.0,14200000.0,0.0,0.0,6800000.0,9500000.0,0.25675675675675674,9.309773400115441,9.309773400115441,1020433.0,1020433.0,,,1620588711,15:31:51,20210509
110,1993-09-30,ARGO,USD,1993-09-30,1993-09-30,Q3,24600000.0,0.0,0.0,0.0,0.0,0.0,0.0,0.0,0.0,700000.0,700000.0,0.0,0.0,0.0,0.0,0.0,2400000.0,0.0,0.0,700000.0,5300000.0,0.21544715447154472,4.703884,3.919903,1020433.0,1224520.0,,,1620588711,15:31:51,20210509
111,1993-06-30,ARGO,USD,1993-06-30,1993-06-30,Q2,19300000.0,0.0,0.0,0.0,0.0,0.0,0.0,0.0,0.0,100000.0,100000.0,0.0,0.0,0.0,0.0,0.0,2000000.0,0.0,0.0,2100000.0,4500000.0,0.23316062176165803,3.919903,3.331918,1020433.0,1200510.0,,,1620588711,15:31:51,20210509
112,1993-03-31,ARGO,USD,1993-03-31,1993-03-31,Q4,18300000.0,0.0,0.0,0.0,0.0,0.0,0.0,0.0,0.0,4000000.0,100000.0,0.0,0.0,0.0,0.0,0.0,1700000.0,0.0,0.0,1500000.0,3300000.0,0.18032786885245902,3.723908,3.070591,751898.0,911877.0,,,1620588711,15:31:51,20210509
113,1992-12-31,ARGO,USD,1992-12-31,1992-12-31,Q4,16000000.0,0.0,0.0,0.0,0.0,0.0,0.0,0.0,0.0,7500000.0,100000.0,0.0,0.0,0.0,0.0,0.0,1300000.0,0.0,0.0,-1300000.0,700000.0,0.04375,1.34851374520796,1.34851374520796,519090.0,519090.0,,,1620588711,15:31:51,20210509
114,1992-09-30,ARGO,USD,1992-09-30,1992-09-30,Q3,14300000.0,0.0,0.0,0.0,0.0,0.0,0.0,0.0,0.0,4200000.0,100000.0,0.0,0.0,0.0,0.0,0.0,1900000.0,0.0,0.0,-1400000.0,-3900000.0,-0.2727272727272727,-7.513148,-7.513148,519090.0,519090.0,,,1620588711,15:31:51,20210509
115,1992-06-30,ARGO,USD,1992-06-30,1992-06-30,Q2,16100000.0,0.0,0.0,0.0,0.0,0.0,0.0,0.0,0.0,5700000.0,100000.0,0.0,0.0,0.0,0.0,0.0,1700000.0,0.0,0.0,600000.0,1600000.0,0.09937888198757763,2.090615,1.959952,765325.0,765325.0,,,1620588711,15:31:51,20210509
116,1992-03-31,ARGO,USD,1992-03-31,1992-03-31,Q4,14300000.0,0.0,0.0,0.0,0.0,0.0,0.0,0.0,0.0,3100000.0,100000.0,0.0,0.0,0.0,0.0,0.0,1600000.0,0.0,0.0,600000.0,1500000.0,0.1048951048951049,2.482605,2.482605,604204.0,604204.0,,,1620588711,15:31:51,20210509
117,1991-12-31,ARGO,USD,1991-12-31,1991-12-31,Q4,12500000.0,0.0,0.0,0.0,0.0,0.0,0.0,0.0,0.0,2700000.0,100000.0,0.0,0.0,0.0,0.0,0.0,2400000.0,0.0,0.0,-300000.0,-900000.0,-0.072,-1.4699637408943913,-1.4699637408943913,612260.0,612260.0,,,1620588711,15:31:51,20210509
118,1991-09-30,ARGO,USD,1991-09-30,1991-09-30,Q3,13500000.0,0.0,0.0,0.0,0.0,0.0,0.0,0.0,0.0,3000000.0,100000.0,0.0,0.0,0.0,0.0,0.0,1600000.0,0.0,0.0,0.0,100000.0,0.007407407407407408,0.261327,0.261327,612260.0,612260.0,,,1620588711,15:31:51,20210509
119,1991-06-30,ARGO,USD,1991-06-30,1991-06-30,Q2,11800000.0,0.0,0.0,0.0,0.0,0.0,0.0,0.0,0.0,3100000.0,200000.0,0.0,0.0,0.0,0.0,0.0,1400000.0,0.0,0.0,300000.0,900000.0,0.07627118644067797,1.50263,1.50263,598950.0,598950.0,,,1620588711,15:31:51,20210509
120,1991-03-31,ARGO,USD,1991-03-31,1991-03-31,Q4,11200000.0,0.0,0.0,0.0,0.0,0.0,0.0,0.0,0.0,2900000.0,200000.0,0.0,0.0,0.0,0.0,0.0,1500000.0,0.0,0.0,200000.0,900000.0,0.08035714285714286,1.437298,1.437298,626175.0,626175.0,,,1620588711,15:31:51,20210509
121,1990-12-31,ARGO,USD,1990-12-31,1990-12-31,Q4,9600000.0,0.0,0.0,0.0,0.0,0.0,0.0,0.0,0.0,2500000.0,300000.0,0.0,0.0,0.0,0.0,0.0,1700000.0,0.0,0.0,200000.0,800000.0,0.08333333333333333,1.2413031200153921,1.2413031200153921,644484.0,644484.0,,,1620588711,15:31:51,20210509
122,1990-09-30,ARGO,USD,1990-09-30,1990-09-30,Q3,8300000.0,0.0,0.0,0.0,0.0,0.0,0.0,0.0,0.0,1900000.0,300000.0,0.0,0.0,0.0,0.0,0.0,1700000.0,0.0,0.0,500000.0,800000.0,0.0963855421686747,1.241303,1.241303,644484.0,644484.0,,,1620588711,15:31:51,20210509
123,1990-06-30,ARGO,USD,1990-06-30,1990-06-30,Q2,10100000.0,0.0,0.0,0.0,0.0,0.0,0.0,0.0,0.0,2500000.0,300000.0,0.0,0.0,0.0,0.0,0.0,1600000.0,0.0,0.0,-100000.0,700000.0,0.06930693069306931,1.045308,1.045308,669659.0,669659.0,,,1620588711,15:31:51,20210509
124,1990-03-31,ARGO,USD,1990-03-31,1990-03-31,Q4,8300000.0,0.0,0.0,0.0,0.0,0.0,0.0,0.0,0.0,2800000.0,300000.0,0.0,0.0,0.0,0.0,0.0,1900000.0,0.0,0.0,-1200000.0,-1900000.0,-0.2289156626506024,-3.135923,-3.135923,605882.0,605882.0,,,1620588711,15:31:51,20210509
125,1989-12-31,ARGO,USD,1989-12-31,1989-12-31,Q4,8200000.0,0.0,0.0,0.0,0.0,0.0,0.0,0.0,0.0,9800000.0,200000.0,0.0,0.0,0.0,0.0,0.0,6300000.0,0.0,0.0,-1900000.0,-2500000.0,-0.3048780487804878,-3.9743479684722924,-3.9743479684722924,629034.0,629034.0,,,1620588711,15:31:51,20210509
126,1989-09-30,ARGO,USD,1989-09-30,1989-09-30,Q3,9800000.0,0.0,0.0,0.0,0.0,0.0,0.0,0.0,0.0,100000.0,100000.0,0.0,0.0,0.0,0.0,0.0,100000.0,0.0,0.0,-200000.0,0.0,0.0,0.065332,0.065332,629034.0,629034.0,,,1620588711,15:31:51,20210509
127,1989-06-30,ARGO,USD,1989-06-30,1989-06-30,Q2,10100000.0,0.0,0.0,0.0,0.0,0.0,0.0,0.0,0.0,0.0,0.0,0.0,0.0,0.0,0.0,0.0,0.0,0.0,0.0,0.0,1500000.0,0.1485148514851485,2.351942,2.351942,637771.0,637771.0,,,1620588711,15:31:51,20210509
128,1989-03-31,ARGO,USD,1989-03-31,1989-03-31,Q4,9800000.0,0.0,0.0,0.0,0.0,0.0,0.0,0.0,0.0,0.0,0.0,0.0,0.0,0.0,0.0,0.0,0.0,0.0,0.0,0.0,1500000.0,0.15306122448979592,2.417274,2.417274,620534.0,620534.0,,,1620588711,15:31:51,20210509
129,1988-12-31,ARGO,USD,1988-12-31,1988-12-31,Q4,10900000.0,0.0,0.0,0.0,0.0,0.0,0.0,0.0,0.0,0.0,0.0,0.0,0.0,0.0,0.0,0.0,0.0,0.0,0.0,0.0,2100000.0,0.1926605504587156,3.3938132400735004,3.3938132400735004,618773.0,618773.0,,,1620588711,15:31:51,20210509
130,1988-09-30,ARGO,USD,1988-09-30,1988-09-30,Q3,11800000.0,0.0,0.0,0.0,0.0,0.0,0.0,0.0,0.0,0.0,0.0,0.0,0.0,0.0,0.0,0.0,0.0,0.0,0.0,0.0,1900000.0,0.16101694915254236,3.070591,3.070591,618773.0,618773.0,,,1620588711,15:31:51,20210509
131,1988-06-30,ARGO,USD,1988-06-30,1988-06-30,Q2,9500000.0,0.0,0.0,0.0,0.0,0.0,0.0,0.0,0.0,0.0,0.0,0.0,0.0,0.0,0.0,0.0,0.0,0.0,0.0,0.0,2000000.0,0.21052631578947367,3.201254,3.201254,624755.0,624755.0,,,1620588711,15:31:51,20210509
132,1988-03-31,ARGO,USD,1988-03-31,1988-03-31,Q4,10800000.0,0.0,0.0,0.0,0.0,0.0,0.0,0.0,0.0,0.0,0.0,0.0,0.0,0.0,0.0,0.0,0.0,0.0,0.0,0.0,1900000.0,0.17592592592592593,3.005259,3.005259,632225.0,632225.0,,,1620588711,15:31:51,20210509
133,1987-12-31,ARGO,USD,1987-12-31,1987-12-31,Q4,10200000.0,0.0,0.0,0.0,0.0,0.0,0.0,0.0,0.0,0.0,0.0,0.0,0.0,0.0,0.0,0.0,0.0,0.0,0.0,0.0,1700000.0,0.16666666666666666,2.7765981772449613,2.7765981772449613,612260.0,612260.0,,,1620588711,15:31:51,20210509
134,1987-09-30,ARGO,USD,1987-09-30,1987-09-30,Q3,10700000.0,0.0,0.0,0.0,0.0,0.0,0.0,0.0,0.0,0.0,0.0,0.0,0.0,0.0,0.0,0.0,0.0,0.0,0.0,0.0,1400000.0,0.1308411214953271,2.28661,2.28661,612260.0,612260.0,,,1620588711,15:31:51,20210509
135,1987-06-30,ARGO,USD,1987-06-30,1987-06-30,Q2,10300000.0,0.0,0.0,0.0,0.0,0.0,0.0,0.0,0.0,0.0,0.0,0.0,0.0,0.0,0.0,0.0,0.0,0.0,0.0,0.0,1300000.0,0.1262135922330097,2.155947,2.155947,225096.0,225096.0,,,1620588711,15:31:51,20210509
136,1987-03-31,ARGO,USD,1987-03-31,1987-03-31,Q4,8700000.0,0.0,0.0,0.0,0.0,0.0,0.0,0.0,0.0,0.0,0.0,0.0,0.0,0.0,0.0,0.0,0.0,0.0,0.0,0.0,1000000.0,0.11494252873563218,4.442557,4.442557,225096.0,225096.0,,,1620588711,15:31:51,20210509
137,1986-12-31,ARGO,USD,1986-12-31,1986-12-31,Q4,4300000.0,0.0,0.0,0.0,0.0,0.0,0.0,0.0,0.0,0.0,0.0,0.0,0.0,0.0,0.0,0.0,0.0,0.0,0.0,0.0,300000.0,0.06976744186046512,1.3719679508286686,1.3719679508286686,218664.0,218664.0,,,1620588711,15:31:51,20210509
138,1986-09-30,ARGO,USD,1986-09-30,1986-09-30,Q3,4300000.0,0.0,0.0,0.0,0.0,0.0,0.0,0.0,0.0,0.0,0.0,0.0,0.0,0.0,0.0,0.0,0.0,0.0,0.0,0.0,300000.0,0.06976744186046512,1.371966,1.371966,218664.0,218664.0,,,1620588711,15:31:51,20210509
139,1986-06-30,ARGO,USD,1986-06-30,1986-06-30,Q2,4200000.0,0.0,0.0,0.0,0.0,0.0,0.0,0.0,0.0,0.0,0.0,0.0,0.0,0.0,0.0,0.0,0.0,0.0,0.0,0.0,300000.0,0.07142857142857142,1.371966,1.371966,218664.0,218664.0,,,1620588711,15:31:51,20210509
140,1986-03-31,ARGO,USD,1986-03-31,1986-03-31,Q4,4200000.0,0.0,0.0,0.0,0.0,0.0,0.0,0.0,0.0,0.0,0.0,0.0,0.0,0.0,0.0,0.0,0.0,0.0,0.0,0.0,200000.0,0.047619047619047616,1.306634,1.306634,153065.0,153065.0,,,1620588711,15:31:51,20210509
