,date,symbol,reportedCurrency,fillingDate,acceptedDate,period,revenue,costOfRevenue,grossProfit,grossProfitRatio,researchAndDevelopmentExpenses,generalAndAdministrativeExpenses,sellingAndMarketingExpenses,otherExpenses,operatingExpenses,costAndExpenses,interestExpense,depreciationAndAmortization,ebitda,ebitdaratio,operatingIncome,operatingIncomeRatio,totalOtherIncomeExpensesNet,incomeBeforeTax,incomeBeforeTaxRatio,incomeTaxExpense,netIncome,netIncomeRatio,eps,epsdiluted,weightedAverageShsOut,weightedAverageShsOutDil,link,finalLink,timestamp,est_time,est_date
0,2019-09-30,0643.HK,HKD,2019-09-30,2019-09-30,Q3,82930500,71712500,11218000.0,0.13526989467083883,0.0,13526000,2098500.0,20500.0,0.0,87328250,299000.0,2243000.0,-2154750.0,-0.025982599887857904,-4397750.0,-0.05302934384816201,0.0,-3706250.0,-0.044691036470297416,0.0,-3706250.0,-0.044691036470297416,-0.004525,-0.004525,818042000,818042000,https://www1.hkexnews.hk/search/titlesearch.xhtml,https://www1.hkexnews.hk/search/titlesearch.xhtml,1620584836,14:27:16,20210509
1,2019-06-30,0643.HK,HKD,2019-06-30,2019-06-30,Q2,82930500,71712500,11218000.0,0.13526989467083883,0.0,13526000,2098500.0,20500.0,0.0,87328250,299000.0,2243000.0,-2154750.0,-0.025982599887857904,-4397750.0,-0.05302934384816201,0.0,-3706250.0,-0.044691036470297416,0.0,-3706250.0,-0.044691036470297416,-0.004525,-0.004525,818042000,818042000,https://www1.hkexnews.hk/search/titlesearch.xhtml,https://www1.hkexnews.hk/search/titlesearch.xhtml,1620584836,14:27:16,20210509
2,2019-03-31,0643.HK,HKD,2019-03-31,2019-03-31,Q1,82930500,71712500,11218000.0,0.13526989467083883,0.0,13526000,2098500.0,20500.0,0.0,87328250,299000.0,2243000.0,-2154750.0,-0.025982599887857904,-4397750.0,-0.05302934384816201,0.0,-3706250.0,-0.044691036470297416,0.0,-3706250.0,-0.044691036470297416,-0.004525,-0.004525,818042000,818042000,https://www1.hkexnews.hk/search/titlesearch.xhtml,https://www1.hkexnews.hk/search/titlesearch.xhtml,1620584836,14:27:16,20210509
3,2019-01-31,0643.HK,HKD,2019-01-31,2019-01-31,Q1,82930500,71712500,11218000.0,0.13526989467083883,0.0,13526000,2098500.0,20500.0,0.0,87328250,299000.0,2243000.0,-2154750.0,-0.025982599887857904,-4397750.0,-0.05302934384816201,0.0,-3706250.0,-0.044691036470297416,0.0,-3706250.0,-0.044691036470297416,-0.004525,-0.004525,818042000,818042000,https://www1.hkexnews.hk/search/titlesearch.xhtml,https://www1.hkexnews.hk/search/titlesearch.xhtml,1620584836,14:27:16,20210509
4,2018-09-30,0643.HK,HKD,2018-09-30,2018-09-30,Q3,82128250,72216000,9912250.0,0.12069233181030888,0.0,13075750,1559500.0,196750.0,0.0,86851250,204500.0,1559750.0,-3163250.0,-0.038515979580716744,-4723000.0,-0.05750761765896631,0.0,-12653750.0,-0.15407305038156785,0.0,-12653750.0,-0.15407305038156785,-0.015475,-0.015475,818042000,818042000,https://www1.hkexnews.hk/search/titlesearch.xhtml,https://www1.hkexnews.hk/search/titlesearch.xhtml,1620584836,14:27:16,20210509
5,2018-06-30,0643.HK,HKD,2018-06-30,2018-06-30,Q2,82128250,72216000,9912250.0,0.12069233181030888,0.0,13075750,1559500.0,196750.0,0.0,86851250,204500.0,1559750.0,-3163250.0,-0.038515979580716744,-4723000.0,-0.05750761765896631,0.0,-12653750.0,-0.15407305038156785,0.0,-12653750.0,-0.15407305038156785,-0.015475,-0.015475,818042000,818042000,https://www1.hkexnews.hk/search/titlesearch.xhtml,https://www1.hkexnews.hk/search/titlesearch.xhtml,1620584836,14:27:16,20210509
6,2018-03-31,0643.HK,HKD,2018-03-31,2018-03-31,Q1,82128250,72216000,9912250.0,0.12069233181030888,0.0,13075750,1559500.0,196750.0,0.0,86851250,204500.0,1559750.0,-3163250.0,-0.038515979580716744,-4723000.0,-0.05750761765896631,0.0,-12653750.0,-0.15407305038156785,0.0,-12653750.0,-0.15407305038156785,-0.015475,-0.015475,818042000,818042000,https://www1.hkexnews.hk/search/titlesearch.xhtml,https://www1.hkexnews.hk/search/titlesearch.xhtml,1620584836,14:27:16,20210509
7,2018-01-31,0643.HK,HKD,2018-01-31,2018-01-31,Q1,82128250,72216000,9912250.0,0.12069233181030888,0.0,13075750,1559500.0,196750.0,0.0,86851250,204500.0,1559750.0,-3163250.0,-0.038515979580716744,-4723000.0,-0.05750761765896631,0.0,-12653750.0,-0.15407305038156785,0.0,-12653750.0,-0.15407305038156785,-0.015475,-0.015475,818042000,818042000,https://www1.hkexnews.hk/search/titlesearch.xhtml,https://www1.hkexnews.hk/search/titlesearch.xhtml,1620584836,14:27:16,20210509
8,2017-09-30,0643.HK,HKD,2017-09-30,2017-09-30,Q3,57324750,51128000,6196750.0,0.1080990322679122,0.0,10584750,1137500.0,-1250.0,0.0,62822500,43750.0,1203750.0,-4294000.0,-0.0749065630465026,-5497750.0,-0.09590534629457607,0.0,-7489000.0,-0.13064165129372565,0.0,-7489000.0,-0.13064165129372565,-0.00915,-0.00915,818042000,818042000,https://www1.hkexnews.hk/search/titlesearch.xhtml,https://www1.hkexnews.hk/search/titlesearch.xhtml,1620584836,14:27:16,20210509
9,2017-06-30,0643.HK,HKD,2017-06-30,2017-06-30,Q2,57324750,51128000,6196750.0,0.1080990322679122,0.0,10584750,1137500.0,-1250.0,0.0,62822500,43750.0,1203750.0,-4294000.0,-0.0749065630465026,-5497750.0,-0.09590534629457607,0.0,-7489000.0,-0.13064165129372565,0.0,-7489000.0,-0.13064165129372565,-0.00915,-0.00915,818042000,818042000,https://www1.hkexnews.hk/search/titlesearch.xhtml,https://www1.hkexnews.hk/search/titlesearch.xhtml,1620584836,14:27:16,20210509
10,2017-03-31,0643.HK,HKD,2017-03-31,2017-03-31,Q1,57324750,51128000,6196750.0,0.1080990322679122,0.0,10584750,1137500.0,-1250.0,0.0,62822500,43750.0,1203750.0,-4294000.0,-0.0749065630465026,-5497750.0,-0.09590534629457607,0.0,-7489000.0,-0.13064165129372565,0.0,-7489000.0,-0.13064165129372565,-0.00915,-0.00915,818042000,818042000,https://www1.hkexnews.hk/search/titlesearch.xhtml,https://www1.hkexnews.hk/search/titlesearch.xhtml,1620584836,14:27:16,20210509
11,2017-01-31,0643.HK,HKD,2017-01-31,2017-01-31,Q1,57324750,51128000,6196750.0,0.1080990322679122,0.0,10584750,1137500.0,-1250.0,0.0,62822500,43750.0,1203750.0,-4294000.0,-0.0749065630465026,-5497750.0,-0.09590534629457607,0.0,-7489000.0,-0.13064165129372565,0.0,-7489000.0,-0.13064165129372565,-0.00915,-0.00915,818042000,818042000,https://www1.hkexnews.hk/search/titlesearch.xhtml,https://www1.hkexnews.hk/search/titlesearch.xhtml,1620584836,14:27:16,20210509
12,2016-09-30,0643.HK,HKD,2016-09-30,2016-09-30,Q3,30776250,30833500,-57250.0,-0.0018602006417286056,0.0,10525750,743000.0,0.0,0.0,42102250,0.0,1255000.0,-10071000.0,-0.32723285000609237,-11326000.0,-0.3680110474797937,0.0,-12216500.0,-0.39694569676292596,213250.0,-12429750.0,-0.40387474107469234,-0.0152,-0.0152,818042000,818042000,https://www1.hkexnews.hk/search/titlesearch.xhtml,https://www1.hkexnews.hk/search/titlesearch.xhtml,1620584836,14:27:16,20210509
13,2016-06-30,0643.HK,HKD,2016-06-30,2016-06-30,Q2,30776250,30833500,-57250.0,-0.0018602006417286056,0.0,10525750,743000.0,0.0,0.0,42102250,0.0,1255000.0,-10071000.0,-0.32723285000609237,-11326000.0,-0.3680110474797937,0.0,-12216500.0,-0.39694569676292596,213250.0,-12429750.0,-0.40387474107469234,-0.0152,-0.0152,818042000,818042000,https://www1.hkexnews.hk/search/titlesearch.xhtml,https://www1.hkexnews.hk/search/titlesearch.xhtml,1620584836,14:27:16,20210509
14,2016-03-31,0643.HK,HKD,2016-03-31,2016-03-31,Q1,30776250,30833500,-57250.0,-0.0018602006417286056,0.0,10525750,743000.0,0.0,0.0,42102250,0.0,1255000.0,-10071000.0,-0.32723285000609237,-11326000.0,-0.3680110474797937,0.0,-12216500.0,-0.39694569676292596,213250.0,-12429750.0,-0.40387474107469234,-0.0152,-0.0152,818042000,818042000,https://www1.hkexnews.hk/search/titlesearch.xhtml,https://www1.hkexnews.hk/search/titlesearch.xhtml,1620584836,14:27:16,20210509
15,2016-01-31,0643.HK,HKD,2016-01-31,2016-01-31,Q1,30776250,30833500,-57250.0,-0.0018602006417286056,0.0,10525750,743000.0,0.0,0.0,42102250,0.0,1255000.0,-10071000.0,-0.32723285000609237,-11326000.0,-0.3680110474797937,0.0,-12216500.0,-0.39694569676292596,213250.0,-12429750.0,-0.40387474107469234,-0.0152,-0.0152,818042000,818042000,https://www1.hkexnews.hk/search/titlesearch.xhtml,https://www1.hkexnews.hk/search/titlesearch.xhtml,1620584836,14:27:16,20210509
16,2015-09-30,0643.HK,HKD,2015-09-30,2015-09-30,Q3,30173750,27892250,2281500.0,0.07561208003645553,0.0,10395250,701000.0,0.0,0.0,38988500,0.0,1290000.0,-7524750.0,-0.24938067028460167,-8814750.0,-0.2921330626786528,0.0,-9237250.0,-0.30613529972244086,258500.0,-9495750.0,-0.3147023488959775,-0.0117,-0.0117,811170000,811170000,https://www1.hkexnews.hk/search/titlesearch.xhtml,https://www1.hkexnews.hk/search/titlesearch.xhtml,1620584836,14:27:16,20210509
17,2015-06-30,0643.HK,HKD,2015-06-30,2015-06-30,Q2,30173750,27892250,2281500.0,0.07561208003645553,0.0,10395250,701000.0,0.0,0.0,38988500,0.0,1290000.0,-7524750.0,-0.24938067028460167,-8814750.0,-0.2921330626786528,0.0,-9237250.0,-0.30613529972244086,258500.0,-9495750.0,-0.3147023488959775,-0.0117,-0.0117,811170000,811170000,https://www1.hkexnews.hk/search/titlesearch.xhtml,https://www1.hkexnews.hk/search/titlesearch.xhtml,1620584836,14:27:16,20210509
18,2015-03-31,0643.HK,HKD,2015-03-31,2015-03-31,Q1,30173750,27892250,2281500.0,0.07561208003645553,0.0,10395250,701000.0,0.0,0.0,38988500,0.0,1290000.0,-7524750.0,-0.24938067028460167,-8814750.0,-0.2921330626786528,0.0,-9237250.0,-0.30613529972244086,258500.0,-9495750.0,-0.3147023488959775,-0.0117,-0.0117,811170000,811170000,https://www1.hkexnews.hk/search/titlesearch.xhtml,https://www1.hkexnews.hk/search/titlesearch.xhtml,1620584836,14:27:16,20210509
19,2015-01-31,0643.HK,HKD,2015-01-31,2015-01-31,Q1,30173750,27892250,2281500.0,0.07561208003645553,0.0,10395250,701000.0,0.0,0.0,38988500,0.0,1290000.0,-7524750.0,-0.24938067028460167,-8814750.0,-0.2921330626786528,0.0,-9237250.0,-0.30613529972244086,258500.0,-9495750.0,-0.3147023488959775,-0.0117,-0.0117,811170000,811170000,https://www1.hkexnews.hk/search/titlesearch.xhtml,https://www1.hkexnews.hk/search/titlesearch.xhtml,1620584836,14:27:16,20210509
20,2014-09-30,0643.HK,HKD,2014-09-30,2014-09-30,Q3,38294000,29942000,8352000.0,0.218102052540868,0.0,11156250,889250.0,0.0,0.0,41987500,0.0,1268750.0,-2424750.0,-0.06331931895336083,-3693500.0,-0.09645114117094061,0.0,-3310750.0,-0.08645610278372591,370250.0,-3681000.0,-0.09612471927717135,-0.00475,-0.00475,775415000,775415000,https://www1.hkexnews.hk/search/titlesearch.xhtml,https://www1.hkexnews.hk/search/titlesearch.xhtml,1620584836,14:27:16,20210509
21,2014-06-30,0643.HK,HKD,2014-06-30,2014-06-30,Q2,38294000,29942000,8352000.0,0.218102052540868,0.0,11156250,889250.0,0.0,0.0,41987500,0.0,1268750.0,-2424750.0,-0.06331931895336083,-3693500.0,-0.09645114117094061,0.0,-3310750.0,-0.08645610278372591,370250.0,-3681000.0,-0.09612471927717135,-0.00475,-0.00475,775415000,775415000,https://www1.hkexnews.hk/search/titlesearch.xhtml,https://www1.hkexnews.hk/search/titlesearch.xhtml,1620584836,14:27:16,20210509
22,2014-03-31,0643.HK,HKD,2014-03-31,2014-03-31,Q1,38294000,29942000,8352000.0,0.218102052540868,0.0,11156250,889250.0,0.0,0.0,41987500,0.0,1268750.0,-2424750.0,-0.06331931895336083,-3693500.0,-0.09645114117094061,0.0,-3310750.0,-0.08645610278372591,370250.0,-3681000.0,-0.09612471927717135,-0.00475,-0.00475,775415000,775415000,https://www1.hkexnews.hk/search/titlesearch.xhtml,https://www1.hkexnews.hk/search/titlesearch.xhtml,1620584836,14:27:16,20210509
23,2014-01-31,0643.HK,HKD,2014-01-31,2014-01-31,Q1,38294000,29942000,8352000.0,0.218102052540868,0.0,11156250,889250.0,0.0,0.0,41987500,0.0,1268750.0,-2424750.0,-0.06331931895336083,-3693500.0,-0.09645114117094061,0.0,-3310750.0,-0.08645610278372591,370250.0,-3681000.0,-0.09612471927717135,-0.00475,-0.00475,775415000,775415000,https://www1.hkexnews.hk/search/titlesearch.xhtml,https://www1.hkexnews.hk/search/titlesearch.xhtml,1620584836,14:27:16,20210509
24,2013-09-30,0643.HK,HKD,2013-09-30,2013-09-30,Q3,36459500,32791750,3667750.0,0.1005979237235837,0.0,10754750,877750.0,0.0,0.0,44424250,0.0,1250250.0,-6714500.0,-0.18416324963315459,-7964750.0,-0.21845472373455477,0.0,-7515000.0,-0.2061191184739231,39000.0,-7554000.0,-0.20718879852987562,-0.01388325,-0.01388325,543897771,543897771,https://www1.hkexnews.hk/search/titlesearch.xhtml,https://www1.hkexnews.hk/search/titlesearch.xhtml,1620584836,14:27:16,20210509
25,2013-06-30,0643.HK,HKD,2013-06-30,2013-06-30,Q2,36459500,32791750,3667750.0,0.1005979237235837,0.0,10754750,877750.0,0.0,0.0,44424250,0.0,1250250.0,-6714500.0,-0.18416324963315459,-7964750.0,-0.21845472373455477,0.0,-7515000.0,-0.2061191184739231,39000.0,-7554000.0,-0.20718879852987562,-0.01388325,-0.01388325,543897771,543897771,https://www1.hkexnews.hk/search/titlesearch.xhtml,https://www1.hkexnews.hk/search/titlesearch.xhtml,1620584836,14:27:16,20210509
26,2013-03-31,0643.HK,HKD,2013-03-31,2013-03-31,Q1,36459500,32791750,3667750.0,0.1005979237235837,0.0,10754750,877750.0,0.0,0.0,44424250,0.0,1250250.0,-6714500.0,-0.18416324963315459,-7964750.0,-0.21845472373455477,0.0,-7515000.0,-0.2061191184739231,39000.0,-7554000.0,-0.20718879852987562,-0.01388325,-0.01388325,543897771,543897771,https://www1.hkexnews.hk/search/titlesearch.xhtml,https://www1.hkexnews.hk/search/titlesearch.xhtml,1620584836,14:27:16,20210509
27,2013-01-31,0643.HK,HKD,2013-01-31,2013-01-31,Q1,36459500,32791750,3667750.0,0.1005979237235837,0.0,10754750,877750.0,0.0,0.0,44424250,0.0,1250250.0,-6714500.0,-0.18416324963315459,-7964750.0,-0.21845472373455477,0.0,-7515000.0,-0.2061191184739231,39000.0,-7554000.0,-0.20718879852987562,-0.01388325,-0.01388325,543897771,543897771,https://www1.hkexnews.hk/search/titlesearch.xhtml,https://www1.hkexnews.hk/search/titlesearch.xhtml,1620584836,14:27:16,20210509
28,2012-09-30,0643.HK,HKD,2012-09-30,2012-09-30,Q3,30684250,26725500,3958750.0,0.12901570023709233,0.0,14471750,739750.0,0.0,0.0,41937000,108750.0,3394000.0,-7858750.0,-0.2561167374141457,-11252750.0,-0.3667272297677147,0.0,-18073250.0,-0.5890073897846615,-104250.0,-17875500.0,-0.5825627153995943,-0.0378485,-0.0378485,472419739,472419739,https://www1.hkexnews.hk/search/titlesearch.xhtml,https://www1.hkexnews.hk/search/titlesearch.xhtml,1620584836,14:27:16,20210509
29,2012-06-30,0643.HK,HKD,2012-06-30,2012-06-30,Q2,30684250,26725500,3958750.0,0.12901570023709233,0.0,14471750,739750.0,0.0,0.0,41937000,108750.0,3394000.0,-7858750.0,-0.2561167374141457,-11252750.0,-0.3667272297677147,0.0,-18073250.0,-0.5890073897846615,-104250.0,-17875500.0,-0.5825627153995943,-0.0378485,-0.0378485,472419739,472419739,https://www1.hkexnews.hk/search/titlesearch.xhtml,https://www1.hkexnews.hk/search/titlesearch.xhtml,1620584836,14:27:16,20210509
30,2012-03-31,0643.HK,HKD,2012-03-31,2012-03-31,Q1,30684250,26725500,3958750.0,0.12901570023709233,0.0,14471750,739750.0,0.0,0.0,41937000,108750.0,3394000.0,-7858750.0,-0.2561167374141457,-11252750.0,-0.3667272297677147,0.0,-18073250.0,-0.5890073897846615,-104250.0,-17875500.0,-0.5825627153995943,-0.0378485,-0.0378485,472419739,472419739,https://www1.hkexnews.hk/search/titlesearch.xhtml,https://www1.hkexnews.hk/search/titlesearch.xhtml,1620584836,14:27:16,20210509
31,2012-01-31,0643.HK,HKD,2012-01-31,2012-01-31,Q1,30684250,26725500,3958750.0,0.12901570023709233,0.0,14471750,739750.0,0.0,0.0,41937000,108750.0,3394000.0,-7858750.0,-0.2561167374141457,-11252750.0,-0.3667272297677147,0.0,-18073250.0,-0.5890073897846615,-104250.0,-17875500.0,-0.5825627153995943,-0.0378485,-0.0378485,472419739,472419739,https://www1.hkexnews.hk/search/titlesearch.xhtml,https://www1.hkexnews.hk/search/titlesearch.xhtml,1620584836,14:27:16,20210509
32,2011-09-30,0643.HK,HKD,2011-09-30,2011-09-30,Q3,150460750,130828000,19632750.0,0.13048419604448336,0.0,24999750,5877750.0,0.0,0.0,161705500,905250.0,5361250.0,-5883500.0,-0.03910322127199286,-11244750.0,-0.07473543764735986,0.0,-11584500.0,-0.07699350162750086,916000.0,-11850250.0,-0.07875974298945074,-0.0277195,-0.0277195,427588072,427588072,https://www1.hkexnews.hk/search/titlesearch.xhtml,https://www1.hkexnews.hk/search/titlesearch.xhtml,1620584836,14:27:16,20210509
33,2011-06-30,0643.HK,HKD,2011-06-30,2011-06-30,Q2,150460750,130828000,19632750.0,0.13048419604448336,0.0,24999750,5877750.0,0.0,0.0,161705500,905250.0,5361250.0,-5883500.0,-0.03910322127199286,-11244750.0,-0.07473543764735986,0.0,-11584500.0,-0.07699350162750086,916000.0,-11850250.0,-0.07875974298945074,-0.0277195,-0.0277195,427588072,427588072,https://www1.hkexnews.hk/search/titlesearch.xhtml,https://www1.hkexnews.hk/search/titlesearch.xhtml,1620584836,14:27:16,20210509
34,2011-03-31,0643.HK,HKD,2011-03-31,2011-03-31,Q1,150460750,130828000,19632750.0,0.13048419604448336,0.0,24999750,5877750.0,0.0,0.0,161705500,905250.0,5361250.0,-5883500.0,-0.03910322127199286,-11244750.0,-0.07473543764735986,0.0,-11584500.0,-0.07699350162750086,916000.0,-11850250.0,-0.07875974298945074,-0.0277195,-0.0277195,427588072,427588072,https://www1.hkexnews.hk/search/titlesearch.xhtml,https://www1.hkexnews.hk/search/titlesearch.xhtml,1620584836,14:27:16,20210509
35,2011-01-31,0643.HK,HKD,2011-01-31,2011-01-31,Q1,150460750,130828000,19632750.0,0.13048419604448336,0.0,24999750,5877750.0,0.0,0.0,161705500,905250.0,5361250.0,-5883500.0,-0.03910322127199286,-11244750.0,-0.07473543764735986,0.0,-11584500.0,-0.07699350162750086,916000.0,-11850250.0,-0.07875974298945074,-0.0277195,-0.0277195,427588072,427588072,https://www1.hkexnews.hk/search/titlesearch.xhtml,https://www1.hkexnews.hk/search/titlesearch.xhtml,1620584836,14:27:16,20210509
36,2010-09-30,0643.HK,HKD,2010-09-30,2010-09-30,Q3,183732750,159190000,24542750.0,0.133578526419487,0.0,29335750,9015250.0,0.0,0.0,197541000,573000.0,5476750.0,-8331500.0,-0.045345753546931614,-13808250.0,-0.07515399404842087,0.0,-14950750.0,-0.08137226487928799,-1755750.0,-12207250.0,-0.06644025085348149,-0.0310015,-0.0310015,393749116,393749116,https://www1.hkexnews.hk/search/titlesearch.xhtml,https://www1.hkexnews.hk/search/titlesearch.xhtml,1620584836,14:27:16,20210509
37,2010-06-30,0643.HK,HKD,2010-06-30,2010-06-30,Q2,183732750,159190000,24542750.0,0.133578526419487,0.0,29335750,9015250.0,0.0,0.0,197541000,573000.0,5476750.0,-8331500.0,-0.045345753546931614,-13808250.0,-0.07515399404842087,0.0,-14950750.0,-0.08137226487928799,-1755750.0,-12207250.0,-0.06644025085348149,-0.0310015,-0.0310015,393749116,393749116,https://www1.hkexnews.hk/search/titlesearch.xhtml,https://www1.hkexnews.hk/search/titlesearch.xhtml,1620584836,14:27:16,20210509
38,2010-03-31,0643.HK,HKD,2010-03-31,2010-03-31,Q1,183732750,159190000,24542750.0,0.133578526419487,0.0,29335750,9015250.0,0.0,0.0,197541000,573000.0,5476750.0,-8331500.0,-0.045345753546931614,-13808250.0,-0.07515399404842087,0.0,-14950750.0,-0.08137226487928799,-1755750.0,-12207250.0,-0.06644025085348149,-0.0310015,-0.0310015,393749116,393749116,https://www1.hkexnews.hk/search/titlesearch.xhtml,https://www1.hkexnews.hk/search/titlesearch.xhtml,1620584836,14:27:16,20210509
39,2010-01-31,0643.HK,HKD,2010-01-31,2010-01-31,Q1,183732750,159190000,24542750.0,0.133578526419487,0.0,29335750,9015250.0,0.0,0.0,197541000,573000.0,5476750.0,-8331500.0,-0.045345753546931614,-13808250.0,-0.07515399404842087,0.0,-14950750.0,-0.08137226487928799,-1755750.0,-12207250.0,-0.06644025085348149,-0.0310015,-0.0310015,393749116,393749116,https://www1.hkexnews.hk/search/titlesearch.xhtml,https://www1.hkexnews.hk/search/titlesearch.xhtml,1620584836,14:27:16,20210509
40,2009-09-30,0643.HK,HKD,2009-09-30,2009-09-30,Q3,183261500,148736000,34525500.0,0.18839472556974596,0.0,26101500,6996500.0,0.0,0.0,181834000,585000.0,0.0,2423250.0,75.62632827813886,1427500.0,0.007789415671049293,0.0,1838250.0,0.010030748411423021,1463000.0,28250.0,0.00015415130837628197,7.075e-05,7.075e-05,393749116,393749116,https://www1.hkexnews.hk/search/titlesearch.xhtml,https://www1.hkexnews.hk/search/titlesearch.xhtml,1620584836,14:27:16,20210509
41,2009-06-30,0643.HK,HKD,2009-06-30,2009-06-30,Q2,183261500,148736000,34525500.0,0.18839472556974596,0.0,26101500,6996500.0,0.0,0.0,181834000,585000.0,0.0,2423250.0,75.62632827813886,1427500.0,0.007789415671049293,0.0,1838250.0,0.010030748411423021,1463000.0,28250.0,0.00015415130837628197,7.075e-05,7.075e-05,393749116,393749116,https://www1.hkexnews.hk/search/titlesearch.xhtml,https://www1.hkexnews.hk/search/titlesearch.xhtml,1620584836,14:27:16,20210509
42,2009-03-31,0643.HK,HKD,2009-03-31,2009-03-31,Q1,183261500,148736000,34525500.0,0.18839472556974596,0.0,26101500,6996500.0,0.0,0.0,181834000,585000.0,0.0,2423250.0,75.62632827813886,1427500.0,0.007789415671049293,0.0,1838250.0,0.010030748411423021,1463000.0,28250.0,0.00015415130837628197,7.075e-05,7.075e-05,393749116,393749116,https://www1.hkexnews.hk/search/titlesearch.xhtml,https://www1.hkexnews.hk/search/titlesearch.xhtml,1620584836,14:27:16,20210509
43,2009-01-31,0643.HK,HKD,2009-01-31,2009-01-31,Q1,183261500,148736000,34525500.0,0.18839472556974596,0.0,26101500,6996500.0,0.0,0.0,181834000,585000.0,0.0,2423250.0,75.62632827813886,1427500.0,0.007789415671049293,0.0,1838250.0,0.010030748411423021,1463000.0,28250.0,0.00015415130837628197,7.075e-05,7.075e-05,393749116,393749116,https://www1.hkexnews.hk/search/titlesearch.xhtml,https://www1.hkexnews.hk/search/titlesearch.xhtml,1620584836,14:27:16,20210509
44,2008-09-30,0643.HK,HKD,2008-09-30,2008-09-30,Q3,220028500,176803750,43224750.0,0.1964506870700841,0.0,28850000,8476750.0,0.0,0.0,228680750,1391500.0,5196750.0,-3455500.0,-0.015704783698475423,-8652250.0,-0.03932331493420171,0.0,-9375250.0,-0.04260925289223896,1133250.0,-10170250.0,-0.04622242118634631,-0.0259015,-0.0259015,392518762,392518762,https://www1.hkexnews.hk/search/titlesearch.xhtml,https://www1.hkexnews.hk/search/titlesearch.xhtml,1620584836,14:27:16,20210509
45,2008-06-30,0643.HK,HKD,2008-06-30,2008-06-30,Q2,220028500,176803750,43224750.0,0.1964506870700841,0.0,28850000,8476750.0,0.0,0.0,228680750,1391500.0,5196750.0,-3455500.0,-0.015704783698475423,-8652250.0,-0.03932331493420171,0.0,-9375250.0,-0.04260925289223896,1133250.0,-10170250.0,-0.04622242118634631,-0.0259015,-0.0259015,392518762,392518762,https://www1.hkexnews.hk/search/titlesearch.xhtml,https://www1.hkexnews.hk/search/titlesearch.xhtml,1620584836,14:27:16,20210509
46,2008-03-31,0643.HK,HKD,2008-03-31,2008-03-31,Q1,220028500,176803750,43224750.0,0.1964506870700841,0.0,28850000,8476750.0,0.0,0.0,228680750,1391500.0,5196750.0,-3455500.0,-0.015704783698475423,-8652250.0,-0.03932331493420171,0.0,-9375250.0,-0.04260925289223896,1133250.0,-10170250.0,-0.04622242118634631,-0.0259015,-0.0259015,392518762,392518762,https://www1.hkexnews.hk/search/titlesearch.xhtml,https://www1.hkexnews.hk/search/titlesearch.xhtml,1620584836,14:27:16,20210509
47,2008-01-31,0643.HK,HKD,2008-01-31,2008-01-31,Q1,220028500,176803750,43224750.0,0.1964506870700841,0.0,28850000,8476750.0,0.0,0.0,228680750,1391500.0,5196750.0,-3455500.0,-0.015704783698475423,-8652250.0,-0.03932331493420171,0.0,-9375250.0,-0.04260925289223896,1133250.0,-10170250.0,-0.04622242118634631,-0.0259015,-0.0259015,392518762,392518762,https://www1.hkexnews.hk/search/titlesearch.xhtml,https://www1.hkexnews.hk/search/titlesearch.xhtml,1620584836,14:27:16,20210509
48,2007-09-30,0643.HK,HKD,2007-09-30,2007-09-30,Q3,264215250,204322500,59892750.0,0.2266816544465166,0.0,30143750,9215000.0,0.0,0.0,243681250,1659250.0,4545000.0,25079000.0,0.09491882092347054,20534000.0,0.07771693723204849,0.0,20327000.0,0.07693348510352828,6807000.0,12237500.0,0.04631640300853187,0.03163875,0.0312375,386730171,391756877,https://www1.hkexnews.hk/search/titlesearch.xhtml,https://www1.hkexnews.hk/search/titlesearch.xhtml,1620584836,14:27:16,20210509
49,2007-06-30,0643.HK,HKD,2007-06-30,2007-06-30,Q2,264215250,204322500,59892750.0,0.2266816544465166,0.0,30143750,9215000.0,0.0,0.0,243681250,1659250.0,4545000.0,25079000.0,0.09491882092347054,20534000.0,0.07771693723204849,0.0,20327000.0,0.07693348510352828,6807000.0,12237500.0,0.04631640300853187,0.03163875,0.0312375,386730171,391756877,https://www1.hkexnews.hk/search/titlesearch.xhtml,https://www1.hkexnews.hk/search/titlesearch.xhtml,1620584836,14:27:16,20210509
50,2007-03-31,0643.HK,HKD,2007-03-31,2007-03-31,Q1,264215250,204322500,59892750.0,0.2266816544465166,0.0,30143750,9215000.0,0.0,0.0,243681250,1659250.0,4545000.0,25079000.0,0.09491882092347054,20534000.0,0.07771693723204849,0.0,20327000.0,0.07693348510352828,6807000.0,12237500.0,0.04631640300853187,0.03163875,0.0312375,386730171,391756877,https://www1.hkexnews.hk/search/titlesearch.xhtml,https://www1.hkexnews.hk/search/titlesearch.xhtml,1620584836,14:27:16,20210509
51,2007-01-31,0643.HK,HKD,2007-01-31,2007-01-31,Q1,264215250,204322500,59892750.0,0.2266816544465166,0.0,30143750,9215000.0,0.0,0.0,243681250,1659250.0,4545000.0,25079000.0,0.09491882092347054,20534000.0,0.07771693723204849,0.0,20327000.0,0.07693348510352828,6807000.0,12237500.0,0.04631640300853187,0.03163875,0.0312375,386730171,391756877,https://www1.hkexnews.hk/search/titlesearch.xhtml,https://www1.hkexnews.hk/search/titlesearch.xhtml,1620584836,14:27:16,20210509
52,2006-09-30,0643.HK,HKD,2006-09-30,2006-09-30,Q3,302912750,243214000,59698750.0,0.1970823281621523,0.0,26832500,11536500.0,0.0,0.0,281583000,1497000.0,3873250.0,25203000.0,0.08320217620420402,21329750.0,0.07041549092931876,0.0,21862750.0,0.07217507351539346,4685250.0,17029000.0,0.056217508176859506,0.04457775,0.04417625,381950640,385477582,https://www1.hkexnews.hk/search/titlesearch.xhtml,https://www1.hkexnews.hk/search/titlesearch.xhtml,1620584836,14:27:16,20210509
53,2006-06-30,0643.HK,HKD,2006-06-30,2006-06-30,Q2,302912750,243214000,59698750.0,0.1970823281621523,0.0,26832500,11536500.0,0.0,0.0,281583000,1497000.0,3873250.0,25203000.0,0.08320217620420402,21329750.0,0.07041549092931876,0.0,21862750.0,0.07217507351539346,4685250.0,17029000.0,0.056217508176859506,0.04457775,0.04417625,381950640,385477582,https://www1.hkexnews.hk/search/titlesearch.xhtml,https://www1.hkexnews.hk/search/titlesearch.xhtml,1620584836,14:27:16,20210509
54,2006-03-31,0643.HK,HKD,2006-03-31,2006-03-31,Q1,302912750,243214000,59698750.0,0.1970823281621523,0.0,26832500,11536500.0,0.0,0.0,281583000,1497000.0,3873250.0,25203000.0,0.08320217620420402,21329750.0,0.07041549092931876,0.0,21862750.0,0.07217507351539346,4685250.0,17029000.0,0.056217508176859506,0.04457775,0.04417625,381950640,385477582,https://www1.hkexnews.hk/search/titlesearch.xhtml,https://www1.hkexnews.hk/search/titlesearch.xhtml,1620584836,14:27:16,20210509
55,2006-01-31,0643.HK,HKD,2006-01-31,2006-01-31,Q1,302912750,243214000,59698750.0,0.1970823281621523,0.0,26832500,11536500.0,0.0,0.0,281583000,1497000.0,3873250.0,25203000.0,0.08320217620420402,21329750.0,0.07041549092931876,0.0,21862750.0,0.07217507351539346,4685250.0,17029000.0,0.056217508176859506,0.04457775,0.04417625,381950640,385477582,https://www1.hkexnews.hk/search/titlesearch.xhtml,https://www1.hkexnews.hk/search/titlesearch.xhtml,1620584836,14:27:16,20210509
56,2005-09-30,0643.HK,HKD,2005-09-30,2005-09-30,Q3,275940500,222427250,53513250.0,0.19393039441473797,0.0,23862750,10134000.0,0.0,0.0,256424000,0.0,0.0,19516500.0,14.138831245356494,19516500.0,0.07072720387184918,0.0,19858750.0,0.07196750748802731,2056500.0,17802250.0,0.06451481388197818,0.04309025,0.04309025,381292676,381292676,https://www1.hkexnews.hk/search/titlesearch.xhtml,https://www1.hkexnews.hk/search/titlesearch.xhtml,1620584836,14:27:16,20210509
57,2005-06-30,0643.HK,HKD,2005-06-30,2005-06-30,Q2,275940500,222427250,53513250.0,0.19393039441473797,0.0,23862750,10134000.0,0.0,0.0,256424000,0.0,0.0,19516500.0,14.138831245356494,19516500.0,0.07072720387184918,0.0,19858750.0,0.07196750748802731,2056500.0,17802250.0,0.06451481388197818,0.04309025,0.04309025,381292676,381292676,https://www1.hkexnews.hk/search/titlesearch.xhtml,https://www1.hkexnews.hk/search/titlesearch.xhtml,1620584836,14:27:16,20210509
58,2005-03-31,0643.HK,HKD,2005-03-31,2005-03-31,Q1,275940500,222427250,53513250.0,0.19393039441473797,0.0,23862750,10134000.0,0.0,0.0,256424000,0.0,0.0,19516500.0,14.138831245356494,19516500.0,0.07072720387184918,0.0,19858750.0,0.07196750748802731,2056500.0,17802250.0,0.06451481388197818,0.04309025,0.04309025,381292676,381292676,https://www1.hkexnews.hk/search/titlesearch.xhtml,https://www1.hkexnews.hk/search/titlesearch.xhtml,1620584836,14:27:16,20210509
59,2005-01-31,0643.HK,HKD,2005-01-31,2005-01-31,Q1,275940500,222427250,53513250.0,0.19393039441473797,0.0,23862750,10134000.0,0.0,0.0,256424000,0.0,0.0,19516500.0,14.138831245356494,19516500.0,0.07072720387184918,0.0,19858750.0,0.07196750748802731,2056500.0,17802250.0,0.06451481388197818,0.04309025,0.04309025,381292676,381292676,https://www1.hkexnews.hk/search/titlesearch.xhtml,https://www1.hkexnews.hk/search/titlesearch.xhtml,1620584836,14:27:16,20210509
60,2004-09-30,0643.HK,HKD,2004-09-30,2004-09-30,Q3,226312000,203543000,22769000.0,0.10060889391636325,0.0,25930500,8118750.0,0.0,0.0,237592250,0.0,0.0,-11280250.0,-20.06267591587066,-11280250.0,-0.04984379971013468,0.0,-11586750.0,-0.05119812471278589,-972500.0,-10614250.0,-0.046900959737000245,-0.02691675,-0.02691675,379950633,379950633,https://www1.hkexnews.hk/search/titlesearch.xhtml,https://www1.hkexnews.hk/search/titlesearch.xhtml,1620584836,14:27:16,20210509
61,2004-06-30,0643.HK,HKD,2004-06-30,2004-06-30,Q2,226312000,203543000,22769000.0,0.10060889391636325,0.0,25930500,8118750.0,0.0,0.0,237592250,0.0,0.0,-11280250.0,-20.06267591587066,-11280250.0,-0.04984379971013468,0.0,-11586750.0,-0.05119812471278589,-972500.0,-10614250.0,-0.046900959737000245,-0.02691675,-0.02691675,379950633,379950633,https://www1.hkexnews.hk/search/titlesearch.xhtml,https://www1.hkexnews.hk/search/titlesearch.xhtml,1620584836,14:27:16,20210509
62,2004-03-31,0643.HK,HKD,2004-03-31,2004-03-31,Q1,226312000,203543000,22769000.0,0.10060889391636325,0.0,25930500,8118750.0,0.0,0.0,237592250,0.0,0.0,-11280250.0,-20.06267591587066,-11280250.0,-0.04984379971013468,0.0,-11586750.0,-0.05119812471278589,-972500.0,-10614250.0,-0.046900959737000245,-0.02691675,-0.02691675,379950633,379950633,https://www1.hkexnews.hk/search/titlesearch.xhtml,https://www1.hkexnews.hk/search/titlesearch.xhtml,1620584836,14:27:16,20210509
63,2004-01-31,0643.HK,HKD,2004-01-31,2004-01-31,Q1,226312000,203543000,22769000.0,0.10060889391636325,0.0,25930500,8118750.0,0.0,0.0,237592250,0.0,0.0,-11280250.0,-20.06267591587066,-11280250.0,-0.04984379971013468,0.0,-11586750.0,-0.05119812471278589,-972500.0,-10614250.0,-0.046900959737000245,-0.02691675,-0.02691675,379950633,379950633,https://www1.hkexnews.hk/search/titlesearch.xhtml,https://www1.hkexnews.hk/search/titlesearch.xhtml,1620584836,14:27:16,20210509
64,2003-09-30,0643.HK,HKD,2003-09-30,2003-09-30,Q3,255269000,218042250,37226750.0,0.14583341494658575,0.0,28810250,13613000.0,0.0,0.0,260465500,0.0,0.0,-5196500.0,-49.123256037717695,-5196500.0,-0.020356956778927328,0.0,-5476250.0,-0.021452859532493172,1780000.0,-7256250.0,-0.02842589581970392,-0.01534725,-0.01534725,383131392,383131392,https://www1.hkexnews.hk/search/titlesearch.xhtml,https://www1.hkexnews.hk/search/titlesearch.xhtml,1620584836,14:27:16,20210509
65,2003-06-30,0643.HK,HKD,2003-06-30,2003-06-30,Q2,255269000,218042250,37226750.0,0.14583341494658575,0.0,28810250,13613000.0,0.0,0.0,260465500,0.0,0.0,-5196500.0,-49.123256037717695,-5196500.0,-0.020356956778927328,0.0,-5476250.0,-0.021452859532493172,1780000.0,-7256250.0,-0.02842589581970392,-0.01534725,-0.01534725,383131392,383131392,https://www1.hkexnews.hk/search/titlesearch.xhtml,https://www1.hkexnews.hk/search/titlesearch.xhtml,1620584836,14:27:16,20210509
66,2003-03-31,0643.HK,HKD,2003-03-31,2003-03-31,Q1,255269000,218042250,37226750.0,0.14583341494658575,0.0,28810250,13613000.0,0.0,0.0,260465500,0.0,0.0,-5196500.0,-49.123256037717695,-5196500.0,-0.020356956778927328,0.0,-5476250.0,-0.021452859532493172,1780000.0,-7256250.0,-0.02842589581970392,-0.01534725,-0.01534725,383131392,383131392,https://www1.hkexnews.hk/search/titlesearch.xhtml,https://www1.hkexnews.hk/search/titlesearch.xhtml,1620584836,14:27:16,20210509
67,2003-01-31,0643.HK,HKD,2003-01-31,2003-01-31,Q1,255269000,218042250,37226750.0,0.14583341494658575,0.0,28810250,13613000.0,0.0,0.0,260465500,0.0,0.0,-5196500.0,-49.123256037717695,-5196500.0,-0.020356956778927328,0.0,-5476250.0,-0.021452859532493172,1780000.0,-7256250.0,-0.02842589581970392,-0.01534725,-0.01534725,383131392,383131392,https://www1.hkexnews.hk/search/titlesearch.xhtml,https://www1.hkexnews.hk/search/titlesearch.xhtml,1620584836,14:27:16,20210509
68,2002-09-30,0643.HK,HKD,2002-09-30,2002-09-30,Q3,265109250,225418250,39691000.0,0.14971563610096592,0.0,28426750,9909250.0,0.0,0.0,288082000,0.0,0.0,-22972750.0,-11.540161713334276,-22972750.0,-0.08665389834568202,0.0,-23851500.0,-0.08996856956141666,792000.0,-24643500.0,-0.09295601718913996,-0.0649305,-0.0649305,380833966,380833966,https://www1.hkexnews.hk/search/titlesearch.xhtml,https://www1.hkexnews.hk/search/titlesearch.xhtml,1620584836,14:27:16,20210509
69,2002-06-30,0643.HK,HKD,2002-06-30,2002-06-30,Q2,265109250,225418250,39691000.0,0.14971563610096592,0.0,28426750,9909250.0,0.0,0.0,288082000,0.0,0.0,-22972750.0,-11.540161713334276,-22972750.0,-0.08665389834568202,0.0,-23851500.0,-0.08996856956141666,792000.0,-24643500.0,-0.09295601718913996,-0.0649305,-0.0649305,380833966,380833966,https://www1.hkexnews.hk/search/titlesearch.xhtml,https://www1.hkexnews.hk/search/titlesearch.xhtml,1620584836,14:27:16,20210509
70,2002-03-31,0643.HK,HKD,2002-03-31,2002-03-31,Q1,265109250,225418250,39691000.0,0.14971563610096592,0.0,28426750,9909250.0,0.0,0.0,288082000,0.0,0.0,-22972750.0,-11.540161713334276,-22972750.0,-0.08665389834568202,0.0,-23851500.0,-0.08996856956141666,792000.0,-24643500.0,-0.09295601718913996,-0.0649305,-0.0649305,380833966,380833966,https://www1.hkexnews.hk/search/titlesearch.xhtml,https://www1.hkexnews.hk/search/titlesearch.xhtml,1620584836,14:27:16,20210509
71,2002-01-31,0643.HK,HKD,2002-01-31,2002-01-31,Q1,265109250,225418250,39691000.0,0.14971563610096592,0.0,28426750,9909250.0,0.0,0.0,288082000,0.0,0.0,-22972750.0,-11.540161713334276,-22972750.0,-0.08665389834568202,0.0,-23851500.0,-0.08996856956141666,792000.0,-24643500.0,-0.09295601718913996,-0.0649305,-0.0649305,380833966,380833966,https://www1.hkexnews.hk/search/titlesearch.xhtml,https://www1.hkexnews.hk/search/titlesearch.xhtml,1620584836,14:27:16,20210509
72,2001-09-30,0643.HK,HKD,2001-09-30,2001-09-30,Q3,286606500,225204750,61401750.0,0.21423711604586776,0.0,26060000,7997000.0,0.0,0.0,258091750,0.0,0.0,28514750.0,10.051166501547446,28514750.0,0.09949093966815128,0.0,26708500.0,0.09318874484702894,3403250.0,23305250.0,0.08131445030032466,0.06233325,0.06233325,381152576,381152576,https://www1.hkexnews.hk/search/titlesearch.xhtml,https://www1.hkexnews.hk/search/titlesearch.xhtml,1620584836,14:27:16,20210509
73,2001-06-30,0643.HK,HKD,2001-06-30,2001-06-30,Q2,286606500,225204750,61401750.0,0.21423711604586776,0.0,26060000,7997000.0,0.0,0.0,258091750,0.0,0.0,28514750.0,10.051166501547446,28514750.0,0.09949093966815128,0.0,26708500.0,0.09318874484702894,3403250.0,23305250.0,0.08131445030032466,0.06233325,0.06233325,381152576,381152576,https://www1.hkexnews.hk/search/titlesearch.xhtml,https://www1.hkexnews.hk/search/titlesearch.xhtml,1620584836,14:27:16,20210509
74,2001-03-31,0643.HK,HKD,2001-03-31,2001-03-31,Q1,286606500,225204750,61401750.0,0.21423711604586776,0.0,26060000,7997000.0,0.0,0.0,258091750,0.0,0.0,28514750.0,10.051166501547446,28514750.0,0.09949093966815128,0.0,26708500.0,0.09318874484702894,3403250.0,23305250.0,0.08131445030032466,0.06233325,0.06233325,381152576,381152576,https://www1.hkexnews.hk/search/titlesearch.xhtml,https://www1.hkexnews.hk/search/titlesearch.xhtml,1620584836,14:27:16,20210509
75,2001-01-31,0643.HK,HKD,2001-01-31,2001-01-31,Q1,286606500,225204750,61401750.0,0.21423711604586776,0.0,26060000,7997000.0,0.0,0.0,258091750,0.0,0.0,28514750.0,10.051166501547446,28514750.0,0.09949093966815128,0.0,26708500.0,0.09318874484702894,3403250.0,23305250.0,0.08131445030032466,0.06233325,0.06233325,381152576,381152576,https://www1.hkexnews.hk/search/titlesearch.xhtml,https://www1.hkexnews.hk/search/titlesearch.xhtml,1620584836,14:27:16,20210509
76,2000-09-30,0643.HK,HKD,2000-09-30,2000-09-30,Q3,291701000,224417750,67283250.0,0.2306582767971313,0.0,25684000,4850750.0,0.0,0.0,254027500,0.0,0.0,37673500.0,7.74286965638977,37673500.0,0.12915108278682624,0.0,34873000.0,0.11955049862701876,4821250.0,30051750.0,0.1030224442151381,0.08282775,0.08282775,362420847,362420847,https://www1.hkexnews.hk/search/titlesearch.xhtml,https://www1.hkexnews.hk/search/titlesearch.xhtml,1620584836,14:27:16,20210509
77,2000-06-30,0643.HK,HKD,2000-06-30,2000-06-30,Q2,291701000,224417750,67283250.0,0.2306582767971313,0.0,25684000,4850750.0,0.0,0.0,254027500,0.0,0.0,37673500.0,7.74286965638977,37673500.0,0.12915108278682624,0.0,34873000.0,0.11955049862701876,4821250.0,30051750.0,0.1030224442151381,0.08282775,0.08282775,362420847,362420847,https://www1.hkexnews.hk/search/titlesearch.xhtml,https://www1.hkexnews.hk/search/titlesearch.xhtml,1620584836,14:27:16,20210509
78,2000-03-31,0643.HK,HKD,2000-03-31,2000-03-31,Q1,291701000,224417750,67283250.0,0.2306582767971313,0.0,25684000,4850750.0,0.0,0.0,254027500,0.0,0.0,37673500.0,7.74286965638977,37673500.0,0.12915108278682624,0.0,34873000.0,0.11955049862701876,4821250.0,30051750.0,0.1030224442151381,0.08282775,0.08282775,362420847,362420847,https://www1.hkexnews.hk/search/titlesearch.xhtml,https://www1.hkexnews.hk/search/titlesearch.xhtml,1620584836,14:27:16,20210509
79,2000-01-31,0643.HK,HKD,2000-01-31,2000-01-31,Q1,291701000,224417750,67283250.0,0.2306582767971313,0.0,25684000,4850750.0,0.0,0.0,254027500,0.0,0.0,37673500.0,7.74286965638977,37673500.0,0.12915108278682624,0.0,34873000.0,0.11955049862701876,4821250.0,30051750.0,0.1030224442151381,0.08282775,0.08282775,362420847,362420847,https://www1.hkexnews.hk/search/titlesearch.xhtml,https://www1.hkexnews.hk/search/titlesearch.xhtml,1620584836,14:27:16,20210509
80,1999-09-30,0643.HK,HKD,1999-09-30,1999-09-30,Q3,246908750,187444000,59464750.0,0.24083694887281232,0.0,18121000,4962000.0,0.0,0.0,215356500,0.0,0.0,31552250.0,7.825392800830369,31552250.0,0.12778911237451082,0.0,28498000.0,0.11541915788727616,3229250.0,25268750.0,0.10234043953484841,0.08804575,0.08804575,285862604,285862604,https://www1.hkexnews.hk/search/titlesearch.xhtml,https://www1.hkexnews.hk/search/titlesearch.xhtml,1620584836,14:27:16,20210509
81,1999-06-30,0643.HK,HKD,1999-06-30,1999-06-30,Q2,246908750,187444000,59464750.0,0.24083694887281232,0.0,18121000,4962000.0,0.0,0.0,215356500,0.0,0.0,31552250.0,7.825392800830369,31552250.0,0.12778911237451082,0.0,28498000.0,0.11541915788727616,3229250.0,25268750.0,0.10234043953484841,0.08804575,0.08804575,285862604,285862604,https://www1.hkexnews.hk/search/titlesearch.xhtml,https://www1.hkexnews.hk/search/titlesearch.xhtml,1620584836,14:27:16,20210509
82,1999-03-31,0643.HK,HKD,1999-03-31,1999-03-31,Q1,246908750,187444000,59464750.0,0.24083694887281232,0.0,18121000,4962000.0,0.0,0.0,215356500,0.0,0.0,31552250.0,7.825392800830369,31552250.0,0.12778911237451082,0.0,28498000.0,0.11541915788727616,3229250.0,25268750.0,0.10234043953484841,0.08804575,0.08804575,285862604,285862604,https://www1.hkexnews.hk/search/titlesearch.xhtml,https://www1.hkexnews.hk/search/titlesearch.xhtml,1620584836,14:27:16,20210509
83,1999-01-31,0643.HK,HKD,1999-01-31,1999-01-31,Q1,246908750,187444000,59464750.0,0.24083694887281232,0.0,18121000,4962000.0,0.0,0.0,215356500,0.0,0.0,31552250.0,7.825392800830369,31552250.0,0.12778911237451082,0.0,28498000.0,0.11541915788727616,3229250.0,25268750.0,0.10234043953484841,0.08804575,0.08804575,285862604,285862604,https://www1.hkexnews.hk/search/titlesearch.xhtml,https://www1.hkexnews.hk/search/titlesearch.xhtml,1620584836,14:27:16,20210509
