,date,symbol,reportedCurrency,fillingDate,acceptedDate,period,revenue,costOfRevenue,grossProfit,grossProfitRatio,researchAndDevelopmentExpenses,generalAndAdministrativeExpenses,sellingAndMarketingExpenses,otherExpenses,operatingExpenses,costAndExpenses,interestExpense,depreciationAndAmortization,ebitda,ebitdaratio,operatingIncome,operatingIncomeRatio,totalOtherIncomeExpensesNet,incomeBeforeTax,incomeBeforeTaxRatio,incomeTaxExpense,netIncome,netIncomeRatio,eps,epsdiluted,weightedAverageShsOut,weightedAverageShsOutDil,link,finalLink,timestamp,est_time,est_date
0,2021-03-31,ABG,USD,2021-04-27,2021-04-27 17:01:44,Q1,2192900000,1810200000,382700000,0.17451776186784623,0.0,194700000,45100000.0,0.0,246400000,2056600000,16900000.0,16500000.0,152800000.0,0.06967941994618998,136300000.0,0.05444844726161704,0.0,119400000.0,0.05444844726161704,26600000.0,92800000.0,0.04231839117150805,4.81,4.78,19300000,19400000,https://www.sec.gov/Archives/edgar/data/1144980/000114498021000102/0001144980-21-000102-index.htm,https://www.sec.gov/Archives/edgar/data/1144980/000114498021000075/abg-20201231.htm,1620586056,14:47:36,20210509
1,2020-12-31,ABG,USD,2021-03-01,2021-03-01 16:39:29,Q4,2234000000,1861700000,372300000,0.16665174574753805,0.0,184100000,44400000.0,9000.0,237800000,2099500000,18600000.0,15800000.0,150300000.0,0.06727842435094002,134500000.0,0.060205908683974935,3900000.0,119800000.0,0.053625783348254255,30700000.0,89100000.0,0.039883616830796775,4.64,4.59,19200000,19400000,https://www.sec.gov/Archives/edgar/data/1144980/000114498021000075/0001144980-21-000075-index.htm,https://www.sec.gov/Archives/edgar/data/1144980/000114498021000075/abg-20201231.htm,1620586056,14:47:36,20210509
2,2020-09-30,ABG,USD,2020-11-03,2020-11-03 17:06:34,Q3,1845400000,1509500000,335900000,0.18202015823127776,0.0,167800000,38700000.0,12000.0,216800000,1726300000,15900000.0,14500000.0,133600000.0,0.07239622845995448,119100000.0,0.06453885336512409,24700000.0,127900000.0,0.06930746721577978,31700000.0,96200000.0,0.052129619594667824,5.01,4.96,19200000,19400000,https://www.sec.gov/Archives/edgar/data/1144980/000114498020000159/0001144980-20-000159-index.htm,https://www.sec.gov/Archives/edgar/data/1144980/000114498020000159/abg-20200930.htm,1620586056,14:47:36,20210509
3,2020-06-30,ABG,USD,2020-07-31,2020-07-31 09:19:16,Q2,1445100000,1202300000,242800000,0.16801605425230087,0.0,123300000,28900000.0,0.0,160600000,1362900000,15900000.0,14700000.0,96900000.0,0.06705418310151547,82200000.0,0.05688187668673448,0.0,66300000.0,0.045879177911563214,16700000.0,49600000.0,0.03432288422946509,2.58,2.57,19200000,19300000,https://www.sec.gov/Archives/edgar/data/1144980/000114498020000139/0001144980-20-000139-index.htm,https://www.sec.gov/Archives/edgar/data/1144980/000114498020000139/abg-20200630.htm,1620586056,14:47:36,20210509
4,2020-03-31,ABG,USD,2020-05-11 00:00:00,2020-05-11 17:14:12,Q1,1607300000,1334900000,272400000,0.1694767622721334,0.0,159900000,34800000.0,0.0,214400000,1549300000,24000000.0,15300000.0,73300000.0,0.04560442978908729,58000000.0,0.03608536054252473,-9900000.0,24100000.0,0.01499408946680769,4600000.0,19500000.0,0.01213214707895228,1.02,1.01,19100000,19300000,https://www.sec.gov/Archives/edgar/data/1144980/000114498020000104/0001144980-20-000104-index.htm,https://www.sec.gov/Archives/edgar/data/1144980/000114498020000104/abg331202010-q.htm,1620586056,14:47:36,20210509
5,2019-12-31,ABG,USD,2020-03-02 00:00:00,2020-03-02 16:50:28,Q4,1894000000,1592400000,301600000,0.15923970432946147,0.0,168000000,38100000.0,0.0,215400000,1807800000,21900000.0,15500000.0,101700000.0,0.053695881731784585,86200000.0,0.04551214361140443,-7100000.0,57200000.0,0.03020063357972545,13600000.0,43600000.0,0.023020063357972544,2.28,2.26,19100000,19300000,https://www.sec.gov/Archives/edgar/data/1144980/000114498020000059/0001144980-20-000059-index.html,https://www.sec.gov/Archives/edgar/data/1144980/000114498020000059/abg201910-k.htm,1620586056,14:47:36,20210509
6,2019-09-30,ABG,USD,2019-10-30 00:00:00,2019-10-30 17:24:43,Q3,1842000000,1548900000,293100000,0.15912052117263845,0.0,160600000,41400000.0,0.0,210900000,1759800000,22700000.0,14900000.0,97100000.0,0.05271444082519001,82200000.0,0.04462540716612378,0.0,59500000.0,0.03230184581976113,14500000.0,45000000.0,0.024429967426710098,2.36,2.33,19100000,19300000,https://www.sec.gov/Archives/edgar/data/1144980/000114498019000139/0001144980-19-000139-index.html,https://www.sec.gov/Archives/edgar/data/1144980/000114498019000139/abg930201910-q.htm,1620586056,14:47:36,20210509
7,2019-06-30,ABG,USD,2019-07-31,2019-07-31 16:42:15,Q2,1803500000,1508500000,295000000,0.1635708344884946,0.0,160000000,40700000.0,0.0,209100000,1717600000,24100000.0,15000000.0,100900000.0,0.05594677016911561,85900000.0,0.04762960909342944,11700000.0,73500000.0,0.040754089270862215,18600000.0,54900000.0,0.030440809537011365,2.87,2.84,19100000,19300000,https://www.sec.gov/Archives/edgar/data/1144980/000114498019000112/abg630201910-q.htm,https://www.sec.gov/Archives/edgar/data/1144980/000114498019000112/abg630201910-q.htm,1620586056,14:47:36,20210509
8,2019-03-31,ABG,USD,2019-05-08 00:00:00,2019-05-07 19:37:35,Q1,1670800000,1391600000,279200000,0.16710557816614796,0.0,154700000,36300000.0,0.0,201400000,1593000000,24100000.0,14400000.0,92200000.0,0.055183145798419916,77800000.0,0.04656451999042375,0.0,53700000.0,0.03214029207565238,12800000.0,40900000.0,0.024479291357433566,2.13,2.11,19200000,19400000,https://www.sec.gov/Archives/edgar/data/1144980/000114498019000093/0001144980-19-000093-index.html,https://www.sec.gov/Archives/edgar/data/1144980/000114498019000093/abg331201910-q.htm,1620586056,14:47:36,20210509
9,2018-12-31,ABG,USD,2019-02-28 00:00:00,2019-02-28 17:21:25,Q4,1784200000,1502400000,281800000,0.15794193476067706,0.0,192200000,0.0,0.0,200800000,1703200000,23200000.0,14300000.0,95300000.0,0.05341329447371371,81000000.0,0.045398497926241455,-3700000.0,54100000.0,0.03032171281246497,13700000.0,40400000.0,0.022643201434816726,2.09,2.06,19300000,19600000,https://www.sec.gov/Archives/edgar/data/1144980/000114498019000053/0001144980-19-000053-index.html,https://www.sec.gov/Archives/edgar/data/1144980/000114498019000053/abg201810-k.htm,1620586056,14:47:36,20210509
10,2018-09-30,ABG,USD,2018-10-24 00:00:00,2018-10-24 17:12:53,Q3,1757400000,1479400000,278000000,0.15818823261636508,0.0,188800000,0.0,0.0,197200000,1676600000,21700000.0,14000000.0,94800000.0,0.053943325367019464,80800000.0,0.04597701149425287,0.0,59100000.0,0.03362922499146467,14800000.0,44300000.0,0.025207693183111415,2.22,2.18,20000000,20300000,https://www.sec.gov/Archives/edgar/data/1144980/000114498018000128/0001144980-18-000128-index.html,https://www.sec.gov/Archives/edgar/data/1144980/000114498018000128/abg930201810-q.htm,1620586056,14:47:36,20210509
11,2018-06-30,ABG,USD,2018-07-25 00:00:00,2018-07-25 17:06:15,Q2,1723600000,1445800000,277800000,0.16117428637734973,0.0,190600000,0.0,0.0,198200000,1644000000,21400000.0,13900000.0,93500000.0,0.054246925040612674,79600000.0,0.046182408911580416,0.0,58200000.0,0.0337665351589696,15000000.0,43200000.0,0.025063819911812484,2.13,2.11,20300000,20500000,https://www.sec.gov/Archives/edgar/data/1144980/000114498018000107/0001144980-18-000107-index.html,https://www.sec.gov/Archives/edgar/data/1144980/000114498018000107/abg630201810-q.htm,1620586056,14:47:36,20210509
12,2018-03-31,ABG,USD,2018-04-26 00:00:00,2018-04-26 16:55:25,Q1,1609200000,1343800000,265400000,0.16492667163808103,0.0,184200000,0.0,0.0,192200000,1536000000,19800000.0,14000000.0,87200000.0,0.05418841660452399,73200000.0,0.04548844146159582,0.0,53400000.0,0.03318419090231171,13300000.0,40100000.0,0.024919214516529953,1.95,1.93,20600000,20800000,https://www.sec.gov/Archives/edgar/data/1144980/000114498018000088/0001144980-18-000088-index.html,https://www.sec.gov/Archives/edgar/data/1144980/000114498018000088/abg331201810-q.htm,1620586056,14:47:36,20210509
13,2017-12-31,ABG,USD,2018-02-27 00:00:00,2018-02-27 17:25:48,Q4,1670900000,1402500000,268400000,0.16063199473337722,0.0,180500000,0.0,0.0,189200000,1591700000,19700000.0,13700000.0,92900000.0,0.05559877910108325,79200000.0,0.04739960500329164,0.0,54400000.0,0.03255730444670537,11900000.0,42500000.0,0.025435394098988567,2.063106796116505,2.063106796116505,20600000,20600000,https://www.sec.gov/Archives/edgar/data/1144980/000114498018000053/0001144980-18-000053-index.html,https://www.sec.gov/Archives/edgar/data/1144980/000114498018000053/abg201710-k.htm,1620586056,14:47:36,20210509
14,2017-09-30,ABG,USD,2017-10-25 00:00:00,2017-10-25 17:15:01,Q3,1602100000,1341800000,260300000,0.16247425254353662,0.0,182500000,0.0,0.0,190600000,1532400000,19600000.0,13600000.0,83300000.0,0.05199425753698271,69700000.0,0.04350539916359778,0.0,50100000.0,0.031271456213719497,19400000.0,30700000.0,0.019162349416390986,1.49,1.48,20600000,20800000,https://www.sec.gov/Archives/edgar/data/1144980/000114498017000134/0001144980-17-000134-index.html,https://www.sec.gov/Archives/edgar/data/1144980/000114498017000134/abg930201710-q.htm,1620586056,14:47:36,20210509
15,2017-06-30,ABG,USD,2017-07-26 00:00:00,2017-07-26 16:58:58,Q2,1631800000,1364700000,267100000,0.1636842750337051,0.0,185600000,0.0,0.0,195500000,1560200000,20100000.0,13400000.0,85000000.0,0.052089716877068266,71600000.0,0.04387792621644809,0.0,51500000.0,0.03156024022551783,19600000.0,31900000.0,0.019548964333864445,1.53,1.52,20800000,21000000,https://www.sec.gov/Archives/edgar/data/1144980/000114498017000113/0001144980-17-000113-index.html,https://www.sec.gov/Archives/edgar/data/1144980/000114498017000113/abg630201710-q.htm,1620586056,14:47:36,20210509
16,2017-03-31,ABG,USD,2017-04-27 00:00:00,2017-04-27 16:38:08,Q1,1551700000,1291600000,260100000,0.16762260746278276,0.0,181100000,0.0,0.0,187800000,1479400000,19200000.0,13800000.0,86100000.0,0.055487529806019203,72300000.0,0.04659405812979313,0.0,53100000.0,0.034220532319391636,19100000.0,34000000.0,0.021911451955919314,1.62,1.61,21000000,21100000,https://www.sec.gov/Archives/edgar/data/1144980/000114498017000086/0001144980-17-000086-index.html,https://www.sec.gov/Archives/edgar/data/1144980/000114498017000086/abg331201710-q.htm,1620586056,14:47:36,20210509
17,2016-12-31,ABG,USD,2017-02-23 00:00:00,2017-02-23 16:47:01,Q4,1666500000,1401900000,264600000,0.15877587758775877,0.0,183300000,0.0,0.0,184500000,1586400000,18700000.0,13600000.0,93700000.0,0.056225622562256224,80100000.0,0.048064806480648065,45500000.0,106900000.0,0.06414641464146414,39800000.0,67100000.0,0.04026402640264026,3.11,3.08,21600000,21800000,https://www.sec.gov/Archives/edgar/data/1144980/000114498017000063/0001144980-17-000063-index.html,https://www.sec.gov/Archives/edgar/data/1144980/000114498017000063/abg201610-k.htm,1620586056,14:47:36,20210509
18,2016-09-30,ABG,USD,2016-10-26 00:00:00,2016-10-26 16:32:41,Q3,1683100000,1417400000,265700000,0.15786346622304082,0.0,185700000,0.0,0.0,195000000,1612400000,19000000.0,13100000.0,83800000.0,0.04978907967441031,70700000.0,0.0420058225892698,0.0,51700000.0,0.030717129107004932,19300000.0,32400000.0,0.01925019309607272,1.4727272727272727,1.4660633484162895,22000000,22100000,https://www.sec.gov/Archives/edgar/data/1144980/000114498016000230/0001144980-16-000230-index.html,https://www.sec.gov/Archives/edgar/data/1144980/000114498016000230/abg930201610-q.htm,1620586056,14:47:36,20210509
19,2016-06-30,ABG,USD,2016-07-27,2016-07-27 16:10:25,Q2,1627400000,1359800000,267600000,0.16443406660931548,0.0,182300000,0.0,0.0,189500000,1549300000,19200000.0,12900000.0,91000000.0,0.05591741428044734,78100000.0,0.047990659948383925,0.0,58900000.0,0.03619270001228954,22300000.0,36700000.0,0.022551308836180412,1.66,1.65,22100000,22200000,https://www.sec.gov/Archives/edgar/data/1144980/000114498016000216/abg630201610-q.htm,https://www.sec.gov/Archives/edgar/data/1144980/000114498016000216/abg630201610-q.htm,1620586056,14:47:36,20210509
20,2016-03-31,ABG,USD,2016-04-27 00:00:00,2016-04-27 16:05:12,Q1,1550800000,1290000000,260800000,0.16817126644312613,0.0,181200000,0.0,0.0,191900000,1481900000,18600000.0,12600000.0,81500000.0,0.05255352076347691,68900000.0,0.044428681970595824,0.0,50300000.0,0.032434872323961826,19200000.0,31000000.0,0.019989682744389992,1.28,1.27,24300000,24400000,https://www.sec.gov/Archives/edgar/data/1144980/000114498016000202/0001144980-16-000202-index.html,https://www.sec.gov/Archives/edgar/data/1144980/000114498016000202/abg331201610-q.htm,1620586056,14:47:36,20210509
21,2015-12-31,ABG,USD,2016-02-19 00:00:00,2016-02-19 17:25:57,Q4,1640500000,1380100000,260400000,0.15873209387381895,0.0,183500000,0.0,0.0,190700000,1570800000,17600000.0,13500000.0,83200000.0,0.0507162450472417,69700000.0,0.04248704663212435,13500000.0,65600000.0,0.03998780859494057,24400000.0,41100000.0,0.02505333739713502,1.65,1.64,24900000,25000000,https://www.sec.gov/Archives/edgar/data/1144980/000114498016000161/0001144980-16-000161-index.html,https://www.sec.gov/Archives/edgar/data/1144980/000114498016000161/abg201510-k.htm,1620586056,14:47:36,20210509
22,2015-09-30,ABG,USD,2015-10-22 00:00:00,2015-10-22 17:25:43,Q3,1716400000,1443700000,272700000,0.15887904917268703,0.0,188800000,0.0,0.0,196100000,1639800000,15800000.0,11900000.0,88500000.0,0.05156140759729667,76600000.0,0.04462829177347938,21400000.0,82200000.0,0.04789093451409928,31000000.0,51100000.0,0.029771615008156605,1.97,1.96,25900000,26100000,https://www.sec.gov/Archives/edgar/data/1144980/000114498015000115/0001144980-15-000115-index.html,https://www.sec.gov/Archives/edgar/data/1144980/000114498015000115/abg930201510-q.htm,1620586056,14:47:36,20210509
23,2015-06-30,ABG,USD,2015-07-23 00:00:00,2015-07-23 16:47:40,Q2,1689600000,1418300000,271300000,0.16057054924242425,0.0,181900000,0.0,0.0,189100000,1607400000,15000000.0,11500000.0,93700000.0,0.05545691287878788,82200000.0,0.048650568181818184,0.0,67200000.0,0.03977272727272727,26100000.0,41100000.0,0.024325284090909092,1.53,1.52,26800000,27000000,https://www.sec.gov/Archives/edgar/data/1144980/000114498015000108/0001144980-15-000108-index.html,https://www.sec.gov/Archives/edgar/data/1144980/000114498015000108/abg630201510-q.htm,1620586056,14:47:36,20210509
24,2015-03-31,ABG,USD,2015-04-22 00:00:00,2015-04-22 16:52:43,Q1,1541800000,1285400000,256400000,0.16629913088597742,0.0,175700000,0.0,0.0,183300000,1468700000,14700000.0,11600000.0,84700000.0,0.054935789337138406,73100000.0,0.04741211570891166,0.0,58400000.0,0.03787780516279673,22500000.0,35900000.0,0.02328447269425347,1.31,1.3,27500000,27700000,https://www.sec.gov/Archives/edgar/data/1144980/000114498015000084/0001144980-15-000084-index.html,https://www.sec.gov/Archives/edgar/data/1144980/000114498015000084/abg331201510-q.htm,1620586056,14:47:36,20210509
25,2014-12-31,ABG,USD,2015-02-24,2015-02-24 17:07:11,Q4,1503000000,1258400000,244600000,0.16274118429807052,0.0,171100000,0.0,0.0,178900000,1437300000,14300000.0,11100000.0,76800000.0,0.05109780439121756,65700000.0,0.043712574850299404,-31900000.0,19500000.0,0.012974051896207584,7600000.0,11800000.0,0.007850964737192281,0.41,0.4,29000000,29300000,https://www.sec.gov/Archives/edgar/data/1144980/000114498015000058/abg201410-k.htm,https://www.sec.gov/Archives/edgar/data/1144980/000114498015000058/abg201410-k.htm,1620586056,14:47:36,20210509
26,2014-09-30,ABG,USD,2014-10-22 00:00:00,2014-10-22 16:29:38,Q3,1505600000,1261000000,244600000,0.16246014877789586,0.0,171500000,0.0,0.0,178500000,1439500000,13100000.0,10300000.0,76400000.0,0.05074388947927736,66100000.0,0.043902763018065886,0.0,53000000.0,0.035201912858661,20600000.0,32500000.0,0.021586078639744953,1.09,1.08,29800000,30000000,https://www.sec.gov/Archives/edgar/data/1144980/000114498014000039/0001144980-14-000039-index.html,https://www.sec.gov/Archives/edgar/data/1144980/000114498014000039/abg0930201410-q.htm,1620586056,14:47:36,20210509
27,2014-06-30,ABG,USD,2014-07-23 00:00:00,2014-07-23 17:03:07,Q2,1503400000,1255500000,247900000,0.16489290940534787,0.0,169200000,0.0,0.0,175700000,1431200000,13200000.0,9600000.0,81800000.0,0.05441000399095384,72200000.0,0.0480244778502062,0.0,59000000.0,0.039244379406678194,22800000.0,35900000.0,0.02387920713050419,1.1848184818481848,1.1770491803278689,30300000,30500000,https://www.sec.gov/Archives/edgar/data/1144980/000114498014000033/0001144980-14-000033-index.html,https://www.sec.gov/Archives/edgar/data/1144980/000114498014000033/abg0630201410-q.htm,1620586056,14:47:36,20210509
28,2014-03-31,ABG,USD,2014-04-24 00:00:00,2014-04-24 16:43:58,Q1,1355700000,1125600000,230100000,0.1697278158884709,0.0,159800000,0.0,0.0,165900000,1291500000,12700000.0,9400000.0,73600000.0,0.05428929704211846,64200000.0,0.04735560964815225,0.0,51500000.0,0.037987755403112784,20000000.0,31400000.0,0.02316146640112119,1.03,1.02,30400000,30700000,https://www.sec.gov/Archives/edgar/data/1144980/000114498014000023/0001144980-14-000023-index.html,https://www.sec.gov/Archives/edgar/data/1144980/000114498014000023/abg331201410-q.htm,1620586056,14:47:36,20210509
29,2013-12-31,ABG,USD,2014-02-25,2014-02-25 17:12:56,Q4,1375000000,1151400000,223600000,0.16261818181818183,0.0,157300000,0.0,0.0,165500000,1316900000,12900000.0,9100000.0,67200000.0,0.048872727272727276,58100000.0,0.042254545454545454,0.0,45200000.0,0.032872727272727276,18000000.0,26900000.0,0.019563636363636363,0.88,0.87,30500000,30900000,https://www.sec.gov/Archives/edgar/data/1144980/000114498014000010/abg201310-k.htm,https://www.sec.gov/Archives/edgar/data/1144980/000114498014000010/abg201310-k.htm,1620586056,14:47:36,20210509
30,2013-09-30,ABG,USD,2013-10-24 00:00:00,2013-10-24 15:59:36,Q3,1390000000,1164700000,225300000,0.1620863309352518,0.0,159700000,0.0,0.0,167300000,1332000000,14100000.0,8800000.0,66800000.0,0.04805755395683453,58000000.0,0.041726618705035974,-6800000.0,37100000.0,0.026690647482014388,14300000.0,22700000.0,0.016330935251798562,0.74,0.73,30700000,31100000,https://www.sec.gov/Archives/edgar/data/1144980/000114498013000075/0001144980-13-000075-index.html,https://www.sec.gov/Archives/edgar/data/1144980/000114498013000075/abg09301310q.htm,1620586056,14:47:36,20210509
31,2013-06-30,ABG,USD,2013-07-24 00:00:00,2013-07-24 17:03:01,Q2,1344500000,1122600000,221900000,0.16504276682781704,0.0,154200000,0.0,0.0,164500000,1287100000,13500000.0,8100000.0,65500000.0,0.04871699516548903,57400000.0,0.04269245072517665,0.0,43900000.0,0.03265154332465601,16700000.0,27000000.0,0.02008181480104128,0.88,0.87,30800000,31100000,https://www.sec.gov/Archives/edgar/data/1144980/000114498013000054/0001144980-13-000054-index.html,https://www.sec.gov/Archives/edgar/data/1144980/000114498013000054/abg06301310q.htm,1620586056,14:47:36,20210509
32,2013-03-31,ABG,USD,2013-04-24 00:00:00,2013-04-24 16:30:22,Q1,1225400000,1018700000,206700000,0.16867961481965071,0.0,148100000,0.0,0.0,154100000,1172800000,13500000.0,8400000.0,61000000.0,0.04977966378325445,52600000.0,0.0429247592622817,0.0,39100000.0,0.03190794842500408,15200000.0,32500000.0,0.026521952015668353,1.05,1.04,30900000,31200000,https://www.sec.gov/Archives/edgar/data/1144980/000114498013000040/0001144980-13-000040-index.html,https://www.sec.gov/Archives/edgar/data/1144980/000114498013000040/abg03311310q.htm,1620586056,14:47:36,20210509
33,2012-12-31,ABG,USD,2013-02-21 00:00:00,2013-02-21 17:25:42,Q4,1196200000,1006200000,190000000,0.15883631499749207,0.0,136800000,0.0,0.0,142500000,1148700000,13600000.0,15000000.0,62500000.0,0.05224878782812239,47500000.0,0.03970907874937302,0.0,34300000.0,0.028674134760073567,12200000.0,22800000.0,0.019060357799699047,0.74,0.73,31000000,31400000,https://www.sec.gov/Archives/edgar/data/1144980/000114498013000012/0001144980-13-000012-index.html,https://www.sec.gov/Archives/edgar/data/1144980/000114498013000012/abg12311210k.htm,1620586056,14:47:36,20210509
34,2012-09-30,ABG,USD,2012-10-24 00:00:00,2012-10-24 17:09:10,Q3,1197900000,1002800000,195100000,0.16286835295099758,0.0,141100000,0.0,0.0,145700000,1148500000,12900000.0,5400000.0,54800000.0,0.045746723432673844,49400000.0,0.04123883462726438,-100000.0,36400000.0,0.0303865097253527,13600000.0,20700000.0,0.01728024042073629,0.67,0.66,31100000,31500000,https://www.sec.gov/Archives/edgar/data/1144980/000114498012000100/0001144980-12-000100-index.html,https://www.sec.gov/Archives/edgar/data/1144980/000114498012000100/abg09301210q.htm,1620586056,14:47:36,20210509
35,2012-06-30,ABG,USD,2012-07-26 00:00:00,2012-07-26 13:48:26,Q2,1191000000,994600000,196400000,0.16490344248530647,0.0,142100000,0.0,0.0,148200000,1142800000,12800000.0,5800000.0,54000000.0,0.04534005037783375,48200000.0,0.04047019311502939,-200000.0,35200000.0,0.029554995801847186,13600000.0,21100000.0,0.017716204869857262,0.68,0.67,31100000,31500000,https://www.sec.gov/Archives/edgar/data/1144980/000114498012000080/0001144980-12-000080-index.html,https://www.sec.gov/Archives/edgar/data/1144980/000114498012000080/abg06301210q.htm,1620586056,14:47:36,20210509
36,2012-03-31,ABG,USD,2012-04-26,2012-04-26 16:29:21,Q1,1099500000,910000000,189500000,0.17235106866757616,0.0,141400000,0.0,0.0,146700000,1056700000,4000000.0,5700000.0,48500000.0,0.04411095952705776,42800000.0,0.038926784902228284,-9400000.0,29400000.0,0.02673942701227831,11400000.0,17600000.0,0.016007276034561164,0.57,0.56,31100000,31700000,https://www.sec.gov/Archives/edgar/data/1144980/000114498012000031/abg12311110k.htm,https://www.sec.gov/Archives/edgar/data/1144980/000114498012000031/abg12311110k.htm,1620586056,14:47:36,20210509
37,2011-12-31,ABG,USD,2012-02-22 00:00:00,2012-02-22 17:24:39,Q4,1089500000,909700000,179800000,0.16502983019733822,0.0,134300000,0.0,0.0,139400000,1049100000,43200000.0,8000000.0,48400000.0,0.04442404772831574,40400000.0,0.03708122992198256,29800000.0,27000000.0,0.024782010096374485,10300000.0,21500000.0,0.01973382285452042,0.69,0.68,31000000,31700000,https://www.sec.gov/Archives/edgar/data/1144980/000114498012000031/0001144980-12-000031-index.html,https://www.sec.gov/Archives/edgar/data/1144980/000114498012000031/abg12311110k.htm,1620586056,14:47:36,20210509
38,2011-09-30,ABG,USD,2011-10-26 00:00:00,2011-10-26 16:17:12,Q3,1072700000,889700000,183000000,0.17059755756502284,0.0,141200000,0.0,0.0,148700000,1038400000,3800000.0,11800000.0,46100000.0,0.042975668872937446,34300000.0,0.031975389204810294,-10100000.0,20400000.0,0.01901743264659271,7600000.0,12300000.0,0.01146639321338678,0.39,0.38,31700000,32500000,https://www.sec.gov/Archives/edgar/data/1144980/000114498011000127/0001144980-11-000127-index.html,https://www.sec.gov/Archives/edgar/data/1144980/000114498011000127/abg093011q310q.htm,1620586056,14:47:36,20210509
39,2011-06-30,ABG,USD,2011-07-27 00:00:00,2011-07-27 16:17:19,Q2,1086200000,897300000,188900000,0.17390904069232185,0.0,142800000,0.0,0.0,151400000,1048700000,3700000.0,5800000.0,43300000.0,0.03986374516663598,37500000.0,0.0345240287239919,-10600000.0,23200000.0,0.021358865770576323,9000000.0,14200000.0,0.013073098876818266,0.44,0.43,32100000,32900000,https://www.sec.gov/Archives/edgar/data/1144980/000114498011000105/0001144980-11-000105-index.html,https://www.sec.gov/Archives/edgar/data/1144980/000114498011000105/abg06301110q.htm,1620586056,14:47:36,20210509
40,2011-03-31,ABG,USD,2011-04-27 00:00:00,2011-04-27 16:49:41,Q1,1049600000,876700000,172900000,0.16472942073170732,0.0,134800000,0.0,0.0,150500000,1027200000,13200000.0,5300000.0,27700000.0,0.026391006097560975,22400000.0,0.021341463414634148,-1600000.0,7600000.0,0.007240853658536586,2900000.0,19900000.0,0.018959603658536585,0.61,0.59,32400000,33600000,https://www.sec.gov/Archives/edgar/data/1144980/000114498011000076/0001144980-11-000076-index.html,https://www.sec.gov/Archives/edgar/data/1144980/000114498011000076/abg03311110q.htm,1620586056,14:47:36,20210509
41,2010-12-31,ABG,USD,2011-02-28,2011-02-25 18:49:48,Q4,816500000,685000000,131500000,0.16105327617881202,0.0,97800000,0.0,0.0,103700000,788700000,4400000.0,4300000.0,32100000.0,0.039314145744029395,27800000.0,0.03404776484996938,-19500000.0,3800000.0,0.004654011022657685,1200000.0,5400000.0,0.0066135946111451314,0.16666666666666666,0.16666666666666666,32400000,32400000,https://www.sec.gov/Archives/edgar/data/1144980/000114498011000043/abg12311010k.htm,https://www.sec.gov/Archives/edgar/data/1144980/000114498011000043/abg12311010k.htm,1620586056,14:47:36,20210509
42,2010-09-30,ABG,USD,2010-10-28 00:00:00,2010-10-27 18:19:20,Q3,1093900000,916100000,177800000,0.1625377091141786,0.0,137500000,0.0,0.0,143600000,1059700000,14200000.0,5500000.0,39700000.0,0.03629216564585428,34200000.0,0.03126428375537069,-300000.0,19700000.0,0.0180089587713685,7700000.0,12500000.0,0.011427004296553616,0.39,0.38,32300000,33100000,https://www.sec.gov/Archives/edgar/data/1144980/000114498010000084/0001144980-10-000084-index.html,https://www.sec.gov/Archives/edgar/data/1144980/000114498010000084/abg0930201010q.htm,1620586056,14:47:36,20210509
43,2010-06-30,ABG,USD,2010-07-28 00:00:00,2010-07-28 17:20:34,Q2,1061700000,885800000,175900000,0.16567768672883113,0.0,134600000,0.0,0.0,139800000,1025600000,13500000.0,9700000.0,45800000.0,0.04313836300273147,36100000.0,0.03400207214844118,-400000.0,22300000.0,0.021004050108316852,8600000.0,12800000.0,0.012056136385042856,0.4,0.39,32200000,33000000,https://www.sec.gov/Archives/edgar/data/1144980/000119312510169235/0001193125-10-169235-index.html,https://www.sec.gov/Archives/edgar/data/1144980/000119312510169235/d10q.htm,1620586056,14:47:36,20210509
44,2010-03-31,ABG,USD,2010-04-30 00:00:00,2010-04-29 18:56:55,Q1,960000000,797100000,162900000,0.1696875,0.0,129100000,0.0,0.0,134400000,931500000,13600000.0,1600000.0,30100000.0,0.03135416666666667,28500000.0,0.0296875,-400000.0,14500000.0,0.015104166666666667,5600000.0,7400000.0,0.0077083333333333335,0.23,0.22,32200000,33300000,https://www.sec.gov/Archives/edgar/data/1144980/000119312510099784/0001193125-10-099784-index.html,https://www.sec.gov/Archives/edgar/data/1144980/000119312510099784/d10q.htm,1620586056,14:47:36,20210509
45,2009-12-31,ABG,USD,2010-03-01 00:00:00,2010-03-01 17:20:39,Q4,939200000,784600000,154600000,0.16460817717206133,0.0,120700000,0.0,0.0,126400000,911000000,14600000.0,7700000.0,35900000.0,0.038224020442930155,28200000.0,0.03002555366269165,-300000.0,13400000.0,0.014267461669505963,5900000.0,200000.0,0.00021294718909710392,0.006211180124223602,0.006211180124223602,32200000,32200000,https://www.sec.gov/Archives/edgar/data/1144980/000119312510044910/0001193125-10-044910-index.html,https://www.sec.gov/Archives/edgar/data/1144980/000119312510044910/d10k.htm,1620586056,14:47:36,20210509
46,2009-09-30,ABG,USD,2009-10-30 00:00:00,2009-10-30 07:20:51,Q3,983000000,820300000,162700000,0.16551373346897252,0.0,129400000,0.0,0.0,134800000,955100000,13600000.0,7000000.0,34900000.0,0.03550356052899288,27900000.0,0.028382502543234996,-500000.0,13800000.0,0.014038657171922686,4300000.0,7400000.0,0.007527975584944049,0.23,0.22,32000000,33100000,https://www.sec.gov/Archives/edgar/data/1144980/000119312509218135/0001193125-09-218135-index.html,https://www.sec.gov/Archives/edgar/data/1144980/000119312509218135/d10q.htm,1620586056,14:47:36,20210509
47,2009-06-30,ABG,USD,2009-07-31 00:00:00,2009-07-30 18:44:36,Q2,942400000,786500000,155900000,0.16542869269949068,0.0,126700000,0.0,0.0,132200000,918700000,13700000.0,7900000.0,31600000.0,0.03353140916808149,23700000.0,0.025148556876061122,-500000.0,9600000.0,0.010186757215619695,3600000.0,5500000.0,0.00583616298811545,0.17080745341614906,0.16566265060240964,32200000,33200000,https://www.sec.gov/Archives/edgar/data/1144980/000119312509159761/0001193125-09-159761-index.html,https://www.sec.gov/Archives/edgar/data/1144980/000119312509159761/d10q.htm,1620586056,14:47:36,20210509
48,2009-03-31,ABG,USD,2009-04-30 00:00:00,2009-04-30 06:18:01,Q1,838300000,690200000,148100000,0.17666706429679113,0.0,123700000,0.0,0.0,129400000,819600000,14800000.0,8300000.0,27000000.0,0.032208040081116544,18700000.0,0.022307049982106645,-500000.0,3400000.0,0.004055827269473935,1200000.0,300000.0,0.00035786711201240607,0.009345794392523364,0.009259259259259259,32100000,32400000,https://www.sec.gov/Archives/edgar/data/1144980/000119312509092919/0001193125-09-092919-index.html,https://www.sec.gov/Archives/edgar/data/1144980/000119312509092919/d10q.htm,1620586056,14:47:36,20210509
49,2008-12-31,ABG,USD,2009-03-16 00:00:00,2009-03-16 17:02:31,Q4,794800000,656500000,138300000,0.17400603925515853,0.0,119400000,0.0,0.0,659400000,1315900000,0.0,8800000.0,-512300000.0,-0.6445646703573226,-521100000.0,-0.6556366381479618,-500100000.0,-503700000.0,-0.6337443381982889,-150700000.0,-365400000.0,-0.45973829894313034,-11.383177570093459,-11.383177570093459,32100000,32100000,https://www.sec.gov/Archives/edgar/data/1144980/000119312509055555/0001193125-09-055555-index.html,https://www.sec.gov/Archives/edgar/data/1144980/000119312509055555/d10k.htm,1620586056,14:47:36,20210509
50,2008-09-30,ABG,USD,2008-10-30 00:00:00,2008-10-30 17:07:31,Q3,1220600000,1022300000,198300000,0.1624610847124365,0.0,162200000,0.0,0.0,168600000,1190900000,0.0,7800000.0,37500000.0,0.030722595444863183,29700000.0,0.02433229559233164,-1600000.0,9700000.0,0.007946911355071277,2600000.0,6000000.0,0.004915615271178109,0.1892744479495268,0.18691588785046728,31700000,32100000,https://www.sec.gov/Archives/edgar/data/1144980/000119312508220416/0001193125-08-220416-index.html,https://www.sec.gov/Archives/edgar/data/1144980/000119312508220416/d10q.htm,1620586056,14:47:36,20210509
51,2008-06-30,ABG,USD,2008-07-31 00:00:00,2008-07-30 18:45:21,Q2,1322400000,1109800000,212600000,0.16076830006049606,0.0,168700000,0.0,0.0,176400000,1286200000,0.0,7800000.0,44000000.0,0.03327283726557774,36200000.0,0.027374470659407138,-2000000.0,19100000.0,0.014443436176648517,7500000.0,10900000.0,0.00824258923169994,0.3438485804416404,0.3385093167701863,31700000,32200000,https://www.sec.gov/Archives/edgar/data/1144980/000119312508161605/0001193125-08-161605-index.html,https://www.sec.gov/Archives/edgar/data/1144980/000119312508161605/d10q.htm,1620586056,14:47:36,20210509
52,2008-03-31,ABG,USD,2008-05-07 00:00:00,2008-05-07 16:27:40,Q1,1285400000,1076700000,208700000,0.1623619106892796,0.0,168300000,0.0,0.0,173500000,1250200000,0.0,7500000.0,42700000.0,0.033219231367667655,35200000.0,0.0273844717597635,300000.0,18000000.0,0.01400342305896997,6800000.0,10500000.0,0.008168663451065816,0.3322784810126582,0.32507739938080493,31600000,32300000,https://www.sec.gov/Archives/edgar/data/1144980/000119312508105937/0001193125-08-105937-index.html,https://www.sec.gov/Archives/edgar/data/1144980/000119312508105937/d10q.htm,1620586056,14:47:36,20210509
53,2007-12-31,ABG,USD,2008-02-29,2008-02-29 15:24:30,Q4,1299830000,1095176000,204654000,0.15744674303562772,0.0,159554000,0.0,0.0,165943000,1261119000,0.0,10458000.0,49169000.0,0.03782725433325897,38711000.0,0.029781586822892225,-1990000.0,18818000.0,0.014477277797865874,7327000.0,10953000.0,0.00842648654054761,0.3466139240506329,0.3466139240506329,31600000,31600000,https://www.sec.gov/Archives/edgar/data/1144980/000119312508043541/d10k.htm,https://www.sec.gov/Archives/edgar/data/1144980/000119312508043541/d10k.htm,1620586056,14:47:36,20210509
54,2007-09-30,ABG,USD,2007-11-07 00:00:00,2007-11-07 12:48:48,Q3,1491034000,1262719000,228315000,0.15312528084537308,0.0,176067000,0.0,0.0,181452000,1444171000,0.0,6030000.0,52893000.0,0.03547404016273271,46863000.0,0.031429866790428654,343000.0,28405000.0,0.019050538082967926,9185000.0,19010000.0,0.012749541593283587,0.59,0.57,32450000,33244000,https://www.sec.gov/Archives/edgar/data/1144980/000119312507238112/0001193125-07-238112-index.html,https://www.sec.gov/Archives/edgar/data/1144980/000119312507238112/d10q.htm,1620586056,14:47:36,20210509
55,2007-06-30,ABG,USD,2007-08-09 00:00:00,2007-08-09 16:42:09,Q2,1506533000,1274121000,232412000,0.15426943850549574,0.0,173625000,0.0,0.0,178973000,1453094000,0.0,6013000.0,59452000.0,0.03946279304867534,53439000.0,0.03547150975119695,-389000.0,33733000.0,0.022391145763152882,12567000.0,20559000.0,0.01364656466204192,0.63,0.62,32490000,33329000,https://www.sec.gov/Archives/edgar/data/1144980/000119312507177566/0001193125-07-177566-index.html,https://www.sec.gov/Archives/edgar/data/1144980/000119312507177566/d10q.htm,1620586056,14:47:36,20210509
56,2007-03-31,ABG,USD,2007-05-09 00:00:00,2007-05-08 18:36:29,Q1,1415570000,1191507000,224063000,0.15828464858678837,0.0,176386000,0.0,0.0,181714000,1373221000,0.0,5982000.0,48331000.0,0.03414243025777602,42349000.0,0.029916570710032002,-17445000.0,3867000.0,0.0027317617638124574,1458000.0,433000.0,0.00030588384890892006,0.012990129901299012,0.01267527297210269,33333000,34161000,https://www.sec.gov/Archives/edgar/data/1144980/000110465907037105/0001104659-07-037105-index.html,https://www.sec.gov/Archives/edgar/data/1144980/000110465907037105/a07-11097_110q.htm,1620586056,14:47:36,20210509
57,2006-12-31,ABG,USD,2007-03-08,2007-03-08 17:06:33,Q4,1325297000,1117308000,207989000,0.15693765246582464,0.0,160537000,0.0,0.0,165582000,1282890000,0.0,5645000.0,48052000.0,0.03625753321708266,42407000.0,0.031998110612187304,2761000.0,25750000.0,0.019429607099389797,9815000.0,12013000.0,0.009064383304270665,0.36039360393603936,0.36039360393603936,33333000,33333000,https://www.sec.gov/Archives/edgar/data/1144980/000110465907017473/a07-5699_110k.htm,https://www.sec.gov/Archives/edgar/data/1144980/000110465907017473/a07-5699_110k.htm,1620586056,14:47:36,20210509
58,2006-09-30,ABG,USD,2006-11-07,2006-11-07 17:27:27,Q3,1520446000,1290686000,229760000,0.1511135548385145,0.0,174996000,0.0,0.0,180072000,1470758000,0.0,5502000.0,55190000.0,0.03629855976470062,49688000.0,0.03267988471803668,-514000.0,29161000.0,0.019179240828020198,10935000.0,17179000.0,0.011298658419963616,0.52,0.51,33258000,33841000,https://www.sec.gov/Archives/edgar/data/1144980/000110465906072292/a06-21986_110q.htm,https://www.sec.gov/Archives/edgar/data/1144980/000110465906072292/a06-21986_110q.htm,1620586056,14:47:36,20210509
59,2006-06-30,ABG,USD,2006-08-08,2006-08-07 21:56:35,Q2,1517937000,1289155000,228782000,0.15071903511147036,0.0,171715000,0.0,0.0,176828000,1465983000,0.0,5809000.0,57763000.0,0.03805362146123324,51954000.0,0.03422671691908162,481000.0,31078000.0,0.02047384048218075,11654000.0,19004000.0,0.012519623673446263,0.57,0.56,33077000,33709000,https://www.sec.gov/Archives/edgar/data/1144980/000110465906052152/a06-15684_110q.htm,https://www.sec.gov/Archives/edgar/data/1144980/000110465906052152/a06-15684_110q.htm,1620586056,14:47:36,20210509
60,2006-03-31,ABG,USD,2006-05-09,2006-05-09 17:24:31,Q1,1386969000,1175421000,211548000,0.15252539890942046,0.0,165714000,0.0,0.0,170689000,1346110000,0.0,5612000.0,46471000.0,0.0335054352332316,40859000.0,0.029459202044169696,344000.0,21821000.0,0.015732867857897327,8183000.0,12553000.0,0.009050670923430877,0.38,0.37,32922000,33584000,https://www.sec.gov/Archives/edgar/data/1144980/000110465906017120/a06-2275_110k.htm,https://www.sec.gov/Archives/edgar/data/1144980/000110465906017120/a06-2275_110k.htm,1620586056,14:47:36,20210509
61,2005-12-31,ABG,USD,2006-03-16,2006-03-16 09:54:34,Q4,1405350000,1197147000,208203000,0.1481502828476892,0.0,160921000,0.0,0.0,166220000,1363367000,0.0,5965000.0,47948000.0,0.034118191197922226,41983000.0,0.029873696943821824,-221000.0,23003000.0,0.01636816451417796,8571000.0,20502000.0,0.014588536663464617,0.622744669218152,0.622744669218152,32922000,32922000,https://www.sec.gov/Archives/edgar/data/1144980/000110465906017120/a06-2275_110k.htm,https://www.sec.gov/Archives/edgar/data/1144980/000110465906017120/a06-2275_110k.htm,1620586056,14:47:36,20210509
62,2005-09-30,ABG,USD,2005-10-09,2005-11-09 17:53:05,Q3,1448435000,1228405000,220030000,0.15190878430858132,0.0,170506000,0.0,0.0,175451000,1403856000,0.0,5799000.0,50378000.0,0.03478098775575017,44579000.0,0.030777356250021575,29000.0,27968000.0,0.019309116391139403,10488000.0,14953000.0,0.01032355611401271,0.46,0.45,32737000,33032000,https://www.sec.gov/Archives/edgar/data/1144980/000110465905054206/a05-19924_110q.htm,https://www.sec.gov/Archives/edgar/data/1144980/000110465905054206/a05-19924_110q.htm,1620586056,14:47:36,20210509
63,2005-06-30,ABG,USD,2005-06-30,2005-06-30,Q2,1476859000,1255484000,221375000,0.14989582620954336,0.0,170551000,0.0,0.0,175653000,1431137000,0.0,6009000.0,51731000.0,0.035027717608790004,45722000.0,0.03095894733349629,186000.0,28035000.0,0.01898285482906628,10513000.0,15986000.0,0.01082432378446419,0.4903079376763587,0.48849503437738734,32604000,32725000,,,1620586056,14:47:36,20210509
64,2005-03-31,ABG,USD,2005-05-06,2005-05-06 14:22:56,Q1,1351961000,1141467000,210494000,0.15569531961350958,0.0,173084000,0.0,0.0,178334000,1319801000,0.0,5593000.0,37753000.0,0.027924622085992126,32160000.0,0.02378766843126392,-22000.0,15494000.0,0.01146038975976378,5810000.0,9640000.0,0.007130383198923638,0.3,0.29,32588000,32781000,https://www.sec.gov/Archives/edgar/data/1144980/000110465905011093/a05-4690_110k.htm,https://www.sec.gov/Archives/edgar/data/1144980/000110465905011093/a05-4690_110k.htm,1620586056,14:47:36,20210509
65,2004-12-31,ABG,USD,2005-03-15,2005-03-15 15:00:56,Q4,1353060000,1141331000,211729000,0.15648160465906907,0.0,168808000,0.0,0.0,173811000,1315142000,0.0,5408000.0,43326000.0,0.03202075295995743,37918000.0,0.02802388659778576,496000.0,22538000.0,0.01665705881483452,8452000.0,12845000.0,0.009493296675683266,0.3941634957653124,0.3941634957653124,32588000,32588000,https://www.sec.gov/Archives/edgar/data/1144980/000104746904007493/a2130386z10-k.htm,https://www.sec.gov/Archives/edgar/data/1144980/000104746904007493/a2130386z10-k.htm,1620586056,14:47:36,20210509
66,2004-09-30,ABG,USD,2004-11-08 00:00:00,2004-11-08 17:16:20,Q3,1390026000,1181783000,208243000,0.14981230566910259,0.0,168836000,0.0,0.0,173829000,1355612000,0.0,5186000.0,39600000.0,0.028488675751388824,34414000.0,0.024757810285563005,171000.0,20752000.0,0.01492921715133386,7782000.0,12116000.0,0.008716383722318864,0.3723417332513829,0.37112138940790884,32540000,32647000,https://www.sec.gov/Archives/edgar/data/1144980/000114498004000152/0001144980-04-000152-index.html,https://www.sec.gov/Archives/edgar/data/1144980/000114498004000152/form10q3rdqtr2004.txt,1620586056,14:47:36,20210509
67,2004-06-30,ABG,USD,2004-08-06 00:00:00,2004-08-06 16:58:32,Q2,1391184000,1179835000,211349000,0.15192023485031456,0.0,166574000,0.0,0.0,171981000,1351816000,0.0,6097000.0,45465000.0,0.03268079563882276,39368000.0,0.02829819779410919,161000.0,24018000.0,0.017264430873270536,8830000.0,14748000.0,0.010601041990132147,0.4542038805050816,0.4516168544830965,32470000,32656000,https://www.sec.gov/Archives/edgar/data/1144980/000114498004000128/0001144980-04-000128-index.html,https://www.sec.gov/Archives/edgar/data/1144980/000114498004000128/form10qjune2004.txt,1620586056,14:47:36,20210509
68,2004-03-31,ABG,USD,2004-05-10 00:00:00,2004-05-10 15:51:53,Q1,1223228000,1032187000,191041000,0.15617775263483177,0.0,153579000,0.0,0.0,158718000,1190905000,0.0,5739000.0,38062000.0,0.031116030699101068,32323000.0,0.02642434607448489,-204000.0,17083000.0,0.013965507656790067,6406000.0,10364000.0,0.0084726641312985,0.32,0.316738,32435000,32721000,https://www.sec.gov/Archives/edgar/data/1144980/000114498004000036/0001144980-04-000036-index.html,https://www.sec.gov/Archives/edgar/data/1144980/000114498004000036/form10q1stqtr2004.txt,1620586056,14:47:36,20210509
69,2003-12-31,ABG,USD,2004-03-11,2004-03-11 15:40:59,Q4,1163472000,984704000,178768000,0.1536504531265041,0.0,143519000,0.0,0.0,186654000,1171358000,0.0,6659000.0,-1227000.0,-0.0010546020875448656,-7886000.0,-0.006777988640895526,-39105000.0,-23749000.0,-0.020412180095438482,-4019000.0,-20427000.0,-0.017556933041792153,-0.6297826422074919,-0.6297826422074919,32435000,32435000,https://www.sec.gov/Archives/edgar/data/1144980/000104746904007493/a2130386z10-k.htm,https://www.sec.gov/Archives/edgar/data/1144980/000104746904007493/a2130386z10-k.htm,1620586056,14:47:36,20210509
70,2003-09-30,ABG,USD,2003-11-14 00:00:00,2003-11-14 11:39:03,Q3,1285468000,1087393000,198075000,0.15408784971699024,0.0,150559000,0.0,0.0,155700000,1243093000,0.0,6531000.0,48906000.0,0.03804528778623816,42375000.0,0.03296464789477451,-174000.0,27669000.0,0.02152445646254905,10503000.0,16244000.0,0.012636642841362056,0.5010641907523365,0.49809885931558934,32419000,32612000,https://www.sec.gov/Archives/edgar/data/1144980/000114498003000058/0001144980-03-000058-index.html,https://www.sec.gov/Archives/edgar/data/1144980/000114498003000058/form10q3rdqtr2003.txt,1620586056,14:47:36,20210509
71,2003-06-30,ABG,USD,2003-08-14 00:00:00,2003-08-14 12:17:17,Q2,1246702000,1055696000,191006000,0.1532090266960348,0.0,147825000,0.0,0.0,152880000,1208576000,0.0,6455000.0,44581000.0,0.03575914693326874,38126000.0,0.030581486193172067,592000.0,23680000.0,0.018994114070563776,9425000.0,12273000.0,0.009844373394764747,0.37530962355891256,0.3751604817509323,32701000,32714000,https://www.sec.gov/Archives/edgar/data/1144980/000114498003000013/0001144980-03-000013-index.html,https://www.sec.gov/Archives/edgar/data/1144980/000114498003000013/form10q2ndqtr2003.txt,1620586056,14:47:36,20210509
72,2003-03-31,ABG,USD,2003-05-15 00:00:00,2003-05-15 12:41:33,Q1,1101272000,926492000,174780000,0.1587073856413311,0.0,142164000,0.0,0.0,148111000,1074603000,0.0,7225000.0,33894000.0,0.03077713770984825,26669000.0,0.024216542325601668,-859000.0,11467000.0,0.010412504812616684,4564000.0,7097000.0,0.006444366151141589,0.21472225583928356,0.21471575953771216,33052000,33053000,https://www.sec.gov/Archives/edgar/data/1144980/000114498003000005/0001144980-03-000005-index.html,https://www.sec.gov/Archives/edgar/data/1144980/000114498003000005/form10q1stqtr2003.txt,1620586056,14:47:36,20210509
73,2002-12-31,ABG,USD,2003-03-25 00:00:00,2003-03-25 13:57:17,Q4,1078458000,908247000,170211000,0.1578281212620241,0.0,139471000,0.0,0.0,145901000,1054148000,0.0,7766000.0,32076000.0,0.029742465631484954,24310000.0,0.02254144343126946,11215000.0,9850000.0,0.009133410851419341,15559000.0,5499000.0,0.005098946829640097,0.16637419823308724,0.16637419823308724,33052000,33052000,https://www.sec.gov/Archives/edgar/data/1144980/000104746903010047/0001047469-03-010047-index.html,https://www.sec.gov/Archives/edgar/data/1144980/000104746903010047/a2105800z10-k.htm,1620586056,14:47:36,20210509
74,2002-09-30,ABG,USD,2002-11-14 00:00:00,2002-11-15 09:19:05,Q3,1214127000,1027031000,187096000,0.15409920049550005,0.0,142595000,0.0,0.0,148327000,1175358000,0.0,6720000.0,45489000.0,0.03746642649409823,38769000.0,0.031931585410751924,182000.0,24731000.0,0.02036936827860677,9843000.0,14644000.0,0.012061341194125491,0.43070588235294116,0.43069321490544393,34000000,34001000,https://www.sec.gov/Archives/edgar/data/1144980/000114498002000007/0001144980-02-000007-index.html,https://www.sec.gov/Archives/edgar/data/1144980/000114498002000007/form10q3rdqtr2002.txt,1620586056,14:47:36,20210509
75,2002-06-30,ABG,USD,2002-08-14 00:00:00,2002-08-14 12:57:08,Q2,1154779000,973044000,181735000,0.15737643306641358,0.0,139650000,0.0,0.0,145684000,1118728000,0.0,8182000.0,44233000.0,0.038304298917801585,36051000.0,0.031218960511058828,55000.0,22879000.0,0.019812448962095778,9106000.0,12780000.0,0.011067052656828709,0.38,0.37,34000000,34084000,https://www.sec.gov/Archives/edgar/data/1144980/000114498002000004/0001144980-02-000004-index.html,https://www.sec.gov/Archives/edgar/data/1144980/000114498002000004/form10q2ndqtr2002.txt,1620586056,14:47:36,20210509
76,2002-03-31,ABG,USD,2002-05-08,2002-05-08,Q2,1068585000,896610000,171975000,0.16093712713541738,0.0,133015000,0.0,0.0,138848000,1035458000,0.0,5808000.0,38935000.0,0.03643603456907967,33127000.0,0.03100080948169776,-492000.0,18822000.0,0.01761394741644324,13747000.0,5162000.0,0.004830687310789502,0.16980263157894737,0.16961293290398896,30400000,30434000,https://www.sec.gov/Archives/edgar/data/1144980/000114498002000002/0001144980-02-000002-index.htm,https://www.sec.gov/Archives/edgar/data/1144980/000114498002000002/form10q1stqtr2002.txt,1620586056,14:47:36,20210509
