,date,symbol,reportedCurrency,fillingDate,acceptedDate,period,revenue,costOfRevenue,grossProfit,grossProfitRatio,researchAndDevelopmentExpenses,generalAndAdministrativeExpenses,sellingAndMarketingExpenses,otherExpenses,operatingExpenses,costAndExpenses,interestExpense,depreciationAndAmortization,ebitda,ebitdaratio,operatingIncome,operatingIncomeRatio,totalOtherIncomeExpensesNet,incomeBeforeTax,incomeBeforeTaxRatio,incomeTaxExpense,netIncome,netIncomeRatio,eps,epsdiluted,weightedAverageShsOut,weightedAverageShsOutDil,link,finalLink,timestamp,est_time,est_date
0,2020-12-31,MIN.TO,USD,2020-12-31,2020-12-31,Q4,0.0,154000.0,-154000.0,0.0,0.0,1321000.0,0.0,105000.0,1686000.0,1840000.0,59000.0,154000.0,-1558000.0,0.0,-1840000.0,0.0,-15613000.0,-17489000.0,0.0,0.0,-17489000.0,0.0,-0.07298332435574595,-0.07298332435574595,239630082.0,239630082.0,https://www.sedar.com/ModifyCompanyDocumentSearchForm.do?lang=EN&company_search=EXCELSIOR MINING CORP&document_selection=0&industry_group=A&FromDate=13&FromMonth=05&FromYear=2000&ToDate=13&ToMonth=11&ToYear=2020&Variable=Issuer,https://www.sedar.com/ModifyCompanyDocumentSearchForm.do?lang=EN&company_search=EXCELSIOR MINING CORP&document_selection=0&industry_group=A&FromDate=13&FromMonth=05&FromYear=2000&ToDate=13&ToMonth=11&ToYear=2020&Variable=Issuer,1620595018,17:16:58,20210509
1,2020-09-30,MIN.TO,USD,2020-09-30,2020-09-30,Q3,0.0,166000.0,-166000.0,0.0,0.0,672000.0,0.0,122000.0,1785000.0,1951000.0,239000.0,166000.0,-1785000.0,0.0,-1951000.0,0.0,-8800000.0,-10904000.0,0.0,0.0,-10904000.0,0.0,-0.05,-0.05,239630082.0,239630082.0,https://www.sedar.com/ModifyCompanyDocumentSearchForm.do?lang=EN&company_search=EXCELSIOR MINING CORP&document_selection=0&industry_group=A&FromDate=13&FromMonth=05&FromYear=2000&ToDate=13&ToMonth=11&ToYear=2020&Variable=Issuer,https://www.sedar.com/ModifyCompanyDocumentSearchForm.do?lang=EN&company_search=EXCELSIOR MINING CORP&document_selection=0&industry_group=A&FromDate=13&FromMonth=05&FromYear=2000&ToDate=13&ToMonth=11&ToYear=2020&Variable=Issuer,1620595018,17:16:58,20210509
2,2020-06-30,MIN.TO,USD,2020-06-30,2020-06-30,Q2,0.0,128000.0,-128000.0,0.0,0.0,1809000.0,0.0,-434000.0,3371000.0,3499000.0,487000.0,128000.0,-3371000.0,0.0,-3499000.0,0.0,-19288000.0,-23189000.0,0.0,0.0,-23189000.0,0.0,-0.1,-0.1,239630082.0,239630082.0,https://www.sedar.com/ModifyCompanyDocumentSearchForm.do?lang=EN&company_search=EXCELSIOR MINING CORP&document_selection=0&industry_group=A&FromDate=13&FromMonth=05&FromYear=2000&ToDate=13&ToMonth=11&ToYear=2020&Variable=Issuer,https://www.sedar.com/ModifyCompanyDocumentSearchForm.do?lang=EN&company_search=EXCELSIOR MINING CORP&document_selection=0&industry_group=A&FromDate=13&FromMonth=05&FromYear=2000&ToDate=13&ToMonth=11&ToYear=2020&Variable=Issuer,1620595018,17:16:58,20210509
3,2020-03-31,MIN.TO,USD,2020-03-31,2020-03-31,Q1,0.0,140000.0,-140000.0,0.0,0.0,1130000.0,0.0,85000.0,1308000.0,1448000.0,85000.0,140000.0,-1308000.0,0.0,-1448000.0,0.0,32717000.0,31318000.0,0.0,0.0,31318000.0,0.0,0.13,0.13,239617807.0,239617807.0,https://www.sedar.com/ModifyCompanyDocumentSearchForm.do?lang=EN&company_search=EXCELSIOR MINING CORP&document_selection=0&industry_group=A&FromDate=13&FromMonth=05&FromYear=2000&ToDate=13&ToMonth=11&ToYear=2020&Variable=Issuer,https://www.sedar.com/ModifyCompanyDocumentSearchForm.do?lang=EN&company_search=EXCELSIOR MINING CORP&document_selection=0&industry_group=A&FromDate=13&FromMonth=05&FromYear=2000&ToDate=13&ToMonth=11&ToYear=2020&Variable=Issuer,1620595018,17:16:58,20210509
4,2019-12-31,MIN.TO,USD,2019-12-31,2019-12-31,Q4,0.0,168000.0,-168000.0,0.0,0.0,1334000.0,0.0,84000.0,1462000.0,1630000.0,92000.0,168000.0,-1462000.0,0.0,-1630000.0,0.0,-8728000.0,-10315000.0,0.0,0.0,-10315000.0,0.0,-0.043045513793213995,-0.043045513793213995,239630082.0,239630082.0,https://www.sedar.com/ModifyCompanyDocumentSearchForm.do?lang=EN&company_search=EXCELSIOR MINING CORP&document_selection=0&industry_group=A&FromDate=13&FromMonth=05&FromYear=2000&ToDate=13&ToMonth=11&ToYear=2020&Variable=Issuer,https://www.sedar.com/ModifyCompanyDocumentSearchForm.do?lang=EN&company_search=EXCELSIOR MINING CORP&document_selection=0&industry_group=A&FromDate=13&FromMonth=05&FromYear=2000&ToDate=13&ToMonth=11&ToYear=2020&Variable=Issuer,1620595018,17:16:58,20210509
5,2019-09-30,MIN.TO,USD,2019-09-30,2019-09-30,Q3,0.0,169000.0,-169000.0,0.0,0.0,2474000.0,0.0,67000.0,2573000.0,2742000.0,88000.0,169000.0,-2573000.0,0.0,-2742000.0,0.0,-1947000.0,-4617000.0,0.0,0.0,-4617000.0,0.0,-0.02,-0.02,238678340.0,238678340.0,https://www.sedar.com/ModifyCompanyDocumentSearchForm.do?lang=EN&company_search=EXCELSIOR MINING CORP&document_selection=0&industry_group=A&FromDate=13&FromMonth=05&FromYear=2000&ToDate=13&ToMonth=11&ToYear=2020&Variable=Issuer,https://www.sedar.com/ModifyCompanyDocumentSearchForm.do?lang=EN&company_search=EXCELSIOR MINING CORP&document_selection=0&industry_group=A&FromDate=13&FromMonth=05&FromYear=2000&ToDate=13&ToMonth=11&ToYear=2020&Variable=Issuer,1620595018,17:16:58,20210509
6,2019-06-30,MIN.TO,USD,2019-06-30,2019-06-30,Q2,0.0,133000.0,-133000.0,0.0,0.0,2445000.0,0.0,75000.0,2733000.0,2866000.0,80000.0,133000.0,-2733000.0,0.0,-2866000.0,0.0,445000.0,-2315000.0,0.0,0.0,-2315000.0,0.0,-0.01,-0.01,238657960.0,238657960.0,https://www.sedar.com/ModifyCompanyDocumentSearchForm.do?lang=EN&company_search=EXCELSIOR MINING CORP&document_selection=0&industry_group=A&FromDate=13&FromMonth=05&FromYear=2000&ToDate=13&ToMonth=11&ToYear=2020&Variable=Issuer,https://www.sedar.com/ModifyCompanyDocumentSearchForm.do?lang=EN&company_search=EXCELSIOR MINING CORP&document_selection=0&industry_group=A&FromDate=13&FromMonth=05&FromYear=2000&ToDate=13&ToMonth=11&ToYear=2020&Variable=Issuer,1620595018,17:16:58,20210509
7,2019-03-31,MIN.TO,USD,2019-03-31,2019-03-31,Q1,0.0,106000.0,-106000.0,0.0,0.0,2032000.0,0.0,67000.0,2259000.0,2365000.0,75000.0,106000.0,-2259000.0,0.0,-2365000.0,0.0,-4314000.0,-6633000.0,0.0,0.0,-6633000.0,0.0,-0.03,-0.03,238607815.0,238607815.0,https://www.sedar.com/ModifyCompanyDocumentSearchForm.do?lang=EN&company_search=EXCELSIOR MINING CORP&document_selection=0&industry_group=A&FromDate=13&FromMonth=05&FromYear=2000&ToDate=13&ToMonth=11&ToYear=2020&Variable=Issuer,https://www.sedar.com/ModifyCompanyDocumentSearchForm.do?lang=EN&company_search=EXCELSIOR MINING CORP&document_selection=0&industry_group=A&FromDate=13&FromMonth=05&FromYear=2000&ToDate=13&ToMonth=11&ToYear=2020&Variable=Issuer,1620595018,17:16:58,20210509
8,2018-12-31,MIN.TO,USD,2018-12-31,2018-12-31,Q4,0.0,81106.0,-81106.0,0.0,0.0,3024206.0,0.0,74933.0,4438162.0,4519268.0,62882.0,81106.0,-4438162.0,0.0,-4519268.0,0.0,3769369.0,-731524.0,0.0,0.0,-731524.0,0.0,-0.0030527219032542,-0.0030527219032542,239630082.0,239630082.0,https://www.sedar.com/ModifyCompanyDocumentSearchForm.do?lang=EN&company_search=EXCELSIOR MINING CORP&document_selection=0&industry_group=A&FromDate=13&FromMonth=05&FromYear=2000&ToDate=13&ToMonth=11&ToYear=2020&Variable=Issuer,https://www.sedar.com/ModifyCompanyDocumentSearchForm.do?lang=EN&company_search=EXCELSIOR MINING CORP&document_selection=0&industry_group=A&FromDate=13&FromMonth=05&FromYear=2000&ToDate=13&ToMonth=11&ToYear=2020&Variable=Issuer,1620595018,17:16:58,20210509
9,2018-09-30,MIN.TO,USD,2018-09-30,2018-09-30,Q3,0.0,71061.0,-71061.0,0.0,0.0,1882278.0,0.0,84110.0,4201048.0,4272109.0,62884.0,71061.0,-4201048.0,0.0,-4272109.0,0.0,87108.0,-4148182.0,0.0,0.0,-4148182.0,0.0,-0.02,-0.02,207508208.0,207508208.0,https://www.sedar.com/ModifyCompanyDocumentSearchForm.do?lang=EN&company_search=EXCELSIOR MINING CORP&document_selection=0&industry_group=A&FromDate=13&FromMonth=05&FromYear=2000&ToDate=13&ToMonth=11&ToYear=2020&Variable=Issuer,https://www.sedar.com/ModifyCompanyDocumentSearchForm.do?lang=EN&company_search=EXCELSIOR MINING CORP&document_selection=0&industry_group=A&FromDate=13&FromMonth=05&FromYear=2000&ToDate=13&ToMonth=11&ToYear=2020&Variable=Issuer,1620595018,17:16:58,20210509
10,2018-06-30,MIN.TO,USD,2018-06-30,2018-06-30,Q2,0.0,61615.0,-61615.0,0.0,0.0,1058782.0,0.0,154757.0,3506484.0,3568099.0,98698.0,61615.0,-3506484.0,0.0,-3568099.0,0.0,150794.0,-3516003.0,0.0,0.0,-3516003.0,0.0,-0.02,-0.02,206392041.0,206392041.0,https://www.sedar.com/ModifyCompanyDocumentSearchForm.do?lang=EN&company_search=EXCELSIOR MINING CORP&document_selection=0&industry_group=A&FromDate=13&FromMonth=05&FromYear=2000&ToDate=13&ToMonth=11&ToYear=2020&Variable=Issuer,https://www.sedar.com/ModifyCompanyDocumentSearchForm.do?lang=EN&company_search=EXCELSIOR MINING CORP&document_selection=0&industry_group=A&FromDate=13&FromMonth=05&FromYear=2000&ToDate=13&ToMonth=11&ToYear=2020&Variable=Issuer,1620595018,17:16:58,20210509
11,2018-03-31,MIN.TO,USD,2018-03-31,2018-03-31,Q1,0.0,61686.0,-61686.0,0.0,0.0,1524289.0,0.0,59156.0,3716192.0,3777878.0,13093.0,61686.0,-3716192.0,0.0,-3777878.0,0.0,52109.0,-3738862.0,0.0,0.0,-3738862.0,0.0,-0.02,-0.02,203018707.0,203018707.0,https://www.sedar.com/ModifyCompanyDocumentSearchForm.do?lang=EN&company_search=EXCELSIOR MINING CORP&document_selection=0&industry_group=A&FromDate=13&FromMonth=05&FromYear=2000&ToDate=13&ToMonth=11&ToYear=2020&Variable=Issuer,https://www.sedar.com/ModifyCompanyDocumentSearchForm.do?lang=EN&company_search=EXCELSIOR MINING CORP&document_selection=0&industry_group=A&FromDate=13&FromMonth=05&FromYear=2000&ToDate=13&ToMonth=11&ToYear=2020&Variable=Issuer,1620595018,17:16:58,20210509
12,2017-12-31,MIN.TO,USD,2017-12-31,2017-12-31,Q4,0.0,31552.0,-31552.0,0.0,654277.0,1063056.0,0.0,44.0,2605871.0,2637423.0,-28737.0,31552.0,-2605871.0,0.0,-2637423.0,0.0,-3543.0,-2612229.0,0.0,0.0,-2612229.0,0.0,-0.01090108962196157,-0.01090108962196157,239630082.0,239630082.0,https://www.sedar.com/ModifyCompanyDocumentSearchForm.do?lang=EN&company_search=EXCELSIOR MINING CORP&document_selection=0&industry_group=A&FromDate=13&FromMonth=05&FromYear=2000&ToDate=13&ToMonth=11&ToYear=2020&Variable=Issuer,https://www.sedar.com/ModifyCompanyDocumentSearchForm.do?lang=EN&company_search=EXCELSIOR MINING CORP&document_selection=0&industry_group=A&FromDate=13&FromMonth=05&FromYear=2000&ToDate=13&ToMonth=11&ToYear=2020&Variable=Issuer,1620595018,17:16:58,20210509
13,2017-09-30,MIN.TO,USD,2017-09-30,2017-09-30,Q3,0.0,32311.0,-32311.0,0.0,790269.0,867802.0,0.0,70649.0,2444553.0,2476864.0,45956.0,32311.0,-2444553.0,0.0,-2476864.0,0.0,76482.0,-2446338.0,0.0,0.0,-2446338.0,0.0,-0.01,-0.01,167503512.0,167503512.0,https://www.sedar.com/ModifyCompanyDocumentSearchForm.do?lang=EN&company_search=EXCELSIOR MINING CORP&document_selection=0&industry_group=A&FromDate=13&FromMonth=05&FromYear=2000&ToDate=13&ToMonth=11&ToYear=2020&Variable=Issuer,https://www.sedar.com/ModifyCompanyDocumentSearchForm.do?lang=EN&company_search=EXCELSIOR MINING CORP&document_selection=0&industry_group=A&FromDate=13&FromMonth=05&FromYear=2000&ToDate=13&ToMonth=11&ToYear=2020&Variable=Issuer,1620595018,17:16:58,20210509
14,2017-06-30,MIN.TO,USD,2017-06-30,2017-06-30,Q2,0.0,33301.0,-33301.0,0.0,0.0,928570.0,0.0,90382.0,2315170.0,2348471.0,45957.0,33301.0,-2315170.0,0.0,-2348471.0,0.0,93802.0,-2300626.0,0.0,0.0,-2300626.0,0.0,-0.01,-0.01,167463952.0,167463952.0,https://www.sedar.com/ModifyCompanyDocumentSearchForm.do?lang=EN&company_search=EXCELSIOR MINING CORP&document_selection=0&industry_group=A&FromDate=13&FromMonth=05&FromYear=2000&ToDate=13&ToMonth=11&ToYear=2020&Variable=Issuer,https://www.sedar.com/ModifyCompanyDocumentSearchForm.do?lang=EN&company_search=EXCELSIOR MINING CORP&document_selection=0&industry_group=A&FromDate=13&FromMonth=05&FromYear=2000&ToDate=13&ToMonth=11&ToYear=2020&Variable=Issuer,1620595018,17:16:58,20210509
15,2017-03-31,MIN.TO,USD,2017-03-31,2017-03-31,Q1,0.0,34662.0,-34662.0,0.0,0.0,849365.0,0.0,81181.0,2137605.0,2172267.0,45957.0,34662.0,-2137605.0,0.0,-2172267.0,0.0,83414.0,-2134810.0,0.0,0.0,-2134810.0,0.0,-0.01,-0.01,167414514.0,167414514.0,https://www.sedar.com/ModifyCompanyDocumentSearchForm.do?lang=EN&company_search=EXCELSIOR MINING CORP&document_selection=0&industry_group=A&FromDate=13&FromMonth=05&FromYear=2000&ToDate=13&ToMonth=11&ToYear=2020&Variable=Issuer,https://www.sedar.com/ModifyCompanyDocumentSearchForm.do?lang=EN&company_search=EXCELSIOR MINING CORP&document_selection=0&industry_group=A&FromDate=13&FromMonth=05&FromYear=2000&ToDate=13&ToMonth=11&ToYear=2020&Variable=Issuer,1620595018,17:16:58,20210509
16,2016-12-31,MIN.TO,USD,2016-12-31,2016-12-31,Q4,0.0,22612.0,-22612.0,0.0,0.0,572107.0,0.0,72826.0,2361479.0,2384091.0,49929.0,22612.0,-2361479.0,0.0,-2384091.0,0.0,4035355.0,1601335.0,0.0,0.0,1601335.0,0.0,0.006682529115856164,0.006682529115856164,239630082.0,239630082.0,https://www.sedar.com/ModifyCompanyDocumentSearchForm.do?lang=EN&company_search=EXCELSIOR MINING CORP&document_selection=0&industry_group=A&FromDate=13&FromMonth=05&FromYear=2000&ToDate=13&ToMonth=11&ToYear=2020&Variable=Issuer,https://www.sedar.com/ModifyCompanyDocumentSearchForm.do?lang=EN&company_search=EXCELSIOR MINING CORP&document_selection=0&industry_group=A&FromDate=13&FromMonth=05&FromYear=2000&ToDate=13&ToMonth=11&ToYear=2020&Variable=Issuer,1620595018,17:16:58,20210509
17,2016-09-30,MIN.TO,USD,2016-09-30,2016-09-30,Q3,0.0,23578.0,-23578.0,0.0,0.0,643541.0,0.0,70511.0,2347377.0,2370955.0,108377.0,23578.0,-2347377.0,0.0,-2370955.0,0.0,68946.0,-2410386.0,0.0,0.0,-2410386.0,0.0,-0.02,-0.02,138503924.0,138503924.0,https://www.sedar.com/ModifyCompanyDocumentSearchForm.do?lang=EN&company_search=EXCELSIOR MINING CORP&document_selection=0&industry_group=A&FromDate=13&FromMonth=05&FromYear=2000&ToDate=13&ToMonth=11&ToYear=2020&Variable=Issuer,https://www.sedar.com/ModifyCompanyDocumentSearchForm.do?lang=EN&company_search=EXCELSIOR MINING CORP&document_selection=0&industry_group=A&FromDate=13&FromMonth=05&FromYear=2000&ToDate=13&ToMonth=11&ToYear=2020&Variable=Issuer,1620595018,17:16:58,20210509
18,2016-06-30,MIN.TO,USD,2016-06-30,2016-06-30,Q2,0.0,25416.0,-25416.0,0.0,0.0,664397.0,0.0,-57660.0,1718361.0,1743777.0,62690.0,25416.0,-1718361.0,0.0,-1743777.0,0.0,-58540.0,-1865007.0,0.0,0.0,-1865007.0,0.0,-0.01,-0.01,138456671.0,138456671.0,https://www.sedar.com/ModifyCompanyDocumentSearchForm.do?lang=EN&company_search=EXCELSIOR MINING CORP&document_selection=0&industry_group=A&FromDate=13&FromMonth=05&FromYear=2000&ToDate=13&ToMonth=11&ToYear=2020&Variable=Issuer,https://www.sedar.com/ModifyCompanyDocumentSearchForm.do?lang=EN&company_search=EXCELSIOR MINING CORP&document_selection=0&industry_group=A&FromDate=13&FromMonth=05&FromYear=2000&ToDate=13&ToMonth=11&ToYear=2020&Variable=Issuer,1620595018,17:16:58,20210509
19,2016-03-31,MIN.TO,USD,2016-03-31,2016-03-31,Q1,0.0,26553.0,-26553.0,0.0,0.0,522851.0,0.0,51904.0,1911866.0,1938419.0,44707.0,26553.0,-1911866.0,0.0,-1938419.0,0.0,367056.0,-1616070.0,0.0,0.0,-1616070.0,0.0,-0.01,-0.01,138403924.0,138403924.0,https://www.sedar.com/ModifyCompanyDocumentSearchForm.do?lang=EN&company_search=EXCELSIOR MINING CORP&document_selection=0&industry_group=A&FromDate=13&FromMonth=05&FromYear=2000&ToDate=13&ToMonth=11&ToYear=2020&Variable=Issuer,https://www.sedar.com/ModifyCompanyDocumentSearchForm.do?lang=EN&company_search=EXCELSIOR MINING CORP&document_selection=0&industry_group=A&FromDate=13&FromMonth=05&FromYear=2000&ToDate=13&ToMonth=11&ToYear=2020&Variable=Issuer,1620595018,17:16:58,20210509
20,2015-12-31,MIN.TO,USD,2015-12-31,2015-12-31,Q4,0.0,16471.0,-16471.0,0.0,0.0,202773.0,0.0,0.0,942050.0,958521.0,0.0,16471.0,-942050.0,0.0,-958521.0,0.0,7723018.0,6635053.0,0.0,0.0,6635053.0,0.0,0.027688731500747056,0.027688731500747056,239630082.0,239630082.0,https://www.sedar.com/ModifyCompanyDocumentSearchForm.do?lang=EN&company_search=EXCELSIOR MINING CORP&document_selection=0&industry_group=A&FromDate=13&FromMonth=05&FromYear=2000&ToDate=13&ToMonth=11&ToYear=2020&Variable=Issuer,https://www.sedar.com/ModifyCompanyDocumentSearchForm.do?lang=EN&company_search=EXCELSIOR MINING CORP&document_selection=0&industry_group=A&FromDate=13&FromMonth=05&FromYear=2000&ToDate=13&ToMonth=11&ToYear=2020&Variable=Issuer,1620595018,17:16:58,20210509
21,2015-09-30,MIN.TO,USD,2015-09-30,2015-09-30,Q3,0.0,8163.0,-8163.0,0.0,0.0,631441.0,0.0,0.0,1416652.0,1424815.0,0.0,8163.0,-1416652.0,0.0,-1424815.0,0.0,-18528.0,-1442142.0,0.0,0.0,-1442142.0,0.0,-0.01,-0.01,115301714.0,115301714.0,https://www.sedar.com/ModifyCompanyDocumentSearchForm.do?lang=EN&company_search=EXCELSIOR MINING CORP&document_selection=0&industry_group=A&FromDate=13&FromMonth=05&FromYear=2000&ToDate=13&ToMonth=11&ToYear=2020&Variable=Issuer,https://www.sedar.com/ModifyCompanyDocumentSearchForm.do?lang=EN&company_search=EXCELSIOR MINING CORP&document_selection=0&industry_group=A&FromDate=13&FromMonth=05&FromYear=2000&ToDate=13&ToMonth=11&ToYear=2020&Variable=Issuer,1620595018,17:16:58,20210509
22,2015-06-30,MIN.TO,USD,2015-06-30,2015-06-30,Q2,0.0,9881.0,-9881.0,0.0,0.0,701553.0,0.0,0.0,2057612.0,2067493.0,0.0,9881.0,-2057612.0,0.0,-2067493.0,0.0,70012.0,-1992573.0,0.0,0.0,-1992573.0,0.0,-0.02,-0.02,114801562.0,114801562.0,https://www.sedar.com/ModifyCompanyDocumentSearchForm.do?lang=EN&company_search=EXCELSIOR MINING CORP&document_selection=0&industry_group=A&FromDate=13&FromMonth=05&FromYear=2000&ToDate=13&ToMonth=11&ToYear=2020&Variable=Issuer,https://www.sedar.com/ModifyCompanyDocumentSearchForm.do?lang=EN&company_search=EXCELSIOR MINING CORP&document_selection=0&industry_group=A&FromDate=13&FromMonth=05&FromYear=2000&ToDate=13&ToMonth=11&ToYear=2020&Variable=Issuer,1620595018,17:16:58,20210509
23,2015-03-31,MIN.TO,USD,2015-03-31,2015-03-31,Q1,0.0,11546.0,-11546.0,0.0,0.0,863070.0,0.0,0.0,3628755.0,3640301.0,0.0,11546.0,-3628755.0,0.0,-3640301.0,0.0,-194404.0,-3824703.0,0.0,0.0,-3824703.0,0.0,-0.03,-0.03,114801562.0,114801562.0,https://www.sedar.com/ModifyCompanyDocumentSearchForm.do?lang=EN&company_search=EXCELSIOR MINING CORP&document_selection=0&industry_group=A&FromDate=13&FromMonth=05&FromYear=2000&ToDate=13&ToMonth=11&ToYear=2020&Variable=Issuer,https://www.sedar.com/ModifyCompanyDocumentSearchForm.do?lang=EN&company_search=EXCELSIOR MINING CORP&document_selection=0&industry_group=A&FromDate=13&FromMonth=05&FromYear=2000&ToDate=13&ToMonth=11&ToYear=2020&Variable=Issuer,1620595018,17:16:58,20210509
24,2014-12-31,MIN.TO,USD,2014-12-31,2014-12-31,Q4,0.0,142212.5993,-142212.5993,0.0,0.0,654462.21626,0.0,0.0,4825053.545429,4967266.14473,0.0,14202.510317,-4953063.634413,0.0,-4967266.14473,0.0,138377.432199,-4818356.1309,0.0,0.0,-4818356.1309,0.0,-0.02010747603424849,-0.02010747603424849,239630082.0,239630082.0,https://www.sedar.com/ModifyCompanyDocumentSearchForm.do?lang=EN&company_search=EXCELSIOR MINING CORP&document_selection=0&industry_group=A&FromDate=13&FromMonth=05&FromYear=2000&ToDate=13&ToMonth=11&ToYear=2020&Variable=Issuer,https://www.sedar.com/ModifyCompanyDocumentSearchForm.do?lang=EN&company_search=EXCELSIOR MINING CORP&document_selection=0&industry_group=A&FromDate=13&FromMonth=05&FromYear=2000&ToDate=13&ToMonth=11&ToYear=2020&Variable=Issuer,1620595018,17:16:58,20210509
25,2014-09-30,MIN.TO,USD,2014-09-30,2014-09-30,Q3,0.0,127027.898726,-127027.898726,0.0,0.0,959207.296314,0.0,2687738.536795,1917160.314645,2044188.213371,0.0,7903.743124,-2036284.470247,0.0,-2044188.213371,0.0,2871933.738286,827810.03064,0.0,0.0,827810.03064,0.0,0.008959,0.008959,87599079.0,87599079.0,https://www.sedar.com/ModifyCompanyDocumentSearchForm.do?lang=EN&company_search=EXCELSIOR MINING CORP&document_selection=0&industry_group=A&FromDate=13&FromMonth=05&FromYear=2000&ToDate=13&ToMonth=11&ToYear=2020&Variable=Issuer,https://www.sedar.com/ModifyCompanyDocumentSearchForm.do?lang=EN&company_search=EXCELSIOR MINING CORP&document_selection=0&industry_group=A&FromDate=13&FromMonth=05&FromYear=2000&ToDate=13&ToMonth=11&ToYear=2020&Variable=Issuer,1620595018,17:16:58,20210509
26,2014-06-30,MIN.TO,USD,2014-06-30,2014-06-30,Q2,0.0,104215.992277,-104215.992277,0.0,0.0,420139.84572,0.0,0.0,619396.563844,723612.556121,0.0,9773.266222,-713839.289899,0.0,-723612.556121,0.0,-4005.098932,-727231.485908,0.0,0.0,-727231.485908,0.0,-0.009373,-0.009373,62178805.0,62178805.0,https://www.sedar.com/ModifyCompanyDocumentSearchForm.do?lang=EN&company_search=EXCELSIOR MINING CORP&document_selection=0&industry_group=A&FromDate=13&FromMonth=05&FromYear=2000&ToDate=13&ToMonth=11&ToYear=2020&Variable=Issuer,https://www.sedar.com/ModifyCompanyDocumentSearchForm.do?lang=EN&company_search=EXCELSIOR MINING CORP&document_selection=0&industry_group=A&FromDate=13&FromMonth=05&FromYear=2000&ToDate=13&ToMonth=11&ToYear=2020&Variable=Issuer,1620595018,17:16:58,20210509
27,2014-03-31,MIN.TO,USD,2014-03-31,2014-03-31,Q1,0.0,135707.177622,-135707.177622,0.0,0.0,403833.975646,0.0,0.0,658793.356131,794500.533753,0.0,10720.295283,-783780.23847,0.0,-794500.533753,0.0,-20312.471729,-811947.92741,0.0,0.0,-811947.92741,0.0,-0.009047,-0.009047,60867123.0,60867123.0,https://www.sedar.com/ModifyCompanyDocumentSearchForm.do?lang=EN&company_search=EXCELSIOR MINING CORP&document_selection=0&industry_group=A&FromDate=13&FromMonth=05&FromYear=2000&ToDate=13&ToMonth=11&ToYear=2020&Variable=Issuer,https://www.sedar.com/ModifyCompanyDocumentSearchForm.do?lang=EN&company_search=EXCELSIOR MINING CORP&document_selection=0&industry_group=A&FromDate=13&FromMonth=05&FromYear=2000&ToDate=13&ToMonth=11&ToYear=2020&Variable=Issuer,1620595018,17:16:58,20210509
28,2013-12-31,MIN.TO,USD,2013-12-31,2013-12-31,Q4,0.0,88844.061672,-88844.061672,0.0,0.0,356004.940698,0.0,0.0,977864.23227,1066708.293943,0.0,7398.040796,-1059310.253147,0.0,-1066708.293943,0.0,1405219.141458,342392.328016,0.0,0.0,342392.328016,0.0,0.0014288370022591738,0.0014288370022591738,239630082.0,239630082.0,https://www.sedar.com/ModifyCompanyDocumentSearchForm.do?lang=EN&company_search=EXCELSIOR MINING CORP&document_selection=0&industry_group=A&FromDate=13&FromMonth=05&FromYear=2000&ToDate=13&ToMonth=11&ToYear=2020&Variable=Issuer,https://www.sedar.com/ModifyCompanyDocumentSearchForm.do?lang=EN&company_search=EXCELSIOR MINING CORP&document_selection=0&industry_group=A&FromDate=13&FromMonth=05&FromYear=2000&ToDate=13&ToMonth=11&ToYear=2020&Variable=Issuer,1620595018,17:16:58,20210509
29,2013-09-30,MIN.TO,USD,2013-09-30,2013-09-30,Q3,0.0,123656.914636,-123656.914636,0.0,0.0,358486.981136,0.0,0.0,693997.557145,817654.471781,0.0,9451.520968,-808202.950813,0.0,-817654.471781,0.0,-5671.881967,-821815.079781,0.0,0.0,-821815.079781,0.0,-0.019388,-0.019388,57086136.0,57086136.0,https://www.sedar.com/ModifyCompanyDocumentSearchForm.do?lang=EN&company_search=EXCELSIOR MINING CORP&document_selection=0&industry_group=A&FromDate=13&FromMonth=05&FromYear=2000&ToDate=13&ToMonth=11&ToYear=2020&Variable=Issuer,https://www.sedar.com/ModifyCompanyDocumentSearchForm.do?lang=EN&company_search=EXCELSIOR MINING CORP&document_selection=0&industry_group=A&FromDate=13&FromMonth=05&FromYear=2000&ToDate=13&ToMonth=11&ToYear=2020&Variable=Issuer,1620595018,17:16:58,20210509
30,2013-06-30,MIN.TO,USD,2013-06-30,2013-06-30,Q2,0.0,131084.625912,-131084.625912,0.0,0.0,352946.319951,0.0,0.0,494872.452859,625957.078771,0.0,10388.153893,-615568.924878,0.0,-625957.078771,0.0,127664.043491,-496187.842153,0.0,0.0,-496187.842153,0.0,-0.009504,-0.009504,59882055.0,59882055.0,https://www.sedar.com/ModifyCompanyDocumentSearchForm.do?lang=EN&company_search=EXCELSIOR MINING CORP&document_selection=0&industry_group=A&FromDate=13&FromMonth=05&FromYear=2000&ToDate=13&ToMonth=11&ToYear=2020&Variable=Issuer,https://www.sedar.com/ModifyCompanyDocumentSearchForm.do?lang=EN&company_search=EXCELSIOR MINING CORP&document_selection=0&industry_group=A&FromDate=13&FromMonth=05&FromYear=2000&ToDate=13&ToMonth=11&ToYear=2020&Variable=Issuer,1620595018,17:16:58,20210509
31,2013-03-31,MIN.TO,USD,2013-03-31,2013-03-31,Q1,0.0,137552.705293,-137552.705293,0.0,0.0,416902.059069,0.0,0.0,625232.689567,762785.39486,0.0,13057.152686,-749728.242174,0.0,-762785.39486,0.0,-477.66475,-756643.569709,0.0,0.0,-756643.569709,0.0,-0.009828,-0.009828,59882055.0,59882055.0,https://www.sedar.com/ModifyCompanyDocumentSearchForm.do?lang=EN&company_search=EXCELSIOR MINING CORP&document_selection=0&industry_group=A&FromDate=13&FromMonth=05&FromYear=2000&ToDate=13&ToMonth=11&ToYear=2020&Variable=Issuer,https://www.sedar.com/ModifyCompanyDocumentSearchForm.do?lang=EN&company_search=EXCELSIOR MINING CORP&document_selection=0&industry_group=A&FromDate=13&FromMonth=05&FromYear=2000&ToDate=13&ToMonth=11&ToYear=2020&Variable=Issuer,1620595018,17:16:58,20210509
32,2012-12-31,MIN.TO,USD,2012-12-31,2012-12-31,Q4,0.0,684603.399576,-684603.399576,0.0,0.0,-137143.310397,0.0,0.0,271703.36306,956306.762635,0.0,10687.409181,-945619.3534540001,0.0,-956306.762635,0.0,-6859.285416,-957626.658624,0.0,0.0,-957626.658624,0.0,-0.003996270629427903,-0.003996270629427903,239630082.0,239630082.0,https://www.sedar.com/ModifyCompanyDocumentSearchForm.do?lang=EN&company_search=EXCELSIOR MINING CORP&document_selection=0&industry_group=A&FromDate=13&FromMonth=05&FromYear=2000&ToDate=13&ToMonth=11&ToYear=2020&Variable=Issuer,https://www.sedar.com/ModifyCompanyDocumentSearchForm.do?lang=EN&company_search=EXCELSIOR MINING CORP&document_selection=0&industry_group=A&FromDate=13&FromMonth=05&FromYear=2000&ToDate=13&ToMonth=11&ToYear=2020&Variable=Issuer,1620595018,17:16:58,20210509
33,2012-09-30,MIN.TO,USD,2012-09-30,2012-09-30,Q3,0.0,0.0,0.0,0.0,0.0,672961.137922,0.0,0.0,998993.141986,998993.141986,0.0,12898.145796,-986094.99619,0.0,-998993.141986,0.0,1875.539751,-988778.257557,0.0,0.0,-988778.257557,0.0,0.02032,0.02032,59882055.0,59882055.0,https://www.sedar.com/ModifyCompanyDocumentSearchForm.do?lang=EN&company_search=EXCELSIOR MINING CORP&document_selection=0&industry_group=A&FromDate=13&FromMonth=05&FromYear=2000&ToDate=13&ToMonth=11&ToYear=2020&Variable=Issuer,https://www.sedar.com/ModifyCompanyDocumentSearchForm.do?lang=EN&company_search=EXCELSIOR MINING CORP&document_selection=0&industry_group=A&FromDate=13&FromMonth=05&FromYear=2000&ToDate=13&ToMonth=11&ToYear=2020&Variable=Issuer,1620595018,17:16:58,20210509
34,2012-06-30,MIN.TO,USD,2012-06-30,2012-06-30,Q2,0.0,0.0,0.0,0.0,0.0,2182720.479795,0.0,0.0,2209763.051814,2209763.051814,0.0,27042.572018,-2182720.4797960003,0.0,-2209763.051814,0.0,93782.322289,-2105601.219152,0.0,0.0,-2105601.219152,0.0,-0.039327,-0.039327,56610259.0,56610259.0,https://www.sedar.com/ModifyCompanyDocumentSearchForm.do?lang=EN&company_search=EXCELSIOR MINING CORP&document_selection=0&industry_group=A&FromDate=13&FromMonth=05&FromYear=2000&ToDate=13&ToMonth=11&ToYear=2020&Variable=Issuer,https://www.sedar.com/ModifyCompanyDocumentSearchForm.do?lang=EN&company_search=EXCELSIOR MINING CORP&document_selection=0&industry_group=A&FromDate=13&FromMonth=05&FromYear=2000&ToDate=13&ToMonth=11&ToYear=2020&Variable=Issuer,1620595018,17:16:58,20210509
35,2012-03-31,MIN.TO,USD,2012-03-31,2012-03-31,Q1,0.0,0.0,0.0,0.0,0.0,1437993.003979,0.0,343193.914063,1443654.969881,1443654.969881,0.0,5661.965902,-1437993.003979,0.0,-1443654.969881,0.0,343193.914063,0.0,0.0,0.0,-1088009.541851,0.0,-0.020046,-0.020046,56359843.0,56359843.0,https://www.sedar.com/ModifyCompanyDocumentSearchForm.do?lang=EN&company_search=EXCELSIOR MINING CORP&document_selection=0&industry_group=A&FromDate=13&FromMonth=05&FromYear=2000&ToDate=13&ToMonth=11&ToYear=2020&Variable=Issuer,https://www.sedar.com/ModifyCompanyDocumentSearchForm.do?lang=EN&company_search=EXCELSIOR MINING CORP&document_selection=0&industry_group=A&FromDate=13&FromMonth=05&FromYear=2000&ToDate=13&ToMonth=11&ToYear=2020&Variable=Issuer,1620595018,17:16:58,20210509
36,2011-12-31,MIN.TO,USD,2011-12-31,2011-12-31,Q4,0.0,0.0,0.0,0.0,0.0,1088846.891108,0.0,414118.700033,1097296.536726,1097296.536726,0.0,8449.645618,-1088846.891108,0.0,-1097296.536726,0.0,414118.700033,0.0,0.0,0.0,-642935.613087,0.0,-0.002683033814957339,-0.002683033814957339,239630082.0,239630082.0,https://www.sedar.com/ModifyCompanyDocumentSearchForm.do?lang=EN&company_search=EXCELSIOR MINING CORP&document_selection=0&industry_group=A&FromDate=13&FromMonth=05&FromYear=2000&ToDate=13&ToMonth=11&ToYear=2020&Variable=Issuer,https://www.sedar.com/ModifyCompanyDocumentSearchForm.do?lang=EN&company_search=EXCELSIOR MINING CORP&document_selection=0&industry_group=A&FromDate=13&FromMonth=05&FromYear=2000&ToDate=13&ToMonth=11&ToYear=2020&Variable=Issuer,1620595018,17:16:58,20210509
37,2011-09-30,MIN.TO,USD,2011-09-30,2011-09-30,Q3,0.0,0.0,0.0,0.0,0.0,1194749.927725,0.0,9727.281488,1197639.973017,1197639.973017,0.0,2890.045292,-1194749.9277249998,0.0,-1197639.973017,0.0,9727.281488,0.0,0.0,0.0,-1187377.854871,0.0,-0.019273,-0.019273,55379674.0,55379674.0,https://www.sedar.com/ModifyCompanyDocumentSearchForm.do?lang=EN&company_search=EXCELSIOR MINING CORP&document_selection=0&industry_group=A&FromDate=13&FromMonth=05&FromYear=2000&ToDate=13&ToMonth=11&ToYear=2020&Variable=Issuer,https://www.sedar.com/ModifyCompanyDocumentSearchForm.do?lang=EN&company_search=EXCELSIOR MINING CORP&document_selection=0&industry_group=A&FromDate=13&FromMonth=05&FromYear=2000&ToDate=13&ToMonth=11&ToYear=2020&Variable=Issuer,1620595018,17:16:58,20210509
38,2011-06-30,MIN.TO,USD,2011-06-30,2011-06-30,Q2,0.0,0.0,0.0,0.0,0.0,2149973.154917,0.0,1360.839219,2154344.773469,2154344.773469,0.0,4378.932889,-2149965.84058,0.0,-2154344.773469,0.0,1360.839219,0.0,0.0,0.0,-2149182.257465,0.0,-0.0413,-0.0413,55364299.0,55364299.0,https://www.sedar.com/ModifyCompanyDocumentSearchForm.do?lang=EN&company_search=EXCELSIOR MINING CORP&document_selection=0&industry_group=A&FromDate=13&FromMonth=05&FromYear=2000&ToDate=13&ToMonth=11&ToYear=2020&Variable=Issuer,https://www.sedar.com/ModifyCompanyDocumentSearchForm.do?lang=EN&company_search=EXCELSIOR MINING CORP&document_selection=0&industry_group=A&FromDate=13&FromMonth=05&FromYear=2000&ToDate=13&ToMonth=11&ToYear=2020&Variable=Issuer,1620595018,17:16:58,20210509
39,2011-03-31,MIN.TO,USD,2011-03-31,2011-03-31,Q1,0.0,0.0,0.0,0.0,0.0,2356301.509399,0.0,-8468.891152,2358391.209063,2358391.209063,2613.410707,2089.699664,-2356301.509399,0.0,-2358391.209063,0.0,-8468.891152,0.0,0.0,0.0,-2369473.510922,0.0,-0.051445,-0.051445,47169593.0,47169593.0,https://www.sedar.com/ModifyCompanyDocumentSearchForm.do?lang=EN&company_search=EXCELSIOR MINING CORP&document_selection=0&industry_group=A&FromDate=13&FromMonth=05&FromYear=2000&ToDate=13&ToMonth=11&ToYear=2020&Variable=Issuer,https://www.sedar.com/ModifyCompanyDocumentSearchForm.do?lang=EN&company_search=EXCELSIOR MINING CORP&document_selection=0&industry_group=A&FromDate=13&FromMonth=05&FromYear=2000&ToDate=13&ToMonth=11&ToYear=2020&Variable=Issuer,1620595018,17:16:58,20210509
40,2010-12-31,MIN.TO,USD,2010-12-31,2010-12-31,Q4,0.0,0.0,0.0,0.0,0.0,821454.765067,0.0,0.0,822198.159285,822198.159285,0.0,743.394218,-821454.765067,0.0,-822198.159285,0.0,-215062.365056,0.0,0.0,0.0,-1096365.517474,0.0,-0.004575241590385969,-0.004575241590385969,239630082.0,239630082.0,https://www.sedar.com/ModifyCompanyDocumentSearchForm.do?lang=EN&company_search=EXCELSIOR MINING CORP&document_selection=0&industry_group=A&FromDate=13&FromMonth=05&FromYear=2000&ToDate=13&ToMonth=11&ToYear=2020&Variable=Issuer,https://www.sedar.com/ModifyCompanyDocumentSearchForm.do?lang=EN&company_search=EXCELSIOR MINING CORP&document_selection=0&industry_group=A&FromDate=13&FromMonth=05&FromYear=2000&ToDate=13&ToMonth=11&ToYear=2020&Variable=Issuer,1620595018,17:16:58,20210509
41,2010-09-30,MIN.TO,USD,2010-09-30,2010-09-30,Q3,0.0,0.0,0.0,0.0,0.0,175482.651677,0.0,0.0,175614.460167,175614.460167,0.0,146.07891,-175468.381257,0.0,-175614.460167,0.0,196.743555,0.0,0.0,0.0,-175811.203722,0.0,-0.029075,-0.029075,5872161.0,5872161.0,https://www.sedar.com/ModifyCompanyDocumentSearchForm.do?lang=EN&company_search=EXCELSIOR MINING CORP&document_selection=0&industry_group=A&FromDate=13&FromMonth=05&FromYear=2000&ToDate=13&ToMonth=11&ToYear=2020&Variable=Issuer,https://www.sedar.com/ModifyCompanyDocumentSearchForm.do?lang=EN&company_search=EXCELSIOR MINING CORP&document_selection=0&industry_group=A&FromDate=13&FromMonth=05&FromYear=2000&ToDate=13&ToMonth=11&ToYear=2020&Variable=Issuer,1620595018,17:16:58,20210509
42,2010-06-30,MIN.TO,USD,2010-06-30,2010-06-30,Q2,0.0,0.0,0.0,0.0,0.0,111118.489707,0.0,0.0,111778.768618,111778.768618,0.0,660.278911,-111118.489707,0.0,-111778.768618,0.0,0.0,0.0,0.0,0.0,-111778.768618,0.0,-0.02846,-0.02846,4812475.0,4812475.0,https://www.sedar.com/ModifyCompanyDocumentSearchForm.do?lang=EN&company_search=EXCELSIOR MINING CORP&document_selection=0&industry_group=A&FromDate=13&FromMonth=05&FromYear=2000&ToDate=13&ToMonth=11&ToYear=2020&Variable=Issuer,https://www.sedar.com/ModifyCompanyDocumentSearchForm.do?lang=EN&company_search=EXCELSIOR MINING CORP&document_selection=0&industry_group=A&FromDate=13&FromMonth=05&FromYear=2000&ToDate=13&ToMonth=11&ToYear=2020&Variable=Issuer,1620595018,17:16:58,20210509
43,2010-03-31,MIN.TO,USD,2010-03-31,2010-03-31,Q1,0.0,0.0,0.0,0.0,0.0,33273.494212,0.0,0.0,33273.494212,33273.494212,0.0,0.0,-33273.494212,0.0,-33273.494212,0.0,0.0,0.0,0.0,0.0,-33273.494212,0.0,-0.011153139013116216,-0.011153139013116216,2983330.0,2983330.0,https://www.sedar.com/ModifyCompanyDocumentSearchForm.do?lang=EN&company_search=EXCELSIOR MINING CORP&document_selection=0&industry_group=A&FromDate=13&FromMonth=05&FromYear=2000&ToDate=13&ToMonth=11&ToYear=2020&Variable=Issuer,https://www.sedar.com/ModifyCompanyDocumentSearchForm.do?lang=EN&company_search=EXCELSIOR MINING CORP&document_selection=0&industry_group=A&FromDate=13&FromMonth=05&FromYear=2000&ToDate=13&ToMonth=11&ToYear=2020&Variable=Issuer,1620595018,17:16:58,20210509
44,2009-12-31,MIN.TO,USD,2009-12-31,2009-12-31,Q4,0.0,0.0,0.0,0.0,0.0,36372.587226,0.0,0.0,35271.455221,35271.455221,0.0,0.0,-35271.455221,0.0,-35271.455221,0.0,0.0,0.0,0.0,0.0,-35191.233656,0.0,-0.0001468564938186684,-0.0001468564938186684,239630082.0,239630082.0,https://www.sedar.com/ModifyCompanyDocumentSearchForm.do?lang=EN&company_search=EXCELSIOR MINING CORP&document_selection=0&industry_group=A&FromDate=13&FromMonth=05&FromYear=2000&ToDate=13&ToMonth=11&ToYear=2020&Variable=Issuer,https://www.sedar.com/ModifyCompanyDocumentSearchForm.do?lang=EN&company_search=EXCELSIOR MINING CORP&document_selection=0&industry_group=A&FromDate=13&FromMonth=05&FromYear=2000&ToDate=13&ToMonth=11&ToYear=2020&Variable=Issuer,1620595018,17:16:58,20210509
45,2009-09-30,MIN.TO,USD,2009-09-30,2009-09-30,Q3,0.0,0.0,0.0,0.0,0.0,23439.985031,0.0,0.0,24541.117036,24541.117036,0.0,0.0,-24541.117036,0.0,-24541.117036,0.0,0.0,0.0,0.0,0.0,-24541.117036,0.0,-0.008366299405794779,-0.008366299405794779,2933330.0,2933330.0,https://www.sedar.com/ModifyCompanyDocumentSearchForm.do?lang=EN&company_search=EXCELSIOR MINING CORP&document_selection=0&industry_group=A&FromDate=13&FromMonth=05&FromYear=2000&ToDate=13&ToMonth=11&ToYear=2020&Variable=Issuer,https://www.sedar.com/ModifyCompanyDocumentSearchForm.do?lang=EN&company_search=EXCELSIOR MINING CORP&document_selection=0&industry_group=A&FromDate=13&FromMonth=05&FromYear=2000&ToDate=13&ToMonth=11&ToYear=2020&Variable=Issuer,1620595018,17:16:58,20210509
46,2009-06-30,MIN.TO,USD,2009-06-30,2009-06-30,Q2,0.0,0.0,0.0,0.0,0.0,25811.619794,0.0,0.0,25811.619794,25811.619794,0.0,0.0,-25811.619794,0.0,-25811.619794,0.0,0.0,0.0,0.0,0.0,-25811.619794,0.0,-0.008799425838211179,-0.008799425838211179,2933330.0,2933330.0,https://www.sedar.com/ModifyCompanyDocumentSearchForm.do?lang=EN&company_search=EXCELSIOR MINING CORP&document_selection=0&industry_group=A&FromDate=13&FromMonth=05&FromYear=2000&ToDate=13&ToMonth=11&ToYear=2020&Variable=Issuer,https://www.sedar.com/ModifyCompanyDocumentSearchForm.do?lang=EN&company_search=EXCELSIOR MINING CORP&document_selection=0&industry_group=A&FromDate=13&FromMonth=05&FromYear=2000&ToDate=13&ToMonth=11&ToYear=2020&Variable=Issuer,1620595018,17:16:58,20210509
47,2009-03-31,MIN.TO,USD,2009-03-31,2009-03-31,Q1,0.0,0.0,0.0,0.0,0.0,22854.993268,0.0,0.0,22854.993268,22854.993268,0.0,0.0,-22854.993268,0.0,-22854.993268,0.0,0.0,0.0,0.0,0.0,-22854.993268,0.0,-0.007791483831686171,-0.007791483831686171,2933330.0,2933330.0,https://www.sedar.com/ModifyCompanyDocumentSearchForm.do?lang=EN&company_search=EXCELSIOR MINING CORP&document_selection=0&industry_group=A&FromDate=13&FromMonth=05&FromYear=2000&ToDate=13&ToMonth=11&ToYear=2020&Variable=Issuer,https://www.sedar.com/ModifyCompanyDocumentSearchForm.do?lang=EN&company_search=EXCELSIOR MINING CORP&document_selection=0&industry_group=A&FromDate=13&FromMonth=05&FromYear=2000&ToDate=13&ToMonth=11&ToYear=2020&Variable=Issuer,1620595018,17:16:58,20210509
48,2008-12-31,MIN.TO,USD,2008-12-31,2008-12-31,Q4,0.0,0.0,0.0,0.0,0.0,0.0,0.0,0.0,66313.597236,66313.597236,0.0,0.0,-66313.597236,0.0,-66313.597236,0.0,0.0,0.0,0.0,0.0,-66043.201351,0.0,-0.00027560480220091896,-0.00027560480220091896,239630082.0,239630082.0,https://www.sedar.com/ModifyCompanyDocumentSearchForm.do?lang=EN&company_search=EXCELSIOR MINING CORP&document_selection=0&industry_group=A&FromDate=13&FromMonth=05&FromYear=2000&ToDate=13&ToMonth=11&ToYear=2020&Variable=Issuer,https://www.sedar.com/ModifyCompanyDocumentSearchForm.do?lang=EN&company_search=EXCELSIOR MINING CORP&document_selection=0&industry_group=A&FromDate=13&FromMonth=05&FromYear=2000&ToDate=13&ToMonth=11&ToYear=2020&Variable=Issuer,1620595018,17:16:58,20210509
49,2008-09-30,MIN.TO,USD,2008-09-30,2008-09-30,Q3,0.0,0.0,0.0,0.0,0.0,0.0,0.0,0.0,0.0,-624.579259,39.675043,0.0,624.579259,0.0,624.579259,0.0,0.0,0.0,0.0,0.0,1621.953524,0.0,0.0005529393297037837,0.0005529393297037837,2933330.0,2933330.0,https://www.sedar.com/ModifyCompanyDocumentSearchForm.do?lang=EN&company_search=EXCELSIOR MINING CORP&document_selection=0&industry_group=A&FromDate=13&FromMonth=05&FromYear=2000&ToDate=13&ToMonth=11&ToYear=2020&Variable=Issuer,https://www.sedar.com/ModifyCompanyDocumentSearchForm.do?lang=EN&company_search=EXCELSIOR MINING CORP&document_selection=0&industry_group=A&FromDate=13&FromMonth=05&FromYear=2000&ToDate=13&ToMonth=11&ToYear=2020&Variable=Issuer,1620595018,17:16:58,20210509
50,2008-06-30,MIN.TO,USD,2008-06-30,2008-06-30,Q2,0.0,0.0,0.0,0.0,0.0,0.0,0.0,0.0,25.545294,25.545294,47.160542,0.0,-25.545294,0.0,-25.545294,0.0,0.0,0.0,0.0,0.0,1811.750835,0.0,0.0006176430319807182,0.0006176430319807182,2933330.0,2933330.0,https://www.sedar.com/ModifyCompanyDocumentSearchForm.do?lang=EN&company_search=EXCELSIOR MINING CORP&document_selection=0&industry_group=A&FromDate=13&FromMonth=05&FromYear=2000&ToDate=13&ToMonth=11&ToYear=2020&Variable=Issuer,https://www.sedar.com/ModifyCompanyDocumentSearchForm.do?lang=EN&company_search=EXCELSIOR MINING CORP&document_selection=0&industry_group=A&FromDate=13&FromMonth=05&FromYear=2000&ToDate=13&ToMonth=11&ToYear=2020&Variable=Issuer,1620595018,17:16:58,20210509
51,2008-03-31,MIN.TO,USD,2008-03-31,2008-03-31,Q1,0.0,0.0,0.0,0.0,0.0,0.0,0.0,0.0,15925.386185,15925.386185,271.058001,0.0,-15925.386185,0.0,-15925.386185,0.0,0.0,0.0,0.0,0.0,-14604.099874,0.0,-0.008156555121157861,-0.008156555121157861,1790474.0,1790474.0,https://www.sedar.com/ModifyCompanyDocumentSearchForm.do?lang=EN&company_search=EXCELSIOR MINING CORP&document_selection=0&industry_group=A&FromDate=13&FromMonth=05&FromYear=2000&ToDate=13&ToMonth=11&ToYear=2020&Variable=Issuer,https://www.sedar.com/ModifyCompanyDocumentSearchForm.do?lang=EN&company_search=EXCELSIOR MINING CORP&document_selection=0&industry_group=A&FromDate=13&FromMonth=05&FromYear=2000&ToDate=13&ToMonth=11&ToYear=2020&Variable=Issuer,1620595018,17:16:58,20210509
52,2007-12-31,MIN.TO,USD,2007-12-31,2007-12-31,Q4,0.0,0.0,0.0,0.0,0.0,0.0,0.0,0.0,8631.436762,8631.436762,74.26428,0.0,-8631.436762,0.0,-8631.436762,0.0,0.0,0.0,0.0,0.0,-7993.356265,0.0,-3.335706518265933e-05,-3.335706518265933e-05,239630082.0,239630082.0,https://www.sedar.com/ModifyCompanyDocumentSearchForm.do?lang=EN&company_search=EXCELSIOR MINING CORP&document_selection=0&industry_group=A&FromDate=13&FromMonth=05&FromYear=2000&ToDate=13&ToMonth=11&ToYear=2020&Variable=Issuer,https://www.sedar.com/ModifyCompanyDocumentSearchForm.do?lang=EN&company_search=EXCELSIOR MINING CORP&document_selection=0&industry_group=A&FromDate=13&FromMonth=05&FromYear=2000&ToDate=13&ToMonth=11&ToYear=2020&Variable=Issuer,1620595018,17:16:58,20210509
53,2007-09-30,MIN.TO,USD,2007-09-30,2007-09-30,Q3,0.0,0.0,0.0,0.0,0.0,0.0,0.0,0.0,61.442385,61.442385,73.529412,0.0,-61.442385,0.0,-61.442385,0.0,0.0,0.0,0.0,0.0,564.061241,0.0,0.000931,0.000931,605959.0,605959.0,https://www.sedar.com/ModifyCompanyDocumentSearchForm.do?lang=EN&company_search=EXCELSIOR MINING CORP&document_selection=0&industry_group=A&FromDate=13&FromMonth=05&FromYear=2000&ToDate=13&ToMonth=11&ToYear=2020&Variable=Issuer,https://www.sedar.com/ModifyCompanyDocumentSearchForm.do?lang=EN&company_search=EXCELSIOR MINING CORP&document_selection=0&industry_group=A&FromDate=13&FromMonth=05&FromYear=2000&ToDate=13&ToMonth=11&ToYear=2020&Variable=Issuer,1620595018,17:16:58,20210509
54,2007-06-30,MIN.TO,USD,2007-06-30,2007-06-30,Q2,0.0,0.0,0.0,0.0,0.0,13731.329263,0.0,0.0,13731.329263,13731.329263,0.0,0.0,-13731.329263,0.0,-13731.329263,0.0,0.0,0.0,0.0,0.0,-13503.992485,0.0,-0.014805596927705363,-0.014805596927705363,912087.0,912087.0,https://www.sedar.com/ModifyCompanyDocumentSearchForm.do?lang=EN&company_search=EXCELSIOR MINING CORP&document_selection=0&industry_group=A&FromDate=13&FromMonth=05&FromYear=2000&ToDate=13&ToMonth=11&ToYear=2020&Variable=Issuer,https://www.sedar.com/ModifyCompanyDocumentSearchForm.do?lang=EN&company_search=EXCELSIOR MINING CORP&document_selection=0&industry_group=A&FromDate=13&FromMonth=05&FromYear=2000&ToDate=13&ToMonth=11&ToYear=2020&Variable=Issuer,1620595018,17:16:58,20210509
55,2007-03-31,MIN.TO,USD,2007-03-31,2007-03-31,Q1,0.0,0.0,0.0,0.0,0.0,0.0,0.0,0.0,39.008322,39.008322,0.0,0.0,-39.008322,0.0,-39.008322,0.0,0.0,0.0,0.0,0.0,-11.269071,0.0,-2.7786788475052706e-05,-2.7786788475052706e-05,405555.0,405555.0,https://www.sedar.com/ModifyCompanyDocumentSearchForm.do?lang=EN&company_search=EXCELSIOR MINING CORP&document_selection=0&industry_group=A&FromDate=13&FromMonth=05&FromYear=2000&ToDate=13&ToMonth=11&ToYear=2020&Variable=Issuer,https://www.sedar.com/ModifyCompanyDocumentSearchForm.do?lang=EN&company_search=EXCELSIOR MINING CORP&document_selection=0&industry_group=A&FromDate=13&FromMonth=05&FromYear=2000&ToDate=13&ToMonth=11&ToYear=2020&Variable=Issuer,1620595018,17:16:58,20210509
