,date,symbol,reportedCurrency,fillingDate,acceptedDate,period,revenue,costOfRevenue,grossProfit,grossProfitRatio,researchAndDevelopmentExpenses,generalAndAdministrativeExpenses,sellingAndMarketingExpenses,otherExpenses,operatingExpenses,costAndExpenses,interestExpense,depreciationAndAmortization,ebitda,ebitdaratio,operatingIncome,operatingIncomeRatio,totalOtherIncomeExpensesNet,incomeBeforeTax,incomeBeforeTaxRatio,incomeTaxExpense,netIncome,netIncomeRatio,eps,epsdiluted,weightedAverageShsOut,weightedAverageShsOutDil,link,finalLink,timestamp,est_time,est_date
0,2019-09-30,0055.HK,HKD,2019-09-30,2019-09-30,Q3,140146311.75,102199530.0,37946781.75,0.2707654684319582,0.0,27493117.0,8706965.0,1873081.25,0.0,138399612.0,1480241.0,7665923.5,9412623.25,0.06716283241752882,1746699.75,0.012463401485126846,0.0,-5344158.0,-0.03813270526543129,1494806.75,-7695620.5,-0.05491133090771474,-0.03035,-0.03035,253639456.0,253639456.0,https://www1.hkexnews.hk/search/titlesearch.xhtml,https://www1.hkexnews.hk/search/titlesearch.xhtml,1620584495,14:21:35,20210509
1,2019-06-30,0055.HK,HKD,2019-06-30,2019-06-30,Q2,140146311.75,102199530.0,37946781.75,0.2707654684319582,0.0,27493117.0,8706965.0,1873081.25,0.0,138399612.0,1480241.0,7665923.5,9412623.25,0.06716283241752882,1746699.75,0.012463401485126846,0.0,-5344158.0,-0.03813270526543129,1494806.75,-7695620.5,-0.05491133090771474,-0.03035,-0.03035,253639456.0,253639456.0,https://www1.hkexnews.hk/search/titlesearch.xhtml,https://www1.hkexnews.hk/search/titlesearch.xhtml,1620584495,14:21:35,20210509
2,2019-03-31,0055.HK,HKD,2019-03-31,2019-03-31,Q1,140146311.75,102199530.0,37946781.75,0.2707654684319582,0.0,27493117.0,8706965.0,1873081.25,0.0,138399612.0,1480241.0,7665923.5,9412623.25,0.06716283241752882,1746699.75,0.012463401485126846,0.0,-5344158.0,-0.03813270526543129,1494806.75,-7695620.5,-0.05491133090771474,-0.03035,-0.03035,253639456.0,253639456.0,https://www1.hkexnews.hk/search/titlesearch.xhtml,https://www1.hkexnews.hk/search/titlesearch.xhtml,1620584495,14:21:35,20210509
3,2019-01-31,0055.HK,HKD,2019-01-31,2019-01-31,Q1,140146311.75,102199530.0,37946781.75,0.2707654684319582,0.0,27493117.0,8706965.0,1873081.25,0.0,138399612.0,1480241.0,7665923.5,9412623.25,0.06716283241752882,1746699.75,0.012463401485126846,0.0,-5344158.0,-0.03813270526543129,1494806.75,-7695620.5,-0.05491133090771474,-0.03035,-0.03035,253639456.0,253639456.0,https://www1.hkexnews.hk/search/titlesearch.xhtml,https://www1.hkexnews.hk/search/titlesearch.xhtml,1620584495,14:21:35,20210509
4,2018-09-30,0055.HK,HKD,2018-09-30,2018-09-30,Q3,148156485.5,114054070.5,34102415.0,0.23017834747436688,0.0,29249802.25,7446132.5,2951041.0,0.0,150750005.25,774594.5,3907463.75,1313944.0,0.008868622899400512,-2593519.75,-0.017505273166053874,0.0,-8805075.25,-0.059430913336561295,751053.5,-9480642.25,-0.06399073397296536,-0.037375,-0.037375,253639456.0,253639456.0,https://www1.hkexnews.hk/search/titlesearch.xhtml,https://www1.hkexnews.hk/search/titlesearch.xhtml,1620584495,14:21:35,20210509
5,2018-06-30,0055.HK,HKD,2018-06-30,2018-06-30,Q2,148156485.5,114054070.5,34102415.0,0.23017834747436688,0.0,29249802.25,7446132.5,2951041.0,0.0,150750005.25,774594.5,3907463.75,1313944.0,0.008868622899400512,-2593519.75,-0.017505273166053874,0.0,-8805075.25,-0.059430913336561295,751053.5,-9480642.25,-0.06399073397296536,-0.037375,-0.037375,253639456.0,253639456.0,https://www1.hkexnews.hk/search/titlesearch.xhtml,https://www1.hkexnews.hk/search/titlesearch.xhtml,1620584495,14:21:35,20210509
6,2018-03-31,0055.HK,HKD,2018-03-31,2018-03-31,Q1,148156485.5,114054070.5,34102415.0,0.23017834747436688,0.0,29249802.25,7446132.5,2951041.0,0.0,150750005.25,774594.5,3907463.75,1313944.0,0.008868622899400512,-2593519.75,-0.017505273166053874,0.0,-8805075.25,-0.059430913336561295,751053.5,-9480642.25,-0.06399073397296536,-0.037375,-0.037375,253639456.0,253639456.0,https://www1.hkexnews.hk/search/titlesearch.xhtml,https://www1.hkexnews.hk/search/titlesearch.xhtml,1620584495,14:21:35,20210509
7,2018-01-31,0055.HK,HKD,2018-01-31,2018-01-31,Q1,148156485.5,114054070.5,34102415.0,0.23017834747436688,0.0,29249802.25,7446132.5,2951041.0,0.0,150750005.25,774594.5,3907463.75,1313944.0,0.008868622899400512,-2593519.75,-0.017505273166053874,0.0,-8805075.25,-0.059430913336561295,751053.5,-9480642.25,-0.06399073397296536,-0.037375,-0.037375,253639456.0,253639456.0,https://www1.hkexnews.hk/search/titlesearch.xhtml,https://www1.hkexnews.hk/search/titlesearch.xhtml,1620584495,14:21:35,20210509
8,2017-09-30,0055.HK,HKD,2017-09-30,2017-09-30,Q3,128883410.75,89214798.75,39668612.0,0.3077867955942499,0.0,30774863.5,6510460.0,0.0,0.0,125420561.25,627293.0,2826191.0,6289040.5,0.04879635372312646,3462849.5,0.02686807774444315,0.0,13023116.0,0.10104571196724013,1035641.75,12036401.0,0.09338983915740297,0.04745,0.04745,253639456.0,253639456.0,https://www1.hkexnews.hk/search/titlesearch.xhtml,https://www1.hkexnews.hk/search/titlesearch.xhtml,1620584495,14:21:35,20210509
9,2017-06-30,0055.HK,HKD,2017-06-30,2017-06-30,Q2,128883410.75,89214798.75,39668612.0,0.3077867955942499,0.0,30774863.5,6510460.0,0.0,0.0,125420561.25,627293.0,2826191.0,6289040.5,0.04879635372312646,3462849.5,0.02686807774444315,0.0,13023116.0,0.10104571196724013,1035641.75,12036401.0,0.09338983915740297,0.04745,0.04745,253639456.0,253639456.0,https://www1.hkexnews.hk/search/titlesearch.xhtml,https://www1.hkexnews.hk/search/titlesearch.xhtml,1620584495,14:21:35,20210509
10,2017-03-31,0055.HK,HKD,2017-03-31,2017-03-31,Q1,128883410.75,89214798.75,39668612.0,0.3077867955942499,0.0,30774863.5,6510460.0,0.0,0.0,125420561.25,627293.0,2826191.0,6289040.5,0.04879635372312646,3462849.5,0.02686807774444315,0.0,13023116.0,0.10104571196724013,1035641.75,12036401.0,0.09338983915740297,0.04745,0.04745,253639456.0,253639456.0,https://www1.hkexnews.hk/search/titlesearch.xhtml,https://www1.hkexnews.hk/search/titlesearch.xhtml,1620584495,14:21:35,20210509
11,2017-01-31,0055.HK,HKD,2017-01-31,2017-01-31,Q1,128883410.75,89214798.75,39668612.0,0.3077867955942499,0.0,30774863.5,6510460.0,0.0,0.0,125420561.25,627293.0,2826191.0,6289040.5,0.04879635372312646,3462849.5,0.02686807774444315,0.0,13023116.0,0.10104571196724013,1035641.75,12036401.0,0.09338983915740297,0.04745,0.04745,253639456.0,253639456.0,https://www1.hkexnews.hk/search/titlesearch.xhtml,https://www1.hkexnews.hk/search/titlesearch.xhtml,1620584495,14:21:35,20210509
12,2016-09-30,0055.HK,HKD,2016-09-30,2016-09-30,Q3,140727758.25,96185641.5,44542116.75,0.31651265751616564,0.0,33337779.0,7323682.25,-428883.25,0.0,136339217.0,976973.25,2793641.75,7182183.0,0.05103600802935408,4388541.25,0.03118461705475224,0.0,21681022.25,0.1540635800613274,3180121.75,18551434.5,0.13182498414451935,0.084,0.084,220839784.0,220839784.0,https://www1.hkexnews.hk/search/titlesearch.xhtml,https://www1.hkexnews.hk/search/titlesearch.xhtml,1620584495,14:21:35,20210509
13,2016-06-30,0055.HK,HKD,2016-06-30,2016-06-30,Q2,140727758.25,96185641.5,44542116.75,0.31651265751616564,0.0,33337779.0,7323682.25,-428883.25,0.0,136339217.0,976973.25,2793641.75,7182183.0,0.05103600802935408,4388541.25,0.03118461705475224,0.0,21681022.25,0.1540635800613274,3180121.75,18551434.5,0.13182498414451935,0.084,0.084,220839784.0,220839784.0,https://www1.hkexnews.hk/search/titlesearch.xhtml,https://www1.hkexnews.hk/search/titlesearch.xhtml,1620584495,14:21:35,20210509
14,2016-03-31,0055.HK,HKD,2016-03-31,2016-03-31,Q1,140727758.25,96185641.5,44542116.75,0.31651265751616564,0.0,33337779.0,7323682.25,-428883.25,0.0,136339217.0,976973.25,2793641.75,7182183.0,0.05103600802935408,4388541.25,0.03118461705475224,0.0,21681022.25,0.1540635800613274,3180121.75,18551434.5,0.13182498414451935,0.084,0.084,220839784.0,220839784.0,https://www1.hkexnews.hk/search/titlesearch.xhtml,https://www1.hkexnews.hk/search/titlesearch.xhtml,1620584495,14:21:35,20210509
15,2016-01-31,0055.HK,HKD,2016-01-31,2016-01-31,Q1,140727758.25,96185641.5,44542116.75,0.31651265751616564,0.0,33337779.0,7323682.25,-428883.25,0.0,136339217.0,976973.25,2793641.75,7182183.0,0.05103600802935408,4388541.25,0.03118461705475224,0.0,21681022.25,0.1540635800613274,3180121.75,18551434.5,0.13182498414451935,0.084,0.084,220839784.0,220839784.0,https://www1.hkexnews.hk/search/titlesearch.xhtml,https://www1.hkexnews.hk/search/titlesearch.xhtml,1620584495,14:21:35,20210509
16,2015-09-30,0055.HK,HKD,2015-09-30,2015-09-30,Q3,130313915.25,106944352.25,23369563.0,0.1793328283872585,0.0,29186919.0,7656353.25,0.0,0.0,142194093.0,836751.75,3977143.75,-7903034.0,-0.06064612504994934,-11880177.75,-0.09116584155428482,0.0,-17067214.25,-0.13097000590656416,-181485.5,-16815332.0,-0.1290371175460481,-0.09125,-0.09125,184055910.0,184055910.0,https://www1.hkexnews.hk/search/titlesearch.xhtml,https://www1.hkexnews.hk/search/titlesearch.xhtml,1620584495,14:21:35,20210509
17,2015-06-30,0055.HK,HKD,2015-06-30,2015-06-30,Q2,130313915.25,106944352.25,23369563.0,0.1793328283872585,0.0,29186919.0,7656353.25,0.0,0.0,142194093.0,836751.75,3977143.75,-7903034.0,-0.06064612504994934,-11880177.75,-0.09116584155428482,0.0,-17067214.25,-0.13097000590656416,-181485.5,-16815332.0,-0.1290371175460481,-0.09125,-0.09125,184055910.0,184055910.0,https://www1.hkexnews.hk/search/titlesearch.xhtml,https://www1.hkexnews.hk/search/titlesearch.xhtml,1620584495,14:21:35,20210509
18,2015-03-31,0055.HK,HKD,2015-03-31,2015-03-31,Q1,130313915.25,106944352.25,23369563.0,0.1793328283872585,0.0,29186919.0,7656353.25,0.0,0.0,142194093.0,836751.75,3977143.75,-7903034.0,-0.06064612504994934,-11880177.75,-0.09116584155428482,0.0,-17067214.25,-0.13097000590656416,-181485.5,-16815332.0,-0.1290371175460481,-0.09125,-0.09125,184055910.0,184055910.0,https://www1.hkexnews.hk/search/titlesearch.xhtml,https://www1.hkexnews.hk/search/titlesearch.xhtml,1620584495,14:21:35,20210509
19,2015-01-31,0055.HK,HKD,2015-01-31,2015-01-31,Q1,130313915.25,106944352.25,23369563.0,0.1793328283872585,0.0,29186919.0,7656353.25,0.0,0.0,142194093.0,836751.75,3977143.75,-7903034.0,-0.06064612504994934,-11880177.75,-0.09116584155428482,0.0,-17067214.25,-0.13097000590656416,-181485.5,-16815332.0,-0.1290371175460481,-0.09125,-0.09125,184055910.0,184055910.0,https://www1.hkexnews.hk/search/titlesearch.xhtml,https://www1.hkexnews.hk/search/titlesearch.xhtml,1620584495,14:21:35,20210509
20,2014-09-30,0055.HK,HKD,2014-09-30,2014-09-30,Q3,104878402.75,92820572.0,12057830.75,0.11496962609873461,0.0,19941174.5,5899089.25,0.0,0.0,118277024.25,141722.5,4809739.5,-8588882.0,-0.08189371476674209,-13398621.5,-0.12775386684652765,0.0,-19894367.5,-0.18968984059971297,-183582.0,-19659368.0,-0.18744915525517955,-0.16525,-0.16525,118926510.0,118926510.0,https://www1.hkexnews.hk/search/titlesearch.xhtml,https://www1.hkexnews.hk/search/titlesearch.xhtml,1620584495,14:21:35,20210509
21,2014-06-30,0055.HK,HKD,2014-06-30,2014-06-30,Q2,104878402.75,92820572.0,12057830.75,0.11496962609873461,0.0,19941174.5,5899089.25,0.0,0.0,118277024.25,141722.5,4809739.5,-8588882.0,-0.08189371476674209,-13398621.5,-0.12775386684652765,0.0,-19894367.5,-0.18968984059971297,-183582.0,-19659368.0,-0.18744915525517955,-0.16525,-0.16525,118926510.0,118926510.0,https://www1.hkexnews.hk/search/titlesearch.xhtml,https://www1.hkexnews.hk/search/titlesearch.xhtml,1620584495,14:21:35,20210509
22,2014-03-31,0055.HK,HKD,2014-03-31,2014-03-31,Q1,104878402.75,92820572.0,12057830.75,0.11496962609873461,0.0,19941174.5,5899089.25,0.0,0.0,118277024.25,141722.5,4809739.5,-8588882.0,-0.08189371476674209,-13398621.5,-0.12775386684652765,0.0,-19894367.5,-0.18968984059971297,-183582.0,-19659368.0,-0.18744915525517955,-0.16525,-0.16525,118926510.0,118926510.0,https://www1.hkexnews.hk/search/titlesearch.xhtml,https://www1.hkexnews.hk/search/titlesearch.xhtml,1620584495,14:21:35,20210509
23,2014-01-31,0055.HK,HKD,2014-01-31,2014-01-31,Q1,104878402.75,92820572.0,12057830.75,0.11496962609873461,0.0,19941174.5,5899089.25,0.0,0.0,118277024.25,141722.5,4809739.5,-8588882.0,-0.08189371476674209,-13398621.5,-0.12775386684652765,0.0,-19894367.5,-0.18968984059971297,-183582.0,-19659368.0,-0.18744915525517955,-0.16525,-0.16525,118926510.0,118926510.0,https://www1.hkexnews.hk/search/titlesearch.xhtml,https://www1.hkexnews.hk/search/titlesearch.xhtml,1620584495,14:21:35,20210509
24,2013-09-30,0055.HK,HKD,2013-09-30,2013-09-30,Q3,160937309.0,132766836.25,28170472.75,0.17504003841644947,0.0,22853351.0,8370940.5,0.0,0.0,163785413.0,30400.75,7654074.0,4805970.0,0.02986237330462634,-2848104.0,-0.017696977895908524,0.0,865698.0,0.005379100752827923,452569.25,417825.5,0.002596200362713906,0.005,0.005,101935456.0,101935456.0,https://www1.hkexnews.hk/search/titlesearch.xhtml,https://www1.hkexnews.hk/search/titlesearch.xhtml,1620584495,14:21:35,20210509
25,2013-06-30,0055.HK,HKD,2013-06-30,2013-06-30,Q2,160937309.0,132766836.25,28170472.75,0.17504003841644947,0.0,22853351.0,8370940.5,0.0,0.0,163785413.0,30400.75,7654074.0,4805970.0,0.02986237330462634,-2848104.0,-0.017696977895908524,0.0,865698.0,0.005379100752827923,452569.25,417825.5,0.002596200362713906,0.005,0.005,101935456.0,101935456.0,https://www1.hkexnews.hk/search/titlesearch.xhtml,https://www1.hkexnews.hk/search/titlesearch.xhtml,1620584495,14:21:35,20210509
26,2013-03-31,0055.HK,HKD,2013-03-31,2013-03-31,Q1,160937309.0,132766836.25,28170472.75,0.17504003841644947,0.0,22853351.0,8370940.5,0.0,0.0,163785413.0,30400.75,7654074.0,4805970.0,0.02986237330462634,-2848104.0,-0.017696977895908524,0.0,865698.0,0.005379100752827923,452569.25,417825.5,0.002596200362713906,0.005,0.005,101935456.0,101935456.0,https://www1.hkexnews.hk/search/titlesearch.xhtml,https://www1.hkexnews.hk/search/titlesearch.xhtml,1620584495,14:21:35,20210509
27,2013-01-31,0055.HK,HKD,2013-01-31,2013-01-31,Q1,160937309.0,132766836.25,28170472.75,0.17504003841644947,0.0,22853351.0,8370940.5,0.0,0.0,163785413.0,30400.75,7654074.0,4805970.0,0.02986237330462634,-2848104.0,-0.017696977895908524,0.0,865698.0,0.005379100752827923,452569.25,417825.5,0.002596200362713906,0.005,0.005,101935456.0,101935456.0,https://www1.hkexnews.hk/search/titlesearch.xhtml,https://www1.hkexnews.hk/search/titlesearch.xhtml,1620584495,14:21:35,20210509
28,2012-09-30,0055.HK,HKD,2012-09-30,2012-09-30,Q3,165171657.0,138889079.5,26282577.5,0.15912280579712293,0.0,22826237.5,8353105.5,0.0,0.0,171051286.0,57705.5,8305282.0,2425653.0,0.01468564912441364,-5879629.0,-0.035597081889176665,0.0,-13715425.0,-0.08303740029683179,313259.25,-13984393.75,-0.08466581981435228,-0.1375,-0.1375,101935456.0,101935456.0,https://www1.hkexnews.hk/search/titlesearch.xhtml,https://www1.hkexnews.hk/search/titlesearch.xhtml,1620584495,14:21:35,20210509
29,2012-06-30,0055.HK,HKD,2012-06-30,2012-06-30,Q2,165171657.0,138889079.5,26282577.5,0.15912280579712293,0.0,22826237.5,8353105.5,0.0,0.0,171051286.0,57705.5,8305282.0,2425653.0,0.01468564912441364,-5879629.0,-0.035597081889176665,0.0,-13715425.0,-0.08303740029683179,313259.25,-13984393.75,-0.08466581981435228,-0.1375,-0.1375,101935456.0,101935456.0,https://www1.hkexnews.hk/search/titlesearch.xhtml,https://www1.hkexnews.hk/search/titlesearch.xhtml,1620584495,14:21:35,20210509
30,2012-03-31,0055.HK,HKD,2012-03-31,2012-03-31,Q1,165171657.0,138889079.5,26282577.5,0.15912280579712293,0.0,22826237.5,8353105.5,0.0,0.0,171051286.0,57705.5,8305282.0,2425653.0,0.01468564912441364,-5879629.0,-0.035597081889176665,0.0,-13715425.0,-0.08303740029683179,313259.25,-13984393.75,-0.08466581981435228,-0.1375,-0.1375,101935456.0,101935456.0,https://www1.hkexnews.hk/search/titlesearch.xhtml,https://www1.hkexnews.hk/search/titlesearch.xhtml,1620584495,14:21:35,20210509
31,2012-01-31,0055.HK,HKD,2012-01-31,2012-01-31,Q1,165171657.0,138889079.5,26282577.5,0.15912280579712293,0.0,22826237.5,8353105.5,0.0,0.0,171051286.0,57705.5,8305282.0,2425653.0,0.01468564912441364,-5879629.0,-0.035597081889176665,0.0,-13715425.0,-0.08303740029683179,313259.25,-13984393.75,-0.08466581981435228,-0.1375,-0.1375,101935456.0,101935456.0,https://www1.hkexnews.hk/search/titlesearch.xhtml,https://www1.hkexnews.hk/search/titlesearch.xhtml,1620584495,14:21:35,20210509
32,2011-09-30,0055.HK,HKD,2011-09-30,2011-09-30,Q3,169561546.5,135345760.25,34215786.25,0.20178977460552944,0.0,19314489.25,7486457.5,0.0,0.0,157223694.75,37715.5,8857824.5,21195676.25,0.12500284815460797,12337851.75,0.072763265048423,0.0,13638038.75,0.0804312005375582,1916811.0,11721227.75,0.06912668580785797,0.115,0.115,101935456.0,101935456.0,https://www1.hkexnews.hk/search/titlesearch.xhtml,https://www1.hkexnews.hk/search/titlesearch.xhtml,1620584495,14:21:35,20210509
33,2011-06-30,0055.HK,HKD,2011-06-30,2011-06-30,Q2,169561546.5,135345760.25,34215786.25,0.20178977460552944,0.0,19314489.25,7486457.5,0.0,0.0,157223694.75,37715.5,8857824.5,21195676.25,0.12500284815460797,12337851.75,0.072763265048423,0.0,13638038.75,0.0804312005375582,1916811.0,11721227.75,0.06912668580785797,0.115,0.115,101935456.0,101935456.0,https://www1.hkexnews.hk/search/titlesearch.xhtml,https://www1.hkexnews.hk/search/titlesearch.xhtml,1620584495,14:21:35,20210509
34,2011-03-31,0055.HK,HKD,2011-03-31,2011-03-31,Q1,169561546.5,135345760.25,34215786.25,0.20178977460552944,0.0,19314489.25,7486457.5,0.0,0.0,157223694.75,37715.5,8857824.5,21195676.25,0.12500284815460797,12337851.75,0.072763265048423,0.0,13638038.75,0.0804312005375582,1916811.0,11721227.75,0.06912668580785797,0.115,0.115,101935456.0,101935456.0,https://www1.hkexnews.hk/search/titlesearch.xhtml,https://www1.hkexnews.hk/search/titlesearch.xhtml,1620584495,14:21:35,20210509
35,2011-01-31,0055.HK,HKD,2011-01-31,2011-01-31,Q1,169561546.5,135345760.25,34215786.25,0.20178977460552944,0.0,19314489.25,7486457.5,0.0,0.0,157223694.75,37715.5,8857824.5,21195676.25,0.12500284815460797,12337851.75,0.072763265048423,0.0,13638038.75,0.0804312005375582,1916811.0,11721227.75,0.06912668580785797,0.115,0.115,101935456.0,101935456.0,https://www1.hkexnews.hk/search/titlesearch.xhtml,https://www1.hkexnews.hk/search/titlesearch.xhtml,1620584495,14:21:35,20210509
36,2010-09-30,0055.HK,HKD,2010-09-30,2010-09-30,Q3,142253927.75,110318243.25,31935684.5,0.22449773447468133,0.0,17457312.25,6695520.0,7136257.75,0.0,134444512.5,73685.25,8498960.75,16308376.0,0.1146427115085404,7809415.25,0.05489771265735754,0.0,15791598.75,0.11100993132331982,738347.5,15053251.25,0.10581958254576208,0.1475,0.1475,101935456.0,101935456.0,https://www1.hkexnews.hk/search/titlesearch.xhtml,https://www1.hkexnews.hk/search/titlesearch.xhtml,1620584495,14:21:35,20210509
37,2010-06-30,0055.HK,HKD,2010-06-30,2010-06-30,Q2,142253927.75,110318243.25,31935684.5,0.22449773447468133,0.0,17457312.25,6695520.0,7136257.75,0.0,134444512.5,73685.25,8498960.75,16308376.0,0.1146427115085404,7809415.25,0.05489771265735754,0.0,15791598.75,0.11100993132331982,738347.5,15053251.25,0.10581958254576208,0.1475,0.1475,101935456.0,101935456.0,https://www1.hkexnews.hk/search/titlesearch.xhtml,https://www1.hkexnews.hk/search/titlesearch.xhtml,1620584495,14:21:35,20210509
38,2010-03-31,0055.HK,HKD,2010-03-31,2010-03-31,Q1,142253927.75,110318243.25,31935684.5,0.22449773447468133,0.0,17457312.25,6695520.0,7136257.75,0.0,134444512.5,73685.25,8498960.75,16308376.0,0.1146427115085404,7809415.25,0.05489771265735754,0.0,15791598.75,0.11100993132331982,738347.5,15053251.25,0.10581958254576208,0.1475,0.1475,101935456.0,101935456.0,https://www1.hkexnews.hk/search/titlesearch.xhtml,https://www1.hkexnews.hk/search/titlesearch.xhtml,1620584495,14:21:35,20210509
39,2010-01-31,0055.HK,HKD,2010-01-31,2010-01-31,Q1,142253927.75,110318243.25,31935684.5,0.22449773447468133,0.0,17457312.25,6695520.0,7136257.75,0.0,134444512.5,73685.25,8498960.75,16308376.0,0.1146427115085404,7809415.25,0.05489771265735754,0.0,15791598.75,0.11100993132331982,738347.5,15053251.25,0.10581958254576208,0.1475,0.1475,101935456.0,101935456.0,https://www1.hkexnews.hk/search/titlesearch.xhtml,https://www1.hkexnews.hk/search/titlesearch.xhtml,1620584495,14:21:35,20210509
40,2009-09-30,0055.HK,HKD,2009-09-30,2009-09-30,Q3,172873752.25,141998225.5,30875526.75,0.17860158843171056,0.0,15161965.5,8748386.0,-10375579.75,0.0,165812953.5,2146583.5,8366081.5,15426880.25,0.08923784003768565,7060798.75,0.040843671512313114,0.0,-4003902.25,-0.02316084540242864,479999.25,-4483901.5,-0.025937433772569716,-0.045,-0.045,101935456.0,101935456.0,https://www1.hkexnews.hk/search/titlesearch.xhtml,https://www1.hkexnews.hk/search/titlesearch.xhtml,1620584495,14:21:35,20210509
41,2009-06-30,0055.HK,HKD,2009-06-30,2009-06-30,Q2,172873752.25,141998225.5,30875526.75,0.17860158843171056,0.0,15161965.5,8748386.0,-10375579.75,0.0,165812953.5,2146583.5,8366081.5,15426880.25,0.08923784003768565,7060798.75,0.040843671512313114,0.0,-4003902.25,-0.02316084540242864,479999.25,-4483901.5,-0.025937433772569716,-0.045,-0.045,101935456.0,101935456.0,https://www1.hkexnews.hk/search/titlesearch.xhtml,https://www1.hkexnews.hk/search/titlesearch.xhtml,1620584495,14:21:35,20210509
42,2009-03-31,0055.HK,HKD,2009-03-31,2009-03-31,Q1,172873752.25,141998225.5,30875526.75,0.17860158843171056,0.0,15161965.5,8748386.0,-10375579.75,0.0,165812953.5,2146583.5,8366081.5,15426880.25,0.08923784003768565,7060798.75,0.040843671512313114,0.0,-4003902.25,-0.02316084540242864,479999.25,-4483901.5,-0.025937433772569716,-0.045,-0.045,101935456.0,101935456.0,https://www1.hkexnews.hk/search/titlesearch.xhtml,https://www1.hkexnews.hk/search/titlesearch.xhtml,1620584495,14:21:35,20210509
43,2009-01-31,0055.HK,HKD,2009-01-31,2009-01-31,Q1,172873752.25,141998225.5,30875526.75,0.17860158843171056,0.0,15161965.5,8748386.0,-10375579.75,0.0,165812953.5,2146583.5,8366081.5,15426880.25,0.08923784003768565,7060798.75,0.040843671512313114,0.0,-4003902.25,-0.02316084540242864,479999.25,-4483901.5,-0.025937433772569716,-0.045,-0.045,101935456.0,101935456.0,https://www1.hkexnews.hk/search/titlesearch.xhtml,https://www1.hkexnews.hk/search/titlesearch.xhtml,1620584495,14:21:35,20210509
44,2008-09-30,0055.HK,HKD,2008-09-30,2008-09-30,Q3,182140786.25,150946093.75,31194692.5,0.1712669256691539,0.0,17670418.5,0.0,0.0,0.0,177762797.25,0.0,9162624.0,13540613.0,0.0743414656254675,4377989.0,0.024036291322422024,0.0,10296006.25,0.05652773583544361,541070.75,9754935.5,0.05355711755087474,0.12,0.1175,81924089.0,91463101.0,https://www1.hkexnews.hk/search/titlesearch.xhtml,https://www1.hkexnews.hk/search/titlesearch.xhtml,1620584495,14:21:35,20210509
45,2008-06-30,0055.HK,HKD,2008-06-30,2008-06-30,Q2,182140786.25,150946093.75,31194692.5,0.1712669256691539,0.0,17670418.5,0.0,0.0,0.0,177762797.25,0.0,9162624.0,13540613.0,0.0743414656254675,4377989.0,0.024036291322422024,0.0,10296006.25,0.05652773583544361,541070.75,9754935.5,0.05355711755087474,0.12,0.1175,81924089.0,91463101.0,https://www1.hkexnews.hk/search/titlesearch.xhtml,https://www1.hkexnews.hk/search/titlesearch.xhtml,1620584495,14:21:35,20210509
46,2008-03-31,0055.HK,HKD,2008-03-31,2008-03-31,Q1,182140786.25,150946093.75,31194692.5,0.1712669256691539,0.0,17670418.5,0.0,0.0,0.0,177762797.25,0.0,9162624.0,13540613.0,0.0743414656254675,4377989.0,0.024036291322422024,0.0,10296006.25,0.05652773583544361,541070.75,9754935.5,0.05355711755087474,0.12,0.1175,81924089.0,91463101.0,https://www1.hkexnews.hk/search/titlesearch.xhtml,https://www1.hkexnews.hk/search/titlesearch.xhtml,1620584495,14:21:35,20210509
47,2008-01-31,0055.HK,HKD,2008-01-31,2008-01-31,Q1,182140786.25,150946093.75,31194692.5,0.1712669256691539,0.0,17670418.5,0.0,0.0,0.0,177762797.25,0.0,9162624.0,13540613.0,0.0743414656254675,4377989.0,0.024036291322422024,0.0,10296006.25,0.05652773583544361,541070.75,9754935.5,0.05355711755087474,0.12,0.1175,81924089.0,91463101.0,https://www1.hkexnews.hk/search/titlesearch.xhtml,https://www1.hkexnews.hk/search/titlesearch.xhtml,1620584495,14:21:35,20210509
48,2007-09-30,0055.HK,HKD,2007-09-30,2007-09-30,Q3,169507131.25,135599020.0,33908111.25,0.2000394378687829,0.0,17747576.25,0.0,0.0,0.0,160537881.75,0.0,9467566.0,18436815.5,0.10876719677833613,8969249.5,0.05291370005413858,0.0,10190300.0,0.06011723474318429,1567049.5,8623250.5,0.05087249389691975,2.6,2.6,3316635.0,3316635.0,https://www1.hkexnews.hk/search/titlesearch.xhtml,https://www1.hkexnews.hk/search/titlesearch.xhtml,1620584495,14:21:35,20210509
49,2007-06-30,0055.HK,HKD,2007-06-30,2007-06-30,Q2,169507131.25,135599020.0,33908111.25,0.2000394378687829,0.0,17747576.25,0.0,0.0,0.0,160537881.75,0.0,9467566.0,18436815.5,0.10876719677833613,8969249.5,0.05291370005413858,0.0,10190300.0,0.06011723474318429,1567049.5,8623250.5,0.05087249389691975,2.6,2.6,3316635.0,3316635.0,https://www1.hkexnews.hk/search/titlesearch.xhtml,https://www1.hkexnews.hk/search/titlesearch.xhtml,1620584495,14:21:35,20210509
50,2007-03-31,0055.HK,HKD,2007-03-31,2007-03-31,Q1,169507131.25,135599020.0,33908111.25,0.2000394378687829,0.0,17747576.25,0.0,0.0,0.0,160537881.75,0.0,9467566.0,18436815.5,0.10876719677833613,8969249.5,0.05291370005413858,0.0,10190300.0,0.06011723474318429,1567049.5,8623250.5,0.05087249389691975,2.6,2.6,3316635.0,3316635.0,https://www1.hkexnews.hk/search/titlesearch.xhtml,https://www1.hkexnews.hk/search/titlesearch.xhtml,1620584495,14:21:35,20210509
51,2007-01-31,0055.HK,HKD,2007-01-31,2007-01-31,Q1,169507131.25,135599020.0,33908111.25,0.2000394378687829,0.0,17747576.25,0.0,0.0,0.0,160537881.75,0.0,9467566.0,18436815.5,0.10876719677833613,8969249.5,0.05291370005413858,0.0,10190300.0,0.06011723474318429,1567049.5,8623250.5,0.05087249389691975,2.6,2.6,3316635.0,3316635.0,https://www1.hkexnews.hk/search/titlesearch.xhtml,https://www1.hkexnews.hk/search/titlesearch.xhtml,1620584495,14:21:35,20210509
52,2006-09-30,0055.HK,HKD,2006-09-30,2006-09-30,Q3,165638625.75,129166322.25,36472303.5,0.22019201943300354,0.0,13408276.75,7725825.5,0.0,0.0,149984418.0,191851.75,9340519.0,24994726.75,0.15089914346261715,15654207.75,0.09450819625627085,0.0,15992199.75,0.09654873479895434,1628056.5,14364143.25,0.08671976832070523,4.325,4.325,3322772.0,3322772.0,https://www1.hkexnews.hk/search/titlesearch.xhtml,https://www1.hkexnews.hk/search/titlesearch.xhtml,1620584495,14:21:35,20210509
53,2006-06-30,0055.HK,HKD,2006-06-30,2006-06-30,Q2,165638625.75,129166322.25,36472303.5,0.22019201943300354,0.0,13408276.75,7725825.5,0.0,0.0,149984418.0,191851.75,9340519.0,24994726.75,0.15089914346261715,15654207.75,0.09450819625627085,0.0,15992199.75,0.09654873479895434,1628056.5,14364143.25,0.08671976832070523,4.325,4.325,3322772.0,3322772.0,https://www1.hkexnews.hk/search/titlesearch.xhtml,https://www1.hkexnews.hk/search/titlesearch.xhtml,1620584495,14:21:35,20210509
54,2006-03-31,0055.HK,HKD,2006-03-31,2006-03-31,Q1,165638625.75,129166322.25,36472303.5,0.22019201943300354,0.0,13408276.75,7725825.5,0.0,0.0,149984418.0,191851.75,9340519.0,24994726.75,0.15089914346261715,15654207.75,0.09450819625627085,0.0,15992199.75,0.09654873479895434,1628056.5,14364143.25,0.08671976832070523,4.325,4.325,3322772.0,3322772.0,https://www1.hkexnews.hk/search/titlesearch.xhtml,https://www1.hkexnews.hk/search/titlesearch.xhtml,1620584495,14:21:35,20210509
55,2006-01-31,0055.HK,HKD,2006-01-31,2006-01-31,Q1,165638625.75,129166322.25,36472303.5,0.22019201943300354,0.0,13408276.75,7725825.5,0.0,0.0,149984418.0,191851.75,9340519.0,24994726.75,0.15089914346261715,15654207.75,0.09450819625627085,0.0,15992199.75,0.09654873479895434,1628056.5,14364143.25,0.08671976832070523,4.325,4.325,3322772.0,3322772.0,https://www1.hkexnews.hk/search/titlesearch.xhtml,https://www1.hkexnews.hk/search/titlesearch.xhtml,1620584495,14:21:35,20210509
56,2005-09-30,0055.HK,HKD,2005-09-30,2005-09-30,Q3,143155975.75,109098143.75,34057832.0,0.23790716260058042,0.0,12832102.75,0.0,0.0,0.0,127634483.25,0.0,8990366.0,24511858.5,0.17122483620806866,15521492.5,0.10842364364241358,0.0,15430846.25,0.10779044443766435,1846511.0,13584335.25,0.0948918491095542,4.1,4.1,3313252.0,3313252.0,https://www1.hkexnews.hk/search/titlesearch.xhtml,https://www1.hkexnews.hk/search/titlesearch.xhtml,1620584495,14:21:35,20210509
57,2005-06-30,0055.HK,HKD,2005-06-30,2005-06-30,Q2,143155975.75,109098143.75,34057832.0,0.23790716260058042,0.0,12832102.75,0.0,0.0,0.0,127634483.25,0.0,8990366.0,24511858.5,0.17122483620806866,15521492.5,0.10842364364241358,0.0,15430846.25,0.10779044443766435,1846511.0,13584335.25,0.0948918491095542,4.1,4.1,3313252.0,3313252.0,https://www1.hkexnews.hk/search/titlesearch.xhtml,https://www1.hkexnews.hk/search/titlesearch.xhtml,1620584495,14:21:35,20210509
58,2005-03-31,0055.HK,HKD,2005-03-31,2005-03-31,Q1,143155975.75,109098143.75,34057832.0,0.23790716260058042,0.0,12832102.75,0.0,0.0,0.0,127634483.25,0.0,8990366.0,24511858.5,0.17122483620806866,15521492.5,0.10842364364241358,0.0,15430846.25,0.10779044443766435,1846511.0,13584335.25,0.0948918491095542,4.1,4.1,3313252.0,3313252.0,https://www1.hkexnews.hk/search/titlesearch.xhtml,https://www1.hkexnews.hk/search/titlesearch.xhtml,1620584495,14:21:35,20210509
59,2005-01-31,0055.HK,HKD,2005-01-31,2005-01-31,Q1,143155975.75,109098143.75,34057832.0,0.23790716260058042,0.0,12832102.75,0.0,0.0,0.0,127634483.25,0.0,8990366.0,24511858.5,0.17122483620806866,15521492.5,0.10842364364241358,0.0,15430846.25,0.10779044443766435,1846511.0,13584335.25,0.0948918491095542,4.1,4.1,3313252.0,3313252.0,https://www1.hkexnews.hk/search/titlesearch.xhtml,https://www1.hkexnews.hk/search/titlesearch.xhtml,1620584495,14:21:35,20210509
60,2004-09-30,0055.HK,HKD,2004-09-30,2004-09-30,Q3,125641044.5,93975722.25,31665322.25,0.25203007803711786,0.0,12855761.0,5755047.5,0.0,0.0,112031326.25,133174.75,8485945.25,22095663.5,0.17586341778621556,13609718.25,0.10832223103653042,0.0,13846498.0,0.1102068042740603,1704991.5,12141506.5,0.09663646580079172,3.65,3.65,3322772.0,3322772.0,https://www1.hkexnews.hk/search/titlesearch.xhtml,https://www1.hkexnews.hk/search/titlesearch.xhtml,1620584495,14:21:35,20210509
61,2004-06-30,0055.HK,HKD,2004-06-30,2004-06-30,Q2,125641044.5,93975722.25,31665322.25,0.25203007803711786,0.0,12855761.0,5755047.5,0.0,0.0,112031326.25,133174.75,8485945.25,22095663.5,0.17586341778621556,13609718.25,0.10832223103653042,0.0,13846498.0,0.1102068042740603,1704991.5,12141506.5,0.09663646580079172,3.65,3.65,3322772.0,3322772.0,https://www1.hkexnews.hk/search/titlesearch.xhtml,https://www1.hkexnews.hk/search/titlesearch.xhtml,1620584495,14:21:35,20210509
62,2004-03-31,0055.HK,HKD,2004-03-31,2004-03-31,Q1,125641044.5,93975722.25,31665322.25,0.25203007803711786,0.0,12855761.0,5755047.5,0.0,0.0,112031326.25,133174.75,8485945.25,22095663.5,0.17586341778621556,13609718.25,0.10832223103653042,0.0,13846498.0,0.1102068042740603,1704991.5,12141506.5,0.09663646580079172,3.65,3.65,3322772.0,3322772.0,https://www1.hkexnews.hk/search/titlesearch.xhtml,https://www1.hkexnews.hk/search/titlesearch.xhtml,1620584495,14:21:35,20210509
63,2004-01-31,0055.HK,HKD,2004-01-31,2004-01-31,Q1,125641044.5,93975722.25,31665322.25,0.25203007803711786,0.0,12855761.0,5755047.5,0.0,0.0,112031326.25,133174.75,8485945.25,22095663.5,0.17586341778621556,13609718.25,0.10832223103653042,0.0,13846498.0,0.1102068042740603,1704991.5,12141506.5,0.09663646580079172,3.65,3.65,3322772.0,3322772.0,https://www1.hkexnews.hk/search/titlesearch.xhtml,https://www1.hkexnews.hk/search/titlesearch.xhtml,1620584495,14:21:35,20210509
64,2003-09-30,0055.HK,HKD,2003-09-30,2003-09-30,Q3,127632326.0,92797097.0,34835229.0,0.27293421730792555,0.0,14867649.75,5608385.5,0.0,0.0,112815200.75,0.0,8910465.5,23727590.75,0.1859058084548267,14817125.25,0.11609226059235181,0.0,14874980.5,0.11654555680509968,1095265.75,13779714.75,0.10796414342554565,4.175,4.15,3308457.0,3318390.0,https://www1.hkexnews.hk/search/titlesearch.xhtml,https://www1.hkexnews.hk/search/titlesearch.xhtml,1620584495,14:21:35,20210509
65,2003-06-30,0055.HK,HKD,2003-06-30,2003-06-30,Q2,127632326.0,92797097.0,34835229.0,0.27293421730792555,0.0,14867649.75,5608385.5,0.0,0.0,112815200.75,0.0,8910465.5,23727590.75,0.1859058084548267,14817125.25,0.11609226059235181,0.0,14874980.5,0.11654555680509968,1095265.75,13779714.75,0.10796414342554565,4.175,4.15,3308457.0,3318390.0,https://www1.hkexnews.hk/search/titlesearch.xhtml,https://www1.hkexnews.hk/search/titlesearch.xhtml,1620584495,14:21:35,20210509
66,2003-03-31,0055.HK,HKD,2003-03-31,2003-03-31,Q1,127632326.0,92797097.0,34835229.0,0.27293421730792555,0.0,14867649.75,5608385.5,0.0,0.0,112815200.75,0.0,8910465.5,23727590.75,0.1859058084548267,14817125.25,0.11609226059235181,0.0,14874980.5,0.11654555680509968,1095265.75,13779714.75,0.10796414342554565,4.175,4.15,3308457.0,3318390.0,https://www1.hkexnews.hk/search/titlesearch.xhtml,https://www1.hkexnews.hk/search/titlesearch.xhtml,1620584495,14:21:35,20210509
67,2003-01-31,0055.HK,HKD,2003-01-31,2003-01-31,Q1,127632326.0,92797097.0,34835229.0,0.27293421730792555,0.0,14867649.75,5608385.5,0.0,0.0,112815200.75,0.0,8910465.5,23727590.75,0.1859058084548267,14817125.25,0.11609226059235181,0.0,14874980.5,0.11654555680509968,1095265.75,13779714.75,0.10796414342554565,4.175,4.15,3308457.0,3318390.0,https://www1.hkexnews.hk/search/titlesearch.xhtml,https://www1.hkexnews.hk/search/titlesearch.xhtml,1620584495,14:21:35,20210509
68,2002-09-30,0055.HK,HKD,2002-09-30,2002-09-30,Q3,112215312.0,73761716.5,38453595.5,0.342676902239509,0.0,16380649.0,5326403.25,0.0,0.0,95022656.0,14728.0,8137315.75,25329971.75,0.22572651894422394,17192656.0,0.15321131932512028,0.0,17513541.0,0.15607086669241715,2402069.75,15111471.25,0.13466496666693759,4.85,4.7,3113772.0,3208588.0,https://www1.hkexnews.hk/search/titlesearch.xhtml,https://www1.hkexnews.hk/search/titlesearch.xhtml,1620584495,14:21:35,20210509
69,2002-06-30,0055.HK,HKD,2002-06-30,2002-06-30,Q2,112215312.0,73761716.5,38453595.5,0.342676902239509,0.0,16380649.0,5326403.25,0.0,0.0,95022656.0,14728.0,8137315.75,25329971.75,0.22572651894422394,17192656.0,0.15321131932512028,0.0,17513541.0,0.15607086669241715,2402069.75,15111471.25,0.13466496666693759,4.85,4.7,3113772.0,3208588.0,https://www1.hkexnews.hk/search/titlesearch.xhtml,https://www1.hkexnews.hk/search/titlesearch.xhtml,1620584495,14:21:35,20210509
70,2002-03-31,0055.HK,HKD,2002-03-31,2002-03-31,Q1,112215312.0,73761716.5,38453595.5,0.342676902239509,0.0,16380649.0,5326403.25,0.0,0.0,95022656.0,14728.0,8137315.75,25329971.75,0.22572651894422394,17192656.0,0.15321131932512028,0.0,17513541.0,0.15607086669241715,2402069.75,15111471.25,0.13466496666693759,4.85,4.7,3113772.0,3208588.0,https://www1.hkexnews.hk/search/titlesearch.xhtml,https://www1.hkexnews.hk/search/titlesearch.xhtml,1620584495,14:21:35,20210509
71,2002-01-31,0055.HK,HKD,2002-01-31,2002-01-31,Q1,112215312.0,73761716.5,38453595.5,0.342676902239509,0.0,16380649.0,5326403.25,0.0,0.0,95022656.0,14728.0,8137315.75,25329971.75,0.22572651894422394,17192656.0,0.15321131932512028,0.0,17513541.0,0.15607086669241715,2402069.75,15111471.25,0.13466496666693759,4.85,4.7,3113772.0,3208588.0,https://www1.hkexnews.hk/search/titlesearch.xhtml,https://www1.hkexnews.hk/search/titlesearch.xhtml,1620584495,14:21:35,20210509
72,2001-09-30,0055.HK,HKD,2001-09-30,2001-09-30,Q3,127663577.0,85586543.25,42077033.75,0.32959309725435626,0.0,9239910.25,6976600.5,0.0,0.0,100884311.25,277452.5,6412846.75,33192112.5,0.25999672952920627,26779265.75,0.2097643382654083,0.0,20032432.75,0.15691580340099667,2419655.5,19612777.25,0.1536286050484078,6.3,6.15,3113772.0,3186406.0,https://www1.hkexnews.hk/search/titlesearch.xhtml,https://www1.hkexnews.hk/search/titlesearch.xhtml,1620584495,14:21:35,20210509
73,2001-06-30,0055.HK,HKD,2001-06-30,2001-06-30,Q2,127663577.0,85586543.25,42077033.75,0.32959309725435626,0.0,9239910.25,6976600.5,0.0,0.0,100884311.25,277452.5,6412846.75,33192112.5,0.25999672952920627,26779265.75,0.2097643382654083,0.0,20032432.75,0.15691580340099667,2419655.5,19612777.25,0.1536286050484078,6.3,6.15,3113772.0,3186406.0,https://www1.hkexnews.hk/search/titlesearch.xhtml,https://www1.hkexnews.hk/search/titlesearch.xhtml,1620584495,14:21:35,20210509
74,2001-03-31,0055.HK,HKD,2001-03-31,2001-03-31,Q1,127663577.0,85586543.25,42077033.75,0.32959309725435626,0.0,9239910.25,6976600.5,0.0,0.0,100884311.25,277452.5,6412846.75,33192112.5,0.25999672952920627,26779265.75,0.2097643382654083,0.0,20032432.75,0.15691580340099667,2419655.5,19612777.25,0.1536286050484078,6.3,6.15,3113772.0,3186406.0,https://www1.hkexnews.hk/search/titlesearch.xhtml,https://www1.hkexnews.hk/search/titlesearch.xhtml,1620584495,14:21:35,20210509
75,2001-01-31,0055.HK,HKD,2001-01-31,2001-01-31,Q1,127663577.0,85586543.25,42077033.75,0.32959309725435626,0.0,9239910.25,6976600.5,0.0,0.0,100884311.25,277452.5,6412846.75,33192112.5,0.25999672952920627,26779265.75,0.2097643382654083,0.0,20032432.75,0.15691580340099667,2419655.5,19612777.25,0.1536286050484078,6.3,6.15,3113772.0,3186406.0,https://www1.hkexnews.hk/search/titlesearch.xhtml,https://www1.hkexnews.hk/search/titlesearch.xhtml,1620584495,14:21:35,20210509
76,2000-09-30,0055.HK,HKD,2000-09-30,2000-09-30,Q3,109570488.25,70773110.0,38797378.25,0.3540860214246604,0.0,13417415.0,4549121.25,0.0,0.0,88718351.75,208918.0,5690816.5,26542953.0,0.24224545700151154,20852136.5,0.19030796369568975,0.0,20924255.75,0.19096616328165353,363428.75,20560827.0,0.18764931441290716,6.775,6.525,3040223.0,3147091.0,https://www1.hkexnews.hk/search/titlesearch.xhtml,https://www1.hkexnews.hk/search/titlesearch.xhtml,1620584495,14:21:35,20210509
77,2000-06-30,0055.HK,HKD,2000-06-30,2000-06-30,Q2,109570488.25,70773110.0,38797378.25,0.3540860214246604,0.0,13417415.0,4549121.25,0.0,0.0,88718351.75,208918.0,5690816.5,26542953.0,0.24224545700151154,20852136.5,0.19030796369568975,0.0,20924255.75,0.19096616328165353,363428.75,20560827.0,0.18764931441290716,6.775,6.525,3040223.0,3147091.0,https://www1.hkexnews.hk/search/titlesearch.xhtml,https://www1.hkexnews.hk/search/titlesearch.xhtml,1620584495,14:21:35,20210509
78,2000-03-31,0055.HK,HKD,2000-03-31,2000-03-31,Q1,109570488.25,70773110.0,38797378.25,0.3540860214246604,0.0,13417415.0,4549121.25,0.0,0.0,88718351.75,208918.0,5690816.5,26542953.0,0.24224545700151154,20852136.5,0.19030796369568975,0.0,20924255.75,0.19096616328165353,363428.75,20560827.0,0.18764931441290716,6.775,6.525,3040223.0,3147091.0,https://www1.hkexnews.hk/search/titlesearch.xhtml,https://www1.hkexnews.hk/search/titlesearch.xhtml,1620584495,14:21:35,20210509
79,2000-01-31,0055.HK,HKD,2000-01-31,2000-01-31,Q1,109570488.25,70773110.0,38797378.25,0.3540860214246604,0.0,13417415.0,4549121.25,0.0,0.0,88718351.75,208918.0,5690816.5,26542953.0,0.24224545700151154,20852136.5,0.19030796369568975,0.0,20924255.75,0.19096616328165353,363428.75,20560827.0,0.18764931441290716,6.775,6.525,3040223.0,3147091.0,https://www1.hkexnews.hk/search/titlesearch.xhtml,https://www1.hkexnews.hk/search/titlesearch.xhtml,1620584495,14:21:35,20210509
