,date,symbol,reportedCurrency,fillingDate,acceptedDate,period,revenue,costOfRevenue,grossProfit,grossProfitRatio,researchAndDevelopmentExpenses,generalAndAdministrativeExpenses,sellingAndMarketingExpenses,otherExpenses,operatingExpenses,costAndExpenses,interestExpense,depreciationAndAmortization,ebitda,ebitdaratio,operatingIncome,operatingIncomeRatio,totalOtherIncomeExpensesNet,incomeBeforeTax,incomeBeforeTaxRatio,incomeTaxExpense,netIncome,netIncomeRatio,eps,epsdiluted,weightedAverageShsOut,weightedAverageShsOutDil,link,finalLink,timestamp,est_time,est_date
0,2020-06-30,VOYA,USD,2020-08-06,2020-08-06 16:25:25,Q2,1663000000,0.0,0.0,0.0,0.0,508000000.0,0.0,0.0,1711000000,1711000000,40000000,0.0,0.0,0.0,0.0,-0.028863499699338546,81000000,-48000000,-0.028863499699338546,5000000.0,-67000000,-0.04028863499699339,-0.5309033280507132,-0.5222135619641465,126200000,128300000,https://www.sec.gov/Archives/edgar/data/1535929/000153592920000048/0001535929-20-000048-index.htm,https://www.sec.gov/Archives/edgar/data/1535929/000153592920000048/voya-20200630.htm,1620599605,18:33:25,20210509
1,2020-03-31,VOYA,USD,2020-05-06,2020-05-06 16:26:11,Q1,1685000000,0.0,0.0,0.0,0.0,498000000.0,0.0,0.0,1641000000,1641000000,43000000,0.0,0.0,0.0,0.0,0.026112759643916916,92000000,44000000,0.026112759643916916,-6000000.0,-84000000,-0.049851632047477744,-0.6412213740458015,-0.6131386861313869,131000000,137000000,https://www.sec.gov/Archives/edgar/data/1535929/000153592920000022/0001535929-20-000022-index.htm,https://www.sec.gov/Archives/edgar/data/1535929/000153592920000012/voyafinancialinc2019q4.htm,1620599605,18:33:25,20210509
2,2019-12-31,VOYA,USD,2020-02-21,2020-02-21 16:25:51,Q4,696000000,0.0,0.0,0.0,0.0,506000000.0,0.0,0.0,1732000000,754000000,50000000,0.0,0.0,0.0,0.0,-0.08333333333333333,157000000,-58000000,-0.08333333333333333,-278000000.0,-771000000,-1.1077586206896552,-5.711111111111111,-5.429577464788732,135000000,142000000,https://www.sec.gov/Archives/edgar/data/1535929/000153592920000012/0001535929-20-000012-index.htm,https://www.sec.gov/Archives/edgar/data/1535929/000153592920000012/voyafinancialinc2019q4.htm,1620599605,18:33:25,20210509
3,2019-09-30,VOYA,USD,2019-11-06,2019-11-06 16:28:32,Q3,2237000000,0.0,0.0,0.0,0.0,471000000.0,0.0,0.0,1726000000,2094000000,59000000,0.0,0.0,0.0,0.0,0.06392489941886455,93000000,143000000,0.06392489941886455,4000000.0,120000000,0.05364327223960662,0.77,0.74,138000000,144000000,https://www.sec.gov/Archives/edgar/data/1535929/000153592919000078/0001535929-19-000078-index.htm,https://www.sec.gov/Archives/edgar/data/1535929/000153592919000078/a2019q3voyafinancialin.htm,1620599605,18:33:25,20210509
4,2019-06-30,VOYA,USD,2019-08-09,2019-08-08 18:32:41,Q2,2346000000,0.0,0.0,0.0,0.0,509000000.0,0.0,0.0,1726000000,2048000000,58000000,0.0,0.0,0.0,0.0,0.12702472293265132,102000000,298000000,0.12702472293265132,44000000.0,226000000,0.09633418584825235,1.57,1.51,144000000,150000000,https://www.sec.gov/Archives/edgar/data/1535929/000153592919000064/0001535929-19-000064-index.htm,https://www.sec.gov/Archives/edgar/data/1535929/000153592919000064/q22019voyafinancialinc.htm,1620599605,18:33:25,20210509
5,2019-03-31,VOYA,USD,2019-05-08,2019-05-08 17:28:44,Q1,2197000000,0.0,0.0,0.0,0.0,488000000.0,0.0,0.0,1720000000,2020000000,47000000,0.0,0.0,0.0,0.0,0.08056440600819299,113000000,177000000,0.08056440600819299,25000000.0,74000000,0.033682294037323625,0.44,0.42,147000000,151000000,https://www.sec.gov/Archives/edgar/data/1535929/000153592919000036/0001535929-19-000036-index.htm,https://www.sec.gov/Archives/edgar/data/1535929/000153592919000018/q42018voyafinancialinc.htm,1620599605,18:33:25,20210509
6,2018-12-31,VOYA,USD,2019-02-22,2019-02-22 16:33:47,Q4,2182000000,0.0,0.0,0.0,0.0,553000000.0,0.0,0.0,756000000,2020000000,90000000,0.0,0.0,0.0,0.0,0.07424381301558204,120000000,162000000,0.07424381301558204,-15000000.0,121000000,0.05545371219065078,0.78,0.76,154000000,157900000,https://www.sec.gov/Archives/edgar/data/1535929/000153592919000018/0001535929-19-000018-index.htm,https://www.sec.gov/Archives/edgar/data/1535929/000153592919000018/q42018voyafinancialinc.htm,1620599605,18:33:25,20210509
7,2018-09-30,VOYA,USD,2018-11-01,2018-11-01 16:24:18,Q3,2252000000,0.0,0.0,0.0,0.0,517000000.0,0.0,0.0,2066000000,2066000000,55000000,0.0,0.0,0.0,0.0,0.08259325044404973,127000000,186000000,0.08259325044404973,21000000.0,142000000,0.0630550621669627,0.89,0.87,160000000,164000000,https://www.sec.gov/Archives/edgar/data/1535929/000153592918000050/0001535929-18-000050-index.htm,https://www.sec.gov/Archives/edgar/data/1535929/000153592918000050/q32018voyafinancialinc10-q.htm,1620599605,18:33:25,20210509
8,2018-06-30,VOYA,USD,2018-08-06,2018-08-06 16:26:08,Q2,2113000000,0.0,0.0,0.0,0.0,522000000.0,0.0,0.0,1872000000,1872000000,62000000,0.0,0.0,0.0,0.0,0.11405584477046853,101000000,241000000,0.11405584477046853,45000000.0,166000000,0.07856128726928538,1.0,0.96,167000000,172800000,https://www.sec.gov/Archives/edgar/data/1535929/000153592918000037/0001535929-18-000037-index.htm,https://www.sec.gov/Archives/edgar/data/1535929/000153592918000037/q22018voyafinancial10-q.htm,1620599605,18:33:25,20210509
9,2018-03-31,VOYA,USD,2018-05-02,2018-05-02 16:20:07,Q1,1967000000,0.0,0.0,0.0,0.0,559000000.0,0.0,0.0,1946000000,1946000000,55000000,0.0,0.0,0.0,0.0,0.010676156583629894,99000000,21000000,0.010676156583629894,4000000.0,446000000,0.22674123029994916,2.59,2.5,172000000,178000000,https://www.sec.gov/Archives/edgar/data/1535929/000153592918000019/0001535929-18-000019-index.htm,https://www.sec.gov/Archives/edgar/data/1535929/000153592918000006/voyafinancialinc201710-kre.htm,1620599605,18:33:25,20210509
10,2017-12-31,VOYA,USD,2018-02-23,2018-02-23 16:13:32,Q4,1265600000,0.0,0.0,0.0,0.0,466000000.0,0.0,0.0,720000000,1047400000,62300000,0.0,0.0,0.0,0.0,0.17240834386852086,91200000,218200000,0.17240834386852086,721000000.0,-3164300000,-2.5002370417193425,-18.397093023255813,-18.397093023255813,172000000,172000000,https://www.sec.gov/Archives/edgar/data/1535929/000153592918000006/0001535929-18-000006-index.htm,https://www.sec.gov/Archives/edgar/data/1535929/000153592918000006/voyafinancialinc201710-kre.htm,1620599605,18:33:25,20210509
11,2017-09-30,VOYA,USD,2017-11-01,2017-11-01 16:16:28,Q3,2550200000,0.0,0.0,0.0,0.0,512200000.0,0.0,0.0,2144000000,2312100000,67500000,0.0,0.0,0.0,0.0,0.09336522625676417,89800000,238100000,0.09336522625676417,24100000.0,148600000,0.058269939612579404,0.83,0.81,179800000,182400000,https://www.sec.gov/Archives/edgar/data/1535929/000153592917000031/0001535929-17-000031-index.htm,https://www.sec.gov/Archives/edgar/data/1535929/000153592917000031/q32017voyafinancialincform.htm,1620599605,18:33:25,20210509
12,2017-06-30,VOYA,USD,2017-08-02,2017-08-02 16:12:48,Q2,2588800000,0.0,0.0,0.0,0.0,510300000.0,0.0,0.0,2036000000,2357700000,71400000,0.0,0.0,0.0,0.0,0.08926915945611867,96200000,231100000,0.08926915945611867,11900000.0,167200000,0.0645859085290482,0.9,0.89,185800000,187700000,https://www.sec.gov/Archives/edgar/data/1535929/000153592917000024/0001535929-17-000024-index.htm,https://www.sec.gov/Archives/edgar/data/1535929/000153592917000024/q22017voyafinancialincform.htm,1620599605,18:33:25,20210509
13,2017-03-31,VOYA,USD,2017-05-03,2017-05-03 16:19:34,Q1,2213400000,0.0,0.0,0.0,0.0,550500000.0,0.0,0.0,1944000000,2372800000,62800000,0.0,0.0,0.0,0.0,-0.07201590313544773,93800000,-159400000,-0.07201590313544773,-17000000.0,-143500000,-0.06483238456672992,-0.75,-0.75,191700000,191700000,https://www.sec.gov/Archives/edgar/data/1535929/000153592917000012/0001535929-17-000012-index.htm,https://www.sec.gov/Archives/edgar/data/1535929/000153592917000007/voyafinancialinc201610-kre.htm,1620599605,18:33:25,20210509
14,2016-12-31,VOYA,USD,2017-02-23,2017-02-23 16:41:24,Q4,2548400000,0.0,0.0,0.0,0.0,563900000.0,0.0,0.0,583000000,3200300000,71700000,0.0,0.0,0.0,0.0,-0.2558075655313138,103200000,-651900000,-0.2558075655313138,-161400000.0,-533000000,-0.20915083974258358,-2.7803860198226396,-2.7803860198226396,191700000,191700000,https://www.sec.gov/Archives/edgar/data/1535929/000153592917000007/0001535929-17-000007-index.htm,https://www.sec.gov/Archives/edgar/data/1535929/000153592917000007/voyafinancialinc201610-kre.htm,1620599605,18:33:25,20210509
15,2016-09-30,VOYA,USD,2016-11-02,2016-11-02 16:11:34,Q3,2528500000,0.0,0.0,0.0,0.0,540700000.0,0.0,0.0,2884000000,2884400000,72100000,0.0,0.0,0.0,0.0,-0.1407553885702986,90500000,-355900000,-0.1407553885702986,-119400000.0,-248100000,-0.09812141585920506,-1.24,-1.24,199600000,199600000,https://www.sec.gov/Archives/edgar/data/1535929/000153592916000091/0001535929-16-000091-index.htm,https://www.sec.gov/Archives/edgar/data/1535929/000153592916000091/q32016voyafinancialincform.htm,1620599605,18:33:25,20210509
16,2016-06-30,VOYA,USD,2016-08-04,2016-08-04 16:05:40,Q2,2696000000,0.0,0.0,0.0,0.0,532800000.0,0.0,0.0,2543000000,2542900000,177400000,0.0,0.0,0.0,0.0,0.056787833827893174,84600000,153100000,0.056787833827893174,17100000.0,161500000,0.059903560830860535,0.8,0.79,202400000,203500000,https://www.sec.gov/Archives/edgar/data/1535929/000153592916000082/0001535929-16-000082-index.htm,https://www.sec.gov/Archives/edgar/data/1535929/000153592916000082/q22016voyafinancialincform.htm,1620599605,18:33:25,20210509
17,2016-03-31,VOYA,USD,2016-05-05,2016-05-05 16:06:09,Q1,3009300000,0.0,0.0,0.0,0.0,541500000.0,0.0,0.0,2768000000,2768000000,68700000,0.0,0.0,0.0,0.0,0.08018476057554913,82800000,241300000,0.08018476057554913,49000000.0,191600000,0.0636692918618948,0.93,0.92,206900000,209100000,https://www.sec.gov/Archives/edgar/data/1535929/000153592916000066/0001535929-16-000066-index.htm,https://www.sec.gov/Archives/edgar/data/1535929/000153592916000059/voyafinancialinc201510-kre.htm,1620599605,18:33:25,20210509
18,2015-12-31,VOYA,USD,2016-02-25,2016-02-25 16:59:32,Q4,1996800000,0.0,0.0,0.0,0.0,0.0,0.0,0.0,-201000000,2240100000,114400000,0.0,0.0,0.0,0.0,-0.12184495192307693,91600000,-243300000,-0.12184495192307693,-82900000.0,-106800000,-0.05348557692307692,-0.5161913968100532,-0.5161913968100532,206900000,206900000,https://www.sec.gov/Archives/edgar/data/1535929/000153592916000059/0001535929-16-000059-index.htm,https://www.sec.gov/Archives/edgar/data/1535929/000153592916000059/voyafinancialinc201510-kre.htm,1620599605,18:33:25,20210509
19,2015-09-30,VOYA,USD,2015-11-06,2015-11-06 16:36:26,Q3,3719500000,0.0,0.0,0.0,0.0,0.0,0.0,0.0,3616000000,3639200000,113100000,0.0,0.0,0.0,0.0,0.021588923242371286,106700000,80300000,0.021588923242371286,-35900000.0,40300000,0.010834789622261056,0.18169522091974752,0.18023255813953487,221800000,223600000,https://www.sec.gov/Archives/edgar/data/1535929/000153592915000045/0001535929-15-000045-index.htm,https://www.sec.gov/Archives/edgar/data/1535929/000153592915000045/a2015q3voyafinancialincfor.htm,1620599605,18:33:25,20210509
20,2015-06-30,VOYA,USD,2015-08-07,2015-08-07 16:16:06,Q2,2993900000,0.0,0.0,0.0,0.0,0.0,0.0,0.0,2482000000,2507700000,131300000,0.0,0.0,0.0,0.0,0.16239687364307426,105900000,486200000,0.16239687364307426,119100000.0,285200000,0.09526036273756638,1.25,1.24,228300000,229800000,https://www.sec.gov/Archives/edgar/data/1535929/000153592915000030/0001535929-15-000030-index.htm,https://www.sec.gov/Archives/edgar/data/1535929/000153592915000030/voya2015q2financialincfor.htm,1620599605,18:33:25,20210509
21,2015-03-31,VOYA,USD,2015-05-08,2015-05-08 16:34:35,Q1,2626000000,0.0,0.0,0.0,0.0,0.0,0.0,0.0,2343000000,2369700000,109900000,0.0,0.0,0.0,0.0,0.0976009139375476,102700000,256300000,0.0976009139375476,44700000.0,185500000,0.07063975628332064,0.78,0.77,238500000,240700000,https://www.sec.gov/Archives/edgar/data/1535929/000153592915000012/0001535929-15-000012-index.htm,https://www.sec.gov/Archives/edgar/data/1535929/000119312515069733/d877740d10k.htm,1620599605,18:33:25,20210509
22,2014-12-31,VOYA,USD,2015-02-27,2015-02-27 16:12:42,Q4,2510800000,0.0,0.0,0.0,0.0,0.0,0.0,0.0,2902000000,3001700000,104600000,0.0,0.0,0.0,0.0,-0.19551537358610802,116000000,-490900000,-0.19551537358610802,-1826400000.0,1394500000,0.5554006691094472,5.846960167714885,5.846960167714885,238500000,238500000,https://www.sec.gov/Archives/edgar/data/1535929/000119312515069733/0001193125-15-069733-index.htm,https://www.sec.gov/Archives/edgar/data/1535929/000119312515069733/d877740d10k.htm,1620599605,18:33:25,20210509
23,2014-09-30,VOYA,USD,2014-11-05,2014-11-05 16:31:05,Q3,3191100000,0.0,0.0,0.0,0.0,0.0,0.0,0.0,2636000000,2636300000,103800000,0.0,0.0,0.0,0.0,0.17385854407571058,101000000,554800000,0.17385854407571058,37400000.0,400800000,0.12559932311742034,1.59,1.58,252600000,254400000,https://www.sec.gov/Archives/edgar/data/1535929/000153592914000036/0001535929-14-000036-index.htm,https://www.sec.gov/Archives/edgar/data/1535929/000153592914000036/voyafinancialinc2014q3repo.htm,1620599605,18:33:25,20210509
24,2014-06-30,VOYA,USD,2014-08-07,2014-08-07 16:25:49,Q2,2698100000,0.0,0.0,0.0,0.0,0.0,0.0,0.0,2279000000,2279100000,97000000,0.0,0.0,0.0,0.0,0.15529446647640932,110300000,419000000,0.15529446647640932,6100000.0,246300000,0.09128646084281532,0.97,0.96,254500000,256200000,https://www.sec.gov/Archives/edgar/data/1535929/000153592914000026/0001535929-14-000026-index.htm,https://www.sec.gov/Archives/edgar/data/1535929/000153592914000026/voyafinancialinc2014q2repo.htm,1620599605,18:33:25,20210509
25,2014-03-31,VOYA,USD,2014-05-12,2014-05-12 16:46:49,Q1,2670900000,0.0,0.0,0.0,0.0,0.0,0.0,0.0,2369000000,2368600000,93800000,0.0,0.0,0.0,0.0,0.11318282226964693,105500000,302300000,0.11318282226964693,30700000.0,258100000,0.09663409337676439,0.99,0.98,261100000,263500000,https://www.sec.gov/Archives/edgar/data/1535929/000153592914000011/0001535929-14-000011-index.htm,https://www.sec.gov/Archives/edgar/data/1535929/000119312514091656/d684112d10k.htm,1620599605,18:33:25,20210509
26,2013-12-31,VOYA,USD,2014-03-10,2014-03-10 16:40:17,Q4,2364000000,0.0,0.0,0.0,0.0,0.0,0.0,0.0,1736000000,1736400000,98200000,0.0,0.0,0.0,0.0,0.2654822335025381,111700000,627600000,0.2654822335025381,-26100000.0,548100000,0.2318527918781726,2.099195710455764,2.099195710455764,261100000,261100000,https://www.sec.gov/Archives/edgar/data/1535929/000119312514091656/0001193125-14-091656-index.htm,https://www.sec.gov/Archives/edgar/data/1535929/000119312514091656/d684112d10k.htm,1620599605,18:33:25,20210509
27,2013-09-30,VOYA,USD,2013-11-08,2013-11-08 16:49:36,Q3,2435300000,0.0,0.0,0.0,0.0,0.0,0.0,0.0,2015000000,2015300000,98800000,0.0,0.0,0.0,0.0,0.1724633515377982,119600000,420000000,0.1724633515377982,-27700000.0,346600000,0.14232332772143064,1.33,1.32,260778821,262284700,https://www.sec.gov/Archives/edgar/data/1535929/000153592913000035/0001535929-13-000035-index.htm,https://www.sec.gov/Archives/edgar/data/1535929/000153592913000035/ingus2013q3.htm,1620599605,18:33:25,20210509
28,2013-06-30,VOYA,USD,2013-08-09,2013-08-08 18:56:16,Q2,2140600000,0.0,0.0,0.0,0.0,0.0,0.0,0.0,2216000000,2215800000,87200000,0.0,0.0,0.0,0.0,-0.03513033728861067,106100000,-75200000,-0.03513033728861067,10100000.0,-82200000,-0.03840044847239092,-0.33,-0.33,250287803,250287803,https://www.sec.gov/Archives/edgar/data/1535929/000153592913000024/0001535929-13-000024-index.htm,https://www.sec.gov/Archives/edgar/data/1535929/000153592913000024/ingus2013q2.htm,1620599605,18:33:25,20210509
29,2013-03-31,VOYA,USD,2013-05-23 00:00:00,2013-05-23 14:11:31,Q1,1818600000,0.0,0.0,0.0,0.0,0.0,0.0,0.0,2033000000,2032900000,81200000,0.0,0.0,0.0,0.0,-0.11783789728362476,95600000,-214300000,-0.11783789728362476,11200000.0,-212000000,-0.11657318816672166,-0.812979,-0.812979,260769230,260769230,https://www.sec.gov/Archives/edgar/data/1535929/000153592913000010/0001535929-13-000010-index.html,https://www.sec.gov/Archives/edgar/data/1535929/000153592913000010/ingus2013q1report.htm,1620599605,18:33:25,20210509
30,2012-12-31,VOYA,USD,2012-12-31,2012-12-31,Q4,2203800000,0.0,0.0,0.0,0.0,0.0,0.0,0.0,2235000000,2311900000,77100000,0.0,0.0,0.0,0.0,-0.04905163807968055,91800000,-108100000,-0.04905163807968055,-1200000.0,-22700000,-0.010300390235048553,-0.08705014774941046,-0.08705014774941046,260769230,260769230,,,1620599605,18:33:25,20210509
