,date,symbol,reportedCurrency,fillingDate,acceptedDate,period,revenue,costOfRevenue,grossProfit,grossProfitRatio,researchAndDevelopmentExpenses,generalAndAdministrativeExpenses,sellingAndMarketingExpenses,otherExpenses,operatingExpenses,costAndExpenses,interestExpense,depreciationAndAmortization,ebitda,ebitdaratio,operatingIncome,operatingIncomeRatio,totalOtherIncomeExpensesNet,incomeBeforeTax,incomeBeforeTaxRatio,incomeTaxExpense,netIncome,netIncomeRatio,eps,epsdiluted,weightedAverageShsOut,weightedAverageShsOutDil,link,finalLink,timestamp,est_time,est_date
0,2020-12-31,NVIV,USD,2021-03-01,2021-03-01 16:08:47,Q4,0.0,0.0,0.0,0.0,908000.0,1283000.0,0.0,0.0,2191000.0,2191000.0,0.0,86000.0,-2105000.0,0.0,-2191000.0,0.0,0.0,-2192000.0,0.0,0.0,-2192000.0,0.0,-0.44959177804933775,-0.44959177804933775,4875534.0,4875534.0,https://www.sec.gov/Archives/edgar/data/1292519/000155837021002156/0001558370-21-002156-index.htm,https://www.sec.gov/Archives/edgar/data/1292519/000155837021002156/nviv-20201231x10k.htm,1620595918,17:31:58,20210509
1,2020-09-30,NVIV,USD,2020-11-06,2020-11-06 16:08:30,Q3,0.0,0.0,0.0,0.0,1040000.0,1243000.0,0.0,2000.0,2283000.0,2283000.0,0.0,81000.0,-2202000.0,0.0,-2283000.0,0.0,2000.0,-2279000.0,0.0,0.0,-2279000.0,0.0,-0.47,-0.47,4875534.0,4875534.0,https://www.sec.gov/Archives/edgar/data/1292519/000155837020013154/0001558370-20-013154-index.htm,https://www.sec.gov/Archives/edgar/data/1292519/000155837020013154/nviv-20200930x10q.htm,1620595918,17:31:58,20210509
2,2020-06-30,NVIV,USD,2020-08-11,2020-08-11 16:14:48,Q2,0.0,0.0,0.0,0.0,940000.0,1255000.0,0.0,2000.0,2195000.0,2195000.0,0.0,82000.0,-2113000.0,0.0,-2195000.0,0.0,2000.0,-2189000.0,0.0,0.0,-2189000.0,0.0,-0.49,-0.49,4453831.0,4453831.0,https://www.sec.gov/Archives/edgar/data/1292519/000155837020010328/0001558370-20-010328-index.htm,https://www.sec.gov/Archives/edgar/data/1292519/000155837020010328/nviv-20200630x10q.htm,1620595918,17:31:58,20210509
3,2020-03-31,NVIV,USD,2020-05-13,2020-05-13 16:06:14,Q1,0.0,0.0,0.0,0.0,1051000.0,1377000.0,0.0,0.0,2428000.0,2428000.0,0.0,80000.0,-2348000.0,0.0,-2428000.0,0.0,0.0,-2414000.0,0.0,0.0,-2414000.0,0.0,-2.47,-2.47,976121.0,976121.0,https://www.sec.gov/Archives/edgar/data/1292519/000155837020006492/0001558370-20-006492-index.htm,https://www.sec.gov/Archives/edgar/data/1292519/000155837020001077/nviv-20191231x10k.htm,1620595918,17:31:58,20210509
4,2019-12-31,NVIV,USD,2020-02-20,2020-02-20 16:06:20,Q4,0.0,0.0,0.0,0.0,1317000.0,1422000.0,0.0,1000.0,2739000.0,2739000.0,0.0,81000.0,-2658000.0,0.0,-2739000.0,0.0,-665000.0,-3372000.0,0.0,0.0,-3372000.0,0.0,-3.4544897610029905,-3.4544897610029905,976121.0,976121.0,https://www.sec.gov/Archives/edgar/data/1292519/000155837020001077/0001558370-20-001077-index.htm,https://www.sec.gov/Archives/edgar/data/1292519/000155837020001077/nviv-20191231x10k.htm,1620595918,17:31:58,20210509
5,2019-09-30,NVIV,USD,2019-11-07,2019-11-07 16:31:40,Q3,0.0,0.0,0.0,0.0,1459000.0,1273000.0,0.0,2000.0,2732000.0,2732000.0,0.0,78000.0,-2654000.0,0.0,-2732000.0,0.0,2000.0,-2679000.0,0.0,0.0,-2679000.0,0.0,-8.700087,-8.700087,310395.0,310395.0,https://www.sec.gov/Archives/edgar/data/1292519/000155837019010402/0001558370-19-010402-index.htm,https://www.sec.gov/Archives/edgar/data/1292519/000155837019010402/nviv-20190930x10q.htm,1620595918,17:31:58,20210509
6,2019-06-30,NVIV,USD,2019-08-13,2019-08-13 08:01:16,Q2,0.0,0.0,0.0,0.0,1716000.0,1532000.0,0.0,32000.0,3248000.0,3248000.0,0.0,82000.0,-3166000.0,0.0,-3248000.0,0.0,32000.0,-3144000.0,0.0,0.0,-3144000.0,0.0,-10.200102,-10.200102,310375.0,310375.0,https://www.sec.gov/Archives/edgar/data/1292519/000155837019008016/0001558370-19-008016-index.htm,https://www.sec.gov/Archives/edgar/data/1292519/000155837019008016/nviv-20190630x10q.htm,1620595918,17:31:58,20210509
7,2019-03-31,NVIV,USD,2019-05-10,2019-04-01 08:02:41,Q1,0.0,0.0,0.0,0.0,1110000.0,1668000.0,0.0,44000.0,2778000.0,2778000.0,0.0,81000.0,-2697000.0,0.0,-2778000.0,0.0,44000.0,-2635000.0,0.0,0.0,-2635000.0,0.0,-8.400084,-8.400084,310345.0,310345.0,https://www.sec.gov/Archives/edgar/data/1292519/000155837019004777/0001558370-19-004777-index.htm,https://www.sec.gov/Archives/edgar/data/1292519/000155837019002671/nviv-20181231x10k.htm,1620595918,17:31:58,20210509
8,2018-12-31,NVIV,USD,2019-04-01,2019-04-01 08:02:41,Q4,0.0,0.0,0.0,0.0,1579000.0,1431000.0,0.0,401000.0,3010000.0,3010000.0,0.0,16000.0,-2994000.0,0.0,-3010000.0,0.0,401000.0,-2525000.0,0.0,0.0,-2525000.0,0.0,-8.136106591051893,-8.136106591051893,310345.0,310345.0,https://www.sec.gov/Archives/edgar/data/1292519/000155837019002671/0001558370-19-002671-index.htm,https://www.sec.gov/Archives/edgar/data/1292519/000155837019002671/nviv-20181231x10k.htm,1620595918,17:31:58,20210509
9,2018-09-30,NVIV,USD,2018-11-08,2018-11-08 16:02:35,Q3,0.0,0.0,0.0,0.0,928000.0,1185000.0,0.0,834000.0,2113000.0,2113000.0,0.0,17000.0,-2096000.0,0.0,-2113000.0,0.0,-1133000.0,-3175000.0,0.0,0.0,-3175000.0,0.0,-0.419974,-0.419974,7563487.0,7563487.0,https://www.sec.gov/Archives/edgar/data/1292519/000155837018008996/0001558370-18-008996-index.htm,https://www.sec.gov/Archives/edgar/data/1292519/000155837018008996/nviv-20180930x10q.htm,1620595918,17:31:58,20210509
10,2018-06-30,NVIV,USD,2018-08-07,2018-08-07 16:04:02,Q2,0.0,0.0,0.0,0.0,1026000.0,1786000.0,0.0,26000.0,2812000.0,2812000.0,0.0,18000.0,-2794000.0,0.0,-2812000.0,0.0,-10160000.0,-12939000.0,0.0,0.0,-12939000.0,0.0,-224.402244,-224.402244,57641.0,57641.0,https://www.sec.gov/Archives/edgar/data/1292519/000155837018006578/0001558370-18-006578-index.htm,https://www.sec.gov/Archives/edgar/data/1292519/000155837018006578/nviv-20180630x10q.htm,1620595918,17:31:58,20210509
11,2018-03-31,NVIV,USD,2018-05-07,2018-05-07 16:03:16,Q1,0.0,0.0,0.0,0.0,1398000.0,3434000.0,0.0,42000.0,4832000.0,4832000.0,0.0,40000.0,-4792000.0,0.0,-4832000.0,0.0,30000.0,-4784000.0,0.0,0.0,-4784000.0,0.0,-100.201002,-100.201002,47764.0,47764.0,https://www.sec.gov/Archives/edgar/data/1292519/000155837018004144/0001558370-18-004144-index.htm,https://www.sec.gov/Archives/edgar/data/1292519/000155837018001864/nviv-20171231x10k.htm,1620595918,17:31:58,20210509
12,2017-12-31,NVIV,USD,2018-03-12,2018-03-12 08:01:27,Q4,0.0,0.0,0.0,0.0,1561000.0,0.0,0.0,0.0,4682000.0,4682000.0,16000.0,8000.0,-4674000.0,0.0,-4682000.0,0.0,-3000.0,-4664000.0,0.0,0.0,-4664000.0,0.0,-97.6467632526589,-97.6467632526589,47764.0,47764.0,https://www.sec.gov/Archives/edgar/data/1292519/000155837018001864/0001558370-18-001864-index.htm,https://www.sec.gov/Archives/edgar/data/1292519/000155837018001864/nviv-20171231x10k.htm,1620595918,17:31:58,20210509
13,2017-09-30,NVIV,USD,2017-10-30,2017-10-30 16:02:38,Q3,0.0,0.0,0.0,0.0,2928000.0,0.0,0.0,0.0,6316000.0,6316000.0,18000.0,123000.0,-6193000.0,0.0,-6316000.0,0.0,-3059000.0,-9350000.0,0.0,0.0,-9350000.0,0.0,-210.0021,-210.0021,44592.0,44592.0,https://www.sec.gov/Archives/edgar/data/1292519/000155837017007711/0001558370-17-007711-index.htm,https://www.sec.gov/Archives/edgar/data/1292519/000155837017007711/nviv-20170930x10q.htm,1620595918,17:31:58,20210509
14,2017-06-30,NVIV,USD,2017-08-08,2017-08-08 16:08:13,Q2,0.0,0.0,0.0,0.0,3211000.0,0.0,0.0,0.0,6926000.0,6926000.0,20000.0,129000.0,-6797000.0,0.0,-6926000.0,0.0,554000.0,-6340000.0,0.0,0.0,-6340000.0,0.0,-150.0015,-150.0015,42913.0,42913.0,https://www.sec.gov/Archives/edgar/data/1292519/000155837017006275/0001558370-17-006275-index.htm,https://www.sec.gov/Archives/edgar/data/1292519/000155837017006275/nviv-20170630x10q.htm,1620595918,17:31:58,20210509
15,2017-03-31,NVIV,USD,2017-05-04,2017-05-04 16:05:25,Q1,0.0,0.0,0.0,0.0,3384000.0,0.0,0.0,0.0,6669000.0,6669000.0,20000.0,135000.0,-6534000.0,0.0,-6669000.0,0.0,241000.0,-6391000.0,0.0,0.0,-6391000.0,0.0,-150.0015,-150.0015,42773.0,42773.0,https://www.sec.gov/Archives/edgar/data/1292519/000155837017003509/0001558370-17-003509-index.htm,https://www.sec.gov/Archives/edgar/data/1292519/000155837017001622/nviv-20161231x10k.htm,1620595918,17:31:58,20210509
16,2016-12-31,NVIV,USD,2017-03-10,2017-03-10 16:07:37,Q4,0.0,0.0,0.0,0.0,3898000.0,0.0,0.0,0.0,6831000.0,6831000.0,38000.0,136000.0,-6695000.0,0.0,-6831000.0,0.0,1381000.0,-5434000.0,0.0,0.0,-5434000.0,0.0,-127.0427606200173,-127.0427606200173,42773.0,42773.0,https://www.sec.gov/Archives/edgar/data/1292519/000155837017001622/0001558370-17-001622-index.htm,https://www.sec.gov/Archives/edgar/data/1292519/000155837017001622/nviv-20161231x10k.htm,1620595918,17:31:58,20210509
17,2016-09-30,NVIV,USD,2016-11-04,2016-11-04 16:07:46,Q3,0.0,0.0,0.0,0.0,3294000.0,0.0,0.0,0.0,5878000.0,5878000.0,32000.0,133000.0,-5745000.0,0.0,-5878000.0,0.0,-336000.0,-6196000.0,0.0,0.0,-6196000.0,0.0,-142.501425,-142.501425,42624.0,42624.0,https://www.sec.gov/Archives/edgar/data/1292519/000155837016009365/0001558370-16-009365-index.htm,https://www.sec.gov/Archives/edgar/data/1292519/000155837016009365/nviv-20160930x10q.htm,1620595918,17:31:58,20210509
18,2016-06-30,NVIV,USD,2016-08-04,2016-08-04 16:03:23,Q2,0.0,0.0,0.0,0.0,2795000.0,0.0,0.0,0.0,5786000.0,5786000.0,29000.0,138000.0,-5648000.0,0.0,-5786000.0,0.0,595000.0,-5184000.0,0.0,0.0,-5184000.0,0.0,-120.0012,-120.0012,42543.0,42543.0,https://www.sec.gov/Archives/edgar/data/1292519/000110465916137012/0001104659-16-137012-index.htm,https://www.sec.gov/Archives/edgar/data/1292519/000110465916137012/a16-11613_110q.htm,1620595918,17:31:58,20210509
19,2016-03-31,NVIV,USD,2016-05-06,2016-05-06 16:11:38,Q1,0.0,0.0,0.0,0.0,2568000.0,0.0,0.0,0.0,5567000.0,5567000.0,63000.0,146000.0,-5421000.0,0.0,-5567000.0,0.0,-1047000.0,-6623000.0,0.0,0.0,-6623000.0,0.0,-180.0018,-180.0018,37561.0,37561.0,https://www.sec.gov/Archives/edgar/data/1292519/000110465916118757/0001104659-16-118757-index.htm,https://www.sec.gov/Archives/edgar/data/1292519/000104746916010780/a2227601z10-k.htm,1620595918,17:31:58,20210509
20,2015-12-31,NVIV,USD,2016-03-04,2016-03-04 16:14:17,Q4,0.0,0.0,0.0,0.0,2778000.0,0.0,0.0,0.0,5257000.0,5257000.0,75000.0,162000.0,-5095000.0,0.0,-5257000.0,0.0,545000.0,-4733000.0,0.0,0.0,-4733000.0,0.0,-126.00835973483134,-126.00835973483134,37561.0,37561.0,https://www.sec.gov/Archives/edgar/data/1292519/000104746916010780/0001047469-16-010780-index.htm,https://www.sec.gov/Archives/edgar/data/1292519/000104746916010780/a2227601z10-k.htm,1620595918,17:31:58,20210509
21,2015-09-30,NVIV,USD,2015-11-04,2015-11-04 16:21:38,Q3,0.0,0.0,0.0,0.0,2432000.0,0.0,0.0,0.0,5869000.0,5869000.0,32000.0,175000.0,-5694000.0,0.0,-5869000.0,0.0,3591000.0,-2308000.0,0.0,0.0,-2308000.0,0.0,-67.500675,-67.500675,36013.0,36013.0,https://www.sec.gov/Archives/edgar/data/1292519/000110465915075767/0001104659-15-075767-index.htm,https://www.sec.gov/Archives/edgar/data/1292519/000110465915075767/a15-17843_110q.htm,1620595918,17:31:58,20210509
22,2015-06-30,NVIV,USD,2015-08-05,2015-08-05 16:02:10,Q2,0.0,0.0,0.0,0.0,2546000.0,0.0,0.0,0.0,5760000.0,5760000.0,32000.0,174000.0,-5586000.0,0.0,-5760000.0,0.0,-4653000.0,-10443000.0,0.0,0.0,-10443000.0,0.0,-292.502925,-292.502925,35343.0,35343.0,https://www.sec.gov/Archives/edgar/data/1292519/000110465915056483/0001104659-15-056483-index.htm,https://www.sec.gov/Archives/edgar/data/1292519/000110465915056483/a15-11914_110q.htm,1620595918,17:31:58,20210509
23,2015-03-31,NVIV,USD,2015-05-07,2015-05-07 16:11:25,Q1,0.0,0.0,0.0,0.0,2303000.0,0.0,0.0,0.0,5511000.0,5511000.0,34000.0,178000.0,-5333000.0,0.0,-5511000.0,0.0,-10286000.0,-15830000.0,0.0,0.0,-15830000.0,0.0,-480.0048,-480.0048,33212.0,33212.0,https://www.sec.gov/Archives/edgar/data/1292519/000110465915035577/0001104659-15-035577-index.htm,https://www.sec.gov/Archives/edgar/data/1292519/000104746915001983/a2223342z10-k.htm,1620595918,17:31:58,20210509
24,2014-12-31,NVIV,USD,2015-03-11,2015-03-11 16:13:24,Q4,0.0,0.0,0.0,0.0,1595000.0,0.0,0.0,0.0,3844000.0,3844000.0,34000.0,184000.0,-3660000.0,0.0,-3844000.0,0.0,-4508000.0,-8385000.0,0.0,0.0,-8385000.0,0.0,-252.46898711309166,-252.46898711309166,33212.0,33212.0,https://www.sec.gov/Archives/edgar/data/1292519/000104746915001983/0001047469-15-001983-index.htm,https://www.sec.gov/Archives/edgar/data/1292519/000104746915001983/a2223342z10-k.htm,1620595918,17:31:58,20210509
25,2014-09-30,NVIV,USD,2014-11-05,2014-11-05 16:03:53,Q3,0.0,0.0,0.0,0.0,2385000.0,0.0,0.0,0.0,4185000.0,4185000.0,35000.0,190000.0,-3995000.0,0.0,-4185000.0,0.0,3005000.0,-1213000.0,0.0,0.0,-1213000.0,0.0,-30.0003,-30.0003,33878.0,33878.0,https://www.sec.gov/Archives/edgar/data/1292519/000110465914077046/0001104659-14-077046-index.htm,https://www.sec.gov/Archives/edgar/data/1292519/000110465914077046/a14-19911_110q.htm,1620595918,17:31:58,20210509
26,2014-06-30,NVIV,USD,2014-08-06,2014-08-06 16:01:44,Q2,0.0,0.0,0.0,0.0,3051000.0,0.0,0.0,0.0,4739000.0,4739000.0,35000.0,183000.0,-4556000.0,0.0,-4739000.0,0.0,1127000.0,-3646000.0,0.0,0.0,-3646000.0,0.0,-120.0012,-120.0012,29094.0,29094.0,https://www.sec.gov/Archives/edgar/data/1292519/000110465914057561/0001104659-14-057561-index.htm,https://www.sec.gov/Archives/edgar/data/1292519/000110465914057561/a14-14219_110q.htm,1620595918,17:31:58,20210509
27,2014-03-31,NVIV,USD,2014-05-12,2014-05-12 16:01:52,Q1,0.0,0.0,0.0,0.0,3242000.0,0.0,0.0,0.0,5071000.0,5071000.0,33000.0,195000.0,-4876000.0,0.0,-5071000.0,0.0,0.0,-5103000.0,0.0,0.0,-5103000.0,0.0,-210.0021,-210.0021,24720.0,24720.0,https://www.sec.gov/Archives/edgar/data/1292519/000110465914037599/0001104659-14-037599-index.htm,https://www.sec.gov/Archives/edgar/data/1292519/000104746914002514/a2218658z10-k.htm,1620595918,17:31:58,20210509
28,2013-12-31,NVIV,USD,2014-03-17,2014-03-17 16:07:33,Q4,0.0,0.0,0.0,0.0,3707497.0,0.0,0.0,0.0,5675001.0,5675001.0,34494.0,195546.0,-5479455.0,0.0,-5675001.0,0.0,0.0,-5707280.0,0.0,0.0,-5707280.0,0.0,-230.8770226537217,-230.8770226537217,24720.0,24720.0,https://www.sec.gov/Archives/edgar/data/1292519/000104746914002514/0001047469-14-002514-index.htm,https://www.sec.gov/Archives/edgar/data/1292519/000104746914002514/a2218658z10-k.htm,1620595918,17:31:58,20210509
29,2013-09-30,NVIV,USD,2013-11-07,2013-11-07 16:03:19,Q3,0.0,0.0,0.0,0.0,3021166.0,0.0,0.0,0.0,5406700.0,5406700.0,34053.0,191983.0,-5214717.0,0.0,-5406700.0,0.0,0.0,-5436600.0,0.0,0.0,-5436600.0,0.0,-210.0021,-210.0021,26200.0,26200.0,https://www.sec.gov/Archives/edgar/data/1292519/000119312513432773/0001193125-13-432773-index.htm,https://www.sec.gov/Archives/edgar/data/1292519/000119312513432773/d585589d10q.htm,1620595918,17:31:58,20210509
30,2013-06-30,NVIV,USD,2013-08-07,2013-08-07 16:30:49,Q2,0.0,0.0,0.0,0.0,2590858.0,0.0,0.0,0.0,5072034.0,5072034.0,32800.0,186673.0,-4885361.0,0.0,-5072034.0,0.0,-9187282.0,-14285785.0,0.0,0.0,-14285785.0,0.0,-600.006,-600.006,24129.0,24129.0,https://www.sec.gov/Archives/edgar/data/1292519/000119312513324295/0001193125-13-324295-index.htm,https://www.sec.gov/Archives/edgar/data/1292519/000119312513324295/d540825d10q.htm,1620595918,17:31:58,20210509
31,2013-03-31,NVIV,USD,2013-05-09,2013-05-09 06:15:05,Q1,0.0,0.0,0.0,0.0,1213483.0,0.0,0.0,0.0,2851466.0,2851466.0,28555.0,166490.0,-2684976.0,0.0,-2851466.0,0.0,-10448816.0,-13326257.0,0.0,0.0,-13326257.0,0.0,-600.006,-600.006,22014.0,22014.0,https://www.sec.gov/Archives/edgar/data/1292519/000119312513208945/0001193125-13-208945-index.htm,https://www.sec.gov/Archives/edgar/data/1292519/000119312513103355/d444701d10k.htm,1620595918,17:31:58,20210509
32,2012-12-31,NVIV,USD,2013-03-12,2013-03-12 17:07:13,Q4,0.0,0.0,0.0,0.0,2752995.0,0.0,0.0,0.0,4722722.0,4722722.0,43579.0,148314.0,-4574408.0,0.0,-4722722.0,0.0,-3956979.0,0.0,0.0,0.0,-8715938.0,0.0,-395.9270464250023,-395.9270464250023,22014.0,22014.0,https://www.sec.gov/Archives/edgar/data/1292519/000119312513103355/0001193125-13-103355-index.htm,https://www.sec.gov/Archives/edgar/data/1292519/000119312513103355/d444701d10k.htm,1620595918,17:31:58,20210509
33,2012-09-30,NVIV,USD,2012-11-13,2012-11-13 16:31:38,Q3,0.0,0.0,0.0,0.0,1374852.0,0.0,0.0,0.0,2840901.0,2840901.0,12454.0,121771.0,-2719130.0,0.0,-2840901.0,0.0,10869209.0,0.0,0.0,0.0,8028915.0,0.0,360.0036,330.0033,21702.0,24719.0,https://www.sec.gov/Archives/edgar/data/1292519/000119312512467498/0001193125-12-467498-index.htm,https://www.sec.gov/Archives/edgar/data/1292519/000119312512467498/d399033d10q.htm,1620595918,17:31:58,20210509
34,2012-06-30,NVIV,USD,2012-08-13,2012-08-13 16:16:08,Q2,0.0,0.0,0.0,0.0,1307395.0,0.0,0.0,0.0,2755063.0,2755063.0,10687.0,54238.0,-2700825.0,0.0,-2755063.0,0.0,4954238.0,0.0,0.0,0.0,2200832.0,0.0,102.99663047547735,88.89018134819662,21368.0,24759.0,https://www.sec.gov/Archives/edgar/data/1292519/000119312512352424/0001193125-12-352424-index.htm,https://www.sec.gov/Archives/edgar/data/1292519/000119312512352424/d362309d10q.htm,1620595918,17:31:58,20210509
35,2012-03-31,NVIV,USD,2012-05-14,2012-05-14 16:32:32,Q1,0.0,0.0,0.0,0.0,940553.0,0.0,0.0,0.0,2460765.0,2460765.0,5006.0,42570.0,-2418195.0,0.0,-2460765.0,0.0,5613206.0,0.0,0.0,0.0,3149872.0,0.0,162.91879590358954,136.9390487783671,19334.0,23002.0,https://www.sec.gov/Archives/edgar/data/1292519/000119312512231433/0001193125-12-231433-index.htm,https://www.sec.gov/Archives/edgar/data/1292519/000119312512116041/d267182d10k.htm,1620595918,17:31:58,20210509
36,2011-12-31,NVIV,USD,2012-03-15,2012-03-15 07:12:11,Q4,0.0,0.0,0.0,0.0,1057421.0,0.0,0.0,0.0,2517416.0,2517416.0,5526.0,43063.0,-2474353.0,0.0,-2517416.0,0.0,-32625414.0,0.0,0.0,0.0,-35147136.0,0.0,-1817.8926243922624,-1817.8926243922624,19334.0,19334.0,https://www.sec.gov/Archives/edgar/data/1292519/000119312512116041/0001193125-12-116041-index.htm,https://www.sec.gov/Archives/edgar/data/1292519/000119312512116041/d267182d10k.htm,1620595918,17:31:58,20210509
37,2011-09-30,NVIV,USD,2011-11-14,2011-11-14 16:39:48,Q3,0.0,0.0,0.0,0.0,1016865.0,0.0,0.0,0.0,2213320.0,2213320.0,0.0,38981.0,-2174339.0,0.0,-2213320.0,0.0,5275591.0,0.0,0.0,0.0,3067049.0,0.0,177.3270698427382,169.55326441483774,17296.0,18089.0,https://www.sec.gov/Archives/edgar/data/1292519/000119312511311102/0001193125-11-311102-index.htm,https://www.sec.gov/Archives/edgar/data/1292519/000119312511311102/d231299d10q.htm,1620595918,17:31:58,20210509
38,2011-06-30,NVIV,USD,2011-08-10,2011-08-10 17:00:04,Q2,0.0,0.0,0.0,0.0,1392238.0,0.0,0.0,0.0,2527341.0,2527341.0,8682.0,34639.0,-2492702.0,0.0,-2527341.0,0.0,1162897.0,-1370138.0,0.0,0.0,-1370138.0,0.0,-90.0009,-90.0009,17225.0,17225.0,https://www.sec.gov/Archives/edgar/data/1292519/000119312511218235/0001193125-11-218235-index.htm,https://www.sec.gov/Archives/edgar/data/1292519/000119312511218235/d10q.htm,1620595918,17:31:58,20210509
39,2011-03-31,NVIV,USD,2011-05-16,2011-05-16 06:12:37,Q1,0.0,0.0,0.0,0.0,636323.0,0.0,0.0,0.0,1400642.0,1400642.0,1513.0,27979.0,-1372663.0,0.0,-1400642.0,0.0,121347.0,0.0,0.0,0.0,-1277990.0,0.0,-60.0006,-60.0006,17220.0,17220.0,https://www.sec.gov/Archives/edgar/data/1292519/000119312511140265/0001193125-11-140265-index.htm,https://www.sec.gov/Archives/edgar/data/1292519/000119312511076482/d10k.htm,1620595918,17:31:58,20210509
40,2010-12-31,NVIV,USD,2011-03-24,2011-03-24 16:10:49,Q4,0.0,0.0,0.0,0.0,1673202.0,1670000.0,0.0,-5659958000.0,3340000.0,3340000.0,564443000.0,40000.0,-3300000.0,0.0,-3340000.0,0.0,-5659958.0,-7850000.0,0.0,0.0,-7850000.0,0.0,-11.89394,-11.89394,660000.0,660000.0,https://www.sec.gov/Archives/edgar/data/1292519/000119312511076482/0001193125-11-076482-index.htm,https://www.sec.gov/Archives/edgar/data/1292519/000119312511076482/d10k.htm,1620595918,17:31:58,20210509
41,2010-09-30,NVIV,USD,2010-10-19,2010-10-19 13:49:55,Q3,0.0,0.0,0.0,0.0,0.0,0.0,0.0,0.0,23668.0,23668.0,3554.0,0.0,-23661.0,0.0,-23668.0,0.0,0.0,-27215.0,0.0,60.0,-27275.0,0.0,-7.294731211553891,-7.294731211553891,3739.0,3739.0,https://www.sec.gov/Archives/edgar/data/1292519/000114420410054392/0001144204-10-054392-index.htm,https://www.sec.gov/Archives/edgar/data/1292519/000114420410054392/v199350_10q.htm,1620595918,17:31:58,20210509
42,2010-06-30,NVIV,USD,2010-08-12,2010-08-12 13:51:12,Q2,0.0,0.0,0.0,0.0,0.0,0.0,0.0,0.0,26161.0,26161.0,2694.0,0.0,-26161.0,0.0,-26161.0,0.0,0.0,0.0,0.0,0.0,-28850.0,0.0,-7.71596683605242,-7.71596683605242,3739.0,3739.0,https://www.sec.gov/Archives/edgar/data/1292519/000114420410043113/0001144204-10-043113-index.htm,https://www.sec.gov/Archives/edgar/data/1292519/000114420410033881/v188236_10k.htm,1620595918,17:31:58,20210509
43,2010-03-31,NVIV,USD,2010-06-17,2010-06-17 11:37:08,Q1,0.0,0.0,0.0,0.0,0.0,0.0,0.0,0.0,6782.0,6782.0,1625.0,0.0,-6782.0,0.0,-6782.0,0.0,0.0,0.0,0.0,0.0,-8409.0,0.0,-2.2489970580369083,-2.2489970580369083,3739.0,3739.0,https://www.sec.gov/Archives/edgar/data/1292519/000114420410033881/0001144204-10-033881-index.htm,https://www.sec.gov/Archives/edgar/data/1292519/000114420410033881/v188236_10k.htm,1620595918,17:31:58,20210509
44,2009-12-31,NVIV,USD,2010-02-03,2010-02-03 12:58:52,Q4,0.0,0.0,0.0,0.0,0.0,0.0,0.0,0.0,6098.0,6098.0,1664.0,0.0,-6098.0,0.0,-6098.0,0.0,0.0,0.0,0.0,0.0,-7762.0,0.0,-2.075956138004814,-2.075956138004814,3739.0,3739.0,https://www.sec.gov/Archives/edgar/data/1292519/000114420410005090/0001144204-10-005090-index.htm,https://www.sec.gov/Archives/edgar/data/1292519/000114420410005090/v172994_10q.htm,1620595918,17:31:58,20210509
45,2009-09-30,NVIV,USD,2009-11-09,2009-11-09 14:29:42,Q3,0.0,0.0,0.0,0.0,0.0,0.0,0.0,0.0,8662.0,8662.0,1663.0,0.0,-8662.0,0.0,-8662.0,0.0,0.0,0.0,0.0,0.0,-10325.0,0.0,-2.761433538379246,-2.761433538379246,3739.0,3739.0,https://www.sec.gov/Archives/edgar/data/1292519/000114420409057389/0001144204-09-057389-index.htm,https://www.sec.gov/Archives/edgar/data/1292519/000114420409057389/v165324_10q.htm,1620595918,17:31:58,20210509
46,2009-06-30,NVIV,USD,2009-07-27,2009-07-27 10:11:08,Q2,0.0,0.0,0.0,0.0,0.0,0.0,0.0,0.0,34520.0,34520.0,958.0,0.0,-34520.0,0.0,-34520.0,0.0,0.0,0.0,0.0,0.0,-35476.0,0.0,-9.488098422037979,-9.488098422037979,3739.0,3739.0,https://www.sec.gov/Archives/edgar/data/1292519/000114420409038832/0001144204-09-038832-index.htm,https://www.sec.gov/Archives/edgar/data/1292519/000114420409034942/v153460_10k.htm,1620595918,17:31:58,20210509
47,2009-03-31,NVIV,USD,2009-06-29,2009-06-29 16:38:28,Q1,0.0,0.0,0.0,0.0,0.0,0.0,0.0,0.0,37961.0,37961.0,0.0,0.0,-37961.0,0.0,-37961.0,0.0,0.0,-37961.0,0.0,0.0,-37961.0,0.0,-10.152714629580101,-10.152714629580101,3739.0,3739.0,https://www.sec.gov/Archives/edgar/data/1292519/000114420409034942/0001144204-09-034942-index.htm,https://www.sec.gov/Archives/edgar/data/1292519/000114420409034942/v153460_10k.htm,1620595918,17:31:58,20210509
48,2008-12-31,NVIV,USD,2009-02-12,2009-02-12 13:14:59,Q4,0.0,0.0,0.0,0.0,0.0,0.0,0.0,0.0,3188.0,3188.0,0.0,0.0,-3188.0,0.0,-3188.0,0.0,0.0,-3188.0,0.0,0.0,-3188.0,0.0,-0.8526343942230543,-0.8526343942230543,3739.0,3739.0,https://www.sec.gov/Archives/edgar/data/1292519/000114420409007305/0001144204-09-007305-index.htm,https://www.sec.gov/Archives/edgar/data/1292519/000114420409007305/v139641_10q.htm,1620595918,17:31:58,20210509
49,2008-09-30,NVIV,USD,2008-10-28,2008-10-28 15:51:40,Q3,0.0,0.0,0.0,0.0,0.0,0.0,0.0,0.0,-3110.0,-3110.0,0.0,0.0,-3110.0,0.0,3110.0,0.0,0.0,-3110.0,0.0,0.0,-3110.0,0.0,-0.8317732013907462,-0.8317732013907462,3739.0,3739.0,https://www.sec.gov/Archives/edgar/data/1292519/000114420408059708/0001144204-08-059708-index.htm,https://www.sec.gov/Archives/edgar/data/1292519/000114420408059708/v129884_10q.htm,1620595918,17:31:58,20210509
50,2008-06-30,NVIV,USD,2008-08-11,2008-08-11 09:36:24,Q2,0.0,0.0,0.0,0.0,0.0,0.0,0.0,0.0,20248.0,20248.0,0.0,0.0,-20248.0,0.0,-20248.0,0.0,0.0,-20248.0,0.0,0.0,-20248.0,0.0,-5.415351698315058,-5.415351698315058,3739.0,3739.0,https://www.sec.gov/Archives/edgar/data/1292519/000114420408045107/0001144204-08-045107-index.htm,https://www.sec.gov/Archives/edgar/data/1292519/000114420408037508/v118546_10ksb.htm,1620595918,17:31:58,20210509
51,2008-03-31,NVIV,USD,2008-06-30,2008-06-30 15:34:45,Q4,0.0,0.0,0.0,0.0,0.0,0.0,0.0,0.0,26414.0,26414.0,0.0,0.0,-26414.0,0.0,-26414.0,0.0,0.0,-26414.0,0.0,0.0,-26414.0,0.0,-7.0644557368280285,-7.0644557368280285,3739.0,3739.0,https://www.sec.gov/Archives/edgar/data/1292519/000114420408037508/0001144204-08-037508-index.htm,https://www.sec.gov/Archives/edgar/data/1292519/000114420408037508/v118546_10ksb.htm,1620595918,17:31:58,20210509
52,2007-12-31,NVIV,USD,2008-02-14,2008-02-14 16:30:39,Q3,0.0,0.0,0.0,0.0,0.0,6603.0,0.0,0.0,6603.0,6603.0,0.0,0.0,-6603.0,0.0,-6603.0,0.0,0.0,-6603.0,0.0,0.0,-6603.0,0.0,-1.8485442329227324,-1.8485442329227324,3572.0,3572.0,https://www.sec.gov/Archives/edgar/data/1292519/000114420408009547/0001144204-08-009547-index.htm,https://www.sec.gov/Archives/edgar/data/1292519/000114420408009547/v103847_10qsb.htm,1620595918,17:31:58,20210509
53,2007-09-30,NVIV,USD,2007-11-08,2007-11-08 13:06:56,Q2,0.0,0.0,0.0,0.0,0.0,7.0,0.0,0.0,7.0,7.0,0.0,0.0,7.0,0.0,-7.0,0.0,0.0,7.0,0.0,0.0,7.0,0.0,0.001959686450167973,0.001959686450167973,3572.0,3572.0,https://www.sec.gov/Archives/edgar/data/1292519/000114420407059160/0001144204-07-059160-index.htm,https://www.sec.gov/Archives/edgar/data/1292519/000114420407059160/v092820_10qsb.htm,1620595918,17:31:58,20210509
54,2007-06-30,NVIV,USD,2007-08-14,2007-08-14 13:58:50,Q1,0.0,0.0,0.0,0.0,0.0,4175.0,0.0,0.0,4175.0,4175.0,0.0,0.0,-4169.0,0.0,-4175.0,0.0,0.0,-4169.0,0.0,0.0,-4169.0,0.0,-1.1671332586786114,-1.1671332586786114,3572.0,3572.0,https://www.sec.gov/Archives/edgar/data/1292519/000100201407000663/0001002014-07-000663-index.htm,https://www.sec.gov/Archives/edgar/data/1292519/000100201407000583/dsi10ksb2007.htm,1620595918,17:31:58,20210509
55,2007-03-31,NVIV,USD,2007-07-16,2007-07-16 16:21:33,Q4,0.0,0.0,0.0,0.0,0.0,348372.0,-1786.0,0.0,347622.0,347622.0,0.0,0.0,-347319.0,0.0,-347622.0,0.0,0.0,-347319.0,0.0,0.0,-347319.0,0.0,-97.23376259798432,-97.23376259798432,3572.0,3572.0,https://www.sec.gov/Archives/edgar/data/1292519/000100201407000583/0001002014-07-000583-index.htm,https://www.sec.gov/Archives/edgar/data/1292519/000100201407000583/dsi10ksb2007.htm,1620595918,17:31:58,20210509
56,2006-12-31,NVIV,USD,2007-02-14,2007-02-13 19:10:44,Q3,0.0,0.0,0.0,0.0,0.0,32178.0,1287.0,0.0,33465.0,33465.0,0.0,0.0,-33134.0,0.0,-33465.0,0.0,-250.0,-33384.0,0.0,0.0,-33384.0,0.0,-30.0003,-30.0003,1389.0,1389.0,https://www.sec.gov/Archives/edgar/data/1292519/000100201407000113/0001002014-07-000113-index.htm,https://www.sec.gov/Archives/edgar/data/1292519/000100201407000113/dsi10qsb12312006.htm,1620595918,17:31:58,20210509
57,2006-09-30,NVIV,USD,2006-11-14,2006-11-14 13:31:21,Q2,0.0,0.0,0.0,0.0,0.0,46225.0,4499.0,0.0,50724.0,50724.0,300.0,0.0,-49791.0,0.0,-50724.0,0.0,0.0,-50091.0,0.0,0.0,-50091.0,0.0,-30.0003,-30.0003,1389.0,1389.0,https://www.sec.gov/Archives/edgar/data/1292519/000100201406000881/0001002014-06-000881-index.htm,https://www.sec.gov/Archives/edgar/data/1292519/000100201406000881/designsource10qfor09302006.htm,1620595918,17:31:58,20210509
58,2006-06-30,NVIV,USD,2006-08-25,2006-08-25 13:42:42,Q1,0.0,0.0,0.0,0.0,0.0,18185.0,2000.0,0.0,20185.0,20185.0,273.0,0.0,-19381.0,0.0,-20185.0,0.0,0.0,-19654.0,0.0,0.0,-19654.0,0.0,-14.149748020158388,-14.149748020158388,1389.0,1389.0,https://www.sec.gov/Archives/edgar/data/1292519/000100201406000629/0001002014-06-000629-index.htm,https://www.sec.gov/Archives/edgar/data/1292519/000100201406000479/dsi10ksb2006.htm,1620595918,17:31:58,20210509
59,2006-03-31,NVIV,USD,2006-06-29,2006-06-29 16:04:55,Q4,0.0,0.0,0.0,0.0,0.0,21246.0,0.0,0.0,21246.0,21246.0,280.0,0.0,-21246.0,0.0,-21246.0,0.0,0.0,-21526.0,0.0,0.0,-21526.0,0.0,-15.497480201583873,-15.497480201583873,1389.0,1389.0,https://www.sec.gov/Archives/edgar/data/1292519/000100201406000479/0001002014-06-000479-index.htm,https://www.sec.gov/Archives/edgar/data/1292519/000100201406000479/dsi10ksb2006.htm,1620595918,17:31:58,20210509
