,date,symbol,reportedCurrency,fillingDate,acceptedDate,period,revenue,costOfRevenue,grossProfit,grossProfitRatio,researchAndDevelopmentExpenses,generalAndAdministrativeExpenses,sellingAndMarketingExpenses,otherExpenses,operatingExpenses,costAndExpenses,interestExpense,depreciationAndAmortization,ebitda,ebitdaratio,operatingIncome,operatingIncomeRatio,totalOtherIncomeExpensesNet,incomeBeforeTax,incomeBeforeTaxRatio,incomeTaxExpense,netIncome,netIncomeRatio,eps,epsdiluted,weightedAverageShsOut,weightedAverageShsOutDil,link,finalLink,timestamp,est_time,est_date
0,2021-03-31,RTX,USD,2021-04-27,2021-04-27 16:05:56,Q1,15251000000,12537000000,2714000000,0.17795554389876073,589000000,0.0,0.0,491000000.0,1701000000,14238000000,357000000.0,1123000000,2136000000,0.14005638974493476,1013000000,0.0759294472493607,491000000.0,1158000000,0.0759294472493607,345000000,753000000,0.049373811553340766,0.5,0.5,1511100000,1514100000,https://www.sec.gov/Archives/edgar/data/101829/000010182921000024/0000101829-21-000024-index.htm,https://www.sec.gov/Archives/edgar/data/101829/000010182921000024/rtx-20210331.htm,1620597456,17:57:36,20210509
1,2020-12-31,RTX,USD,2021-02-08,2021-02-08 17:07:52,Q4,16419000000,14266000000,2153000000,0.1311285705584993,710000000,1351000000.0,0.0,244000000.0,2011000000,16277000000,349000000.0,1153000000,1295000000,0.07887203849199098,142000000,0.008648516962056154,244000000.0,37000000,0.002253486814056885,-178000000,135000000,0.008222181618856203,0.08926800238048006,0.08908538999604065,1512300000,1515400000,https://www.sec.gov/Archives/edgar/data/101829/000010182921000008/0000101829-21-000008-index.htm,https://www.sec.gov/Archives/edgar/data/101829/000010182921000008/rtx-20201231.htm,1620597456,17:57:36,20210509
2,2020-09-30,RTX,USD,2020-10-27,2020-10-27 16:43:53,Q3,14747000000,13004000000,1743000000,0.11819353088763816,642000000,1401000000.0,0.0,253000000.0,1309000000,14313000000,356000000.0,1164000000,1598000000,0.1083610225808639,434000000,0.029429714518207094,253000000.0,337000000,0.022852105512985693,152000000,264000000,0.01790194615854072,0.17466093284816409,0.17434949148064985,1511500000,1514200000,https://www.sec.gov/Archives/edgar/data/101829/000010182920000071/0000101829-20-000071-index.htm,https://www.sec.gov/Archives/edgar/data/101829/000010182920000071/utx-20200930.htm,1620597456,17:57:36,20210509
3,2020-06-30,RTX,USD,2020-07-29,2020-07-29,Q2,14061000000,12214000000,1847000000,0.1313562335538013,695000000,1811000000.0,0.0,237000000.0,2424000000,14638000000,346000000.0,859000000,282000000,0.020055472583742264,-577000000,-0.04103548822985563,-2946000000.0,-3858000000,-0.2743759334328995,-38000000,-3835000000,-0.27274020339947375,-2.55,-2.55,1501300000,1501300000,https://www.sec.gov/Archives/edgar/data/101829/000010182920000055/0000101829-20-000055-index.htm,https://www.sec.gov/ix?doc=/Archives/edgar/data/101829/000010182920000055/utx-20200630.htm,1620597456,17:57:36,20210509
4,2020-03-31,RTX,USD,2020-05-07,2020-05-07 16:54:21,Q1,18210000000,13408000000,4802000000,0.2637012630422845,671000000,2248000000.0,0.0,188000000.0,2995000000,16403000000,400000000.0,980000000,2787000000,0.15304777594728172,1807000000,0.09923119165293795,-472000000.0,955000000,0.052443712246018674,941000000,-83000000,-0.004557935200439319,-0.1,-0.1,858400000,858400000,https://www.sec.gov/Archives/edgar/data/101829/000010182920000034/0000101829-20-000034-index.htm,https://www.sec.gov/Archives/edgar/data/101829/000010182920000013/utx-20191231_d2.htm,1620597456,17:57:36,20210509
5,2019-12-31,RTX,USD,2020-02-06,2020-02-06 06:55:54,Q4,19551000000,14734000000,4817000000,0.24638125927062554,812000000,2314000000.0,0.0,161000000.0,2966000000,17700000000,450000000.0,952000000,2803000000,0.143368625645747,1851000000,0.09467546417063066,161000000.0,1593000000,0.08147920822464325,326000000,1143000000,0.058462482737455884,1.33,1.32,856000000,867000000,https://www.sec.gov/Archives/edgar/data/101829/000010182920000013/0000101829-20-000013-index.htm,https://www.sec.gov/Archives/edgar/data/101829/000010182920000013/utx-20191231_d2.htm,1620597456,17:57:36,20210509
6,2019-09-30,RTX,USD,2019-10-25,2019-10-24 21:23:37,Q3,19496000000,14211000000,5285000000,0.2710812474353714,732000000,2104000000.0,0.0,303000000.0,2799000000,17010000000,435000000.0,967000000,3453000000,0.17711325400082067,2486000000,0.12751333606893722,303000000.0,2388000000,0.12248666393106278,1131000000,1148000000,0.058883873615100536,1.34,1.33,855000000,864000000,https://www.sec.gov/Archives/edgar/data/101829/000010182919000047/0000101829-19-000047-index.htm,https://www.sec.gov/Archives/edgar/data/101829/000010182919000047/a2019-09x3010xq.htm,1620597456,17:57:36,20210509
7,2019-06-30,RTX,USD,2019-07-26,2019-07-26 06:20:49,Q2,19634000000,14413000000,5221000000,0.2659162676988897,743000000,2106000000.0,0.0,216000000.0,2637000000,17050000000,438000000.0,922000000,3506000000,0.17856779056738312,2584000000,0.131608434348579,216000000.0,2440000000,0.12427421819293064,441000000,1900000000,0.09677090760924927,2.22,2.2,854000000,864000000,https://www.sec.gov/Archives/edgar/data/101829/000010182919000038/0000101829-19-000038-index.htm,https://www.sec.gov/Archives/edgar/data/101829/000010182919000038/a2019-06x3010xq.htm,1620597456,17:57:36,20210509
8,2019-03-31,RTX,USD,2019-04-26,2019-04-26 07:11:35,Q1,18365000000,13707000000,4658000000,0.2536346310917506,728000000,1997000000.0,0.0,208000000.0,2613000000,16320000000,450000000.0,942000000,2987000000,0.1626463381432072,2045000000,0.11135311734277158,208000000.0,1822000000,0.09921045466920773,397000000,1346000000,0.0732915872583719,1.58,1.56,853000000,861000000,https://www.sec.gov/Archives/edgar/data/101829/000010182919000016/0000101829-19-000016-index.htm,https://www.sec.gov/Archives/edgar/data/101829/000010182919000007/a2018-12x31form10xk.htm,1620597456,17:57:36,20210509
9,2018-12-31,RTX,USD,2019-02-07,2019-02-07 06:40:09,Q4,18044000000,13747000000,4297000000,0.238140101972955,733000000,1915000000.0,0.0,194000000.0,2386000000,16133000000,388000000.0,667000000,2578000000,0.1428729771669253,1911000000,0.10590778097982709,194000000.0,1788000000,0.09909111061848815,990000000,686000000,0.03801817778763024,0.8335358444714459,0.825511432009627,823000000,831000000,https://www.sec.gov/Archives/edgar/data/101829/000010182919000007/0000101829-19-000007-index.htm,https://www.sec.gov/Archives/edgar/data/101829/000010182919000007/a2018-12x31form10xk.htm,1620597456,17:57:36,20210509
10,2018-09-30,RTX,USD,2018-10-26,2018-10-26 08:51:01,Q3,16510000000,12536000000,3974000000,0.24070260448213204,586000000,1681000000.0,0.0,188000000.0,2136000000,14672000000,323000000.0,593000000,2431000000,0.14724409448818898,1838000000,0.11132646880678376,188000000.0,1768000000,0.10708661417322834,419000000,1238000000,0.07498485766202302,1.56,1.54,791000000,802000000,https://www.sec.gov/Archives/edgar/data/101829/000010182918000043/0000101829-18-000043-index.htm,https://www.sec.gov/Archives/edgar/data/101829/000010182918000043/a2018-09x3010xq.htm,1620597456,17:57:36,20210509
11,2018-06-30,RTX,USD,2018-07-27,2018-07-27 07:03:36,Q2,16705000000,12422000000,4283000000,0.25639030230469917,589000000,1759000000.0,0.0,192000000.0,1407000000,13829000000,258000000.0,592000000,3468000000,0.20760251421730022,2876000000,0.17216402274768033,192000000.0,2834000000,0.16964980544747083,695000000,2048000000,0.12259802454354983,2.59,2.56,791000000,800000000,https://www.sec.gov/Archives/edgar/data/101829/000010182918000027/0000101829-18-000027-index.htm,https://www.sec.gov/Archives/edgar/data/101829/000010182918000027/a2018-06x3010xq.htm,1620597456,17:57:36,20210509
12,2018-03-31,RTX,USD,2018-04-27,2018-04-27 06:45:48,Q1,15242000000,11280000000,3962000000,0.2599396404671303,554000000,1711000000.0,0.0,191000000.0,2034000000,13314000000,256000000.0,581000000,2509000000,0.16461094344574204,1928000000,0.1264925862747671,191000000.0,1890000000,0.12399947513449679,522000000,1297000000,0.08509381970869964,1.64,1.62,790000000,800000000,https://www.sec.gov/Archives/edgar/data/101829/000010182918000009/0000101829-18-000009-index.htm,https://www.sec.gov/Archives/edgar/data/101829/000010182918000005/a2017-12x31form10xk.htm,1620597456,17:57:36,20210509
13,2017-12-31,RTX,USD,2018-02-09,2018-02-08 19:27:18,Q4,15680000000,11733000000,3947000000,0.2517219387755102,619000000,1639000000.0,0.0,0.0,1995000000,13728000000,272000000.0,558000000,2510000000,0.1600765306122449,1952000000,0.12448979591836734,0.0,1705000000,0.10873724489795919,1219000000,397000000,0.025318877551020406,0.5031685678073511,0.4974937343358396,789000000,798000000,https://www.sec.gov/Archives/edgar/data/101829/000010182918000005/0000101829-18-000005-index.htm,https://www.sec.gov/Archives/edgar/data/101829/000010182918000005/a2017-12x31form10xk.htm,1620597456,17:57:36,20210509
14,2017-09-30,RTX,USD,2017-10-27,2017-10-27 06:57:13,Q3,15062000000,11043000000,4019000000,0.26683043420528485,582000000,1524000000.0,0.0,0.0,1856000000,12899000000,258000000.0,543000000,2706000000,0.17965741601380958,2163000000,0.14360642676935334,0.0,1940000000,0.12880095604833355,506000000,1330000000,0.0883016863630328,1.69,1.67,788000000,797000000,https://www.sec.gov/Archives/edgar/data/101829/000010182917000044/0000101829-17-000044-index.htm,https://www.sec.gov/Archives/edgar/data/101829/000010182917000044/a2017-09x3010xq.htm,1620597456,17:57:36,20210509
15,2017-06-30,RTX,USD,2017-07-28,2017-07-28 06:58:29,Q2,15280000000,11100000000,4180000000,0.27356020942408377,609000000,1538000000.0,0.0,0.0,1890000000,12990000000,251000000.0,527000000,2817000000,0.1843586387434555,2290000000,0.149869109947644,0.0,2064000000,0.13507853403141362,532000000,1439000000,0.09417539267015707,1.83,1.8,789000000,798000000,https://www.sec.gov/Archives/edgar/data/101829/000010182917000034/0000101829-17-000034-index.htm,https://www.sec.gov/Archives/edgar/data/101829/000010182917000034/a2017-06x3010xq.htm,1620597456,17:57:36,20210509
16,2017-03-31,RTX,USD,2017-04-28,2017-04-28 06:50:00,Q1,13815000000,10077000000,3738000000,0.27057546145494027,577000000,1482000000.0,0.0,0.0,1471000000,11548000000,236000000.0,512000000,2779000000,0.20115816141874773,2267000000,0.16409699601882013,0.0,2054000000,0.14867897213174086,586000000,1386000000,0.1003257328990228,1.75,1.73,794000000,802000000,https://www.sec.gov/Archives/edgar/data/101829/000010182917000016/0000101829-17-000016-index.htm,https://www.sec.gov/Archives/edgar/data/101829/000010182917000007/a2016-12x31form10xk.htm,1620597456,17:57:36,20210509
17,2016-12-31,RTX,USD,2017-02-09,2017-02-09 06:31:46,Q4,14659000000,10723000000,3936000000,0.2685039907224231,626000000,1856000000.0,0.0,0.0,2297000000,13020000000,420000000.0,506000000,2145000000,0.14632648884644245,1639000000,0.11180844532369193,0.0,1273000000,0.08684084862541783,149000000,1013000000,0.06910430452281875,1.27,1.25,802000000,810000000,https://www.sec.gov/Archives/edgar/data/101829/000010182917000007/0000101829-17-000007-index.htm,https://www.sec.gov/Archives/edgar/data/101829/000010182917000007/a2016-12x31form10xk.htm,1620597456,17:57:36,20210509
18,2016-09-30,RTX,USD,2016-10-27,2016-10-27 06:56:52,Q3,14354000000,10342000000,4012000000,0.2795039710185314,582000000,1390000000.0,0.0,0.0,1761000000,12103000000,252000000.0,496000000,2747000000,0.19137522641772328,2251000000,0.15682039849519297,0.0,2026000000,0.1411453253448516,492000000,1480000000,0.10310714783335656,1.8,1.78,822000000,831000000,https://www.sec.gov/Archives/edgar/data/101829/000010182916000091/0000101829-16-000091-index.htm,https://www.sec.gov/Archives/edgar/data/101829/000010182916000091/a2016-09x3010xq.htm,1620597456,17:57:36,20210509
19,2016-06-30,RTX,USD,2016-07-29,2016-07-29 06:54:33,Q2,14874000000,10741000000,4133000000,0.27786741965846445,588000000,1451000000.0,0.0,0.0,1796000000,12537000000,248000000.0,494000000,2831000000,0.19033212316794407,2337000000,0.15711980637353773,0.0,2112000000,0.14199273900766438,593000000,1373000000,0.09230872663708485,1.66,1.65,825000000,833000000,https://www.sec.gov/Archives/edgar/data/101829/000010182916000080/0000101829-16-000080-index.htm,https://www.sec.gov/Archives/edgar/data/101829/000010182916000080/a2016-06x3010xq.htm,1620597456,17:57:36,20210509
20,2016-03-31,RTX,USD,2016-04-29,2016-04-29 06:52:10,Q1,13357000000,9654000000,3703000000,0.2772329115819421,541000000,1363000000.0,0.0,0.0,1758000000,11412000000,241000000.0,466000000,2411000000,0.18050460432731902,1945000000,0.14561653065808192,0.0,1722000000,0.12892116493224526,461000000,1191000000,0.08916672905592574,1.44,1.43,825000000,831000000,https://www.sec.gov/Archives/edgar/data/101829/000010182916000062/0000101829-16-000062-index.htm,https://www.sec.gov/Archives/edgar/data/101829/000010182916000050/a2015-12x31form10xk.htm,1620597456,17:57:36,20210509
21,2015-12-31,RTX,USD,2016-02-11,2016-02-11 06:43:24,Q4,14300000000,10653000000,3647000000,0.25503496503496503,611000000,1625000000.0,0.0,0.0,3255000000,13908000000,238000000.0,462000000,854000000,0.05972027972027972,392000000,0.027412587412587414,0.0,186000000,0.013006993006993007,363000000,3278000000,0.22923076923076924,3.86,3.86,850000000,850000000,https://www.sec.gov/Archives/edgar/data/101829/000010182916000050/0000101829-16-000050-index.htm,https://www.sec.gov/Archives/edgar/data/101829/000010182916000050/a2015-12x31form10xk.htm,1620597456,17:57:36,20210509
22,2015-09-30,RTX,USD,2015-10-23,2015-10-23 06:52:06,Q3,13788000000,9800000000,3988000000,0.28923701769654775,546000000,1359000000.0,0.0,0.0,1686000000,11486000000,223000000.0,443000000,2745000000,0.19908616187989556,2302000000,0.16695677400638237,0.0,2118000000,0.1536118363794604,592000000,1362000000,0.09878154917319408,1.56,1.54,876000000,885000000,https://www.sec.gov/Archives/edgar/data/101829/000010182915000042/0000101829-15-000042-index.htm,https://www.sec.gov/Archives/edgar/data/101829/000010182915000042/a2015-09x3010xq.htm,1620597456,17:57:36,20210509
23,2015-06-30,RTX,USD,2015-07-24,2015-07-24 07:14:50,Q2,16333000000,11825000000,4508000000,0.27600563276801565,606000000,1543000000.0,0.0,0.0,1956000000,13781000000,244000000.0,479000000,3031000000,0.18557521582073103,2552000000,0.15624808669564685,0.0,2336000000,0.1430233270066736,684000000,1542000000,0.09441009000183677,1.76,1.73,877000000,889000000,https://www.sec.gov/Archives/edgar/data/101829/000010182915000035/0000101829-15-000035-index.htm,https://www.sec.gov/Archives/edgar/data/101829/000010182915000035/a2015-06x3010xq.htm,1620597456,17:57:36,20210509
24,2015-03-31,RTX,USD,2015-04-24,2015-04-24 06:59:38,Q1,14541000000,10523000000,4018000000,0.2763221236503679,602000000,1563000000.0,0.0,0.0,1744000000,12267000000,240000000.0,479000000,2753000000,0.18932673131146413,2274000000,0.1563853930266144,0.0,2056000000,0.1413933016986452,558000000,1426000000,0.098067533182037,1.6,1.58,890000000,904000000,https://www.sec.gov/Archives/edgar/data/101829/000010182915000015/0000101829-15-000015-index.htm,https://www.sec.gov/Archives/edgar/data/101829/000010182915000005/a2014-12x31form10xk.htm,1620597456,17:57:36,20210509
25,2014-12-31,RTX,USD,2015-02-05,2015-02-05 06:57:05,Q4,16996000000,12360000000,4636000000,0.2727700635443634,668000000,1701000000.0,0.0,0.0,2066000000,14426000000,375000000.0,489000000,3059000000,0.1799835255354201,2570000000,0.15121204989409273,0.0,2305000000,0.13562014591668628,730000000,1473000000,0.08666745116498,1.64,1.62,895000000,907000000,https://www.sec.gov/Archives/edgar/data/101829/000010182915000005/0000101829-15-000005-index.htm,https://www.sec.gov/Archives/edgar/data/101829/000010182915000005/a2014-12x31form10xk.htm,1620597456,17:57:36,20210509
26,2014-09-30,RTX,USD,2014-10-24,2014-10-24 06:55:53,Q3,16168000000,11466000000,4702000000,0.2908213755566551,677000000,1580000000.0,0.0,0.0,1956000000,13422000000,237000000.0,483000000,3229000000,0.19971548738248393,2746000000,0.16984166254329539,0.0,2560000000,0.15833745670460167,608000000,1854000000,0.11467095497278575,2.07,2.04,898000000,910000000,https://www.sec.gov/Archives/edgar/data/101829/000010182914000039/0000101829-14-000039-index.htm,https://www.sec.gov/Archives/edgar/data/101829/000010182914000039/a2014-09x3010xq.htm,1620597456,17:57:36,20210509
27,2014-06-30,RTX,USD,2014-07-25,2014-07-25 06:51:03,Q2,17191000000,12931000000,4260000000,0.24780408353208075,666000000,1623000000.0,0.0,0.0,1905000000,14836000000,245000000.0,468000000,2823000000,0.16421383281949858,2355000000,0.13699028561456575,0.0,2149000000,0.1250072712465825,359000000,1680000000,0.09772555406898958,1.87,1.84,900000000,915000000,https://www.sec.gov/Archives/edgar/data/101829/000010182914000033/0000101829-14-000033-index.htm,https://www.sec.gov/Archives/edgar/data/101829/000010182914000033/a2014-06x3010xq.htm,1620597456,17:57:36,20210509
28,2014-03-31,RTX,USD,2014-04-25,2014-04-25 06:57:26,Q1,14745000000,10690000000,4055000000,0.275008477449983,624000000,1596000000.0,0.0,0.0,1957000000,12647000000,243000000.0,467000000,2565000000,0.17395727365208546,2098000000,0.14228552051542895,0.0,1873000000,0.12702611054594778,567000000,1213000000,0.08226517463546965,1.35,1.32,901000000,917000000,https://www.sec.gov/Archives/edgar/data/101829/000010182914000016/0000101829-14-000016-index.htm,https://www.sec.gov/Archives/edgar/data/101829/000010182914000006/a2013-12x31form10xk.htm,1620597456,17:57:36,20210509
29,2013-12-31,RTX,USD,2014-02-06,2014-02-06 07:02:20,Q4,16759000000,12284000000,4475000000,0.2670207052926786,658000000,1721000000.0,0.0,0.0,2145000000,14429000000,259000000.0,486000000,2816000000,0.16802911868249895,2330000000,0.1390297750462438,0.0,2112000000,0.12602183901187422,561000000,1463000000,0.08729637806551703,1.63,1.6,901000000,917000000,https://www.sec.gov/Archives/edgar/data/101829/000010182914000006/0000101829-14-000006-index.htm,https://www.sec.gov/Archives/edgar/data/101829/000010182914000006/a2013-12x31form10xk.htm,1620597456,17:57:36,20210509
30,2013-09-30,RTX,USD,2013-10-25,2013-10-25 06:59:57,Q3,15462000000,11020000000,4442000000,0.28728495666796017,630000000,1633000000.0,0.0,0.0,2076000000,13096000000,248000000.0,452000000,2818000000,0.18225326607165956,2366000000,0.15302030785150691,0.0,2140000000,0.13840382874143062,614000000,1432000000,0.09261415082136852,1.59,1.57,901000000,916000000,https://www.sec.gov/Archives/edgar/data/101829/000010182913000045/0000101829-13-000045-index.htm,https://www.sec.gov/Archives/edgar/data/101829/000010182913000045/a2013-09x3010xq.htm,1620597456,17:57:36,20210509
31,2013-06-30,RTX,USD,2013-07-26,2013-07-26 06:55:32,Q2,16006000000,11552000000,4454000000,0.27827064850680994,631000000,1737000000.0,0.0,0.0,1947000000,13499000000,272000000.0,439000000,2946000000,0.18405597900787204,2507000000,0.15662876421341998,0.0,2290000000,0.14307134824440834,645000000,1560000000,0.09746345120579783,1.73,1.71,901000000,914000000,https://www.sec.gov/Archives/edgar/data/101829/000010182913000029/0000101829-13-000029-index.htm,https://www.sec.gov/Archives/edgar/data/101829/000010182913000029/a2013-06x3010xq.htm,1620597456,17:57:36,20210509
32,2013-03-31,RTX,USD,2013-04-26,2013-04-26 06:46:44,Q1,14399000000,10465000000,3934000000,0.27321341759844436,610000000,1627000000.0,0.0,0.0,1928000000,12393000000,255000000.0,444000000,2450000000,0.1701507049100632,2006000000,0.13931523022432113,0.0,1770000000,0.12292520313910688,418000000,1266000000,0.08792277241475102,1.41,1.39,901000000,914000000,https://www.sec.gov/Archives/edgar/data/101829/000010182913000007/0000101829-13-000007-index.htm,https://www.sec.gov/Archives/edgar/data/101829/000119312513042195/d477572d10k.htm,1620597456,17:57:36,20210509
33,2012-12-31,RTX,USD,2013-02-07,2013-02-07 07:05:44,Q4,16443000000,12286000000,4157000000,0.2528127470656206,712000000,1795000000.0,0.0,0.0,1555000000,13841000000,279000000.0,477000000,3079000000,0.18725293437937116,2602000000,0.15824362950799734,0.0,1491000000,0.09067688378033206,454000000,2057000000,0.12509882624825153,2.29,2.26,898253275,910176991,https://www.sec.gov/Archives/edgar/data/101829/000119312513042195/0001193125-13-042195-index.htm,https://www.sec.gov/Archives/edgar/data/101829/000119312513042195/d477572d10k.htm,1620597456,17:57:36,20210509
34,2012-09-30,RTX,USD,2012-10-26,2012-10-26 07:05:08,Q3,15042000000,11003000000,4039000000,0.2685148251562292,590000000,1619000000.0,0.0,0.0,2209000000,13212000000,260000000.0,422000000,2252000000,0.14971413375880868,1830000000,0.12165935380933386,211000000.0,1825000000,0.12132695120329744,484000000,1415000000,0.09406993750831007,1.58,1.56,895569620,907051282,https://www.sec.gov/Archives/edgar/data/101829/000119312512436499/0001193125-12-436499-index.htm,https://www.sec.gov/Archives/edgar/data/101829/000119312512436499/d430100d10q.htm,1620597456,17:57:36,20210509
35,2012-06-30,RTX,USD,2012-07-30,2012-07-30 17:25:42,Q2,13807000000,9934000000,3873000000,0.28050988628956325,525000000,1509000000.0,0.0,0.0,1694000000,11628000000,190000000.0,305000000,2484000000,0.17990874194249293,2179000000,0.15781849786340263,0.0,2011000000,0.14565075686246107,453000000,1328000000,0.09618309553125226,1.48,1.47,897297297,903401361,https://www.sec.gov/Archives/edgar/data/101829/000119312512322870/0001193125-12-322870-index.htm,https://www.sec.gov/Archives/edgar/data/101829/000119312512322870/d386585d10q.htm,1620597456,17:57:36,20210509
36,2012-03-31,RTX,USD,2012-04-30,2012-04-30 17:20:40,Q1,12424000000,8941000000,3483000000,0.2803444945267225,547000000,1535000000.0,0.0,0.0,2082000000,11023000000,164000000.0,320000000,1721000000,0.1385222150676111,1401000000,0.11276561493882807,301000000.0,1573000000,0.12660978750804894,315000000,330000000,0.026561493882807468,0.37,0.37,891891892,891891892,https://www.sec.gov/Archives/edgar/data/101829/000119312512196669/0001193125-12-196669-index.htm,https://www.sec.gov/Archives/edgar/data/101829/000119312512047752/d286821d10k.htm,1620597456,17:57:36,20210509
37,2011-12-31,RTX,USD,2012-02-09,2012-02-09 06:30:08,Q4,14966000000,10851000000,4115000000,0.2749565682213016,552000000,1699000000.0,0.0,0.0,1117000000,11968000000,176000000.0,324000000,3322000000,0.22196979820927434,2998000000,0.2003207269811573,0.0,1832000000,0.12241079780836563,410000000,1325000000,0.0885340104236269,1.49,1.47,888000000,899000000,https://www.sec.gov/Archives/edgar/data/101829/000119312512047752/0001193125-12-047752-index.htm,https://www.sec.gov/Archives/edgar/data/101829/000119312512047752/d286821d10k.htm,1620597456,17:57:36,20210509
38,2011-09-30,RTX,USD,2011-10-24,2011-10-24 06:24:09,Q3,14804000000,10756000000,4048000000,0.27343961091596863,495000000,1578000000.0,0.0,0.0,2300000000,13056000000,166000000.0,346000000,2094000000,0.14144825722777626,1748000000,0.11807619562280465,0.0,2064000000,0.13942177789786545,643000000,1324000000,0.08943528776006485,1.49,1.47,889000000,902000000,https://www.sec.gov/Archives/edgar/data/101829/000119312511277919/0001193125-11-277919-index.htm,https://www.sec.gov/Archives/edgar/data/101829/000119312511277919/d245197d10q.htm,1620597456,17:57:36,20210509
39,2011-06-30,RTX,USD,2011-07-25,2011-07-25 06:20:11,Q2,15076000000,10905000000,4171000000,0.2766648978508888,526000000,1644000000.0,0.0,0.0,1951000000,12856000000,141000000.0,344000000,2564000000,0.17007163703900238,2220000000,0.14725391350490846,0.0,2079000000,0.13790130007959672,649000000,1318000000,0.08742371981958079,1.48,1.45,893000000,910000000,https://www.sec.gov/Archives/edgar/data/101829/000119312511195231/0001193125-11-195231-index.htm,https://www.sec.gov/Archives/edgar/data/101829/000119312511195231/d10q.htm,1620597456,17:57:36,20210509
40,2011-03-31,RTX,USD,2011-04-25,2011-04-25 06:09:01,Q1,13344000000,9641000000,3703000000,0.2775029976019185,485000000,1543000000.0,0.0,0.0,1924000000,11565000000,166000000.0,333000000,2112000000,0.15827338129496402,1779000000,0.133318345323741,0.0,1630000000,0.12215227817745804,529000000,1012000000,0.07583932853717026,1.13,1.11,899000000,915000000,https://www.sec.gov/Archives/edgar/data/101829/000119312511106870/0001193125-11-106870-index.htm,https://www.sec.gov/Archives/edgar/data/101829/000119312511029695/d10k.htm,1620597456,17:57:36,20210509
41,2010-12-31,RTX,USD,2011-02-10,2011-02-10 06:29:48,Q4,14818000000,11000000000,3818000000,0.25765960318531517,457000000,1631000000.0,0.0,0.0,2044000000,13044000000,190000000.0,348000000,2122000000,0.14320421109461465,1774000000,0.1197192603590228,0.0,1686000000,0.11378053718450533,433000000,1199000000,0.08091510325280064,1.3337041156840934,1.3337041156840934,899000000,899000000,https://www.sec.gov/Archives/edgar/data/101829/000119312511029695/0001193125-11-029695-index.htm,https://www.sec.gov/Archives/edgar/data/101829/000119312511029695/d10k.htm,1620597456,17:57:36,20210509
42,2010-09-30,RTX,USD,2010-10-25,2010-10-25 06:32:15,Q3,13527000000,9667000000,3860000000,0.28535521549493603,433000000,1478000000.0,0.0,0.0,1911000000,11578000000,182000000.0,342000000,2291000000,0.16936497375619133,1949000000,0.14408220595845347,0.0,1767000000,0.1306276336216456,468000000,1198000000,0.08856361351371331,1.32,1.3,906000000,919000000,https://www.sec.gov/Archives/edgar/data/101829/000119312510235003/0001193125-10-235003-index.htm,https://www.sec.gov/Archives/edgar/data/101829/000119312510235003/d10q.htm,1620597456,17:57:36,20210509
43,2010-06-30,RTX,USD,2010-07-26,2010-07-26 07:36:27,Q2,13890000000,10015000000,3875000000,0.2789776817854572,459000000,1491000000.0,0.0,0.0,1950000000,11965000000,192000000.0,339000000,2264000000,0.16299496040316774,1925000000,0.13858891288696903,0.0,1733000000,0.12476601871850251,521000000,1110000000,0.07991360691144708,1.22,1.2,910000000,925000000,https://www.sec.gov/Archives/edgar/data/101829/000119312510165467/0001193125-10-165467-index.htm,https://www.sec.gov/Archives/edgar/data/101829/000119312510165467/d10q.htm,1620597456,17:57:36,20210509
44,2010-03-31,RTX,USD,2010-04-26,2010-04-26 06:47:20,Q1,12091000000,8732000000,3359000000,0.277809941278637,397000000,1424000000.0,0.0,0.0,1821000000,10553000000,186000000.0,327000000,1865000000,0.1542469605491688,1538000000,0.12720205111239766,0.0,1352000000,0.11181870813001406,405000000,866000000,0.07162352162765694,0.95,0.93,914000000,929000000,https://www.sec.gov/Archives/edgar/data/101829/000119312510092555/0001193125-10-092555-index.htm,https://www.sec.gov/Archives/edgar/data/101829/000119312510027861/d10k.htm,1620597456,17:57:36,20210509
45,2009-12-31,RTX,USD,2010-02-11,2010-02-11 06:08:52,Q4,14100000000,10317000000,3783000000,0.2682978723404255,421000000,1555000000.0,0.0,0.0,1976000000,12293000000,183000000.0,333000000,2140000000,0.15177304964539007,1807000000,0.12815602836879433,0.0,1624000000,0.11517730496453901,455000000,1073000000,0.07609929078014184,1.1739606126914661,1.1739606126914661,914000000,914000000,https://www.sec.gov/Archives/edgar/data/101829/000119312510027861/0001193125-10-027861-index.htm,https://www.sec.gov/Archives/edgar/data/101829/000119312510027861/d10k.htm,1620597456,17:57:36,20210509
46,2009-09-30,RTX,USD,2009-10-23,2009-10-23 06:07:33,Q3,13375000000,9836000000,3539000000,0.2645981308411215,344000000,1424000000.0,0.0,0.0,1768000000,11604000000,170000000.0,316000000,2087000000,0.1560373831775701,1771000000,0.13241121495327102,0.0,1601000000,0.11970093457943926,456000000,1058000000,0.07910280373831775,1.15,1.14,917000000,929000000,https://www.sec.gov/Archives/edgar/data/101829/000119312509212352/0001193125-09-212352-index.htm,https://www.sec.gov/Archives/edgar/data/101829/000119312509212352/d10q.htm,1620597456,17:57:36,20210509
47,2009-06-30,RTX,USD,2009-07-24,2009-07-24 06:26:02,Q2,13196000000,9601000000,3595000000,0.27243103970900273,384000000,1574000000.0,0.0,0.0,1958000000,11559000000,177000000.0,303000000,1940000000,0.1470142467414368,1637000000,0.12405274325553198,0.0,1460000000,0.1106395877538648,394000000,976000000,0.07396180660806305,1.06,1.05,919000000,929000000,https://www.sec.gov/Archives/edgar/data/101829/000119312509154417/0001193125-09-154417-index.htm,https://www.sec.gov/Archives/edgar/data/101829/000119312509154417/d10q.htm,1620597456,17:57:36,20210509
48,2009-03-31,RTX,USD,2009-04-24,2009-04-24 06:24:27,Q1,12249000000,9107000000,3142000000,0.2565107355702506,409000000,1483000000.0,0.0,0.0,1892000000,10999000000,175000000.0,306000000,1556000000,0.12703077802269572,1250000000,0.10204914686913218,0.0,1075000000,0.08776226630745367,276000000,722000000,0.05894358723161074,0.79,0.78,918000000,926000000,https://www.sec.gov/Archives/edgar/data/101829/000119312509086247/0001193125-09-086247-index.htm,https://www.sec.gov/Archives/edgar/data/101829/000119312509024624/d10k.htm,1620597456,17:57:36,20210509
49,2008-12-31,RTX,USD,2009-02-11,2009-02-11 00:00:00,Q4,14499000000,10557000000,3942000000,0.2718808193668529,490000000,1649000000.0,0.0,0.0,2139000000,12696000000,171000000.0,350000000,2153000000,0.1484929995172081,1803000000,0.12435340368301262,0.0,1632000000,0.11255948686116284,403000000,1145000000,0.07897096351472516,1.247276688453159,1.247276688453159,918000000,918000000,https://www.sec.gov/Archives/edgar/data/101829/000119312509024624/0001193125-09-024624-index.htm,https://www.sec.gov/Archives/edgar/data/101829/000119312509024624/d10k.htm,1620597456,17:57:36,20210509
50,2008-09-30,RTX,USD,2008-10-21,2008-10-21 06:09:57,Q3,14814000000,10664000000,4150000000,0.2801404077224247,436000000,1665000000.0,0.0,0.0,2101000000,12765000000,177000000.0,326000000,2375000000,0.16032131767247199,2049000000,0.1383151073309032,0.0,1872000000,0.12636695018226002,502000000,1269000000,0.08566221142162819,1.36,1.33,933000000,951000000,https://www.sec.gov/Archives/edgar/data/101829/000119312508213211/0001193125-08-213211-index.htm,https://www.sec.gov/Archives/edgar/data/101829/000119312508213211/d10q.htm,1620597456,17:57:36,20210509
51,2008-06-30,RTX,USD,2008-07-22,2008-07-22 08:44:44,Q2,15667000000,11359000000,4308000000,0.2749728729175975,434000000,1775000000.0,0.0,0.0,2209000000,13568000000,0.0,326000000,2425000000,0.15478394076721771,2099000000,0.13397587285376908,132000000.0,1923000000,0.12274206931767409,548000000,1275000000,0.08138124720750622,1.35,1.32,944000000,966000000,https://www.sec.gov/Archives/edgar/data/101829/000119312508154825/0001193125-08-154825-index.htm,https://www.sec.gov/Archives/edgar/data/101829/000119312508154825/d10q.htm,1620597456,17:57:36,20210509
52,2008-03-31,RTX,USD,2008-04-22,2008-04-22 06:34:03,Q1,13701000000,9981000000,3720000000,0.2715130282461134,411000000,1635000000.0,0.0,0.0,2046000000,12027000000,0.0,319000000,1993000000,0.1454638347565871,1674000000,0.12218086271075104,124000000.0,1509000000,0.11013794613531859,430000000,1000000000,0.0729873731844391,1.05,1.03,952000000,975000000,https://www.sec.gov/Archives/edgar/data/101829/000119312508086193/0001193125-08-086193-index.htm,https://www.sec.gov/Archives/edgar/data/101829/000119312508022346/d10k.htm,1620597456,17:57:36,20210509
53,2007-12-31,RTX,USD,2008-02-07,2008-02-07 07:39:33,Q4,14714000000,10729000000,3985000000,0.27083050156313715,481000000,1711000000.0,0.0,0.0,2192000000,12921000000,0.0,310000000,2103000000,0.1429251053418513,1793000000,0.1218567350822346,0.0,1619000000,0.11003126274296589,481000000,1060000000,0.0720402337909474,1.1134453781512605,1.1134453781512605,952000000,952000000,https://www.sec.gov/Archives/edgar/data/101829/000119312508022346/0001193125-08-022346-index.htm,https://www.sec.gov/Archives/edgar/data/101829/000119312508022346/d10k.htm,1620597456,17:57:36,20210509
54,2007-09-30,RTX,USD,2007-10-18,2007-10-18 07:57:17,Q3,13863000000,10068000000,3795000000,0.27375027050421985,399000000,1508000000.0,0.0,0.0,1907000000,11975000000,0.0,308000000,2196000000,0.15840727115343,1888000000,0.1361898578951165,145000000.0,1709000000,0.12327778980018755,434000000,1197000000,0.08634494698117291,1.24,1.21,963000000,989000000,https://www.sec.gov/Archives/edgar/data/101829/000119312507220802/0001193125-07-220802-index.htm,https://www.sec.gov/Archives/edgar/data/101829/000119312507220802/d10q.htm,1620597456,17:57:36,20210509
55,2007-06-30,RTX,USD,2007-07-20,2007-07-20 07:05:52,Q2,13904000000,10129000000,3775000000,0.2715046029919448,416000000,1494000000.0,0.0,0.0,1910000000,12039000000,0.0,277000000,2142000000,0.15405638665132337,1865000000,0.13413406214039125,138000000.0,1702000000,0.1224108170310702,479000000,1148000000,0.08256616800920598,1.19,1.16,966000000,990000000,https://www.sec.gov/Archives/edgar/data/101829/000119312507158589/0001193125-07-158589-index.htm,https://www.sec.gov/Archives/edgar/data/101829/000119312507158589/d10q.htm,1620597456,17:57:36,20210509
56,2007-03-31,RTX,USD,2007-04-20,2007-04-20 07:49:29,Q1,12278000000,8996000000,3282000000,0.26730737905196283,382000000,1396000000.0,0.0,0.0,1778000000,10774000000,0.0,278000000,1782000000,0.14513764456751915,1504000000,0.1224955204430689,342000000.0,1354000000,0.11027854699462453,442000000,819000000,0.06670467502850627,0.85,0.82,968000000,993000000,https://www.sec.gov/Archives/edgar/data/101829/000119312507085770/0001193125-07-085770-index.htm,https://www.sec.gov/Archives/edgar/data/101829/000119312507024306/d10k.htm,1620597456,17:57:36,20210509
57,2006-12-31,RTX,USD,2007-02-08,2007-02-08 17:11:30,Q4,12787000000,9521000000,3266000000,0.2554156565261594,406000000,1432000000.0,0.0,0.0,1838000000,11359000000,0.0,261000000,1689000000,0.1320872761398295,1428000000,0.11167592085712051,0.0,1275000000,0.09971064362242903,337000000,865000000,0.06764682881051068,0.893595041322314,0.893595041322314,968000000,968000000,https://www.sec.gov/Archives/edgar/data/101829/000119312507024306/0001193125-07-024306-index.htm,https://www.sec.gov/Archives/edgar/data/101829/000119312507024306/d10k.htm,1620597456,17:57:36,20210509
58,2006-09-30,RTX,USD,2006-10-20,2006-10-20 06:27:16,Q3,12163000000,8794000000,3369000000,0.2769875852996794,384000000,1338000000.0,0.0,0.0,1722000000,10516000000,0.0,252000000,1899000000,0.15612924442982817,1647000000,0.13541067170928225,191000000.0,1491000000,0.12258488859656334,423000000,996000000,0.0818876921812053,1.02,0.99,980000000,1006000000,https://www.sec.gov/Archives/edgar/data/101829/000119312506211499/0001193125-06-211499-index.htm,https://www.sec.gov/Archives/edgar/data/101829/000119312506211499/d10q.htm,1620597456,17:57:36,20210509
59,2006-06-30,RTX,USD,2006-07-21,2006-07-21 07:46:35,Q2,12264000000,8775000000,3489000000,0.2844911937377691,370000000,1378000000.0,0.0,0.0,1748000000,10523000000,0.0,256000000,1997000000,0.16283431180691454,1741000000,0.14196020874103066,218000000.0,1586000000,0.12932159165035878,415000000,1103000000,0.08993803000652316,1.12,1.09,983000000,1009000000,https://www.sec.gov/Archives/edgar/data/101829/000119312506150560/0001193125-06-150560-index.htm,https://www.sec.gov/Archives/edgar/data/101829/000119312506150560/d10q.htm,1620597456,17:57:36,20210509
60,2006-03-31,RTX,USD,2006-04-21,2006-04-21 06:56:29,Q1,10615000000,7650000000,2965000000,0.2793217145548752,369000000,1314000000.0,0.0,0.0,1683000000,9333000000,0.0,264000000,1546000000,0.14564295807819125,1282000000,0.12077249175694772,169000000.0,1140000000,0.10739519547809703,319000000,768000000,0.07235044747998116,0.78,0.76,984000000,1009000000,https://www.sec.gov/Archives/edgar/data/101829/000119312506085052/0001193125-06-085052-index.htm,https://www.sec.gov/Archives/edgar/data/101829/000119312506024473/d10k.htm,1620597456,17:57:36,20210509
61,2005-12-31,RTX,USD,2006-02-09,2006-02-09 07:42:00,Q4,11261000000,8239000000,3022000000,0.268359825947962,423000000,1378000000.0,0.0,0.0,1801000000,10040000000,0.0,256000000,1477000000,0.1311606429269159,1221000000,0.10842731551371992,0.0,1078000000,0.09572862090400497,294000000,626000000,0.05559008969008081,0.6361788617886179,0.6361788617886179,984000000,984000000,https://www.sec.gov/Archives/edgar/data/101829/000119312506024473/0001193125-06-024473-index.htm,https://www.sec.gov/Archives/edgar/data/101829/000119312506024473/d10k.htm,1620597456,17:57:36,20210509
62,2005-09-30,RTX,USD,2005-10-21,2005-10-21 17:10:02,Q3,10905000000,7891000000,3014000000,0.2763869784502522,335000000,1295000000.0,0.0,0.0,1630000000,9521000000,0.0,265000000,1649000000,0.1512150389729482,1384000000,0.1269142595139844,82000000.0,1249000000,0.1145346171480972,356000000,821000000,0.07528656579550665,0.83,0.81,992000000,1015000000,https://www.sec.gov/Archives/edgar/data/101829/000119312505206040/0001193125-05-206040-index.htm,https://www.sec.gov/Archives/edgar/data/101829/000119312505206040/d10q.htm,1620597456,17:57:36,20210509
63,2005-06-30,RTX,USD,2005-07-21,2005-07-21 17:09:02,Q2,11152000000,7990000000,3162000000,0.28353658536585363,318000000,1355000000.0,0.0,0.0,1673000000,9663000000,0.0,237000000,1726000000,0.15477044476327118,1489000000,0.13351865136298421,178000000.0,1297000000,0.11630200860832138,326000000,971000000,0.08706958393113343,0.98,0.95,995000000,1018000000,https://www.sec.gov/Archives/edgar/data/101829/000119312505146406/0001193125-05-146406-index.htm,https://www.sec.gov/Archives/edgar/data/101829/000119312505146406/d10q.htm,1620597456,17:57:36,20210509
64,2005-03-31,RTX,USD,2005-04-26,2005-04-26 08:04:32,Q1,9407000000,6815000000,2592000000,0.27553949186775806,291000000,1213000000.0,0.0,0.0,1504000000,8319000000,0.0,226000000,1314000000,0.13968321462740513,1088000000,0.11565855214202189,98000000.0,988000000,0.10502817051132135,277000000,651000000,0.06920378441586053,0.655,0.64,992000000,1016000000,https://www.sec.gov/Archives/edgar/data/101829/000119312505084494/0001193125-05-084494-index.htm,https://www.sec.gov/Archives/edgar/data/101829/000119312505025271/d10k.htm,1620597456,17:57:36,20210509
65,2004-12-31,RTX,USD,2005-02-10,2005-02-10 17:21:16,Q4,9838000000,7183000000,2655000000,0.26987192518804637,339000000,1235000000.0,0.0,0.0,1574000000,8757000000,0.0,234000000,1315000000,0.13366537914210205,1081000000,0.10988005692213865,0.0,985000000,0.10012197601138442,275000000,650000000,0.06607033949989835,0.655241935483871,0.655241935483871,992000000,992000000,https://www.sec.gov/Archives/edgar/data/101829/000119312505025271/0001193125-05-025271-index.htm,https://www.sec.gov/Archives/edgar/data/101829/000119312505025271/d10k.htm,1620597456,17:57:36,20210509
66,2004-09-30,RTX,USD,2004-10-27,2004-10-27 17:14:58,Q3,9339000000,6797000000,2542000000,0.272191883499304,296000000,1070000000.0,0.0,0.0,1366000000,8163000000,0.0,230000000,1406000000,0.1505514509048078,1176000000,0.12592354641824607,91000000.0,1087000000,0.11639361816040261,304000000,722000000,0.07731020451868509,0.73,0.715,992000000,1010000000,https://www.sec.gov/Archives/edgar/data/101829/000119312504179470/0001193125-04-179470-index.htm,https://www.sec.gov/Archives/edgar/data/101829/000119312504179470/d10q.htm,1620597456,17:57:36,20210509
67,2004-06-30,RTX,USD,2004-07-29,2004-07-29 16:50:12,Q2,9622000000,6971000000,2651000000,0.27551444606111,313000000,1088000000.0,0.0,0.0,1401000000,8372000000,0.0,252000000,1502000000,0.15610060278528373,1250000000,0.12991062149241323,167000000.0,1159000000,0.12045312824776554,261000000,837000000,0.08698815215131989,0.845,0.83,992000000,1010000000,https://www.sec.gov/Archives/edgar/data/101829/000119312504127351/0001193125-04-127351-index.htm,https://www.sec.gov/Archives/edgar/data/101829/000119312504127351/d10q.htm,1620597456,17:57:36,20210509
68,2004-03-31,RTX,USD,2004-05-04,2004-05-04 17:13:51,Q1,8646000000,6270000000,2376000000,0.2748091603053435,308000000,1105000000.0,0.0,0.0,1413000000,7683000000,0.0,262000000,1225000000,0.14168401572981726,963000000,0.11138098542678695,289000000.0,876000000,0.10131852879944483,245000000,579000000,0.0669673837612769,0.58,0.57,996000000,1016000000,https://www.sec.gov/Archives/edgar/data/101829/000119312504078065/0001193125-04-078065-index.htm,https://www.sec.gov/Archives/edgar/data/101829/000119312504015495/d10k.htm,1620597456,17:57:36,20210509
69,2003-12-31,RTX,USD,2004-02-05,2004-02-05 17:08:15,Q4,8588000000,6310000000,2278000000,0.26525384257102935,251000000,1100000000.0,0.0,0.0,1351000000,7661000000,0.0,229000000,1156000000,0.13460642757335817,927000000,0.10794131346064276,0.0,831000000,0.09676292501164416,202000000,588000000,0.06846762925011644,0.5903614457831325,0.5903614457831325,996000000,996000000,https://www.sec.gov/Archives/edgar/data/101829/000119312504015495/0001193125-04-015495-index.htm,https://www.sec.gov/Archives/edgar/data/101829/000119312504015495/d10k.htm,1620597456,17:57:36,20210509
70,2003-09-30,RTX,USD,2003-10-20,2003-10-20 17:00:48,Q1,7954000000,5713000000,2241000000,0.2817450339451848,260000000,933000000.0,0.0,0.0,1193000000,6906000000,0.0,203000000,1251000000,0.15727935629871762,1048000000,0.13175760623585617,79000000.0,953000000,0.11981393009806386,267000000,639000000,0.08033693738999245,0.67,0.635,940000000,1008000000,https://www.sec.gov/Archives/edgar/data/101829/000010182903000315/0000101829-03-000315-index.htm,https://www.sec.gov/Archives/edgar/data/101829/000010182903000315/tenq32003.htm,1620597456,17:57:36,20210509
71,2003-06-30,RTX,USD,2003-07-21,2003-07-21 17:05:15,Q2,7790000000,5619000000,2171000000,0.2786906290115533,281000000,857000000.0,0.0,0.0,1138000000,6757000000,0.0,187000000,1220000000,0.15661103979460847,1033000000,0.13260590500641847,82000000.0,940000000,0.12066752246469833,263000000,632000000,0.08112965340179717,0.665,0.63,936000000,1000000000,https://www.sec.gov/Archives/edgar/data/101829/000010182903000250/0000101829-03-000250-index.htm,https://www.sec.gov/Archives/edgar/data/101829/000010182903000250/tenq22003.htm,1620597456,17:57:36,20210509
72,2003-03-31,RTX,USD,2003-04-23,2003-04-23 08:39:17,Q1,6702000000,4866000000,1836000000,0.2739480752014324,235000000,764000000.0,0.0,0.0,999000000,5865000000,0.0,180000000,1017000000,0.15174574753804834,837000000,0.12488809310653537,49000000.0,746000000,0.11131005669949269,209000000,502000000,0.07490301402566397,0.525,0.5,940000000,1002000000,https://www.sec.gov/Archives/edgar/data/101829/000010182903000199/0000101829-03-000199-index.htm,https://www.sec.gov/Archives/edgar/data/101829/000010182903000069/tenk2002.htm,1620597456,17:57:36,20210509
73,2002-12-31,RTX,USD,2003-02-10,2003-02-10 09:15:13,Q4,7215000000,5248000000,1967000000,0.2726264726264726,278000000,862000000.0,0.0,0.0,1140000000,6388000000,0.0,190000000,1017000000,0.14095634095634096,827000000,0.11462231462231462,0.0,734000000,0.10173250173250173,165000000,533000000,0.07387387387387387,0.5670212765957446,0.5670212765957446,940000000,940000000,https://www.sec.gov/Archives/edgar/data/101829/000010182903000069/0000101829-03-000069-index.htm,https://www.sec.gov/Archives/edgar/data/101829/000010182903000069/tenk2002.htm,1620597456,17:57:36,20210509
74,2002-09-30,RTX,USD,2002-10-22,2002-10-22 09:06:44,Q3,7299000000,5238000000,2061000000,0.28236744759556104,270000000,789000000.0,0.0,0.0,1059000000,6297000000,0.0,173000000,1175000000,0.16098095629538292,1002000000,0.13727907932593506,49000000.0,909000000,0.12453760789149199,258000000,612000000,0.08384710234278668,0.64,0.605,946000000,1010000000,https://www.sec.gov/Archives/edgar/data/101829/000010182902000058/0000101829-02-000058-index.htm,https://www.sec.gov/Archives/edgar/data/101829/000010182902000058/tenq32002.htm,1620597456,17:57:36,20210509
75,2002-06-30,RTX,USD,2002-08-01,2002-08-01 09:23:23,Q2,7324000000,5190000000,2134000000,0.2913708356089569,305000000,798000000.0,0.0,0.0,1103000000,6293000000,0.0,189000000,1220000000,0.1665756417258329,1031000000,0.14077007099945385,53000000.0,935000000,0.1276624795193883,266000000,624000000,0.085199344620426,0.65,0.615,946000000,1014000000,https://www.sec.gov/Archives/edgar/data/101829/000010182902000045/0000101829-02-000045-index.htm,https://www.sec.gov/Archives/edgar/data/101829/000010182902000045/tenq22002.htm,1620597456,17:57:36,20210509
76,2002-03-31,RTX,USD,2002-04-23,2002-04-23 00:00:00,Q1,6374000000,4485000000,1889000000,0.2963602133668026,338000000,754000000.0,0.0,0.0,1092000000,5577000000,0.0,175000000,972000000,0.15249450894257924,797000000,0.1250392218387198,53000000.0,698000000,0.10950737370567933,198000000,467000000,0.07326639472858487,0.485,0.46,946000000,1014000000,https://www.sec.gov/Archives/edgar/data/101829/000010182902000010/0000101829-02-000010-index.htm,https://www.sec.gov/Archives/edgar/data/101829/000010182902000006/tenkye2001.htm,1620597456,17:57:36,20210509
77,2001-12-31,RTX,USD,2002-02-11,2002-02-11 00:00:00,Q4,6974000000,5168000000,1806000000,0.2589618583309435,301000000,860000000.0,0.0,0.0,1161000000,6329000000,0.0,238000000,883000000,0.12661313449956982,645000000,0.09248637797533697,0.0,535000000,0.07671350731287639,161000000,345000000,0.049469457986808144,0.36469344608879495,0.36469344608879495,946000000,946000000,https://www.sec.gov/Archives/edgar/data/101829/000010182902000006/0000101829-02-000006-index.htm,https://www.sec.gov/Archives/edgar/data/101829/000010182902000006/tenkye2001.htm,1620597456,17:57:36,20210509
78,2001-09-30,RTX,USD,2001-10-22,2001-10-22 00:00:00,Q3,6920000000,4923000000,1997000000,0.28858381502890174,318000000,857000000.0,0.0,0.0,1175000000,6098000000,0.0,220000000,1042000000,0.15057803468208092,822000000,0.11878612716763005,186000000.0,722000000,0.10433526011560694,129000000,565000000,0.08164739884393063,0.595,0.56,940000000,1008000000,https://www.sec.gov/Archives/edgar/data/101829/000010182901500041/0000101829-01-500041-index.htm,https://www.sec.gov/Archives/edgar/data/101829/000010182901500041/tenq301.htm,1620597456,17:57:36,20210509
