,date,symbol,reportedCurrency,fillingDate,acceptedDate,period,revenue,costOfRevenue,grossProfit,grossProfitRatio,researchAndDevelopmentExpenses,generalAndAdministrativeExpenses,sellingAndMarketingExpenses,otherExpenses,operatingExpenses,costAndExpenses,interestExpense,depreciationAndAmortization,ebitda,ebitdaratio,operatingIncome,operatingIncomeRatio,totalOtherIncomeExpensesNet,incomeBeforeTax,incomeBeforeTaxRatio,incomeTaxExpense,netIncome,netIncomeRatio,eps,epsdiluted,weightedAverageShsOut,weightedAverageShsOutDil,link,finalLink,timestamp,est_time,est_date
0,2020-12-31,BWEN,USD,2021-02-25,2021-02-25 11:49:36,Q4,40322000.0,37648000.0,2674000.0,0.06631615495263132,0.0,4309000.0,0.0,126000.0,4492000.0,42140000.0,330000.0,1518000.0,-300000.0,-0.007440107137542781,-1818000.0,-0.04508704925350925,126000.0,-2022000.0,-0.050146322107038344,-55000.0,-1967000.0,-0.0487823024651555,-0.12,-0.12,16938000.0,16938000.0,https://www.sec.gov/Archives/edgar/data/1120370/000143774921004032/0001437749-21-004032-index.htm,https://www.sec.gov/Archives/edgar/data/1120370/000143774921004032/bwen20201002_10k.htm,1620589788,15:49:48,20210509
1,2020-09-30,BWEN,USD,2020-11-04,2020-11-04 11:51:02,Q3,54614000.0,50876000.0,3738000.0,0.06844398872084081,0.0,4030000.0,0.0,-1000.0,4213000.0,55089000.0,507000.0,1567000.0,1092000.0,0.01999487310945911,-475000.0,-0.008697403596147507,-1000.0,-983000.0,-0.017999047863185264,20000.0,-1003000.0,-0.018365254330391476,-0.06,-0.06,16866000.0,16866000.0,https://www.sec.gov/Archives/edgar/data/1120370/000143774920022479/0001437749-20-022479-index.htm,https://www.sec.gov/Archives/edgar/data/1120370/000143774920022479/bwen20200914_10q.htm,1620589788,15:49:48,20210509
2,2020-06-30,BWEN,USD,2020-08-05,2020-08-05 11:53:30,Q2,54926000.0,49509000.0,5417000.0,0.09862360266540436,0.0,4198000.0,0.0,-1000.0,4382000.0,53891000.0,474000.0,1582000.0,2617000.0,0.047645923606306664,1035000.0,0.01884353493791647,-1000.0,560000.0,0.010195535811819539,31000.0,529000.0,0.009631140079379529,0.0315613626871905,0.03089051094890511,16761000.0,17125000.0,https://www.sec.gov/Archives/edgar/data/1120370/000112037020000029/0001120370-20-000029-index.htm,https://www.sec.gov/Archives/edgar/data/1120370/000112037020000029/bwen-20200630x10q.htm,1620589788,15:49:48,20210509
3,2020-03-31,BWEN,USD,2020-05-08 00:00:00,2020-05-08 12:18:16,Q1,48634000.0,42462000.0,6172000.0,0.12690710202738825,0.0,4309000.0,0.0,-1000.0,4492000.0,46954000.0,673000.0,1612000.0,3292000.0,0.067689270880454,1680000.0,0.034543734835711645,-1000.0,1006000.0,0.02068511740757495,52000.0,954000.0,0.01961590656742197,0.05748291359558878,0.057012154345885926,16596236.0,16733274.0,https://www.sec.gov/Archives/edgar/data/1120370/000112037020000023/0001120370-20-000023-index.html,https://www.sec.gov/Archives/edgar/data/1120370/000112037020000023/bwen-20200331x10q.htm,1620589788,15:49:48,20210509
4,2019-12-31,BWEN,USD,2020-02-27 00:00:00,2020-02-27 11:33:38,Q4,49253000.0,45264000.0,3989000.0,0.08098999045743406,0.0,4314000.0,0.0,138000.0,5388000.0,50652000.0,390000.0,2491000.0,1092000.0,0.022171238300205065,-1399000.0,-0.028404361155665643,138000.0,-1651000.0,-0.03352080076340527,-24000.0,-1565000.0,-0.031774714230605246,-0.09,-0.09,16433000.0,16433000.0,https://www.sec.gov/Archives/edgar/data/1120370/000112037020000006/0001120370-20-000006-index.html,https://www.sec.gov/Archives/edgar/data/1120370/000112037020000006/bwen-20191231x10k.htm,1620589788,15:49:48,20210509
5,2019-09-30,BWEN,USD,2019-10-29 00:00:00,2019-10-29 11:51:33,Q3,46138000.0,42144000.0,3994000.0,0.08656638779314231,0.0,4049000.0,0.0,-2000.0,4252000.0,46396000.0,610000.0,1616000.0,1358000.0,0.029433438813992803,-258000.0,-0.005591919892496424,-2000.0,-870000.0,-0.01885647405609259,28000.0,-898000.0,-0.019463349083185227,-0.06,-0.06,16236000.0,16236000.0,https://www.sec.gov/Archives/edgar/data/1120370/000112037019000032/0001120370-19-000032-index.html,https://www.sec.gov/Archives/edgar/data/1120370/000112037019000032/bwen-20190930x10q.htm,1620589788,15:49:48,20210509
6,2019-06-30,BWEN,USD,2019-08-02 00:00:00,2019-08-02 12:09:07,Q2,41169000.0,37277000.0,3892000.0,0.09453715174038718,0.0,3895000.0,0.0,-16000.0,4098000.0,41375000.0,773000.0,1629000.0,1423000.0,0.034564842478563965,-206000.0,-0.0050037649687871945,-16000.0,-995000.0,-0.024168670601666303,23000.0,-1018000.0,-0.024727343389443514,-0.06,-0.06,16046000.0,16046000.0,https://www.sec.gov/Archives/edgar/data/1120370/000112037019000028/0001120370-19-000028-index.html,https://www.sec.gov/Archives/edgar/data/1120370/000112037019000028/bwen-20190630x10q.htm,1620589788,15:49:48,20210509
7,2019-03-31,BWEN,USD,2019-04-26 00:00:00,2019-04-26 11:54:02,Q1,41660000.0,38123000.0,3537000.0,0.08490158425348056,0.0,3828000.0,0.0,-2000.0,4031000.0,42154000.0,0.0,1761000.0,1267000.0,0.030412866058569372,-494000.0,-0.01185789726356217,-2000.0,-1032000.0,-0.024771963514162266,11000.0,-1042000.0,-0.02501200192030725,-0.07,-0.07,15786000.0,15786000.0,https://www.sec.gov/Archives/edgar/data/1120370/000112037019000017/0001120370-19-000017-index.html,https://www.sec.gov/Archives/edgar/data/1120370/000112037019000017/bwen-20190331x10q.htm,1620589788,15:49:48,20210509
8,2018-12-31,BWEN,USD,2019-02-26 00:00:00,2019-02-26 15:44:14,Q4,27187000.0,27699000.0,-512000.0,-0.018832530253429947,0.0,3605000.0,0.0,112000.0,4076000.0,31775000.0,474000.0,2193000.0,-2395000.0,-0.08809357413469673,-4588000.0,-0.16875712656784492,-7481000.0,-12543000.0,-0.4613602089233825,-185000.0,-12409000.0,-0.45643138264611766,-0.79,-0.79,15652000.0,15652000.0,https://www.sec.gov/Archives/edgar/data/1120370/000112037019000008/0001120370-19-000008-index.html,https://www.sec.gov/Archives/edgar/data/1120370/000112037019000008/bwen-20181231x10k.htm,1620589788,15:49:48,20210509
9,2018-09-30,BWEN,USD,2018-10-30 00:00:00,2018-10-30 11:56:39,Q3,31445000.0,29959000.0,1486000.0,0.047257115598664336,0.0,3627000.0,0.0,2247000.0,4098000.0,34057000.0,372000.0,2284000.0,-328000.0,-0.010430911114644618,-2612000.0,-0.08306567021784067,2247000.0,-737000.0,-0.023437748449674035,13000.0,-783000.0,-0.024900620130386387,-0.05,-0.05,15541000.0,15541000.0,https://www.sec.gov/Archives/edgar/data/1120370/000112037018000036/0001120370-18-000036-index.html,https://www.sec.gov/Archives/edgar/data/1120370/000112037018000036/bwen-20180930x10q.htm,1620589788,15:49:48,20210509
10,2018-06-30,BWEN,USD,2018-07-31 00:00:00,2018-07-31 07:25:54,Q2,36781000.0,34558000.0,2223000.0,0.06043881351784889,0.0,2495000.0,0.0,-1000.0,2966000.0,37524000.0,352000.0,2349000.0,1606000.0,0.043663848182485525,-743000.0,-0.02020064707321715,-4994000.0,-6089000.0,-0.1655474293792991,-6000.0,-6116000.0,-0.16628150403741063,-0.4,-0.4,15420704.0,15420704.0,https://www.sec.gov/Archives/edgar/data/1120370/000155837018005921/0001558370-18-005921-index.html,https://www.sec.gov/Archives/edgar/data/1120370/000155837018005921/bwen-20180630x10q.htm,1620589788,15:49:48,20210509
11,2018-03-31,BWEN,USD,2018-05-04 00:00:00,2018-05-04 14:48:21,Q1,29967000.0,30099000.0,-132000.0,-0.004404845329862849,0.0,3898000.0,0.0,-3000.0,4369000.0,34468000.0,298000.0,2357000.0,-2144000.0,-0.07154536656989355,-4501000.0,-0.1501985517402476,-39000.0,-4838000.0,-0.16144425534754897,-27000.0,-4838000.0,-0.16144425534754897,-0.32,-0.32,15257000.0,15257000.0,https://www.sec.gov/Archives/edgar/data/1120370/000112037018000022/0001120370-18-000022-index.html,https://www.sec.gov/Archives/edgar/data/1120370/000112037018000022/bwen-20180331x10q.htm,1620589788,15:49:48,20210509
12,2017-12-31,BWEN,USD,2018-02-27 00:00:00,2018-02-27 15:09:16,Q4,17768000.0,20869000.0,-3101000.0,-0.1745272399819901,0.0,3117000.0,0.0,0.0,3588000.0,24457000.0,0.0,2428000.0,-4261000.0,-0.23981314723097705,-6689000.0,-0.3764633048176497,-14000.0,-6917000.0,-0.38929536244934715,11000.0,-6981000.0,-0.3928973435389464,-0.46,-0.46,15171000.0,15171000.0,https://www.sec.gov/Archives/edgar/data/1120370/000112037018000010/0001120370-18-000010-index.html,https://www.sec.gov/Archives/edgar/data/1120370/000112037018000010/bwen-20171231x10k.htm,1620589788,15:49:48,20210509
13,2017-09-30,BWEN,USD,2017-10-31 00:00:00,2017-10-31 11:54:42,Q3,29595000.0,28581000.0,1014000.0,0.034262544348707555,0.0,2374000.0,0.0,0.0,2845000.0,31426000.0,0.0,2267000.0,436000.0,0.014732218280114884,-1831000.0,-0.06186855887818888,-12000.0,-2071000.0,-0.0699780368305457,-22000.0,-2207000.0,-0.07457340767021456,-0.15,-0.15,15095000.0,15095000.0,https://www.sec.gov/Archives/edgar/data/1120370/000112037017000049/0001120370-17-000049-index.html,https://www.sec.gov/Archives/edgar/data/1120370/000112037017000049/bwen-20170930x10q.htm,1620589788,15:49:48,20210509
14,2017-06-30,BWEN,USD,2017-08-01 00:00:00,2017-08-01 12:17:17,Q2,43362000.0,39490000.0,3872000.0,0.08929477422628107,0.0,3917000.0,0.0,0.0,4388000.0,43878000.0,0.0,2203000.0,1687000.0,0.038905032055716986,-516000.0,-0.0118998201189982,29000.0,-704000.0,-0.016235413495687467,-16000.0,-780000.0,-0.017988100179881002,-0.05,-0.05,15014000.0,15014000.0,https://www.sec.gov/Archives/edgar/data/1120370/000112037017000035/0001120370-17-000035-index.html,https://www.sec.gov/Archives/edgar/data/1120370/000112037017000035/bwen-20170630x10q.htm,1620589788,15:49:48,20210509
15,2017-03-31,BWEN,USD,2017-05-02 00:00:00,2017-05-02 12:16:39,Q1,56060000.0,49686000.0,6374000.0,0.113699607563325,0.0,4420000.0,0.0,0.0,4771000.0,54457000.0,0.0,2101000.0,3704000.0,0.0660720656439529,1603000.0,0.028594363182304672,0.0,1464000.0,0.0261148769175883,-5018000.0,6327000.0,0.11286122012129861,0.4238060151383214,0.4163869693978282,14929000.0,15195000.0,https://www.sec.gov/Archives/edgar/data/1120370/000112037017000027/0001120370-17-000027-index.html,https://www.sec.gov/Archives/edgar/data/1120370/000112037017000027/bwen-20170331x10q.htm,1620589788,15:49:48,20210509
16,2016-12-31,BWEN,USD,2017-02-23 00:00:00,2017-02-23 16:57:40,Q4,48151000.0,43447000.0,4704000.0,0.0976926751261656,0.0,4001000.0,0.0,0.0,4112000.0,47559000.0,0.0,1776000.0,2368000.0,0.049178625573716016,592000.0,0.012294656393429004,22000.0,420000.0,0.00872256027912193,14000.0,298000.0,0.006188864198043654,0.02003226673837053,0.019740328563857976,14876000.0,15096000.0,https://www.sec.gov/Archives/edgar/data/1120370/000112037017000009/0001120370-17-000009-index.html,https://www.sec.gov/Archives/edgar/data/1120370/000112037017000009/bwen-20161231x10k.htm,1620589788,15:49:48,20210509
17,2016-09-30,BWEN,USD,2016-10-28 00:00:00,2016-10-28 13:42:19,Q3,42552000.0,37221000.0,5331000.0,0.1252820078962211,0.0,3860000.0,0.0,0.0,3971000.0,41192000.0,0.0,1695000.0,3055000.0,0.0717945102462869,1360000.0,0.03196089490505734,10000.0,1245000.0,0.02925831923293852,0.0,872000.0,0.020492573792066177,0.05861790803979564,0.057668143641293565,14876000.0,15121000.0,https://www.sec.gov/Archives/edgar/data/1120370/000112037016000070/0001120370-16-000070-index.html,https://www.sec.gov/Archives/edgar/data/1120370/000112037016000070/bwen-20160930x10q.htm,1620589788,15:49:48,20210509
18,2016-06-30,BWEN,USD,2016-07-28,2016-07-28 11:59:31,Q2,43380000.0,39238000.0,4142000.0,0.09548178884278469,0.0,3850000.0,0.0,0.0,3961000.0,43199000.0,0.0,1786000.0,1967000.0,0.045343476256339325,181000.0,0.00417242969110189,5000.0,34000.0,0.0007837713231904104,-8000.0,-474000.0,-0.010926694329183955,-0.03,-0.03,14835000.0,14835000.0,https://www.sec.gov/Archives/edgar/data/1120370/000112037016000061/bwen-20160630x10q.htm,https://www.sec.gov/Archives/edgar/data/1120370/000112037016000061/bwen-20160630x10q.htm,1620589788,15:49:48,20210509
19,2016-03-31,BWEN,USD,2016-04-28 00:00:00,2016-04-28 12:03:04,Q1,46757000.0,42795000.0,3962000.0,0.08473597536197788,0.0,4075000.0,0.0,0.0,4186000.0,46981000.0,154000.0,1657000.0,1433000.0,0.030647817439100028,-224000.0,-0.0047907265222319655,12000.0,-366000.0,-0.007827704942575443,-8000.0,-377000.0,-0.008062963834292192,-0.03,-0.03,14758000.0,14758000.0,https://www.sec.gov/Archives/edgar/data/1120370/000112037016000042/0001120370-16-000042-index.html,https://www.sec.gov/Archives/edgar/data/1120370/000112037016000042/bwen-20160331x10q.htm,1620589788,15:49:48,20210509
20,2015-12-31,BWEN,USD,2016-02-26 00:00:00,2016-02-26 12:57:41,Q4,37573000.0,43782000.0,-6209000.0,-0.1652516434673835,0.0,4519000.0,0.0,0.0,4630000.0,48412000.0,0.0,2319000.0,-8520000.0,-0.22675857663747903,-10839000.0,-0.2884784286588774,275000.0,-10752000.0,-0.28616293615095945,-25000.0,-10794000.0,-0.28728076012029913,-0.73,-0.732257,14738000.0,14738000.0,https://www.sec.gov/Archives/edgar/data/1120370/000112037016000033/0001120370-16-000033-index.html,https://www.sec.gov/Archives/edgar/data/1120370/000112037016000033/bwen-20151231x10k.htm,1620589788,15:49:48,20210509
21,2015-09-30,BWEN,USD,2015-10-29 00:00:00,2015-10-29 12:16:10,Q3,49791000.0,46960000.0,2831000.0,0.05685766503986664,0.0,3981000.0,0.0,0.0,4092000.0,51052000.0,0.0,1763000.0,502000.0,0.01008214335924163,-1261000.0,-0.025325862103593017,-938000.0,-2409000.0,-0.04838223775381093,-26000.0,-7613000.0,-0.15289911831455483,-0.52,-0.52,14708000.0,14708000.0,https://www.sec.gov/Archives/edgar/data/1120370/000112037015000019/0001120370-15-000019-index.html,https://www.sec.gov/Archives/edgar/data/1120370/000112037015000019/bwen-20150930x10q.htm,1620589788,15:49:48,20210509
22,2015-06-30,BWEN,USD,2015-07-30 00:00:00,2015-07-30 12:14:05,Q2,65225000.0,57991000.0,7234000.0,0.11090839402069759,0.0,5262000.0,0.0,0.0,5373000.0,63364000.0,0.0,2519000.0,4380000.0,0.06715216558068225,1861000.0,0.028532004599463395,-44000.0,1553000.0,0.023809888846301266,-62000.0,1615000.0,0.02476044461479494,0.1101411716565505,0.10926189026452879,14663000.0,14781000.0,https://www.sec.gov/Archives/edgar/data/1120370/000112037015000010/0001120370-15-000010-index.html,https://www.sec.gov/Archives/edgar/data/1120370/000112037015000010/bwen-20150630x10q.htm,1620589788,15:49:48,20210509
23,2015-03-31,BWEN,USD,2015-04-30 00:00:00,2015-04-30 12:27:49,Q1,51051000.0,50312000.0,739000.0,0.0144757203580733,0.0,5606000.0,0.0,0.0,5717000.0,56029000.0,0.0,2578000.0,-2400000.0,-0.04701181171769407,-4978000.0,-0.09751033280445046,212000.0,-4938000.0,-0.09672680260915555,77000.0,-5015000.0,-0.09823509823509824,-0.34,-0.343564,14597000.0,14597000.0,https://www.sec.gov/Archives/edgar/data/1120370/000155837015000623/0001558370-15-000623-index.html,https://www.sec.gov/Archives/edgar/data/1120370/000155837015000623/bwen-20150331x10q.htm,1620589788,15:49:48,20210509
24,2014-12-31,BWEN,USD,2015-02-26,2015-02-26 12:05:21,Q4,53798000.0,53890000.0,-92000.0,-0.0017101007472396744,0.0,5015000.0,0.0,0.0,5126000.0,59016000.0,0.0,2607000.0,-2611000.0,-0.04853340272872597,-5218000.0,-0.09699245325105023,-17000.0,-5442000.0,-0.10115617680954682,-271000.0,-5171000.0,-0.09611881482582996,-0.35,-0.35,14677000.0,14677000.0,https://www.sec.gov/Archives/edgar/data/1120370/000104746915001264/a2223204z10-k.htm,https://www.sec.gov/Archives/edgar/data/1120370/000104746915001264/a2223204z10-k.htm,1620589788,15:49:48,20210509
25,2014-09-30,BWEN,USD,2014-10-30 00:00:00,2014-10-30 12:47:35,Q3,60289000.0,56431000.0,3858000.0,0.0639917729602415,0.0,4629000.0,0.0,0.0,4740000.0,61171000.0,0.0,3312000.0,2430000.0,0.04030586010715056,-882000.0,-0.014629534409262054,-781000.0,-1840000.0,-0.030519663620229228,-26000.0,-1814000.0,-0.030088407503856426,-0.12,-0.122634,14792000.0,14792000.0,https://www.sec.gov/Archives/edgar/data/1120370/000110465914075170/0001104659-14-075170-index.html,https://www.sec.gov/Archives/edgar/data/1120370/000110465914075170/a14-19899_110q.htm,1620589788,15:49:48,20210509
26,2014-06-30,BWEN,USD,2014-07-31 00:00:00,2014-07-31 11:49:03,Q2,68381000.0,59750000.0,8631000.0,0.12621927143504774,0.0,5620000.0,0.0,0.0,5731000.0,65481000.0,0.0,3150000.0,6050000.0,0.0884748687500914,2900000.0,0.042409441219052074,-815000.0,1901000.0,0.027800119916351035,41000.0,1860000.0,0.027200538161185124,0.13,0.12,14732000.0,15180000.0,https://www.sec.gov/Archives/edgar/data/1120370/000110465914055332/0001104659-14-055332-index.html,https://www.sec.gov/Archives/edgar/data/1120370/000110465914055332/a14-14199_110q.htm,1620589788,15:49:48,20210509
27,2014-03-31,BWEN,USD,2014-04-30 00:00:00,2014-04-30 12:15:00,Q1,58800000.0,53707000.0,5093000.0,0.0866156462585034,0.0,5917000.0,0.0,0.0,6028000.0,59735000.0,0.0,3114000.0,2179000.0,0.0370578231292517,-935000.0,-0.015901360544217688,76000.0,-1019000.0,-0.017329931972789116,24000.0,-1043000.0,-0.017738095238095237,-0.07,-0.07,14659000.0,14659000.0,https://www.sec.gov/Archives/edgar/data/1120370/000110465914032478/0001104659-14-032478-index.html,https://www.sec.gov/Archives/edgar/data/1120370/000110465914032478/a14-9912_110q.htm,1620589788,15:49:48,20210509
28,2013-12-31,BWEN,USD,2014-03-12,2014-03-12 14:09:51,Q4,56247000.0,53208000.0,3039000.0,0.05402954824257294,0.0,5626000.0,0.0,0.0,5737000.0,58945000.0,0.0,3444000.0,746000.0,0.013262929578466406,-2698000.0,-0.047967002684587624,100000.0,-2788000.0,-0.04956708802247231,8000.0,-2796000.0,-0.04970931783028428,-0.19073606658025785,-0.19073606658025785,14659000.0,14659000.0,https://www.sec.gov/Archives/edgar/data/1120370/000104746914002214/a2218854z10-k.htm,https://www.sec.gov/Archives/edgar/data/1120370/000104746914002214/a2218854z10-k.htm,1620589788,15:49:48,20210509
29,2013-09-30,BWEN,USD,2013-10-31 00:00:00,2013-10-31 12:15:52,Q3,62436000.0,57880000.0,4556000.0,0.07297072201934782,0.0,5247000.0,0.0,0.0,5358000.0,63238000.0,177000.0,3379000.0,2577000.0,0.041274264847203535,-802000.0,-0.012845153437119611,-1584000.0,-2563000.0,-0.04105003523608175,28000.0,-2491000.0,-0.039896854378883975,-0.17,-0.171497,14525000.0,14525000.0,https://www.sec.gov/Archives/edgar/data/1120370/000110465913079565/0001104659-13-079565-index.html,https://www.sec.gov/Archives/edgar/data/1120370/000110465913079565/a13-19615_110q.htm,1620589788,15:49:48,20210509
30,2013-06-30,BWEN,USD,2013-08-01 00:00:00,2013-08-01 11:51:48,Q2,51363000.0,48779000.0,2584000.0,0.050308587894009306,0.0,5145000.0,0.0,0.0,5810000.0,54589000.0,227000.0,4047000.0,821000.0,0.015984268831649242,-3226000.0,-0.06280785779646827,3314000.0,-139000.0,-0.0027062282187566926,14000.0,-153000.0,-0.002978797967408446,-0.01,-0.010609,14422000.0,14422000.0,https://www.sec.gov/Archives/edgar/data/1120370/000110465913058778/0001104659-13-058778-index.html,https://www.sec.gov/Archives/edgar/data/1120370/000110465913058778/a13-13732_110q.htm,1620589788,15:49:48,20210509
31,2013-03-31,BWEN,USD,2013-05-09 00:00:00,2013-05-09 11:56:44,Q1,45664000.0,43498000.0,2166000.0,0.04743342676944639,0.0,5396000.0,0.0,0.0,6061000.0,49559000.0,391000.0,3986000.0,91000.0,0.0019928170988086896,-3895000.0,-0.08529695164681149,-541000.0,-4827000.0,-0.10570690259285213,22000.0,-5059000.0,-0.1107874912403644,-0.35,-0.354595,14267000.0,14267000.0,https://www.sec.gov/Archives/edgar/data/1120370/000110465913039388/0001104659-13-039388-index.html,https://www.sec.gov/Archives/edgar/data/1120370/000110465913039388/a13-8403_110q.htm,1620589788,15:49:48,20210509
32,2012-12-31,BWEN,USD,2013-02-28 00:00:00,2013-02-27 21:20:53,Q4,44908000.0,44678000.0,230000.0,0.005121581900774917,0.0,4976000.0,0.0,0.0,5641000.0,50319000.0,658000.0,4310000.0,-1101000.0,-0.024516789881535585,-5411000.0,-0.12049078115257861,196000.0,-5873000.0,-0.1307784804489178,5000.0,-5878000.0,-0.13088981918589115,-0.41,-0.414937,14166000.0,14166000.0,https://www.sec.gov/Archives/edgar/data/1120370/000104746913001855/0001047469-13-001855-index.html,https://www.sec.gov/Archives/edgar/data/1120370/000104746913001855/a2213183z10-k.htm,1620589788,15:49:48,20210509
33,2012-09-30,BWEN,USD,2012-11-07 00:00:00,2012-11-07 11:49:40,Q3,55045000.0,52330000.0,2715000.0,0.049323280951948406,0.0,5197000.0,0.0,0.0,5861000.0,58191000.0,553000.0,4367000.0,1221000.0,0.0221818512126442,-3146000.0,-0.057153238259605776,-248000.0,-3947000.0,-0.07170496866200382,-9000.0,-3938000.0,-0.07154146607321282,-0.28,-0.28,14093000.0,14093000.0,https://www.sec.gov/Archives/edgar/data/1120370/000110465912075165/0001104659-12-075165-index.html,https://www.sec.gov/Archives/edgar/data/1120370/000110465912075165/a12-19863_110q.htm,1620589788,15:49:48,20210509
34,2012-06-30,BWEN,USD,2012-08-08 00:00:00,2012-08-08 12:03:11,Q2,56311000.0,54652000.0,1659000.0,0.029461384099021506,0.0,5578000.0,0.0,0.0,5793000.0,60445000.0,238000.0,3910000.0,-224000.0,-0.003977908401555646,-4134000.0,-0.07341372023228143,151000.0,-4221000.0,-0.07495871144181421,10000.0,-4231000.0,-0.07513629663831223,-0.3,-0.302404,13991200.0,13991200.0,https://www.sec.gov/Archives/edgar/data/1120370/000110465912055708/0001104659-12-055708-index.html,https://www.sec.gov/Archives/edgar/data/1120370/000110465912055708/a12-13174_110q.htm,1620589788,15:49:48,20210509
35,2012-03-31,BWEN,USD,2012-05-09,2012-05-09 13:11:22,Q1,54443000.0,52211000.0,2232000.0,0.04099700604301747,0.0,5883000.0,0.0,0.0,6098000.0,58309000.0,0.0,3950000.0,84000.0,0.0015428980768877542,-3866000.0,-0.07101004720533402,288000.0,-3840000.0,-0.07053248351486877,20000.0,-3860000.0,-0.07089984019984204,-0.3,-0.3,13979600.0,13979600.0,https://www.sec.gov/Archives/edgar/data/1120370/000104746912002560/a2208005z10-k.htm,https://www.sec.gov/Archives/edgar/data/1120370/000104746912002560/a2208005z10-k.htm,1620589788,15:49:48,20210509
36,2011-12-31,BWEN,USD,2012-03-14 00:00:00,2012-03-13 21:47:29,Q4,55093000.0,54129000.0,964000.0,0.017497685731399634,0.0,6509000.0,0.0,0.0,6724000.0,60853000.0,0.0,3624000.0,-2136000.0,-0.03877080572849545,-5760000.0,-0.10455048735774054,374000.0,-5658000.0,-0.10269907247744722,44000.0,-5724000.0,-0.10389704681175467,-0.40945377550144496,-0.40945377550144496,13979600.0,13979600.0,https://www.sec.gov/Archives/edgar/data/1120370/000104746912002560/0001047469-12-002560-index.html,https://www.sec.gov/Archives/edgar/data/1120370/000104746912002560/a2208005z10-k.htm,1620589788,15:49:48,20210509
37,2011-09-30,BWEN,USD,2011-11-04 00:00:00,2011-11-04 13:02:27,Q3,47899000.0,47187000.0,712000.0,0.014864610952211947,0.0,6442000.0,0.0,0.0,6656000.0,53843000.0,0.0,3647000.0,-2297000.0,-0.04795507213094219,-5944000.0,-0.12409444873588175,-375000.0,-6595000.0,-0.13768554667112048,-9000.0,-6586000.0,-0.1374976513079605,-0.6,-0.6,11036900.0,11036900.0,https://www.sec.gov/Archives/edgar/data/1120370/000110465911061005/0001104659-11-061005-index.html,https://www.sec.gov/Archives/edgar/data/1120370/000110465911061005/a11-25661_110q.htm,1620589788,15:49:48,20210509
38,2011-06-30,BWEN,USD,2011-08-05 00:00:00,2011-08-05 12:00:59,Q2,39332000.0,36400000.0,2932000.0,0.07454489982711278,0.0,7028000.0,0.0,0.0,7243000.0,43643000.0,0.0,3762000.0,-549000.0,-0.01395810027458558,-4311000.0,-0.10960541035289331,222000.0,-4385000.0,-0.111486830062036,16000.0,-4458000.0,-0.1133428251805146,-0.4,-0.416041,10715300.0,10715300.0,https://www.sec.gov/Archives/edgar/data/1120370/000110465911044115/0001104659-11-044115-index.html,https://www.sec.gov/Archives/edgar/data/1120370/000110465911044115/a11-13858_110q.htm,1620589788,15:49:48,20210509
39,2011-03-31,BWEN,USD,2011-05-09 00:00:00,2011-05-09 15:38:55,Q1,43530000.0,40951000.0,2579000.0,0.059246496668963936,0.0,6337000.0,0.0,0.0,6552000.0,47503000.0,0.0,3501000.0,-472000.0,-0.010843096714909259,-3973000.0,-0.09127038823799678,210000.0,-4036000.0,-0.09271766597748679,17000.0,-5180000.0,-0.11899839191362278,-0.5,-0.5,10710800.0,10710800.0,https://www.sec.gov/Archives/edgar/data/1120370/000110465911027301/0001104659-11-027301-index.html,https://www.sec.gov/Archives/edgar/data/1120370/000110465911027301/a11-8930_110q.htm,1620589788,15:49:48,20210509
40,2010-12-31,BWEN,USD,2011-03-16,2011-03-16 15:57:10,Q4,39900000.0,32616000.0,7284000.0,0.1825563909774436,0.0,4409000.0,0.0,0.0,4177000.0,36793000.0,0.0,1913000.0,5020000.0,0.12581453634085213,3107000.0,0.07786967418546366,-35848000.0,-32845000.0,-0.8231829573934837,304000.0,-48571000.0,-1.2173182957393485,-4.53476864473242,-4.53476864473242,10710800.0,10710800.0,https://www.sec.gov/Archives/edgar/data/1120370/000104746911002218/a2202675z10-k.htm,https://www.sec.gov/Archives/edgar/data/1120370/000104746911002218/a2202675z10-k.htm,1620589788,15:49:48,20210509
41,2010-09-30,BWEN,USD,2010-11-05 00:00:00,2010-11-05 16:52:38,Q3,38197000.0,38655000.0,-458000.0,-0.011990470455794957,0.0,7314000.0,0.0,0.0,8389000.0,47044000.0,0.0,4868000.0,-3979000.0,-0.10417048459303087,-8847000.0,-0.23161504830222268,380000.0,-8812000.0,-0.23069874597481477,-513000.0,-8299000.0,-0.21726837186166453,-0.8,-0.8,10690000.0,10690000.0,https://www.sec.gov/Archives/edgar/data/1120370/000110465910056583/0001104659-10-056583-index.html,https://www.sec.gov/Archives/edgar/data/1120370/000110465910056583/a10-17559_110q.htm,1620589788,15:49:48,20210509
42,2010-06-30,BWEN,USD,2010-08-09 00:00:00,2010-08-09 16:32:49,Q2,36629000.0,37025000.0,-396000.0,-0.010811105954298506,0.0,7467000.0,0.0,0.0,8541000.0,45566000.0,0.0,4848000.0,-4089000.0,-0.11163285920991564,-8937000.0,-0.24398700483223676,-4955000.0,-14253000.0,-0.38911791203691065,-72000.0,-14181000.0,-0.38715225640885637,-1.3,-1.3,10678200.0,10678200.0,https://www.sec.gov/Archives/edgar/data/1120370/000110465910043200/0001104659-10-043200-index.html,https://www.sec.gov/Archives/edgar/data/1120370/000110465910043200/a10-12919_110q.htm,1620589788,15:49:48,20210509
43,2010-03-31,BWEN,USD,2010-05-07 00:00:00,2010-05-07 16:45:21,Q1,22170000.0,26654000.0,-4484000.0,-0.202255299954894,0.0,8214000.0,0.0,0.0,9289000.0,35943000.0,0.0,4834000.0,-8939000.0,-0.40320252593594946,-13773000.0,-0.6212449255751015,132000.0,-14003000.0,-0.6316193053676139,121000.0,-14124000.0,-0.6370771312584573,-1.4,-1.4,10437100.0,10437100.0,https://www.sec.gov/Archives/edgar/data/1120370/000110465910026915/0001104659-10-026915-index.html,https://www.sec.gov/Archives/edgar/data/1120370/000110465910026915/a10-6118_110q.htm,1620589788,15:49:48,20210509
44,2009-12-31,BWEN,USD,2010-03-12 00:00:00,2010-03-12 17:26:03,Q4,32948000.0,35563000.0,-2615000.0,-0.0793674881631662,0.0,7137000.0,0.0,0.0,8823000.0,44386000.0,0.0,5594000.0,-5844000.0,-0.17737040184533204,-11438000.0,-0.34715308971713005,-81667000.0,-93799000.0,-2.8468799320140827,-1200000.0,-92599000.0,-2.8104589049411195,-8.87210048768336,-8.87210048768336,10437100.0,10437100.0,https://www.sec.gov/Archives/edgar/data/1120370/000104746910002156/0001047469-10-002156-index.html,https://www.sec.gov/Archives/edgar/data/1120370/000104746910002156/a2197215z10-k.htm,1620589788,15:49:48,20210509
45,2009-09-30,BWEN,USD,2009-11-02 00:00:00,2009-11-02 17:29:41,Q3,59507000.0,52925000.0,6582000.0,0.11060883593526812,0.0,8247000.0,0.0,0.0,11153000.0,64078000.0,0.0,6698000.0,2127000.0,0.035743694019191016,-4571000.0,-0.07681449241265734,243000.0,-5060000.0,-0.08503201304048263,-116000.0,-4944000.0,-0.0830826625439024,-0.5,-0.5,9660900.0,9660900.0,https://www.sec.gov/Archives/edgar/data/1120370/000110465909061909/0001104659-09-061909-index.html,https://www.sec.gov/Archives/edgar/data/1120370/000110465909061909/a09-31192_110q.htm,1620589788,15:49:48,20210509
46,2009-06-30,BWEN,USD,2009-08-10 00:00:00,2009-08-10 17:14:37,Q2,52313000.0,49162000.0,3151000.0,0.060233593944143904,0.0,10525000.0,0.0,0.0,13431000.0,62593000.0,650000.0,6826000.0,-3454000.0,-0.0660256532792996,-10280000.0,-0.19650947183300518,5574000.0,-5263000.0,-0.10060596792384302,163000.0,-5426000.0,-0.10372182822625352,-0.6,-0.6,9654700.0,9654700.0,https://www.sec.gov/Archives/edgar/data/1120370/000110465909048705/0001104659-09-048705-index.html,https://www.sec.gov/Archives/edgar/data/1120370/000110465909048705/a09-18872_110q.htm,1620589788,15:49:48,20210509
47,2009-03-31,BWEN,USD,2009-05-11 00:00:00,2009-05-11 17:13:25,Q1,53062000.0,48377000.0,4685000.0,0.08829294033394897,0.0,8916000.0,0.0,0.0,11822000.0,60199000.0,553000.0,6607000.0,-530000.0,-0.009988315555388037,-7137000.0,-0.13450303418642343,93000.0,-7586000.0,-0.14296483359089368,-436000.0,-7150000.0,-0.13474803060570653,-0.7,-0.7,9649200.0,9649200.0,https://www.sec.gov/Archives/edgar/data/1120370/000110465909031592/0001104659-09-031592-index.html,https://www.sec.gov/Archives/edgar/data/1120370/000110465909031592/a09-11599_110q.htm,1620589788,15:49:48,20210509
48,2008-12-31,BWEN,USD,2009-03-16 00:00:00,2009-03-16 17:18:20,Q4,76839000.0,73869000.0,2970000.0,0.03865224690586811,0.0,13070000.0,0.0,0.0,18389000.0,92258000.0,939000.0,6160000.0,-9259000.0,-0.12049870508465753,-15419000.0,-0.20066632829682843,-2670000.0,-16035000.0,-0.20868309061804552,395000.0,-16430000.0,-0.21382370931428052,-1.702731832690793,-1.702731832690793,9649200.0,9649200.0,https://www.sec.gov/Archives/edgar/data/1120370/000104746909002770/0001047469-09-002770-index.html,https://www.sec.gov/Archives/edgar/data/1120370/000104746909002770/a2191577z10-k.htm,1620589788,15:49:48,20210509
49,2008-09-30,BWEN,USD,2008-11-14 00:00:00,2008-11-14 17:23:25,Q3,64488000.0,52189000.0,12299000.0,0.19071765289666295,0.0,12110000.0,0.0,0.0,15042000.0,67231000.0,0.0,5908000.0,3165000.0,0.04907889839970227,-2743000.0,-0.042535045279741966,-319000.0,-2972000.0,-0.04608609353678204,467000.0,-3439000.0,-0.05332775089939214,-0.4,-0.4,9647041.0,9647041.0,https://www.sec.gov/Archives/edgar/data/1120370/000110465908071087/0001104659-08-071087-index.html,https://www.sec.gov/Archives/edgar/data/1120370/000110465908071087/a08-25748_110q.htm,1620589788,15:49:48,20210509
50,2008-06-30,BWEN,USD,2008-08-14 00:00:00,2008-08-14 17:22:24,Q2,40830000.0,30739000.0,10091000.0,0.24714670585353907,0.0,8995000.0,0.0,0.0,11733000.0,42472000.0,794000.0,5108000.0,3466000.0,0.08488856233161891,-1642000.0,-0.04021552779818761,475000.0,-1961000.0,-0.04802841048248837,12000.0,-1973000.0,-0.048322312025471464,-0.2,-0.2,8682198.0,8682198.0,https://www.sec.gov/Archives/edgar/data/1120370/000110465908053113/0001104659-08-053113-index.html,https://www.sec.gov/Archives/edgar/data/1120370/000110465908053113/a08-19089_110q.htm,1620589788,15:49:48,20210509
51,2008-03-31,BWEN,USD,2008-05-15 00:00:00,2008-05-15 16:23:51,Q1,35164000.0,27154000.0,8010000.0,0.2277897850073939,0.0,7370000.0,0.0,0.0,9949000.0,37103000.0,1217000.0,4690000.0,2751000.0,0.07823342054373791,-1939000.0,-0.0551416221135252,-99000.0,-3255000.0,-0.09256626094869753,188000.0,-3443000.0,-0.09791263792515072,-0.4,-0.4,7932478.0,7932478.0,https://www.sec.gov/Archives/edgar/data/1120370/000110465908033675/0001104659-08-033675-index.html,https://www.sec.gov/Archives/edgar/data/1120370/000110465908033675/a08-11814_110q.htm,1620589788,15:49:48,20210509
52,2007-12-31,BWEN,USD,2008-04-15,2008-04-15 17:27:16,Q4,21819480.0,20976990.0,842490.0,0.03861182759625802,0.0,3820468.0,0.0,0.0,5568405.0,26545395.0,1116599.0,3216547.0,-1509368.0,-0.06917525073924768,-4725915.0,-0.21659155030275698,-27000.0,-5744670.0,-0.2632817097382706,0.0,-4705670.0,-0.21566370967594095,-0.5932156382910864,-0.5932156382910864,7932478.0,7932478.0,https://www.sec.gov/Archives/edgar/data/1120370/000104746908004710/a2184756z10ksb.htm,https://www.sec.gov/Archives/edgar/data/1120370/000104746908004710/a2184756z10ksb.htm,1620589788,15:49:48,20210509
53,2007-09-30,BWEN,USD,2007-11-14,2007-11-14 16:15:50,Q3,3122773.0,1838515.0,1284258.0,0.41125563721730657,0.0,694698.0,0.0,0.0,694698.0,2533213.0,18854.0,123436.0,712996.0,0.22832143098457686,589560.0,0.18879374197227913,0.0,683384.0,0.2188388333061673,0.0,683384.0,0.2188388333061673,0.1,0.1,4772446.0,4772446.0,https://www.sec.gov/Archives/edgar/data/1120370/000110465907083126/a07-29138_110qsb.htm,https://www.sec.gov/Archives/edgar/data/1120370/000110465907083126/a07-29138_110qsb.htm,1620589788,15:49:48,20210509
54,2007-06-30,BWEN,USD,2007-06-30,2007-06-30,Q2,2643095.0,1527501.0,1115594.0,0.42207866156910745,0.0,750615.0,0.0,0.0,750615.0,2278116.0,5979.0,59154.0,424133.0,0.160468314608442,364979.0,0.1380877342660782,0.0,479108.0,0.1812677940066475,0.0,479108.0,0.1812677940066475,0.1,0.1,4772446.0,4772446.0,,,1620589788,15:49:48,20210509
55,2007-03-31,BWEN,USD,2007-03-31,2007-03-31,Q1,2218652.0,1521994.0,696658.0,0.31400057332109765,2063.0,458219.0,0.0,0.0,460282.0,1982276.0,0.0,138863.0,375239.0,0.16912927309014664,236376.0,0.10654036775483491,0.0,181178.0,0.08166129703982418,0.0,181178.0,0.08166129703982418,0.045986038040046216,0.045986038040046216,3939848.0,3939848.0,,,1620589788,15:49:48,20210509
56,2006-09-30,BWEN,USD,2006-09-30,2006-09-30,Q3,707705.0,1056158.0,-348453.0,-0.49237040857419406,10568.0,230590.0,0.0,0.0,241158.0,1297316.0,111812.0,83619.0,-505992.0,-0.7149758727153263,-589611.0,-0.8331310362368501,-25.0,0.0,0.0,0.0,-701448.0,-0.9911587455224988,-0.2,-0.2,3500000.0,3500000.0,,,1620589788,15:49:48,20210509
57,2006-06-30,BWEN,USD,2006-06-30,2006-06-30,Q1,23112.0,492098.0,-468986.0,-20.291883004499827,9858.0,235696.0,0.0,0.0,245554.0,737652.0,112103.0,83383.0,-631157.0,-27.308627552786433,-714540.0,-30.916407061266874,0.0,0.0,0.0,0.0,-826643.0,-35.766831083419866,-0.2,-0.2,3500000.0,3500000.0,,,1620589788,15:49:48,20210509
58,2006-03-31,BWEN,USD,2006-03-31,2006-03-31,Q1,590731.0,1097640.0,-506909.0,-0.858104619530717,17078.0,272061.0,0.0,0.0,289139.0,1386779.0,97221.0,76948.0,-719100.0,-1.2173053386397532,-796048.0,-1.3475642889910975,-253083.0,0.0,0.0,0.0,-1146352.0,-1.9405651641779422,-0.4,-0.4,2996388.0,2996388.0,,,1620589788,15:49:48,20210509
