,date,symbol,reportedCurrency,fillingDate,acceptedDate,period,revenue,costOfRevenue,grossProfit,grossProfitRatio,researchAndDevelopmentExpenses,generalAndAdministrativeExpenses,sellingAndMarketingExpenses,otherExpenses,operatingExpenses,costAndExpenses,interestExpense,depreciationAndAmortization,ebitda,ebitdaratio,operatingIncome,operatingIncomeRatio,totalOtherIncomeExpensesNet,incomeBeforeTax,incomeBeforeTaxRatio,incomeTaxExpense,netIncome,netIncomeRatio,eps,epsdiluted,weightedAverageShsOut,weightedAverageShsOutDil,link,finalLink,timestamp,est_time,est_date
0,2020-12-31,FRHC,USD,2021-02-09,2021-02-09 16:21:15,Q3,101646000.0,26927000.0,74719000.0,0.7350904118214194,0.0,0.0,0.0,-244000.0,23030000.0,49957000.0,0.0,893000.0,52582000.0,0.5173051571139051,51689000.0,0.5085197646734746,-1657000.0,50032000.0,0.4922180902347362,7711000.0,42374000.0,0.4168781850736871,0.7256367884939836,0.724952972324295,58395606.0,58450688.0,https://www.sec.gov/Archives/edgar/data/924805/000165495421001365/0001654954-21-001365-index.htm,https://www.sec.gov/Archives/edgar/data/924805/000165495421001365/frhc_10q.htm,1620592246,16:30:46,20210509
1,2020-09-30,FRHC,USD,2020-11-09,2020-11-09 16:23:20,Q2,69710000.0,0.0,69710000.0,1.0,0.0,0.0,0.0,15867000.0,16911000.0,15867000.0,-4699000.0,955000.0,58231000.0,0.8353320900875054,57276000.0,0.8216324774063979,-68000.0,28147000.0,0.4037727729163678,-4584000.0,23563000.0,0.33801463204705207,0.4030917098218685,0.4030917098218685,58455680.0,58455680.0,https://www.sec.gov/Archives/edgar/data/924805/000165495420012017/0001654954-20-012017-index.htm,https://www.sec.gov/Archives/edgar/data/924805/000165495420012017/frhc_10q.htm,1620592246,16:30:46,20210509
2,2020-06-30,FRHC,USD,2020-08-11,2020-08-10 21:14:02,Q1,56672000.0,9769000.0,46903000.0,0.8276221061547149,0.0,0.0,0.0,14399000.0,14048000.0,23790000.0,-4001000.0,700000.0,33582000.0,0.5925677583286278,32882000.0,0.5802159796725014,-27000.0,28881000.0,0.5096167419536984,4605000.0,23853000.0,0.42089568040654995,0.40805,0.40805,58455680.0,58455680.0,https://www.sec.gov/Archives/edgar/data/924805/000165495420008748/0001654954-20-008748-index.htm,https://www.sec.gov/Archives/edgar/data/924805/000165495420008748/frhc_10q.htm,1620592246,16:30:46,20210509
3,2020-03-31,FRHC,USD,2020-07-14,2020-07-13 19:36:02,Q4,28231000.0,7868000.0,20363000.0,0.7212992809323084,0.0,0.0,0.0,16710000.0,16928000.0,24730000.000000004,9976000.0,732999.9999999999,4234000.0,0.14997697566504906,3501000.0,0.12401261025114237,-675000.0,2940000.0,0.10414083808579222,1710000.0,2817000.0,0.09978392547199887,0.04832,0.04832,58304290.0,58304290.0,https://www.sec.gov/Archives/edgar/data/924805/000165495420007646/0001654954-20-007646-index.htm,https://www.sec.gov/Archives/edgar/data/924805/000165495420007646/frhc_10k.htm,1620592246,16:30:46,20210509
4,2019-12-31,FRHC,USD,2020-02-10,2020-02-10,Q3,30094000.0,5525000.0,24569000.0,0.8164085864291886,0.0,0.0,0.0,16726000.0,16760000.0,22403000.0,-3691000.0,543000.0000000001,8234000.0,0.27360935734697944,7691000.0,0.2555658935335947,0.0,4000000.0,0.1329168605037549,-50000.0,5041000.0,0.16750847344985711,0.08633,0.08633,58391550.0,58391550.0,https://www.sec.gov/Archives/edgar/data/924805/000165495420001289/0001654954-20-001289-index.htm,https://www.sec.gov/Archives/edgar/data/924805/000165495420001289/frhc_10q.htm,1620592246,16:30:46,20210509
5,2019-09-30,FRHC,USD,2019-11-12,2019-11-12,Q2,32115000.0,4512000.0,27603000.0,0.8595049042503503,0.0,0.0,0.0,14170000.0,13526000.0,18287000.0,-2326000.0,851999.9999999999,14680000.0,0.4571072707457574,13828000.0,0.43057761170792463,0.0,11502000.0,0.35815039701074264,2866000.0,8765000.0,0.2729254242565779,0.15032,0.15032,58309150.0,58309150.0,https://www.sec.gov/Archives/edgar/data/924805/000165495419012748/0001654954-19-012748-index.htm,https://www.sec.gov/Archives/edgar/data/924805/000165495419012748/frhc_10q.htm,1620592246,16:30:46,20210509
6,2019-06-30,FRHC,USD,2019-08-09,2019-08-09,Q1,29285000.0,4031000.0,25254000.0,0.8623527403107393,0.0,0.0,0.0,12993000.0,11612000.0,15951000.000000002,-3644000.0,530000.0,13864000.0,0.47341642479084856,13334000.0,0.4553184224005464,0.0,9690000.0,0.33088611917363836,1476000.0,8214000.0,0.2804848898753628,0.14101,0.14101,58249340.0,58249340.0,https://www.sec.gov/Archives/edgar/data/924805/000165495419009157/0001654954-19-009157-index.htm,https://www.sec.gov/Archives/edgar/data/924805/000165495419009157/frhc_10q.htm,1620592246,16:30:46,20210509
7,2019-03-31,FRHC,USD,2019-06-14,2019-06-14,Q4,22878000.0,3083000.0,19795000.0,0.8652417169332983,0.0,0.0,0.0,11517000.0,13360000.0,16097999.999999998,-3550000.0,530999.9999999999,7311000.0,0.31956464725937583,6780000.0,0.29635457644899027,0.0,3230000.0,0.14118366990121514,359000.0,2871000.0,0.12549173878835562,0.04927,0.04927,58271850.0,58271850.0,https://www.sec.gov/Archives/edgar/data/924805/000165495419007343/0001654954-19-007343-index.htm,https://www.sec.gov/Archives/edgar/data/924805/000165495419007343/frhc_10k.htm,1620592246,16:30:46,20210509
8,2018-12-31,FRHC,USD,2019-02-12,2019-02-12,Q3,26891000.0,1422000.0,25469000.0,0.9471198542263211,0.0,0.0,0.0,12346000.0,12117000.0,13768000.0,-3678000.0,702999.9999999998,13826000.0,0.5141497155182031,13123000.0,0.4880071399352943,0.0,9445000.0,0.35123275445316277,545000.0,8900000.0,0.33096575062288497,0.15279,0.15279,58248920.0,58248920.0,https://www.sec.gov/Archives/edgar/data/924805/000165495419001385/0001654954-19-001385-index.htm,https://www.sec.gov/Archives/edgar/data/924805/000165495419001385/frhc_10q.htm,1620592246,16:30:46,20210509
9,2018-09-30,FRHC,USD,2018-11-14,2018-11-14,Q2,18580000.0,970000.0,17610000.0,0.9477933261571583,0.0,0.0,0.0,10450000.0,10044000.0,11429999.999999998,-4820000.0,400000.0,7550000.0,0.40635091496232506,7150000.0,0.3848223896663079,410000.0,2330000.0,0.12540365984930033,610000.0,1720000.0,0.09257265877287406,0.02955,0.02955,58210000.0,58210000.0,https://www.sec.gov/Archives/edgar/data/924805/000165495418012588/0001654954-18-012588-index.htm,https://www.sec.gov/Archives/edgar/data/924805/000165495418012588/frhc_10-q.htm,1620592246,16:30:46,20210509
10,2018-06-30,FRHC,USD,2018-08-14,2018-08-14,Q1,10060000.0,770000.0,9290000.0,0.9234592445328031,0.0,0.0,0.0,9060000.0,9111000.0,9820000.0,-6720000.0,400000.0,640000.0,0.0636182902584493,240000.0,0.02385685884691849,-50000.0,-6490000.0,-0.6451292246520874,-150000.0,-6340000.0,-0.6302186878727635,-0.10925,-0.10925,58030000.0,58030000.0,https://www.sec.gov/Archives/edgar/data/924805/000165495418009149/0001654954-18-009149-index.htm,https://www.sec.gov/Archives/edgar/data/924805/000165495418009149/frhc_10q.htm,1620592246,16:30:46,20210509
11,2018-03-31,FRHC,USD,2018-06-29,2018-06-29,Q4,9050000.0,590000.0,8460000.0,0.9348066298342541,0.0,0.0,0.0,6960000.0,6814000.0,7550000.0,-4900000.0,35000.0,1535000.0,0.1696132596685083,1500000.0,0.16574585635359115,140000.0,-3400000.0,-0.3756906077348066,-300000.0,-3300000.0,-0.36464088397790057,-0.06115,-0.06115,53970000.0,53970000.0,https://www.sec.gov/Archives/edgar/data/924805/000165495418007180/0001654954-18-007180-index.htm,https://www.sec.gov/Archives/edgar/data/924805/000165495418007180/frhc_10k.htm,1620592246,16:30:46,20210509
12,2017-12-31,FRHC,USD,2018-02-14,2018-02-14,Q3,-2660000.0,860000.0,-3520000.0,1.3233082706766917,0.0,0.0,0.0,6990000.0,5983000.0,7839999.999999999,-3380000.0,-399999.99999999994,-10900000.0,4.097744360902255,-10500000.0,3.9473684210526314,290000.0,-13880000.0,5.2180451127819545,-410000.0,-13470000.0,5.06390977443609,-0.2992,-0.2992,45020000.0,45020000.0,https://www.sec.gov/Archives/edgar/data/924805/000165495418001536/0001654954-18-001536-index.htm,https://www.sec.gov/Archives/edgar/data/924805/000165495418001536/frhc_10q.htm,1620592246,16:30:46,20210509
13,2017-09-30,FRHC,USD,2017-11-14,2017-11-14,Q2,35540000.0,500000.0,35040000.0,0.9859313449634215,0.0,0.0,0.0,3730000.0,2918000.0,4230000.0,-2900000.0,300000.0,31610000.0,0.889420371412493,31310000.0,0.8809791783905458,-50000.0,28410000.0,0.7993809791783906,1000000.0,27410000.0,0.7712436691052336,1.21606,1.21606,22540000.0,22540000.0,https://www.sec.gov/Archives/edgar/data/924805/000165495417010658/0001654954-17-010658-index.htm,https://www.sec.gov/Archives/edgar/data/924805/000165495417010658/frhc_10q.htm,1620592246,16:30:46,20210509
14,2017-06-30,FRHC,USD,2017-06-30,2017-06-30,Q1,12840000.0,290000.0,12550000.0,0.9774143302180686,0.0,0.0,0.0,3710000.0,2911000.0,4000000.0,-880000.0,300000.0,9140000.0,0.7118380062305296,8840000.0,0.6884735202492211,50000.0,7960000.0,0.6199376947040498,-30000.0,7990000.0,0.6222741433021807,0.70645,0.70645,11310000.0,11310000.0,,,1620592246,16:30:46,20210509
15,2017-03-31,FRHC,USD,2017-06-30,2017-06-30,Q4,8420000.0,130000.0,8290000.0,0.9845605700712589,0.0,142953.0,0.0,2500000.0,143775.0,2630000.0,550000.0,822.0,5790822.0,0.687746080760095,5790000.0,0.6876484560570071,-60000.0,6340000.0,0.7529691211401425,440000.0,5900000.0,0.7007125890736342,0.52632,0.52632,11210000.0,11210000.0,https://www.sec.gov/Archives/edgar/data/924805/000165495417006033/0001654954-17-006033-index.htm,https://www.sec.gov/Archives/edgar/data/924805/000165495417006033/bmbm_10k.htm,1620592246,16:30:46,20210509
16,2016-12-31,FRHC,USD,2016-12-31,2016-12-31,Q3,3000000.0,130000.0,2880000.0,0.96,0.0,99635.0,0.0,2600000.0,100463.0,2730000.0,-1260000.0,100000.0,370000.0,0.12333333333333334,270000.0,0.09,140000.0,-990000.0,-0.33,-410000.0,-570000.0,-0.19,-0.05085,-0.05085,11210000.0,11210000.0,,,1620592246,16:30:46,20210509
17,2016-09-30,FRHC,USD,2016-09-30,2016-09-30,Q2,4800000.0,20000.0,4780000.0,0.9958333333333333,0.0,85618.0,0.0,2250000.0,86457.0,2280000.0,-440000.0,840.0,2520840.0,0.525175,2520000.0,0.525,80000.0,2110000.0,0.4395833333333333,-80000.0,2200000.0,0.4583333333333333,0.194,0.194,11340000.0,11340000.0,,,1620592246,16:30:46,20210509
18,2016-06-30,FRHC,USD,2016-06-30,2016-06-30,Q1,950000.0,60000.0,890000.0,0.9368421052631579,0.0,250439.0,0.0,2110000.0,251278.0,2170000.0,-480000.0,100000.0,-1120000.0,-1.1789473684210525,-1220000.0,-1.2842105263157895,50000.0,-1700000.0,-1.7894736842105263,-460000.0,-1240000.0,-1.305263157894737,-0.11062,-0.11062,11210000.0,11210000.0,,,1620592246,16:30:46,20210509
19,2016-03-31,FRHC,USD,2016-03-31,2016-03-31,Q4,0.0,0.0,0.0,0.0,0.0,106436.0,0.0,0.0,107276.0,110000.0,0.0,840.0,-109160.0,0.0,-110000.0,0.0,0.0,-110000.0,0.0,0.0,-100000.0,0.0,-0.00893,-0.00893,11200000.0,11200000.0,,,1620592246,16:30:46,20210509
20,2015-12-31,FRHC,USD,2016-02-16,2016-02-16,Q3,0.0,0.0,0.0,0.0,0.0,101809.0,0.0,0.0,102595.0,100000.0,0.0,0.0,-100000.0,0.0,-100000.0,0.0,0.0,-100000.0,0.0,0.0,-100000.0,0.0,-0.0101,-0.0101,9900000.0,9900000.0,https://www.sec.gov/Archives/edgar/data/924805/000103883816000212/0001038838-16-000212-index.htm,https://www.sec.gov/Archives/edgar/data/924805/000103883816000212/q123115.htm,1620592246,16:30:46,20210509
21,2015-09-30,FRHC,USD,2015-09-30,2015-09-30,Q2,0.0,0.0,0.0,0.0,0.0,33691.0,0.0,0.0,33691.0,130000.0,0.0,0.0,-130000.0,0.0,-130000.0,0.0,0.0,-130000.0,0.0,0.0,-130000.0,0.0,-0.0126,-0.0126,10320000.0,10320000.0,,,1620592246,16:30:46,20210509
22,2015-06-30,FRHC,USD,2015-06-30,2015-06-30,Q1,0.0,0.0,0.0,0.0,0.0,11457.0,0.0,0.0,11457.0,150000.0,0.0,0.0,-150000.0,0.0,-150000.0,0.0,0.0,-150000.0,0.0,0.0,-150000.0,0.0,-0.0167,-0.0167,8980000.0,8980000.0,,,1620592246,16:30:46,20210509
23,2015-03-31,FRHC,USD,2015-03-31,2015-03-31,Q4,0.0,0.0,0.0,0.0,0.0,19462.0,0.0,0.0,19462.0,20000.0,0.0,0.0,-20000.0,0.0,-20000.0,0.0,0.0,-20000.0,0.0,0.0,-20000.0,0.0,-0.00897,-0.00897,2230000.0,2230000.0,,,1620592246,16:30:46,20210509
24,2014-12-31,FRHC,USD,2014-12-31,2014-12-31,Q3,0.0,0.0,0.0,0.0,0.0,14767.0,0.0,0.0,14767.0,10000.0,0.0,0.0,-10000.0,0.0,-10000.0,0.0,0.0,-10000.0,0.0,-50000.0,40000.0,0.0,0.01794,0.01794,2230000.0,2230000.0,,,1620592246,16:30:46,20210509
25,2014-09-30,FRHC,USD,2014-11-13,2014-11-13,Q2,0.0,0.0,0.0,0.0,0.0,15853.0,0.0,0.0,15853.0,20000.0,0.0,0.0,-10000.0,0.0,-20000.0,0.0,0.0,-10000.0,0.0,0.0,-10000.0,0.0,-0.00448,-0.00448,2230000.0,2230000.0,https://www.sec.gov/Archives/edgar/data/924805/000103883814000178/0001038838-14-000178-index.htm,https://www.sec.gov/Archives/edgar/data/924805/000103883814000178/q093014.htm,1620592246,16:30:46,20210509
26,2014-06-30,FRHC,USD,2014-08-13,2014-08-13,Q1,0.0,0.0,0.0,0.0,0.0,30328.0,0.0,0.0,30328.0,30000.0,0.0,0.0,-30000.0,0.0,-30000.0,0.0,0.0,-30000.0,0.0,0.0,-30000.0,0.0,-0.01345,-0.01345,2230000.0,2230000.0,https://www.sec.gov/Archives/edgar/data/924805/000103883814000116/0001038838-14-000116-index.htm,https://www.sec.gov/Archives/edgar/data/924805/000103883814000116/q063014.htm,1620592246,16:30:46,20210509
27,2014-03-31,FRHC,USD,2014-03-31,2014-03-31,Q4,0.0,0.0,0.0,0.0,0.0,39679.0,0.0,0.0,51089.0,50000.0,20000.0,11410.0,-38590.0,0.0,-50000.0,0.0,0.0,-40000.0,0.0,0.0,-40000.0,0.0,-0.01794,-0.01794,2230000.0,2230000.0,,,1620592246,16:30:46,20210509
28,2013-12-31,FRHC,USD,2013-12-31,2013-12-31,Q3,0.0,0.0,0.0,0.0,0.0,360596.0,0.0,0.0,389578.0,390000.0,0.0,28983.0,-361017.0,0.0,-390000.0,0.0,0.0,-390000.0,0.0,0.0,-390000.0,0.0,-0.17489,-0.17489,2230000.0,2230000.0,,,1620592246,16:30:46,20210509
29,2013-09-30,FRHC,USD,2013-11-14,2013-11-14,Q2,0.0,0.0,0.0,0.0,0.0,575105.0,0.0,0.0,604087.0,600000.0,0.0,100000.0,-500000.0,0.0,-600000.0,0.0,0.0,-600000.0,0.0,0.0,-600000.0,0.0,-0.26906,-0.26906,2230000.0,2230000.0,https://www.sec.gov/Archives/edgar/data/924805/000103883813000387/0001038838-13-000387-index.htm,https://www.sec.gov/Archives/edgar/data/924805/000103883813000387/q093013.htm,1620592246,16:30:46,20210509
30,2013-06-30,FRHC,USD,2013-06-30,2013-06-30,Q1,0.0,0.0,0.0,0.0,0.0,514965.0,0.0,0.0,543946.0,540000.0,0.0,28981.0,-511019.0,0.0,-540000.0,0.0,0.0,-540000.0,0.0,0.0,-540000.0,0.0,-0.24215,-0.24215,2230000.0,2230000.0,,,1620592246,16:30:46,20210509
31,2013-03-31,FRHC,USD,2013-03-31,2013-03-31,Q4,0.0,0.0,0.0,0.0,0.0,495927.0,0.0,0.0,524909.0,520000.0,0.0,28980.0,-491020.0,0.0,-520000.0,0.0,0.0,-520000.0,0.0,0.0,-520000.0,0.0,-0.23318,-0.23318,2230000.0,2230000.0,,,1620592246,16:30:46,20210509
32,2012-12-31,FRHC,USD,2012-12-31,2012-12-31,Q3,0.0,0.0,0.0,0.0,0.0,759904.0,0.0,0.0,788886.0,790000.0,10000.0,28982.0,-761018.0,0.0,-790000.0,0.0,0.0,-780000.0,0.0,0.0,-780000.0,0.0,-0.34978,-0.34978,2230000.0,2230000.0,,,1620592246,16:30:46,20210509
33,2012-09-30,FRHC,USD,2012-09-30,2012-09-30,Q2,0.0,0.0,0.0,0.0,0.0,0.0,0.0,0.0,1035098.0,1040000.0,0.0,100000.0,-940000.0,0.0,-1040000.0,0.0,0.0,-1030000.0,0.0,0.0,-1030000.0,0.0,-0.46188,-0.46188,2230000.0,2230000.0,,,1620592246,16:30:46,20210509
34,2012-06-30,FRHC,USD,2012-06-30,2012-06-30,Q1,0.0,0.0,0.0,0.0,0.0,0.0,0.0,0.0,761058.0,760000.0,0.0,28980.0,-731020.0,0.0,-760000.0,0.0,10000.0,-750000.0,0.0,0.0,-750000.0,0.0,-0.33632,-0.33632,2230000.0,2230000.0,,,1620592246,16:30:46,20210509
35,2012-03-31,FRHC,USD,2012-03-31,2012-03-31,Q4,0.0,0.0,0.0,0.0,0.0,0.0,0.0,0.0,376292.0,380000.0,10000.0,28982.0,-351018.0,0.0,-380000.0,0.0,0.0,-370000.0,0.0,0.0,-370000.0,0.0,-0.16592,-0.16592,2230000.0,2230000.0,,,1620592246,16:30:46,20210509
36,2011-12-31,FRHC,USD,2011-12-31,2011-12-31,Q3,0.0,0.0,0.0,0.0,0.0,0.0,0.0,0.0,313265.0,310000.0,10000.0,100000.0,-210000.0,0.0,-310000.0,0.0,0.0,-300000.0,0.0,0.0,-300000.0,0.0,-0.13453,-0.13453,2230000.0,2230000.0,,,1620592246,16:30:46,20210509
37,2011-09-30,FRHC,USD,2011-09-30,2011-09-30,Q2,0.0,0.0,0.0,0.0,0.0,0.0,0.0,0.0,17524935.0,18960000.0,-10000.0,29646.0,-18930354.0,0.0,-18960000.0,0.0,0.0,-18970000.0,0.0,0.0,-142870000.0,0.0,-64.06726,-64.06726,2230000.0,2230000.0,,,1620592246,16:30:46,20210509
38,2011-06-30,FRHC,USD,2011-06-30,2011-06-30,Q1,0.0,0.0,0.0,0.0,0.0,0.0,0.0,0.0,2198418.0,4320000.0,0.0,13479.0,-4306521.0,0.0,-4320000.0,0.0,-10000.0,-4330000.0,0.0,0.0,4330000.0,0.0,1.9417,1.9417,2230000.0,2230000.0,,,1620592246,16:30:46,20210509
39,2011-03-31,FRHC,USD,2011-03-31,2011-03-31,Q4,0.0,0.0,0.0,0.0,0.0,0.0,0.0,0.0,-9861954.0,5150000.0,-410000.0,0.0,1420000.0,0.0,-5150000.0,0.0,0.0,-5560000.0,0.0,-1370000.0,3200000.0,0.0,1.43498,1.43498,2230000.0,2230000.0,,,1620592246,16:30:46,20210509
40,2010-12-31,FRHC,USD,2010-12-31,2010-12-31,Q3,0.0,0.0,0.0,0.0,0.0,0.0,0.0,0.0,6843800.0,4100000.0,80000.0,100000.0,-4000000.0,0.0,-4100000.0,0.0,0.0,-4020000.0,0.0,0.0,1360000.0,0.0,0.63256,0.63256,2150000.0,2150000.0,,,1620592246,16:30:46,20210509
41,2010-09-30,FRHC,USD,2010-09-30,2010-09-30,Q2,0.0,0.0,0.0,0.0,0.0,0.0,0.0,0.0,9706363.0,3770000.0,-70000.0,491990.0,-3278010.0,0.0,-3770000.0,0.0,0.0,-3840000.0,0.0,0.0,-560000.0,0.0,-0.27053,-0.27053,2070000.0,2070000.0,,,1620592246,16:30:46,20210509
42,2010-06-30,FRHC,USD,2010-06-30,2010-06-30,Q1,0.0,0.0,0.0,0.0,0.0,0.0,0.0,0.0,8499945.0,3080000.0,0.0,376721.0,-2703279.0,0.0,-3080000.0,0.0,10000.0,-3070000.0,0.0,0.0,870000.0,0.0,0.42029,0.42029,2070000.0,2070000.0,,,1620592246,16:30:46,20210509
43,2010-03-31,FRHC,USD,2010-03-31,2010-03-31,Q4,15540000.0,4920000.0,10620000.0,0.6833976833976834,0.0,0.0,0.0,120000.0,17054958.0,12760000.0,100000.0,159197.0,2939197.0,0.18913751608751608,2780000.0,0.1788931788931789,-120000.0,2760000.0,0.1776061776061776,-1550000.0,4310000.0,0.27734877734877733,1.99537,1.99537,2160000.0,2160000.0,,,1620592246,16:30:46,20210509
44,2009-12-31,FRHC,USD,2009-12-31,2009-12-31,Q3,13890000.0,5790000.0,8110000.0,0.583873290136789,0.0,0.0,0.0,110000.0,5948890.0,13010000.0,-220000.0,3000000.0,3890000.0,0.28005759539236863,890000.0,0.06407487401007919,-60000.0,610000.0,0.043916486681065514,0.0,610000.0,0.043916486681065514,0.30348,0.30348,2010000.0,2010000.0,,,1620592246,16:30:46,20210509
45,2009-09-30,FRHC,USD,2009-11-09,2009-11-09,Q2,16070000.0,4810000.0,11270000.0,0.70130678282514,0.0,0.0,0.0,110000.0,5983437.0,12050000.000000002,90000.0,3000000.0000000005,7030000.0,0.4374611076540137,4030000.0,0.2507778469197262,-80000.0,4040000.0,0.25140012445550713,0.0,4040000.0,0.25140012445550713,2.00995,2.00995,2010000.0,2010000.0,https://www.sec.gov/Archives/edgar/data/924805/000103883809000354/0001038838-09-000354-index.htm,https://www.sec.gov/Archives/edgar/data/924805/000103883809000354/q093009.htm,1620592246,16:30:46,20210509
46,2009-06-30,FRHC,USD,2009-06-30,2009-06-30,Q1,11770000.0,3090000.0,8680000.0,0.7374681393372983,0.0,0.0,0.0,110000.0,7226043.0,11570000.0,-50000.0,2400000.0,2590000.0,0.22005097706032287,190000.0,0.016142735768903994,-110000.0,30000.0,0.002548853016142736,0.0,30000.0,0.002548853016142736,0.01579,0.01579,1900000.0,1900000.0,,,1620592246,16:30:46,20210509
47,2009-03-31,FRHC,USD,2009-03-31,2009-03-31,Q4,7150000.0,800000.0,6350000.0,0.8881118881118881,0.0,0.0,0.0,120000.0,12772996.0,8380000.000000001,2480000.0,1399999.9999999986,169999.9999999986,0.02377622377622358,-1230000.0,-0.17202797202797201,20000.0,1270000.0,0.17762237762237762,-1030000.0,2300000.0,0.32167832167832167,1.2234,1.2234,1880000.0,1880000.0,,,1620592246,16:30:46,20210509
48,2008-12-31,FRHC,USD,2008-12-31,2008-12-31,Q3,4880000.0,3620000.0,1260000.0,0.2581967213114754,0.0,0.0,0.0,120000.0,9644145.0,13269999.999999998,150000.0,2700000.000000001,-5679999.999999999,-1.163934426229508,-8380000.0,-1.7172131147540983,-60000.0,-8290000.0,-1.6987704918032787,0.0,-8290000.0,-1.6987704918032787,-4.36316,-4.36316,1900000.0,1900000.0,,,1620592246,16:30:46,20210509
49,2008-09-30,FRHC,USD,2008-09-30,2008-09-30,Q2,22760000.0,6660000.0,16100000.0,0.7073813708260105,0.0,0.0,0.0,110000.0,6460194.0,13119999.999999998,190000.0,3199999.9999999995,12840000.0,0.5641476274165202,9640000.0,0.4235500878734622,10000.0,9830000.0,0.4318980667838313,0.0,9830000.0,0.4318980667838313,5.1466,5.1466,1910000.0,1910000.0,,,1620592246,16:30:46,20210509
50,2008-06-30,FRHC,USD,2008-06-30,2008-06-30,Q1,34830000.0,3690000.0,31130000.0,0.8937697387309791,0.0,0.0,0.0,100000.0,19558047.0,23250000.0,160000.0,3400000.0,14980000.0,0.4300890037324146,11580000.0,0.3324720068906115,1590000.0,13320000.0,0.38242894056847543,0.0,13320000.0,0.38242894056847543,7.35912,7.35912,1810000.0,1810000.0,,,1620592246,16:30:46,20210509
51,2008-03-31,FRHC,USD,2008-03-31,2008-03-31,Q4,19020000.0,1750000.0,17270000.0,0.9079915878023134,0.0,0.0,0.0,90000.0,9145414.0,10890000.0,240000.0,5299999.999999999,13430000.0,0.7060988433228181,8130000.0,0.4274447949526814,90000.0,8460000.0,0.444794952681388,-100000.0,8560000.0,0.4500525762355415,4.09569,4.09569,2090000.0,2090000.0,,,1620592246,16:30:46,20210509
52,2007-12-31,FRHC,USD,2007-12-31,2007-12-31,Q3,16830000.0,1540000.0,15300000.0,0.9090909090909091,0.0,0.0,0.0,70000.0,5838234.0,7380000.0,500000.0,1800000.0000000002,11260000.0,0.6690433749257279,9460000.0,0.5620915032679739,-100000.0,9860000.0,0.5858585858585859,0.0,9860000.0,0.5858585858585859,5.47778,5.47778,1800000.0,1800000.0,,,1620592246,16:30:46,20210509
53,2007-09-30,FRHC,USD,2007-11-09,2007-11-09,Q2,12760000.0,1190000.0,11570000.0,0.9067398119122257,0.0,0.0,0.0,60000.0,4967871.0,6160000.000000001,960000.0,1300000.0,7910000.0,0.6199059561128527,6610000.0,0.518025078369906,-90000.0,7480000.0,0.5862068965517241,0.0,7480000.0,0.5862068965517241,4.15556,4.15556,1800000.0,1800000.0,https://www.sec.gov/Archives/edgar/data/924805/000103883807000767/0001038838-07-000767-index.htm,https://www.sec.gov/Archives/edgar/data/924805/000103883807000767/q093007.htm,1620592246,16:30:46,20210509
54,2007-06-30,FRHC,USD,2007-06-30,2007-06-30,Q1,11580000.0,1040000.0,10540000.0,0.9101899827288429,0.0,0.0,0.0,30000.0,4641478.0,5750000.0,-400000.0,1300000.0,7130000.0,0.6157167530224525,5830000.0,0.5034542314335061,-20000.0,5410000.0,0.46718480138169255,0.0,5410000.0,0.46718480138169255,3.00556,3.00556,1800000.0,1800000.0,,,1620592246,16:30:46,20210509
55,2007-03-31,FRHC,USD,2008-01-10,2008-01-10,Q4,7210000.0,920000.0,6290000.0,0.8723994452149791,0.0,0.0,0.0,50000.0,2848080.0,3770000.0,380000.0,1100000.0,4540000.0,0.6296809986130375,3440000.0,0.47711511789181693,110000.0,3930000.0,0.5450762829403606,680000.0,3250000.0,0.4507628294036061,1.61692,1.61692,2010000.0,2010000.0,https://www.sec.gov/Archives/edgar/data/924805/000103883808000017/0001038838-08-000017-index.htm,https://www.sec.gov/Archives/edgar/data/924805/000103883808000017/kano2033107.htm,1620592246,16:30:46,20210509
56,2006-12-31,FRHC,USD,2006-12-31,2006-12-31,Q3,2210000.0,360000.0,1850000.0,0.8371040723981901,0.0,0.0,0.0,60000.0,2129131.0,2490000.0000000005,290000.0,400000.0000000001,120000.00000000012,0.0542986425339367,-280000.0,-0.12669683257918551,-100000.0,-90000.0,-0.04072398190045249,0.0,-90000.0,-0.04072398190045249,-0.05143,-0.05143,1750000.0,1750000.0,,,1620592246,16:30:46,20210509
57,2006-09-30,FRHC,USD,2006-09-30,2006-09-30,Q2,4020000.0,580000.0,3440000.0,0.8557213930348259,0.0,0.0,0.0,20000.0,2448542.0,3020000.0,260000.0,399999.99999999994,1390000.0,0.34577114427860695,990000.0,0.2462686567164179,-60000.0,1190000.0,0.2960199004975124,180000.0,1020000.0,0.2537313432835821,0.57955,0.57955,1760000.0,1760000.0,,,1620592246,16:30:46,20210509
58,2006-06-30,FRHC,USD,2006-06-30,2006-06-30,Q1,2350000.0,420000.0,1930000.0,0.8212765957446808,0.0,0.0,0.0,40000.0,5682937.0,6100000.0,670000.0,300000.0,-3450000.0,-1.4680851063829787,-3750000.0,-1.5957446808510638,-60000.0,-3140000.0,-1.3361702127659574,0.0,-3140000.0,-1.3361702127659574,-2.07947,-2.07947,1510000.0,1510000.0,,,1620592246,16:30:46,20210509
59,2006-03-31,FRHC,USD,2006-03-31,2006-03-31,Q4,1850000.0,370000.0,1490000.0,0.8054054054054054,0.0,0.0,0.0,10000.0,3237758.0,2799999.9999999995,440000.0,100000.00000000009,-849999.9999999999,-0.4594594594594594,-950000.0,-0.5135135135135135,0.0,-510000.0,-0.2756756756756757,40000.0,-540000.0,-0.2918918918918919,-0.32335,-0.32335,1670000.0,1670000.0,,,1620592246,16:30:46,20210509
60,2005-12-31,FRHC,USD,2005-12-31,2005-12-31,Q3,2060000.0,240000.0,1820000.0,0.883495145631068,0.0,0.0,0.0,0.0,1677909.0,2230000.0,160000.0,500000.0,330000.0,0.16019417475728157,-170000.0,-0.0825242718446602,-40000.0,-50000.0,-0.024271844660194174,0.0,-50000.0,-0.024271844660194174,-0.03731,-0.03731,1340000.0,1340000.0,,,1620592246,16:30:46,20210509
61,2005-09-30,FRHC,USD,2005-11-21,2005-11-21,Q2,1390000.0,190000.0,1200000.0,0.8633093525179856,0.0,0.0,0.0,0.0,5187674.0,5410000.0,130000.0,499999.99999999994,-3530000.0,-2.539568345323741,-4030000.0,-2.8992805755395685,20000.0,-3890000.0,-2.7985611510791366,0.0,-3890000.0,-2.7985611510791366,-2.99231,-2.99231,1300000.0,1300000.0,https://www.sec.gov/Archives/edgar/data/924805/000103883805001013/0001038838-05-001013-index.htm,https://www.sec.gov/Archives/edgar/data/924805/000103883805001013/q093005.txt,1620592246,16:30:46,20210509
62,2005-06-30,FRHC,USD,2005-06-30,2005-06-30,Q1,660000.0,80000.0,580000.0,0.8787878787878788,0.0,0.0,0.0,0.0,1074138.0,1470000.0,-70000.0,200000.0,-600000.0,-0.9090909090909091,-800000.0,-1.2121212121212122,10000.0,-860000.0,-1.303030303030303,0.0,-860000.0,-1.303030303030303,-0.67188,-0.67188,1280000.0,1280000.0,,,1620592246,16:30:46,20210509
63,2005-03-31,FRHC,USD,2005-03-31,2005-03-31,Q4,630000.0,260000.0,370000.0,0.5873015873015873,0.0,0.0,0.0,0.0,1568345.0,1910000.0,30000.0,300000.0,-980000.0,-1.5555555555555556,-1280000.0,-2.0317460317460316,0.0,-1200000.0,-1.9047619047619047,-10000.0,-1190000.0,-1.8888888888888888,-0.90152,-0.90152,1320000.0,1320000.0,,,1620592246,16:30:46,20210509
64,2004-12-31,FRHC,USD,2005-10-05,2005-10-05,Q3,60000.0,80000.0,-30000.0,-0.5,0.0,0.0,0.0,0.0,1320530.0,1350000.0,460000.0,21917.0,-1268083.0,-21.134716666666666,-1290000.0,-21.5,-10000.0,-840000.0,-14.0,10000.0,-850000.0,-14.166666666666666,-0.74561,-0.74561,1140000.0,1140000.0,https://www.sec.gov/Archives/edgar/data/924805/000103883805000882/0001038838-05-000882-index.htm,https://www.sec.gov/Archives/edgar/data/924805/000103883805000882/qa123104.txt,1620592246,16:30:46,20210509
65,2004-09-30,FRHC,USD,2004-09-30,2004-09-30,Q2,170000.0,40000.0,140000.0,0.8235294117647058,0.0,0.0,0.0,0.0,876956.0,910000.0,130000.0,18062.0,-721938.0,-4.246694117647059,-740000.0,-4.352941176470588,0.0,-610000.0,-3.588235294117647,0.0,-610000.0,-3.588235294117647,-0.57547,-0.57547,1060000.0,1060000.0,,,1620592246,16:30:46,20210509
66,2004-06-30,FRHC,USD,2004-06-30,2004-06-30,Q1,120000.0,20000.0,100000.0,0.8333333333333334,0.0,0.0,0.0,0.0,568511.0,590000.0,-170000.0,9124.0,-460876.0,-3.8406333333333333,-470000.0,-3.9166666666666665,0.0,-640000.0,-5.333333333333333,0.0,-640000.0,-5.333333333333333,-0.78049,-0.78049,820000.0,820000.0,,,1620592246,16:30:46,20210509
67,2004-03-31,FRHC,USD,2004-03-31,2004-03-31,Q4,0.0,0.0,0.0,0.0,0.0,0.0,0.0,0.0,524155.0,430000.0,0.0,0.0,-410000.0,0.0,-630000.0,0.0,0.0,-380000.0,0.0,0.0,-410000.0,0.0,-0.25625,-0.25625,1600000.0,1600000.0,,,1620592246,16:30:46,20210509
68,2003-12-31,FRHC,USD,2003-12-31,2003-12-31,Q3,200000.0,0.0,0.0,0.0,0.0,0.0,0.0,30000.0,231127.0,250000.0,0.0,0.0,-100000.0,-0.5,-50000.0,-0.25,30000.0,-50000.0,-0.25,0.0,-100000.0,-0.5,-0.14493,-0.14493,690000.0,690000.0,,,1620592246,16:30:46,20210509
69,2003-09-30,FRHC,USD,2003-09-30,2003-09-30,Q2,0.0,0.0,0.0,0.0,0.0,0.0,0.0,0.0,44629.0,80000.0,0.0,0.0,-80000.0,0.0,-80000.0,0.0,0.0,-80000.0,0.0,0.0,-80000.0,0.0,-1950.0,-1950.0,690000.0,690000.0,,,1620592246,16:30:46,20210509
70,2003-03-31,FRHC,USD,2003-03-31,2003-03-31,Q1,-10000.0,0.0,0.0,0.0,0.0,0.0,0.0,0.0,1377964.0,1370000.0,0.0,0.0,-1380000.0,138.0,-1380000.0,138.0,0.0,-1380000.0,138.0,0.0,-1380000.0,138.0,-46.0,-46.0,30000.0,30000.0,,,1620592246,16:30:46,20210509
71,2002-12-31,FRHC,USD,2002-12-31,2002-12-31,Q4,0.0,0.0,0.0,0.0,0.0,0.0,0.0,0.0,47723.0,50000.0,0.0,0.0,-50000.0,0.0,-50000.0,0.0,0.0,-50000.0,0.0,0.0,-50000.0,0.0,-5.0,-5.0,10000.0,10000.0,,,1620592246,16:30:46,20210509
72,2002-09-30,FRHC,USD,2002-09-30,2002-09-30,Q3,100000.0,0.0,0.0,0.0,0.0,1740000.0,0.0,0.0,405561.0,1760000.0,0.0,0.0,-1660000.0,-16.6,-1660000.0,-16.6,0.0,-1660000.0,-16.6,0.0,-1660000.0,-16.6,-166.0,-166.0,10000.0,10000.0,,,1620592246,16:30:46,20210509
73,2002-06-30,FRHC,USD,2002-06-30,2002-06-30,Q2,-10000.0,0.0,0.0,0.0,0.0,30000.0,0.0,0.0,3264.0,-10000.0,0.0,0.0,0.0,0.0,0.0,0.0,0.0,0.0,0.0,0.0,0.0,0.0,0.29,0.29,10000.0,10000.0,,,1620592246,16:30:46,20210509
74,2002-03-31,FRHC,USD,2002-03-31,2002-03-31,Q1,20000.0,0.0,0.0,0.0,0.0,50000.0,0.0,0.0,55994.0,60000.0,0.0,0.0,330000.0,16.5,-40000.0,-2.0,0.0,-40000.0,-2.0,0.0,330000.0,16.5,33.0,33.0,10000.0,10000.0,,,1620592246,16:30:46,20210509
75,2001-12-31,FRHC,USD,2002-02-15,2002-02-15,Q4,10000.0,0.0,0.0,0.0,0.0,100000.0,0.0,0.0,95854.0,100000.0,0.0,0.0,590000.0,59.0,-90000.0,-9.0,0.0,670000.0,67.0,0.0,590000.0,59.0,59.0,59.0,10000.0,10000.0,https://www.sec.gov/Archives/edgar/data/924805/000113031902000114/0001130319-02-000114-index.htm,https://www.sec.gov/Archives/edgar/data/924805/000113031902000114/t06466e10qsb.txt,1620592246,16:30:46,20210509
76,2001-09-30,FRHC,USD,2001-09-30,2001-09-30,Q3,10000.0,0.0,0.0,0.0,0.0,10000.0,0.0,0.0,80877.0,10000.0,0.0,0.0,-70000.0,-7.0,0.0,0.0,0.0,0.0,0.0,0.0,-70000.0,-7.0,-7.0,-7.0,10000.0,10000.0,,,1620592246,16:30:46,20210509
77,2001-06-30,FRHC,USD,2001-06-30,2001-06-30,Q2,0.0,0.0,0.0,0.0,0.0,20000.0,0.0,0.0,470979.0,20000.0,0.0,0.0,-100000.0,0.0,-20000.0,0.0,0.0,-20000.0,0.0,0.0,-100000.0,0.0,-10.0,-10.0,10000.0,10000.0,,,1620592246,16:30:46,20210509
78,2001-03-31,FRHC,USD,2001-03-31,2001-03-31,Q1,10000.0,0.0,0.0,0.0,0.0,50000.0,0.0,0.0,271319.0,660000.0,0.0,0.0,-760000.0,-76.0,-650000.0,-65.0,0.0,1180000.0,118.0,0.0,-760000.0,-76.0,-76.0,-76.0,10000.0,10000.0,,,1620592246,16:30:46,20210509
79,2000-12-31,FRHC,USD,2000-12-31,2000-12-31,Q4,0.0,0.0,0.0,0.0,0.0,40000.0,0.0,0.0,188270.0,60000.0,0.0,0.0,-200000.0,0.0,-50000.0,0.0,0.0,-200000.0,0.0,0.0,-200000.0,0.0,-14.84,-14.84,10000.0,10000.0,,,1620592246,16:30:46,20210509
80,2000-09-30,FRHC,USD,2000-09-30,2000-09-30,Q3,70000.0,0.0,0.0,0.0,0.0,240000.0,0.0,0.0,404683.0,330000.0,0.0,0.0,-1310000.0,-18.714286,-260000.0,-3.7142857142857144,0.0,-1940000.0,-27.714285714285715,0.0,-1310000.0,-18.714285714285715,-131.0,-131.0,10000.0,10000.0,,,1620592246,16:30:46,20210509
81,2000-06-30,FRHC,USD,2000-06-30,2000-06-30,Q2,240000.0,0.0,0.0,0.0,0.0,40000.0,0.0,0.0,469845.0,20000.0,0.0,0.0,-50000.0,-0.208333,220000.0,0.9166666666666666,0.0,220000.0,0.9166666666666666,0.0,-50000.0,-0.20833333333333334,22.33,22.33,10000.0,10000.0,,,1620592246,16:30:46,20210509
82,2000-03-31,FRHC,USD,2000-03-31,2000-03-31,Q1,300000.0,0.0,0.0,0.0,0.0,640000.0,0.0,0.0,2920943.0,3050000.0,0.0,1000000.0,-1750000.0,-5.833333333333333,-2750000.0,-9.166666666666666,0.0,-2750000.0,-9.166666666666666,0.0,-4100000.0,-13.666666666666666,-1508.42,-1508.42,10000.0,10000.0,,,1620592246,16:30:46,20210509
83,1999-12-31,FRHC,USD,1999-12-31,1999-12-31,Q4,700000.0,0.0,0.0,0.0,0.0,60000.0,0.0,0.0,293791.0,80000.0,0.0,100000.0,720000.0,1.0285714285714285,620000.0,0.8857142857142857,0.0,620000.0,0.8857142857142857,0.0,430000.0,0.6142857142857143,351.89,351.89,10000.0,10000.0,,,1620592246,16:30:46,20210509
84,1999-09-30,FRHC,USD,1999-09-30,1999-09-30,Q3,80000.0,0.0,0.0,0.0,0.0,50000.0,0.0,0.0,173194.0,180000.0,0.0,36443.0,-63557.0,-0.7944625,-100000.0,-1.25,0.0,-100000.0,-1.25,0.0,-150000.0,-1.875,-212.89,-212.89,10000.0,10000.0,,,1620592246,16:30:46,20210509
85,1999-06-30,FRHC,USD,1999-06-30,1999-06-30,Q2,390000.0,0.0,0.0,0.0,0.0,50000.0,0.0,0.0,224321.0,10000.0,0.0,100000.0,480000.0,1.2307692307692308,380000.0,0.9743589743589743,0.0,380000.0,0.9743589743589743,0.0,220000.0,0.5641025641025641,312.63,312.63,10000.0,10000.0,,,1620592246,16:30:46,20210509
86,1999-03-31,FRHC,USD,1999-03-31,1999-03-31,Q1,-130000.0,0.0,0.0,0.0,0.0,-590000.0,0.0,0.0,-675317.0,-620000.0,0.0,-38118.0,451882.0,-3.4760153846153847,490000.0,-3.769230769230769,0.0,490000.0,-3.769230769230769,0.0,520000.0,-4.0,649.67,649.67,10000.0,10000.0,,,1620592246,16:30:46,20210509
87,1998-12-31,FRHC,USD,1998-12-31,1998-12-31,Q4,530000.0,0.0,0.0,0.0,0.0,770000.0,0.0,0.0,874386.0,950000.0,0.0,100000.0,-320000.0,-0.6037735849056604,-420000.0,-0.7924528301886793,0.0,-420000.0,-0.7924528301886793,0.0,-430000.0,-0.8113207547169812,-556.98,-556.98,10000.0,10000.0,,,1620592246,16:30:46,20210509
88,1998-09-30,FRHC,USD,1998-09-30,1998-09-30,Q3,460000.0,0.0,0.0,0.0,0.0,710000.0,0.0,0.0,720000.0,720000.0,0.0,0.0,-300000.0,-0.652174,-260000.0,-0.5652173913043478,0.0,-260000.0,-0.5652173913043478,0.0,-300000.0,-0.6521739130434783,-419.38,-419.38,10000.0,10000.0,,,1620592246,16:30:46,20210509
89,1998-06-30,FRHC,USD,1998-08-14,1998-08-14,Q2,600000.0,0.0,0.0,0.0,0.0,620000.0,0.0,0.0,800000.0,800000.0,0.0,100000.0,-100000.0,-0.16666666666666666,-200000.0,-0.3333333333333333,0.0,-200000.0,-0.3333333333333333,0.0,-180000.0,-0.3,-270.16,-270.16,10000.0,10000.0,https://www.sec.gov/Archives/edgar/data/924805/0000950150-98-001410-index.html,https://www.sec.gov/Archives/edgar/data/924805/,1620592246,16:30:46,20210509
