,date,symbol,reportedCurrency,fillingDate,acceptedDate,period,revenue,costOfRevenue,grossProfit,grossProfitRatio,researchAndDevelopmentExpenses,generalAndAdministrativeExpenses,sellingAndMarketingExpenses,otherExpenses,operatingExpenses,costAndExpenses,interestExpense,depreciationAndAmortization,ebitda,ebitdaratio,operatingIncome,operatingIncomeRatio,totalOtherIncomeExpensesNet,incomeBeforeTax,incomeBeforeTaxRatio,incomeTaxExpense,netIncome,netIncomeRatio,eps,epsdiluted,weightedAverageShsOut,weightedAverageShsOutDil,link,finalLink,timestamp,est_time,est_date
0,2020-12-31,TPTW,USD,2021-04-15,2021-04-15,Q4,2474816.0,1630393.0,844423.0,0.3412063765548631,0.0,639756.0,65964.0,6210.101,5161771.0,8408710.0,449474.0,-468777.0,-5933406.887,-2.397514355410665,-5464629.887,-2.2080954248719906,867.639,-3238.238,-0.0013084762665183998,0.0,-3238.238,-0.0013084762665183998,-0.0052669103160687646,-0.0052669103160687646,614826873,614826873,https://www.sec.gov/Archives/edgar/data/1661039/000165495421004259/0001654954-21-004259-index.htm,https://www.sec.gov/Archives/edgar/data/1661039/000165495421004259/tptw_10k.htm,1620598985,18:23:05,20210509
1,2020-09-30,TPTW,USD,2020-11-23,2020-11-23 14:06:07,Q3,2786610.0,1825423.0,961187.0,0.34493057873186417,0.0,398147.0,47568.0,-24929.0,2321300.0,2318706.0,248158.0,189981.0,188620.887,0.06768829760892267,-1360.113,-0.00048808875300095816,-24929.0,-1385042.0,-0.49703474831426,0.0,-1385042.0,-0.49703474831426,-0.0022527349743868465,-0.0022527349743868465,614826873,614826873,https://www.sec.gov/Archives/edgar/data/1661039/000165495420012794/0001654954-20-012794-index.htm,https://www.sec.gov/Archives/edgar/data/1661039/000165495420012794/tptw_10q.htm,1620598985,18:23:05,20210509
2,2020-06-30,TPTW,USD,2020-08-19 00:00:00,2020-08-19 15:22:37,Q2,2756771.0,1431189.0,1325582.0,0.48084588817859736,1000000.0,594233.0,39107.0,1437590.0,2898566.0,4541226.0,287344.0,577325.0,-1207130.0,-0.43787822782523467,-1784455.0,-0.6472989595436109,4254665.0,2470210.0,0.896051939025766,0.0,2470210.0,0.896051939025766,0.00402,0.00402,614826873,614826873,https://www.sec.gov/Archives/edgar/data/1661039/000165495420009351/0001654954-20-009351-index.htm,https://www.sec.gov/Archives/edgar/data/1661039/000165495420009351/tptw_10q.htm,1620598985,18:23:05,20210509
3,2020-03-31,TPTW,USD,2020-04-14 00:00:00,2020-04-14 14:41:16,Q1,3075973.0,2306488.0,769485.0,0.2501598681132767,0.0,225472.0,25900.0,1446107.0,1723379.0,4029867.0,546757.0,756173.0,-197721.0,-0.06427917280158181,-953894.0,-0.31011130461808345,-5012304.0,-5966198.0,-1.9396132540825293,0.0,-5966198.0,-1.9396132540825293,-0.01561,-0.01561,382159789,382159789,https://www.sec.gov/Archives/edgar/data/1661039/000165495420004046/0001654954-20-004046-index.html,https://www.sec.gov/Archives/edgar/data/1661039/000165495420004046/tptw_10k.htm,1620598985,18:23:05,20210509
4,2019-12-31,TPTW,USD,2020-04-14,2020-04-14,Q4,4004946.0,1986988.0,2017958.0,0.5038664691109443,0.0,394976.0,9819.0,1355980.0,1770594.0,3757582.0,1015616.0,1214594.0,1461959.0,0.36503838004307676,247365.0,0.06176487772868847,-5737169.0,-5489805.0,-1.370756309822904,0.0,-5489805.0,-1.370756309822904,-0.03877,-0.03877,141594930,141594930,https://www.sec.gov/Archives/edgar/data/1661039/000165495420004046/0001654954-20-004046-index.htm,https://www.sec.gov/Archives/edgar/data/1661039/000165495420004046/tptw_10k.htm,1620598985,18:23:05,20210509
5,2019-09-30,TPTW,USD,2019-11-19 00:00:00,2019-11-19 17:04:32,Q3,3617500.0,2174697.0,1442803.0,0.39883980649619905,0.0,520078.0,1746.0,1183959.0,1707528.0,3882226.0,1287966.0,1742648.0,1477921.0,0.4085476157567381,-264727.0,-0.07317954388389772,3251523.0,2986797.0,0.8256522460262612,0.0,2986797.0,0.8256522460262612,0.0218,0.0218,136998031,136998031,https://www.sec.gov/Archives/edgar/data/1661039/000165495419013196/0001654954-19-013196-index.html,https://www.sec.gov/Archives/edgar/data/1661039/000165495419013196/tptw_10q.htm,1620598985,18:23:05,20210509
6,2019-06-30,TPTW,USD,2019-08-19 00:00:00,2019-08-19 16:59:07,Q2,2428455.0,1487948.0,940507.0,0.3872861551892047,0.0,349939.0,44317.0,1333059.0,1771633.0,3259580.0,1147201.0,856628.0,1696156.0,0.698450661016984,839528.0,0.3457045734839641,-7712686.0,-8543811.0,-3.518208490583519,0.0,-8543811.0,-3.518208490583519,-0.06238,-0.06238,136953904,136953904,https://www.sec.gov/Archives/edgar/data/1661039/000165495419009767/0001654954-19-009767-index.html,https://www.sec.gov/Archives/edgar/data/1661039/000165495419009767/tptw_10q.htm,1620598985,18:23:05,20210509
7,2019-03-31,TPTW,USD,2019-04-11 00:00:00,2019-04-10 20:56:25,Q1,161476.0,262368.0,-100892.0,-0.6248111174416012,0.0,222011.0,0.0,987790.0,1209801.0,1472169.0,130237.0,443006.0,-2538340.0,-15.719611583145483,-2981346.0,-18.46309049022765,-1670653.0,-2981346.0,-18.46309049022765,0.0,-2981346.0,-18.46309049022765,-0.02177,-0.02177,136953904,136953904,https://www.sec.gov/Archives/edgar/data/1661039/000106594919000057/0001065949-19-000057-index.html,https://www.sec.gov/Archives/edgar/data/1661039/000106594919000057/tptform10kdec2018.htm,1620598985,18:23:05,20210509
8,2018-12-31,TPTW,USD,2019-06-20,2019-06-20,Q4,937069.0,1749034.0,-811965.0,-0.8664943563387542,0.0,744060.0,58712.0,3471368.0,1377683.0,6081886.0,232672.0,974173.0,-4403316.0,-4.699030701047628,-5377489.0,-5.738626504558362,-232672.0,-5377489.0,-5.738626504558362,0.0,-5377489.0,-5.738626504558362,-0.03926,-0.03926,136953904,136953904,https://www.sec.gov/Archives/edgar/data/1661039/000165495419007502/0001654954-19-007502-index.htm,https://www.sec.gov/Archives/edgar/data/1661039/000165495419007502/tptform10kdec2018.htm,1620598985,18:23:05,20210509
