,date,symbol,reportedCurrency,fillingDate,acceptedDate,period,revenue,costOfRevenue,grossProfit,grossProfitRatio,researchAndDevelopmentExpenses,generalAndAdministrativeExpenses,sellingAndMarketingExpenses,otherExpenses,operatingExpenses,costAndExpenses,interestExpense,depreciationAndAmortization,ebitda,ebitdaratio,operatingIncome,operatingIncomeRatio,totalOtherIncomeExpensesNet,incomeBeforeTax,incomeBeforeTaxRatio,incomeTaxExpense,netIncome,netIncomeRatio,eps,epsdiluted,weightedAverageShsOut,weightedAverageShsOutDil,link,finalLink,timestamp,est_time,est_date
0,2020-12-31,DNAMEDIA.NS,INR,2020-12-31,2020-12-31,Q4,11100000.0,0.0,0.0,0.0,0.0,0.0,0.0,1000000.0,0.0,0.0,0.0,0.0,11100000.0,1.0,11100000.0,1.0,0.0,12100000.0,1.09009009009009,0.0,1615700000,145.55855855855856,13.73,13.73,117676621,117676621,https://www.nseindia.com/companies-listing/corporate-filings-annual-reports,https://www.nseindia.com/companies-listing/corporate-filings-annual-reports,1620591198,16:13:18,20210509
1,2020-09-30,DNAMEDIA.NS,INR,2020-09-30,2020-09-30,Q3,6000000.0,0.0,6000000.0,1.0,0.0,0.0,0.0,0.0,1800000.0,1800000.0,0.0,0.0,4200000.0,0.7,4200000.0,0.7,0.0,4200000.0,0.7,0.0,-152500000,-25.416666666666668,-1.29,-1.29,118217054,118217054,https://www.nseindia.com/companies-listing/corporate-filings-annual-reports,https://www.nseindia.com/companies-listing/corporate-filings-annual-reports,1620591198,16:13:18,20210509
2,2020-06-30,DNAMEDIA.NS,INR,2020-06-30,2020-06-30,Q2,2700000.0,0.0,2700000.0,1.0,0.0,0.0,0.0,0.0,2200000.0,2200000.0,0.0,0.0,500000.0,0.18518518518518517,500000.0,0.18518518518518517,0.0,500000.0,0.18518518518518517,0.0,-146100000,-54.111111111111114,-1.25,-1.25,116880000,116880000,https://www.nseindia.com/companies-listing/corporate-filings-annual-reports,https://www.nseindia.com/companies-listing/corporate-filings-annual-reports,1620591198,16:13:18,20210509
3,2020-03-31,DNAMEDIA.NS,INR,2020-03-31,2020-03-31,Q1,2465000.0,0.0,0.0,0.0,0.0,0.0,0.0,0.0,2572000.0,2572000.0,0.0,0.0,-107000.0,-0.043407707910750506,-107000.0,-0.043407707910750506,0.0,-107000.0,-0.043407707910750506,0.0,-165344000,-67.07667342799189,-1.4028054258970435,-1.4028054258970435,117866667,117866667,,,1620591198,16:13:18,20210509
4,2019-12-31,DNAMEDIA.NS,INR,2019-12-31,2019-12-31,Q4,2700000.0,0.0,2700000.0,1.0,0.0,0.0,0.0,0.0,2600000.0,2600000.0,0.0,0.0,100000.0,0.037037037037037035,100000.0,0.037037037037037035,0.0,100000.0,0.037037037037037035,0.0,-176800000,-65.48148148148148,-1.5,-1.5,117866667,117866667,https://www.nseindia.com/companies-listing/corporate-filings-annual-reports,https://www.nseindia.com/companies-listing/corporate-filings-annual-reports,1620591198,16:13:18,20210509
5,2019-09-30,DNAMEDIA.NS,INR,2019-09-30,2019-09-30,Q3,190200000.0,40900000.0,149300000.0,0.7849631966351209,0.0,0.0,0.0,23700000.0,186600000.0,227500000.0,122800000.0,29600000.0,-7700000.0,-0.04048370136698212,-37300000.0,-0.1961093585699264,0.0,-136400000.0,-0.7171398527865405,44900000.0,-181300000,-0.9532071503680336,-1.54,-1.54,117727273,117727273,https://www.nseindia.com/companies-listing/corporate-filings-annual-reports,https://www.nseindia.com/companies-listing/corporate-filings-annual-reports,1620591198,16:13:18,20210509
6,2019-06-30,DNAMEDIA.NS,INR,2019-06-30,2019-06-30,Q2,183800000.0,42000000.0,141800000.0,0.7714907508161044,0.0,0.0,0.0,10500000.0,211700000.0,253700000.0,109600000.0,29400000.0,-40500000.0,-0.22034820457018497,-69900000.0,-0.38030467899891185,0.0,-169000000.0,-0.9194776931447225,-44900000.0,-124100000,-0.6751904243743199,-1.05,-1.05,118190476,118190476,https://www.nseindia.com/companies-listing/corporate-filings-annual-reports,https://www.nseindia.com/companies-listing/corporate-filings-annual-reports,1620591198,16:13:18,20210509
7,2019-03-31,DNAMEDIA.NS,INR,2019-03-31,2019-03-31,Q1,338555000.0,315533000.0,23022000.0,0.06800076796975381,0.0,0.0,0.0,15506000.0,23175000.0,338708000.0,-318337000.0,24947000.0,24794000.0,0.07323477721492815,-153000.0,-0.0004519206628169721,0.0,-97406000.0,-0.2877110070741829,53633000.0,-151139000,-0.44642377161761015,-1.2931125941136208,-1.2931125941136208,116880000,116880000,https://www.nseindia.com/companies-listing/corporate-filings-annual-reports,https://www.nseindia.com/companies-listing/corporate-filings-annual-reports,1620591198,16:13:18,20210509
8,2018-12-31,DNAMEDIA.NS,INR,2018-12-31,2018-12-31,Q4,273800000.0,83900000.0,189900000.0,0.6935719503287071,0.0,0.0,0.0,2800000.0,244800000.0,328700000.0,110300000.0,32200000.0,-22700000.0,-0.0829072315558802,-54900000.0,-0.20051132213294376,0.0,-162400000.0,-0.5931336742147553,-45800000.0,-116600000,-0.42585829072315556,-0.99,-0.99,117777778,117777778,https://www.nseindia.com/companies-listing/corporate-filings-annual-reports,https://www.nseindia.com/companies-listing/corporate-filings-annual-reports,1620591198,16:13:18,20210509
9,2018-09-30,DNAMEDIA.NS,INR,2018-09-30,2018-09-30,Q3,269600000.0,88000000.0,181600000.0,0.6735905044510386,0.0,0.0,0.0,2900000.0,299200000.0,387200000.0,111700000.0,32400000.0,-85200000.0,-0.31602373887240354,-117600000.0,-0.4362017804154303,0.0,-226400000.0,-0.8397626112759644,-63000000.0,-163400000,-0.6060830860534124,-1.39,-1.39,117553957,117553957,https://www.nseindia.com/companies-listing/corporate-filings-annual-reports,https://www.nseindia.com/companies-listing/corporate-filings-annual-reports,1620591198,16:13:18,20210509
10,2018-06-30,DNAMEDIA.NS,INR,2018-06-30,2018-06-30,Q2,260200000.0,76900000.0,183300000.0,0.7044581091468102,0.0,0.0,0.0,4200000.0,291700000.0,368600000.0,98500000.0,32100000.0,-76300000.0,-0.2932359723289777,-108400000.0,-0.4166026133743274,0.0,-202700000.0,-0.7790161414296695,-57500000.0,-145200000,-0.5580322828593389,-1.23,-1.23,118048780,118048780,https://www.nseindia.com/companies-listing/corporate-filings-annual-reports,https://www.nseindia.com/companies-listing/corporate-filings-annual-reports,1620591198,16:13:18,20210509
11,2018-03-31,DNAMEDIA.NS,INR,2018-03-31,2018-03-31,Q1,333870000.0,79570000.0,254300000.0,0.7616737053344116,0.0,0.0,0.0,20960000.0,305200000.0,384770000.0,96830000.0,31650000.0,-19250000.0,-0.05765717195315542,-50900000.0,-0.15245454817743434,0.0,-126770000.0,-0.3796986851169617,212780000.0,-339550000,-1.0170126096983856,-2.88,-2.88,117899306,117899306,https://www.nseindia.com/companies-listing/corporate-filings-annual-reports,https://www.nseindia.com/companies-listing/corporate-filings-annual-reports,1620591198,16:13:18,20210509
12,2017-12-31,DNAMEDIA.NS,INR,2017-12-31,2017-12-31,Q4,349200000.0,77090000.0,272110000.0,0.7792382588774341,0.0,0.0,0.0,0.0,295280000.0,372370000.0,0.0,32330000.0,9160000.0,0.02623138602520046,-23170000.0,-0.0663516609392898,0.0,-120790000.0,-0.3459049255441008,-40250000.0,-80540000,-0.23064146620847653,-0.68,-0.68,118441176,118441176,https://www.nseindia.com/companies-listing/corporate-filings-annual-reports,https://www.nseindia.com/companies-listing/corporate-filings-annual-reports,1620591198,16:13:18,20210509
13,2017-09-30,DNAMEDIA.NS,INR,2017-09-30,2017-09-30,Q3,302800000.0,73300000.0,229500000.0,0.7579260237780714,0.0,0.0,0.0,3800000.0,315100000.0,388400000.0,98200000.0,32600000.0,-53000000.0,-0.17503302509907528,-85600000.0,-0.28269484808454426,0.0,-180000000.0,-0.5944517833553501,-62500000.0,-117500000,-0.3880449141347424,-1.0,-1.0,117500000,117500000,https://www.nseindia.com/companies-listing/corporate-filings-annual-reports,https://www.nseindia.com/companies-listing/corporate-filings-annual-reports,1620591198,16:13:18,20210509
14,2017-06-30,DNAMEDIA.NS,INR,2017-06-30,2017-06-30,Q2,254452644.0,122637408.0,131815236.0,0.51803445202165,0.0,4766022.0,66826253.0,1976672.0,224403784.0,347041192.0,4278.0,28919552.0,-63668996.0,-0.2502194317933674,-92588548.0,-0.36387339720470735,0.0,-173925044.0,-0.6835261810052168,271400775.0,-445325819,-1.750132409706853,-3.783309,-3.783309,117708018,117708018,https://www.nseindia.com/companies-listing/corporate-filings-annual-reports,https://www.nseindia.com/companies-listing/corporate-filings-annual-reports,1620591198,16:13:18,20210509
15,2017-03-31,DNAMEDIA.NS,INR,2017-03-31,2017-03-31,Q1,197950000.0,75330000.0,122620000.0,0.619449355897954,0.0,0.0,0.0,8230000.0,183050000.0,258380000.0,1130000.0,2060000.0,-58370000.0,-0.29487244253599393,-60430000.0,-0.30527911088658755,0.0,-53330000.0,-0.26941146754230866,-14130000.0,-39200000,-0.19802980550644103,-0.04,-0.04,980000000,980000000,https://www.nseindia.com/companies-listing/corporate-filings-annual-reports,https://www.nseindia.com/companies-listing/corporate-filings-annual-reports,1620591198,16:13:18,20210509
16,2016-12-31,DNAMEDIA.NS,INR,2016-12-31,2016-12-31,Q4,190360000.0,91000000.0,99360000.0,0.5219583946207187,0.0,0.0,0.0,0.0,275260000.0,366260000.0,0.0,1030000.0,-174870000.0,-0.9186278629964278,-175900000.0,-0.9240386635847867,0.0,-176730000.0,-0.9283988232822021,-57580000.0,-119150000,-0.6259193107795755,-1.014043,-1.014043,117500000,117500000,https://www.nseindia.com/companies-listing/corporate-filings-annual-reports,https://www.nseindia.com/companies-listing/corporate-filings-annual-reports,1620591198,16:13:18,20210509
