,date,symbol,reportedCurrency,fillingDate,acceptedDate,period,revenue,costOfRevenue,grossProfit,grossProfitRatio,researchAndDevelopmentExpenses,generalAndAdministrativeExpenses,sellingAndMarketingExpenses,otherExpenses,operatingExpenses,costAndExpenses,interestExpense,depreciationAndAmortization,ebitda,ebitdaratio,operatingIncome,operatingIncomeRatio,totalOtherIncomeExpensesNet,incomeBeforeTax,incomeBeforeTaxRatio,incomeTaxExpense,netIncome,netIncomeRatio,eps,epsdiluted,weightedAverageShsOut,weightedAverageShsOutDil,link,finalLink,timestamp,est_time,est_date
0,2020-09-30,FLK.L,GBP,2020-09-30,2020-09-30,Q3,654000.0,0.0,0.0,0.0,0.0,0.0,0.0,0.0,227500.0,660000.0,6750.0,69500.0,63500.0,0.09709480122324159,-6000.0,-0.009174311926605505,0.0,19000.0,0.0290519877675841,10000.0,9000.0,0.013761467889908258,0.000977222146155733,0.000977222146155733,9209779.0,9209779.0,https://find-and-update.company-information.service.gov.uk/search/companies?q=Fletcher+King+PLC,https://find-and-update.company-information.service.gov.uk/search/companies?q=Fletcher+King+PLC,1620592112,16:28:32,20210509
1,2020-06-30,FLK.L,GBP,2020-06-30,2020-06-30,Q2,654000.0,0.0,0.0,0.0,0.0,0.0,0.0,0.0,227500.0,660000.0,6750.0,69500.0,63500.0,0.09709480122324159,-6000.0,-0.009174311926605505,0.0,19000.0,0.0290519877675841,10000.0,9000.0,0.013761467889908258,0.000977222146155733,0.000977222146155733,9209779.0,9209779.0,https://find-and-update.company-information.service.gov.uk/search/companies?q=Fletcher+King+PLC,https://find-and-update.company-information.service.gov.uk/search/companies?q=Fletcher+King+PLC,1620592112,16:28:32,20210509
2,2020-03-31,FLK.L,GBP,2020-03-31,2020-03-31,Q1,654000.0,0.0,0.0,0.0,0.0,0.0,0.0,0.0,227500.0,660000.0,6750.0,69500.0,63500.0,0.09709480122324159,-6000.0,-0.009174311926605505,0.0,19000.0,0.0290519877675841,10000.0,9000.0,0.013761467889908258,0.000977222146155733,0.000977222146155733,9209779.0,9209779.0,https://find-and-update.company-information.service.gov.uk/search/companies?q=Fletcher+King+PLC,https://find-and-update.company-information.service.gov.uk/search/companies?q=Fletcher+King+PLC,1620592112,16:28:32,20210509
3,2020-01-31,FLK.L,GBP,2020-01-31,2020-01-31,Q1,654000.0,0.0,0.0,0.0,0.0,0.0,0.0,0.0,227500.0,660000.0,6750.0,69500.0,63500.0,0.09709480122324159,-6000.0,-0.009174311926605505,0.0,19000.0,0.0290519877675841,10000.0,9000.0,0.013761467889908258,0.000977222146155733,0.000977222146155733,9209779.0,9209779.0,https://find-and-update.company-information.service.gov.uk/search/companies?q=Fletcher+King+PLC,https://find-and-update.company-information.service.gov.uk/search/companies?q=Fletcher+King+PLC,1620592112,16:28:32,20210509
4,2019-06-30,FLK.L,GBP,2019-06-30,2019-06-30,Q2,763250.0,0.0,0.0,0.0,0.0,0.0,0.0,0.0,304500.0,694500.0,0.0,750.0,69500.0,0.09105797576154602,68750.0,0.09007533573534228,0.0,70500.0,0.092368162463151,13000.0,57500.0,0.07533573534228627,0.00625,0.00625,9209779.0,9209779.0,https://find-and-update.company-information.service.gov.uk/search/companies?q=Fletcher+King+PLC,https://find-and-update.company-information.service.gov.uk/search/companies?q=Fletcher+King+PLC,1620592112,16:28:32,20210509
5,2019-03-31,FLK.L,GBP,2019-03-31,2019-03-31,Q1,763250.0,0.0,0.0,0.0,0.0,0.0,0.0,0.0,304500.0,694500.0,0.0,750.0,69500.0,0.09105797576154602,68750.0,0.09007533573534228,0.0,70500.0,0.092368162463151,13000.0,57500.0,0.07533573534228627,0.00625,0.00625,9209779.0,9209779.0,https://find-and-update.company-information.service.gov.uk/search/companies?q=Fletcher+King+PLC,https://find-and-update.company-information.service.gov.uk/search/companies?q=Fletcher+King+PLC,1620592112,16:28:32,20210509
6,2019-01-31,FLK.L,GBP,2019-01-31,2019-01-31,Q1,763250.0,0.0,0.0,0.0,0.0,0.0,0.0,0.0,304500.0,694500.0,0.0,750.0,69500.0,0.09105797576154602,68750.0,0.09007533573534228,0.0,70500.0,0.092368162463151,13000.0,57500.0,0.07533573534228627,0.00625,0.00625,9209779.0,9209779.0,https://find-and-update.company-information.service.gov.uk/search/companies?q=Fletcher+King+PLC,https://find-and-update.company-information.service.gov.uk/search/companies?q=Fletcher+King+PLC,1620592112,16:28:32,20210509
7,2018-06-30,FLK.L,GBP,2018-06-30,2018-06-30,Q2,770000.0,0.0,0.0,0.0,0.0,0.0,0.0,0.0,295250.0,702000.0,0.0,4500.0,72500.0,0.09415584415584416,68000.0,0.08831168831168831,0.0,68500.0,0.08896103896103896,16250.0,52250.0,0.06785714285714285,0.005675,0.005625,9209779.0,9268686.0,https://find-and-update.company-information.service.gov.uk/search/companies?q=Fletcher+King+PLC,https://find-and-update.company-information.service.gov.uk/search/companies?q=Fletcher+King+PLC,1620592112,16:28:32,20210509
8,2018-03-31,FLK.L,GBP,2018-03-31,2018-03-31,Q1,770000.0,0.0,0.0,0.0,0.0,0.0,0.0,0.0,295250.0,702000.0,0.0,4500.0,72500.0,0.09415584415584416,68000.0,0.08831168831168831,0.0,68500.0,0.08896103896103896,16250.0,52250.0,0.06785714285714285,0.005675,0.005625,9209779.0,9268686.0,https://find-and-update.company-information.service.gov.uk/search/companies?q=Fletcher+King+PLC,https://find-and-update.company-information.service.gov.uk/search/companies?q=Fletcher+King+PLC,1620592112,16:28:32,20210509
9,2018-01-31,FLK.L,GBP,2018-01-31,2018-01-31,Q1,770000.0,0.0,0.0,0.0,0.0,0.0,0.0,0.0,295250.0,702000.0,0.0,4500.0,72500.0,0.09415584415584416,68000.0,0.08831168831168831,0.0,68500.0,0.08896103896103896,16250.0,52250.0,0.06785714285714285,0.005675,0.005625,9209779.0,9268686.0,https://find-and-update.company-information.service.gov.uk/search/companies?q=Fletcher+King+PLC,https://find-and-update.company-information.service.gov.uk/search/companies?q=Fletcher+King+PLC,1620592112,16:28:32,20210509
10,2017-06-30,FLK.L,GBP,2017-06-30,2017-06-30,Q2,1023500.0,0.0,0.0,0.0,0.0,0.0,0.0,0.0,303500.0,844250.0,0.0,8500.0,187750.0,0.18343917928676112,179250.0,0.17513434294088912,0.0,184500.0,0.1802638006839277,39750.0,144750.0,0.1414264777723498,0.015725,0.015725,9209779.0,9209779.0,https://find-and-update.company-information.service.gov.uk/search/companies?q=Fletcher+King+PLC,https://find-and-update.company-information.service.gov.uk/search/companies?q=Fletcher+King+PLC,1620592112,16:28:32,20210509
11,2017-03-31,FLK.L,GBP,2017-03-31,2017-03-31,Q1,1023500.0,0.0,0.0,0.0,0.0,0.0,0.0,0.0,303500.0,844250.0,0.0,8500.0,187750.0,0.18343917928676112,179250.0,0.17513434294088912,0.0,184500.0,0.1802638006839277,39750.0,144750.0,0.1414264777723498,0.015725,0.015725,9209779.0,9209779.0,https://find-and-update.company-information.service.gov.uk/search/companies?q=Fletcher+King+PLC,https://find-and-update.company-information.service.gov.uk/search/companies?q=Fletcher+King+PLC,1620592112,16:28:32,20210509
12,2017-01-31,FLK.L,GBP,2017-01-31,2017-01-31,Q1,1023500.0,0.0,0.0,0.0,0.0,0.0,0.0,0.0,303500.0,844250.0,0.0,8500.0,187750.0,0.18343917928676112,179250.0,0.17513434294088912,0.0,184500.0,0.1802638006839277,39750.0,144750.0,0.1414264777723498,0.015725,0.015725,9209779.0,9209779.0,https://find-and-update.company-information.service.gov.uk/search/companies?q=Fletcher+King+PLC,https://find-and-update.company-information.service.gov.uk/search/companies?q=Fletcher+King+PLC,1620592112,16:28:32,20210509
13,2016-06-30,FLK.L,GBP,2016-06-30,2016-06-30,Q2,1158250.0,0.0,0.0,0.0,0.0,0.0,0.0,0.0,307500.0,976000.0,0.0,8500.0,190750.0,0.16468810705806172,182250.0,0.1573494496006907,0.0,338750.0,0.292467083962875,73750.0,265000.0,0.22879343837686164,0.028775,0.028775,9209779.0,9209779.0,https://find-and-update.company-information.service.gov.uk/search/companies?q=Fletcher+King+PLC,https://find-and-update.company-information.service.gov.uk/search/companies?q=Fletcher+King+PLC,1620592112,16:28:32,20210509
14,2016-03-31,FLK.L,GBP,2016-03-31,2016-03-31,Q1,1158250.0,0.0,0.0,0.0,0.0,0.0,0.0,0.0,307500.0,976000.0,0.0,8500.0,190750.0,0.16468810705806172,182250.0,0.1573494496006907,0.0,338750.0,0.292467083962875,73750.0,265000.0,0.22879343837686164,0.028775,0.028775,9209779.0,9209779.0,https://find-and-update.company-information.service.gov.uk/search/companies?q=Fletcher+King+PLC,https://find-and-update.company-information.service.gov.uk/search/companies?q=Fletcher+King+PLC,1620592112,16:28:32,20210509
15,2016-01-31,FLK.L,GBP,2016-01-31,2016-01-31,Q1,1158250.0,0.0,0.0,0.0,0.0,0.0,0.0,0.0,307500.0,976000.0,0.0,8500.0,190750.0,0.16468810705806172,182250.0,0.1573494496006907,0.0,338750.0,0.292467083962875,73750.0,265000.0,0.22879343837686164,0.028775,0.028775,9209779.0,9209779.0,https://find-and-update.company-information.service.gov.uk/search/companies?q=Fletcher+King+PLC,https://find-and-update.company-information.service.gov.uk/search/companies?q=Fletcher+King+PLC,1620592112,16:28:32,20210509
16,2015-09-30,FLK.L,GBP,2015-09-30,2015-09-30,Q3,845000.0,0.0,0.0,0.0,0.0,0.0,0.0,0.0,264250.0,734000.0,0.0,9000.0,120000.0,0.14201183431952663,111000.0,0.13136094674556212,0.0,115250.0,0.1363905325443787,25500.0,89750.0,0.10621301775147929,0.00975,0.00975,9209779.0,9209779.0,https://find-and-update.company-information.service.gov.uk/search/companies?q=Fletcher+King+PLC,https://find-and-update.company-information.service.gov.uk/search/companies?q=Fletcher+King+PLC,1620592112,16:28:32,20210509
17,2015-06-30,FLK.L,GBP,2015-06-30,2015-06-30,Q2,845000.0,0.0,0.0,0.0,0.0,0.0,0.0,0.0,264250.0,734000.0,0.0,9000.0,120000.0,0.14201183431952663,111000.0,0.13136094674556212,0.0,115250.0,0.1363905325443787,25500.0,89750.0,0.10621301775147929,0.00975,0.00975,9209779.0,9209779.0,https://find-and-update.company-information.service.gov.uk/search/companies?q=Fletcher+King+PLC,https://find-and-update.company-information.service.gov.uk/search/companies?q=Fletcher+King+PLC,1620592112,16:28:32,20210509
18,2015-03-31,FLK.L,GBP,2015-03-31,2015-03-31,Q1,845000.0,0.0,0.0,0.0,0.0,0.0,0.0,0.0,264250.0,734000.0,0.0,9000.0,120000.0,0.14201183431952663,111000.0,0.13136094674556212,0.0,115250.0,0.1363905325443787,25500.0,89750.0,0.10621301775147929,0.00975,0.00975,9209779.0,9209779.0,https://find-and-update.company-information.service.gov.uk/search/companies?q=Fletcher+King+PLC,https://find-and-update.company-information.service.gov.uk/search/companies?q=Fletcher+King+PLC,1620592112,16:28:32,20210509
19,2015-01-31,FLK.L,GBP,2015-01-31,2015-01-31,Q1,845000.0,0.0,0.0,0.0,0.0,0.0,0.0,0.0,264250.0,734000.0,0.0,9000.0,120000.0,0.14201183431952663,111000.0,0.13136094674556212,0.0,115250.0,0.1363905325443787,25500.0,89750.0,0.10621301775147929,0.00975,0.00975,9209779.0,9209779.0,https://find-and-update.company-information.service.gov.uk/search/companies?q=Fletcher+King+PLC,https://find-and-update.company-information.service.gov.uk/search/companies?q=Fletcher+King+PLC,1620592112,16:28:32,20210509
20,2014-09-30,FLK.L,GBP,2014-09-30,2014-09-30,Q3,913250.0,0.0,0.0,0.0,0.0,0.0,0.0,0.0,270750.0,786000.0,0.0,11000.0,138250.0,0.15138242540377772,127250.0,0.13933753079660552,0.0,177750.0,0.1946345469477142,42250.0,135500.0,0.14837120175198468,0.014725,0.014725,9209779.0,9209779.0,https://find-and-update.company-information.service.gov.uk/search/companies?q=Fletcher+King+PLC,https://find-and-update.company-information.service.gov.uk/search/companies?q=Fletcher+King+PLC,1620592112,16:28:32,20210509
21,2014-06-30,FLK.L,GBP,2014-06-30,2014-06-30,Q2,913250.0,0.0,0.0,0.0,0.0,0.0,0.0,0.0,270750.0,786000.0,0.0,11000.0,138250.0,0.15138242540377772,127250.0,0.13933753079660552,0.0,177750.0,0.1946345469477142,42250.0,135500.0,0.14837120175198468,0.014725,0.014725,9209779.0,9209779.0,https://find-and-update.company-information.service.gov.uk/search/companies?q=Fletcher+King+PLC,https://find-and-update.company-information.service.gov.uk/search/companies?q=Fletcher+King+PLC,1620592112,16:28:32,20210509
22,2014-03-31,FLK.L,GBP,2014-03-31,2014-03-31,Q1,913250.0,0.0,0.0,0.0,0.0,0.0,0.0,0.0,270750.0,786000.0,0.0,11000.0,138250.0,0.15138242540377772,127250.0,0.13933753079660552,0.0,177750.0,0.1946345469477142,42250.0,135500.0,0.14837120175198468,0.014725,0.014725,9209779.0,9209779.0,https://find-and-update.company-information.service.gov.uk/search/companies?q=Fletcher+King+PLC,https://find-and-update.company-information.service.gov.uk/search/companies?q=Fletcher+King+PLC,1620592112,16:28:32,20210509
23,2014-01-31,FLK.L,GBP,2014-01-31,2014-01-31,Q1,913250.0,0.0,0.0,0.0,0.0,0.0,0.0,0.0,270750.0,786000.0,0.0,11000.0,138250.0,0.15138242540377772,127250.0,0.13933753079660552,0.0,177750.0,0.1946345469477142,42250.0,135500.0,0.14837120175198468,0.014725,0.014725,9209779.0,9209779.0,https://find-and-update.company-information.service.gov.uk/search/companies?q=Fletcher+King+PLC,https://find-and-update.company-information.service.gov.uk/search/companies?q=Fletcher+King+PLC,1620592112,16:28:32,20210509
24,2013-09-30,FLK.L,GBP,2013-09-30,2013-09-30,Q3,757750.0,0.0,0.0,0.0,0.0,0.0,0.0,0.0,271250.0,692250.0,0.0,10750.0,76250.0,0.10062685582316068,65500.0,0.08644011877268229,0.0,73000.0,0.09633784229627186,16250.0,56750.0,0.07489277466182778,0.00615,0.00615,9209779.0,9209779.0,https://find-and-update.company-information.service.gov.uk/search/companies?q=Fletcher+King+PLC,https://find-and-update.company-information.service.gov.uk/search/companies?q=Fletcher+King+PLC,1620592112,16:28:32,20210509
25,2013-06-30,FLK.L,GBP,2013-06-30,2013-06-30,Q2,757750.0,0.0,0.0,0.0,0.0,0.0,0.0,0.0,271250.0,692250.0,0.0,10750.0,76250.0,0.10062685582316068,65500.0,0.08644011877268229,0.0,73000.0,0.09633784229627186,16250.0,56750.0,0.07489277466182778,0.00615,0.00615,9209779.0,9209779.0,https://find-and-update.company-information.service.gov.uk/search/companies?q=Fletcher+King+PLC,https://find-and-update.company-information.service.gov.uk/search/companies?q=Fletcher+King+PLC,1620592112,16:28:32,20210509
26,2013-03-31,FLK.L,GBP,2013-03-31,2013-03-31,Q1,757750.0,0.0,0.0,0.0,0.0,0.0,0.0,0.0,271250.0,692250.0,0.0,10750.0,76250.0,0.10062685582316068,65500.0,0.08644011877268229,0.0,73000.0,0.09633784229627186,16250.0,56750.0,0.07489277466182778,0.00615,0.00615,9209779.0,9209779.0,https://find-and-update.company-information.service.gov.uk/search/companies?q=Fletcher+King+PLC,https://find-and-update.company-information.service.gov.uk/search/companies?q=Fletcher+King+PLC,1620592112,16:28:32,20210509
27,2013-01-31,FLK.L,GBP,2013-01-31,2013-01-31,Q1,757750.0,0.0,0.0,0.0,0.0,0.0,0.0,0.0,271250.0,692250.0,0.0,10750.0,76250.0,0.10062685582316068,65500.0,0.08644011877268229,0.0,73000.0,0.09633784229627186,16250.0,56750.0,0.07489277466182778,0.00615,0.00615,9209779.0,9209779.0,https://find-and-update.company-information.service.gov.uk/search/companies?q=Fletcher+King+PLC,https://find-and-update.company-information.service.gov.uk/search/companies?q=Fletcher+King+PLC,1620592112,16:28:32,20210509
28,2012-09-30,FLK.L,GBP,2012-09-30,2012-09-30,Q3,776250.0,0.0,0.0,0.0,0.0,0.0,0.0,4750.0,603500.0,692250.0,0.0,11500.0,95500.0,0.12302737520128824,84000.0,0.10821256038647344,0.0,98750.0,0.12721417069243157,28750.0,70000.0,0.09017713365539452,0.0076,0.0076,9209779.0,9209779.0,https://find-and-update.company-information.service.gov.uk/search/companies?q=Fletcher+King+PLC,https://find-and-update.company-information.service.gov.uk/search/companies?q=Fletcher+King+PLC,1620592112,16:28:32,20210509
29,2012-06-30,FLK.L,GBP,2012-06-30,2012-06-30,Q2,776250.0,0.0,0.0,0.0,0.0,0.0,0.0,4750.0,603500.0,692250.0,0.0,11500.0,95500.0,0.12302737520128824,84000.0,0.10821256038647344,0.0,98750.0,0.12721417069243157,28750.0,70000.0,0.09017713365539452,0.0076,0.0076,9209779.0,9209779.0,https://find-and-update.company-information.service.gov.uk/search/companies?q=Fletcher+King+PLC,https://find-and-update.company-information.service.gov.uk/search/companies?q=Fletcher+King+PLC,1620592112,16:28:32,20210509
30,2012-03-31,FLK.L,GBP,2012-03-31,2012-03-31,Q1,776250.0,0.0,0.0,0.0,0.0,0.0,0.0,4750.0,603500.0,692250.0,0.0,11500.0,95500.0,0.12302737520128824,84000.0,0.10821256038647344,0.0,98750.0,0.12721417069243157,28750.0,70000.0,0.09017713365539452,0.0076,0.0076,9209779.0,9209779.0,https://find-and-update.company-information.service.gov.uk/search/companies?q=Fletcher+King+PLC,https://find-and-update.company-information.service.gov.uk/search/companies?q=Fletcher+King+PLC,1620592112,16:28:32,20210509
31,2012-01-31,FLK.L,GBP,2012-01-31,2012-01-31,Q1,776250.0,0.0,0.0,0.0,0.0,0.0,0.0,4750.0,603500.0,692250.0,0.0,11500.0,95500.0,0.12302737520128824,84000.0,0.10821256038647344,0.0,98750.0,0.12721417069243157,28750.0,70000.0,0.09017713365539452,0.0076,0.0076,9209779.0,9209779.0,https://find-and-update.company-information.service.gov.uk/search/companies?q=Fletcher+King+PLC,https://find-and-update.company-information.service.gov.uk/search/companies?q=Fletcher+King+PLC,1620592112,16:28:32,20210509
32,2011-09-30,FLK.L,GBP,2011-09-30,2011-09-30,Q3,793750.0,0.0,0.0,0.0,0.0,0.0,0.0,2500.0,609500.0,701000.0,0.0,14750.0,107500.0,0.13543307086614173,92750.0,0.1168503937007874,0.0,103500.0,0.13039370078740156,20750.0,82750.0,0.104251968503937,0.008975,0.008975,9209779.0,9209779.0,https://find-and-update.company-information.service.gov.uk/search/companies?q=Fletcher+King+PLC,https://find-and-update.company-information.service.gov.uk/search/companies?q=Fletcher+King+PLC,1620592112,16:28:32,20210509
33,2011-06-30,FLK.L,GBP,2011-06-30,2011-06-30,Q2,793750.0,0.0,0.0,0.0,0.0,0.0,0.0,2500.0,609500.0,701000.0,0.0,14750.0,107500.0,0.13543307086614173,92750.0,0.1168503937007874,0.0,103500.0,0.13039370078740156,20750.0,82750.0,0.104251968503937,0.008975,0.008975,9209779.0,9209779.0,https://find-and-update.company-information.service.gov.uk/search/companies?q=Fletcher+King+PLC,https://find-and-update.company-information.service.gov.uk/search/companies?q=Fletcher+King+PLC,1620592112,16:28:32,20210509
34,2011-03-31,FLK.L,GBP,2011-03-31,2011-03-31,Q1,793750.0,0.0,0.0,0.0,0.0,0.0,0.0,2500.0,609500.0,701000.0,0.0,14750.0,107500.0,0.13543307086614173,92750.0,0.1168503937007874,0.0,103500.0,0.13039370078740156,20750.0,82750.0,0.104251968503937,0.008975,0.008975,9209779.0,9209779.0,https://find-and-update.company-information.service.gov.uk/search/companies?q=Fletcher+King+PLC,https://find-and-update.company-information.service.gov.uk/search/companies?q=Fletcher+King+PLC,1620592112,16:28:32,20210509
35,2011-01-31,FLK.L,GBP,2011-01-31,2011-01-31,Q1,793750.0,0.0,0.0,0.0,0.0,0.0,0.0,2500.0,609500.0,701000.0,0.0,14750.0,107500.0,0.13543307086614173,92750.0,0.1168503937007874,0.0,103500.0,0.13039370078740156,20750.0,82750.0,0.104251968503937,0.008975,0.008975,9209779.0,9209779.0,https://find-and-update.company-information.service.gov.uk/search/companies?q=Fletcher+King+PLC,https://find-and-update.company-information.service.gov.uk/search/companies?q=Fletcher+King+PLC,1620592112,16:28:32,20210509
36,2010-09-30,FLK.L,GBP,2010-09-30,2010-09-30,Q3,708000.0,0.0,0.0,0.0,0.0,0.0,0.0,1500.0,550500.0,645500.0,0.0,18250.0,80750.0,0.11405367231638418,62500.0,0.0882768361581921,0.0,101500.0,0.14336158192090395,41000.0,60500.0,0.08545197740112995,0.006575,0.006575,9209779.0,9209779.0,https://find-and-update.company-information.service.gov.uk/search/companies?q=Fletcher+King+PLC,https://find-and-update.company-information.service.gov.uk/search/companies?q=Fletcher+King+PLC,1620592112,16:28:32,20210509
37,2010-06-30,FLK.L,GBP,2010-06-30,2010-06-30,Q2,708000.0,0.0,0.0,0.0,0.0,0.0,0.0,1500.0,550500.0,645500.0,0.0,18250.0,80750.0,0.11405367231638418,62500.0,0.0882768361581921,0.0,101500.0,0.14336158192090395,41000.0,60500.0,0.08545197740112995,0.006575,0.006575,9209779.0,9209779.0,https://find-and-update.company-information.service.gov.uk/search/companies?q=Fletcher+King+PLC,https://find-and-update.company-information.service.gov.uk/search/companies?q=Fletcher+King+PLC,1620592112,16:28:32,20210509
38,2010-03-31,FLK.L,GBP,2010-03-31,2010-03-31,Q1,708000.0,0.0,0.0,0.0,0.0,0.0,0.0,1500.0,550500.0,645500.0,0.0,18250.0,80750.0,0.11405367231638418,62500.0,0.0882768361581921,0.0,101500.0,0.14336158192090395,41000.0,60500.0,0.08545197740112995,0.006575,0.006575,9209779.0,9209779.0,https://find-and-update.company-information.service.gov.uk/search/companies?q=Fletcher+King+PLC,https://find-and-update.company-information.service.gov.uk/search/companies?q=Fletcher+King+PLC,1620592112,16:28:32,20210509
39,2010-01-31,FLK.L,GBP,2010-01-31,2010-01-31,Q1,708000.0,0.0,0.0,0.0,0.0,0.0,0.0,1500.0,550500.0,645500.0,0.0,18250.0,80750.0,0.11405367231638418,62500.0,0.0882768361581921,0.0,101500.0,0.14336158192090395,41000.0,60500.0,0.08545197740112995,0.006575,0.006575,9209779.0,9209779.0,https://find-and-update.company-information.service.gov.uk/search/companies?q=Fletcher+King+PLC,https://find-and-update.company-information.service.gov.uk/search/companies?q=Fletcher+King+PLC,1620592112,16:28:32,20210509
40,2009-09-30,FLK.L,GBP,2009-09-30,2009-09-30,Q3,782500.0,0.0,0.0,0.0,0.0,0.0,0.0,1500.0,563750.0,659250.0,0.0,18250.0,141500.0,0.18083067092651758,123250.0,0.1575079872204473,0.0,250.0,0.0003194888178913738,-10500.0,-108000.0,-0.1380191693290735,-0.011725,-0.011725,9209779.0,9209779.0,https://find-and-update.company-information.service.gov.uk/search/companies?q=Fletcher+King+PLC,https://find-and-update.company-information.service.gov.uk/search/companies?q=Fletcher+King+PLC,1620592112,16:28:32,20210509
41,2009-06-30,FLK.L,GBP,2009-06-30,2009-06-30,Q2,782500.0,0.0,0.0,0.0,0.0,0.0,0.0,1500.0,563750.0,659250.0,0.0,18250.0,141500.0,0.18083067092651758,123250.0,0.1575079872204473,0.0,250.0,0.0003194888178913738,-10500.0,-108000.0,-0.1380191693290735,-0.011725,-0.011725,9209779.0,9209779.0,https://find-and-update.company-information.service.gov.uk/search/companies?q=Fletcher+King+PLC,https://find-and-update.company-information.service.gov.uk/search/companies?q=Fletcher+King+PLC,1620592112,16:28:32,20210509
42,2009-03-31,FLK.L,GBP,2009-03-31,2009-03-31,Q1,782500.0,0.0,0.0,0.0,0.0,0.0,0.0,1500.0,563750.0,659250.0,0.0,18250.0,141500.0,0.18083067092651758,123250.0,0.1575079872204473,0.0,250.0,0.0003194888178913738,-10500.0,-108000.0,-0.1380191693290735,-0.011725,-0.011725,9209779.0,9209779.0,https://find-and-update.company-information.service.gov.uk/search/companies?q=Fletcher+King+PLC,https://find-and-update.company-information.service.gov.uk/search/companies?q=Fletcher+King+PLC,1620592112,16:28:32,20210509
43,2009-01-31,FLK.L,GBP,2009-01-31,2009-01-31,Q1,782500.0,0.0,0.0,0.0,0.0,0.0,0.0,1500.0,563750.0,659250.0,0.0,18250.0,141500.0,0.18083067092651758,123250.0,0.1575079872204473,0.0,250.0,0.0003194888178913738,-10500.0,-108000.0,-0.1380191693290735,-0.011725,-0.011725,9209779.0,9209779.0,https://find-and-update.company-information.service.gov.uk/search/companies?q=Fletcher+King+PLC,https://find-and-update.company-information.service.gov.uk/search/companies?q=Fletcher+King+PLC,1620592112,16:28:32,20210509
44,2008-09-30,FLK.L,GBP,2008-09-30,2008-09-30,Q3,1132250.0,0.0,0.0,0.0,0.0,0.0,0.0,5750.0,968500.0,1074500.0,0.0,14000.0,71750.0,0.0633693972179289,57750.0,0.05100463678516229,0.0,194500.0,0.17178185029807905,51500.0,137500.0,0.12143961139324354,0.014925,0.0149,9209779.0,9221475.0,https://find-and-update.company-information.service.gov.uk/search/companies?q=Fletcher+King+PLC,https://find-and-update.company-information.service.gov.uk/search/companies?q=Fletcher+King+PLC,1620592112,16:28:32,20210509
45,2008-06-30,FLK.L,GBP,2008-06-30,2008-06-30,Q2,1132250.0,0.0,0.0,0.0,0.0,0.0,0.0,5750.0,968500.0,1074500.0,0.0,14000.0,71750.0,0.0633693972179289,57750.0,0.05100463678516229,0.0,194500.0,0.17178185029807905,51500.0,137500.0,0.12143961139324354,0.014925,0.0149,9209779.0,9221475.0,https://find-and-update.company-information.service.gov.uk/search/companies?q=Fletcher+King+PLC,https://find-and-update.company-information.service.gov.uk/search/companies?q=Fletcher+King+PLC,1620592112,16:28:32,20210509
46,2008-03-31,FLK.L,GBP,2008-03-31,2008-03-31,Q1,1132250.0,0.0,0.0,0.0,0.0,0.0,0.0,5750.0,968500.0,1074500.0,0.0,14000.0,71750.0,0.0633693972179289,57750.0,0.05100463678516229,0.0,194500.0,0.17178185029807905,51500.0,137500.0,0.12143961139324354,0.014925,0.0149,9209779.0,9221475.0,https://find-and-update.company-information.service.gov.uk/search/companies?q=Fletcher+King+PLC,https://find-and-update.company-information.service.gov.uk/search/companies?q=Fletcher+King+PLC,1620592112,16:28:32,20210509
47,2008-01-31,FLK.L,GBP,2008-01-31,2008-01-31,Q1,1132250.0,0.0,0.0,0.0,0.0,0.0,0.0,5750.0,968500.0,1074500.0,0.0,14000.0,71750.0,0.0633693972179289,57750.0,0.05100463678516229,0.0,194500.0,0.17178185029807905,51500.0,137500.0,0.12143961139324354,0.014925,0.0149,9209779.0,9221475.0,https://find-and-update.company-information.service.gov.uk/search/companies?q=Fletcher+King+PLC,https://find-and-update.company-information.service.gov.uk/search/companies?q=Fletcher+King+PLC,1620592112,16:28:32,20210509
48,2007-09-30,FLK.L,GBP,2007-09-30,2007-09-30,Q3,1859500.0,0.0,0.0,0.0,0.0,0.0,0.0,7250.0,1602750.0,1714250.0,0.0,28500.0,173750.0,0.09343909653132562,145250.0,0.07811239580532402,0.0,256750.0,0.13807475127722507,87750.0,169000.0,0.09088464641032536,0.01835,0.018325,9209779.0,9221475.0,https://find-and-update.company-information.service.gov.uk/search/companies?q=Fletcher+King+PLC,https://find-and-update.company-information.service.gov.uk/search/companies?q=Fletcher+King+PLC,1620592112,16:28:32,20210509
49,2007-06-30,FLK.L,GBP,2007-06-30,2007-06-30,Q2,1859500.0,0.0,0.0,0.0,0.0,0.0,0.0,7250.0,1602750.0,1714250.0,0.0,28500.0,173750.0,0.09343909653132562,145250.0,0.07811239580532402,0.0,256750.0,0.13807475127722507,87750.0,169000.0,0.09088464641032536,0.01835,0.018325,9209779.0,9221475.0,https://find-and-update.company-information.service.gov.uk/search/companies?q=Fletcher+King+PLC,https://find-and-update.company-information.service.gov.uk/search/companies?q=Fletcher+King+PLC,1620592112,16:28:32,20210509
50,2007-03-31,FLK.L,GBP,2007-03-31,2007-03-31,Q1,1859500.0,0.0,0.0,0.0,0.0,0.0,0.0,7250.0,1602750.0,1714250.0,0.0,28500.0,173750.0,0.09343909653132562,145250.0,0.07811239580532402,0.0,256750.0,0.13807475127722507,87750.0,169000.0,0.09088464641032536,0.01835,0.018325,9209779.0,9221475.0,https://find-and-update.company-information.service.gov.uk/search/companies?q=Fletcher+King+PLC,https://find-and-update.company-information.service.gov.uk/search/companies?q=Fletcher+King+PLC,1620592112,16:28:32,20210509
51,2007-01-31,FLK.L,GBP,2007-01-31,2007-01-31,Q1,1859500.0,0.0,0.0,0.0,0.0,0.0,0.0,7250.0,1602750.0,1714250.0,0.0,28500.0,173750.0,0.09343909653132562,145250.0,0.07811239580532402,0.0,256750.0,0.13807475127722507,87750.0,169000.0,0.09088464641032536,0.01835,0.018325,9209779.0,9221475.0,https://find-and-update.company-information.service.gov.uk/search/companies?q=Fletcher+King+PLC,https://find-and-update.company-information.service.gov.uk/search/companies?q=Fletcher+King+PLC,1620592112,16:28:32,20210509
52,2006-09-30,FLK.L,GBP,2006-09-30,2006-09-30,Q3,1529250.0,0.0,0.0,0.0,0.0,0.0,0.0,12000.0,1347500.0,1487000.0,500.0,21500.0,63750.0,0.04168710152035311,42250.0,0.027627922184077162,0.0,150000.0,0.0980872976949485,34000.0,116000.0,0.07585417688409352,0.012725,0.01265,9123745.0,9175141.0,https://find-and-update.company-information.service.gov.uk/search/companies?q=Fletcher+King+PLC,https://find-and-update.company-information.service.gov.uk/search/companies?q=Fletcher+King+PLC,1620592112,16:28:32,20210509
53,2006-06-30,FLK.L,GBP,2006-06-30,2006-06-30,Q2,1529250.0,0.0,0.0,0.0,0.0,0.0,0.0,12000.0,1347500.0,1487000.0,500.0,21500.0,63750.0,0.04168710152035311,42250.0,0.027627922184077162,0.0,150000.0,0.0980872976949485,34000.0,116000.0,0.07585417688409352,0.012725,0.01265,9123745.0,9175141.0,https://find-and-update.company-information.service.gov.uk/search/companies?q=Fletcher+King+PLC,https://find-and-update.company-information.service.gov.uk/search/companies?q=Fletcher+King+PLC,1620592112,16:28:32,20210509
54,2006-03-31,FLK.L,GBP,2006-03-31,2006-03-31,Q1,1529250.0,0.0,0.0,0.0,0.0,0.0,0.0,12000.0,1347500.0,1487000.0,500.0,21500.0,63750.0,0.04168710152035311,42250.0,0.027627922184077162,0.0,150000.0,0.0980872976949485,34000.0,116000.0,0.07585417688409352,0.012725,0.01265,9123745.0,9175141.0,https://find-and-update.company-information.service.gov.uk/search/companies?q=Fletcher+King+PLC,https://find-and-update.company-information.service.gov.uk/search/companies?q=Fletcher+King+PLC,1620592112,16:28:32,20210509
55,2006-01-31,FLK.L,GBP,2006-01-31,2006-01-31,Q1,1529250.0,0.0,0.0,0.0,0.0,0.0,0.0,12000.0,1347500.0,1487000.0,500.0,21500.0,63750.0,0.04168710152035311,42250.0,0.027627922184077162,0.0,150000.0,0.0980872976949485,34000.0,116000.0,0.07585417688409352,0.012725,0.01265,9123745.0,9175141.0,https://find-and-update.company-information.service.gov.uk/search/companies?q=Fletcher+King+PLC,https://find-and-update.company-information.service.gov.uk/search/companies?q=Fletcher+King+PLC,1620592112,16:28:32,20210509
56,2005-09-30,FLK.L,GBP,2005-09-30,2005-09-30,Q3,1523250.0,0.0,0.0,0.0,0.0,0.0,0.0,12000.0,1324750.0,1460500.0,500.0,18500.0,81250.0,0.05333989824388643,62750.0,0.041194813720663054,0.0,136500.0,0.0896110290497292,38250.0,98250.0,0.06450024618414574,0.01115,0.011025,8807000.0,8911565.0,https://find-and-update.company-information.service.gov.uk/search/companies?q=Fletcher+King+PLC,https://find-and-update.company-information.service.gov.uk/search/companies?q=Fletcher+King+PLC,1620592112,16:28:32,20210509
57,2005-06-30,FLK.L,GBP,2005-06-30,2005-06-30,Q2,1523250.0,0.0,0.0,0.0,0.0,0.0,0.0,12000.0,1324750.0,1460500.0,500.0,18500.0,81250.0,0.05333989824388643,62750.0,0.041194813720663054,0.0,136500.0,0.0896110290497292,38250.0,98250.0,0.06450024618414574,0.01115,0.011025,8807000.0,8911565.0,https://find-and-update.company-information.service.gov.uk/search/companies?q=Fletcher+King+PLC,https://find-and-update.company-information.service.gov.uk/search/companies?q=Fletcher+King+PLC,1620592112,16:28:32,20210509
58,2005-03-31,FLK.L,GBP,2005-03-31,2005-03-31,Q1,1523250.0,0.0,0.0,0.0,0.0,0.0,0.0,12000.0,1324750.0,1460500.0,500.0,18500.0,81250.0,0.05333989824388643,62750.0,0.041194813720663054,0.0,136500.0,0.0896110290497292,38250.0,98250.0,0.06450024618414574,0.01115,0.011025,8807000.0,8911565.0,https://find-and-update.company-information.service.gov.uk/search/companies?q=Fletcher+King+PLC,https://find-and-update.company-information.service.gov.uk/search/companies?q=Fletcher+King+PLC,1620592112,16:28:32,20210509
59,2005-01-31,FLK.L,GBP,2005-01-31,2005-01-31,Q1,1523250.0,0.0,0.0,0.0,0.0,0.0,0.0,12000.0,1324750.0,1460500.0,500.0,18500.0,81250.0,0.05333989824388643,62750.0,0.041194813720663054,0.0,136500.0,0.0896110290497292,38250.0,98250.0,0.06450024618414574,0.01115,0.011025,8807000.0,8911565.0,https://find-and-update.company-information.service.gov.uk/search/companies?q=Fletcher+King+PLC,https://find-and-update.company-information.service.gov.uk/search/companies?q=Fletcher+King+PLC,1620592112,16:28:32,20210509
60,2004-09-30,FLK.L,GBP,2004-09-30,2004-09-30,Q3,1405750.0,0.0,0.0,0.0,0.0,0.0,0.0,-15500.0,1207000.0,1335500.0,750.0,19000.0,89250.0,0.06348924061888672,70250.0,0.04997332384847946,0.0,83000.0,0.059043215365463274,28250.0,54750.0,0.03894718121998933,0.006225,0.006125,8807279.0,8926433.0,https://find-and-update.company-information.service.gov.uk/search/companies?q=Fletcher+King+PLC,https://find-and-update.company-information.service.gov.uk/search/companies?q=Fletcher+King+PLC,1620592112,16:28:32,20210509
61,2004-06-30,FLK.L,GBP,2004-06-30,2004-06-30,Q2,1405750.0,0.0,0.0,0.0,0.0,0.0,0.0,-15500.0,1207000.0,1335500.0,750.0,19000.0,89250.0,0.06348924061888672,70250.0,0.04997332384847946,0.0,83000.0,0.059043215365463274,28250.0,54750.0,0.03894718121998933,0.006225,0.006125,8807279.0,8926433.0,https://find-and-update.company-information.service.gov.uk/search/companies?q=Fletcher+King+PLC,https://find-and-update.company-information.service.gov.uk/search/companies?q=Fletcher+King+PLC,1620592112,16:28:32,20210509
62,2004-03-31,FLK.L,GBP,2004-03-31,2004-03-31,Q1,1405750.0,0.0,0.0,0.0,0.0,0.0,0.0,-15500.0,1207000.0,1335500.0,750.0,19000.0,89250.0,0.06348924061888672,70250.0,0.04997332384847946,0.0,83000.0,0.059043215365463274,28250.0,54750.0,0.03894718121998933,0.006225,0.006125,8807279.0,8926433.0,https://find-and-update.company-information.service.gov.uk/search/companies?q=Fletcher+King+PLC,https://find-and-update.company-information.service.gov.uk/search/companies?q=Fletcher+King+PLC,1620592112,16:28:32,20210509
63,2004-01-31,FLK.L,GBP,2004-01-31,2004-01-31,Q1,1405750.0,0.0,0.0,0.0,0.0,0.0,0.0,-15500.0,1207000.0,1335500.0,750.0,19000.0,89250.0,0.06348924061888672,70250.0,0.04997332384847946,0.0,83000.0,0.059043215365463274,28250.0,54750.0,0.03894718121998933,0.006225,0.006125,8807279.0,8926433.0,https://find-and-update.company-information.service.gov.uk/search/companies?q=Fletcher+King+PLC,https://find-and-update.company-information.service.gov.uk/search/companies?q=Fletcher+King+PLC,1620592112,16:28:32,20210509
64,2003-09-30,FLK.L,GBP,2003-09-30,2003-09-30,Q3,1153500.0,0.0,0.0,0.0,0.0,0.0,0.0,-10000.0,1003250.0,1140500.0,1000.0,20750.0,33750.0,0.029258777633289986,13000.0,0.011270047680970958,0.0,20750.0,0.017988729952319028,5500.0,15250.0,0.013220632856523624,0.001725,0.001725,8807279.0,8807279.0,https://find-and-update.company-information.service.gov.uk/search/companies?q=Fletcher+King+PLC,https://find-and-update.company-information.service.gov.uk/search/companies?q=Fletcher+King+PLC,1620592112,16:28:32,20210509
65,2003-06-30,FLK.L,GBP,2003-06-30,2003-06-30,Q2,1153500.0,0.0,0.0,0.0,0.0,0.0,0.0,-10000.0,1003250.0,1140500.0,1000.0,20750.0,33750.0,0.029258777633289986,13000.0,0.011270047680970958,0.0,20750.0,0.017988729952319028,5500.0,15250.0,0.013220632856523624,0.001725,0.001725,8807279.0,8807279.0,https://find-and-update.company-information.service.gov.uk/search/companies?q=Fletcher+King+PLC,https://find-and-update.company-information.service.gov.uk/search/companies?q=Fletcher+King+PLC,1620592112,16:28:32,20210509
66,2003-03-31,FLK.L,GBP,2003-03-31,2003-03-31,Q1,1153500.0,0.0,0.0,0.0,0.0,0.0,0.0,-10000.0,1003250.0,1140500.0,1000.0,20750.0,33750.0,0.029258777633289986,13000.0,0.011270047680970958,0.0,20750.0,0.017988729952319028,5500.0,15250.0,0.013220632856523624,0.001725,0.001725,8807279.0,8807279.0,https://find-and-update.company-information.service.gov.uk/search/companies?q=Fletcher+King+PLC,https://find-and-update.company-information.service.gov.uk/search/companies?q=Fletcher+King+PLC,1620592112,16:28:32,20210509
67,2003-01-31,FLK.L,GBP,2003-01-31,2003-01-31,Q1,1153500.0,0.0,0.0,0.0,0.0,0.0,0.0,-10000.0,1003250.0,1140500.0,1000.0,20750.0,33750.0,0.029258777633289986,13000.0,0.011270047680970958,0.0,20750.0,0.017988729952319028,5500.0,15250.0,0.013220632856523624,0.001725,0.001725,8807279.0,8807279.0,https://find-and-update.company-information.service.gov.uk/search/companies?q=Fletcher+King+PLC,https://find-and-update.company-information.service.gov.uk/search/companies?q=Fletcher+King+PLC,1620592112,16:28:32,20210509
68,2002-09-30,FLK.L,GBP,2002-09-30,2002-09-30,Q3,1250000.0,0.0,0.0,0.0,0.0,0.0,0.0,0.0,1061250.0,1214750.0,1250.0,30000.0,65250.0,0.0522,35250.0,0.0282,0.0,6250.0,0.005,6000.0,250.0,0.0002,2.8386510730101056e-05,2.8386510730101056e-05,8807000.0,8807000.0,https://find-and-update.company-information.service.gov.uk/search/companies?q=Fletcher+King+PLC,https://find-and-update.company-information.service.gov.uk/search/companies?q=Fletcher+King+PLC,1620592112,16:28:32,20210509
69,2002-06-30,FLK.L,GBP,2002-06-30,2002-06-30,Q2,1250000.0,0.0,0.0,0.0,0.0,0.0,0.0,0.0,1061250.0,1214750.0,1250.0,30000.0,65250.0,0.0522,35250.0,0.0282,0.0,6250.0,0.005,6000.0,250.0,0.0002,2.8386510730101056e-05,2.8386510730101056e-05,8807000.0,8807000.0,https://find-and-update.company-information.service.gov.uk/search/companies?q=Fletcher+King+PLC,https://find-and-update.company-information.service.gov.uk/search/companies?q=Fletcher+King+PLC,1620592112,16:28:32,20210509
70,2002-03-31,FLK.L,GBP,2002-03-31,2002-03-31,Q1,1250000.0,0.0,0.0,0.0,0.0,0.0,0.0,0.0,1061250.0,1214750.0,1250.0,30000.0,65250.0,0.0522,35250.0,0.0282,0.0,6250.0,0.005,6000.0,250.0,0.0002,2.8386510730101056e-05,2.8386510730101056e-05,8807000.0,8807000.0,https://find-and-update.company-information.service.gov.uk/search/companies?q=Fletcher+King+PLC,https://find-and-update.company-information.service.gov.uk/search/companies?q=Fletcher+King+PLC,1620592112,16:28:32,20210509
71,2002-01-31,FLK.L,GBP,2002-01-31,2002-01-31,Q1,1250000.0,0.0,0.0,0.0,0.0,0.0,0.0,0.0,1061250.0,1214750.0,1250.0,30000.0,65250.0,0.0522,35250.0,0.0282,0.0,6250.0,0.005,6000.0,250.0,0.0002,2.8386510730101056e-05,2.8386510730101056e-05,8807000.0,8807000.0,https://find-and-update.company-information.service.gov.uk/search/companies?q=Fletcher+King+PLC,https://find-and-update.company-information.service.gov.uk/search/companies?q=Fletcher+King+PLC,1620592112,16:28:32,20210509
72,2001-09-30,FLK.L,GBP,2001-09-30,2001-09-30,Q3,1563750.0,0.0,0.0,0.0,0.0,0.0,0.0,0.0,1339500.0,1464500.0,500.0,35750.0,135000.0,0.08633093525179857,99250.0,0.06346922462030376,0.0,115250.0,0.07370103916866506,44250.0,71000.0,0.04540367705835332,0.008,0.00775,8807000.0,8807000.0,https://find-and-update.company-information.service.gov.uk/search/companies?q=Fletcher+King+PLC,https://find-and-update.company-information.service.gov.uk/search/companies?q=Fletcher+King+PLC,1620592112,16:28:32,20210509
73,2001-06-30,FLK.L,GBP,2001-06-30,2001-06-30,Q2,1563750.0,0.0,0.0,0.0,0.0,0.0,0.0,0.0,1339500.0,1464500.0,500.0,35750.0,135000.0,0.08633093525179857,99250.0,0.06346922462030376,0.0,115250.0,0.07370103916866506,44250.0,71000.0,0.04540367705835332,0.008,0.00775,8807000.0,8807000.0,https://find-and-update.company-information.service.gov.uk/search/companies?q=Fletcher+King+PLC,https://find-and-update.company-information.service.gov.uk/search/companies?q=Fletcher+King+PLC,1620592112,16:28:32,20210509
74,2001-03-31,FLK.L,GBP,2001-03-31,2001-03-31,Q1,1563750.0,0.0,0.0,0.0,0.0,0.0,0.0,0.0,1339500.0,1464500.0,500.0,35750.0,135000.0,0.08633093525179857,99250.0,0.06346922462030376,0.0,115250.0,0.07370103916866506,44250.0,71000.0,0.04540367705835332,0.008,0.00775,8807000.0,8807000.0,https://find-and-update.company-information.service.gov.uk/search/companies?q=Fletcher+King+PLC,https://find-and-update.company-information.service.gov.uk/search/companies?q=Fletcher+King+PLC,1620592112,16:28:32,20210509
75,2001-01-31,FLK.L,GBP,2001-01-31,2001-01-31,Q1,1563750.0,0.0,0.0,0.0,0.0,0.0,0.0,0.0,1339500.0,1464500.0,500.0,35750.0,135000.0,0.08633093525179857,99250.0,0.06346922462030376,0.0,115250.0,0.07370103916866506,44250.0,71000.0,0.04540367705835332,0.008,0.00775,8807000.0,8807000.0,https://find-and-update.company-information.service.gov.uk/search/companies?q=Fletcher+King+PLC,https://find-and-update.company-information.service.gov.uk/search/companies?q=Fletcher+King+PLC,1620592112,16:28:32,20210509
76,2000-09-30,FLK.L,GBP,2000-09-30,2000-09-30,Q3,1775750.0,0.0,0.0,0.0,0.0,0.0,0.0,0.0,1515250.0,1643250.0,1250.0,44500.0,177000.0,0.09967619315782064,132500.0,0.07461635928480924,0.0,150500.0,0.08475292130085879,50250.0,100250.0,0.05645501900605378,0.0115,0.011,8807000.0,8807000.0,https://find-and-update.company-information.service.gov.uk/search/companies?q=Fletcher+King+PLC,https://find-and-update.company-information.service.gov.uk/search/companies?q=Fletcher+King+PLC,1620592112,16:28:32,20210509
77,2000-06-30,FLK.L,GBP,2000-06-30,2000-06-30,Q2,1775750.0,0.0,0.0,0.0,0.0,0.0,0.0,0.0,1515250.0,1643250.0,1250.0,44500.0,177000.0,0.09967619315782064,132500.0,0.07461635928480924,0.0,150500.0,0.08475292130085879,50250.0,100250.0,0.05645501900605378,0.0115,0.011,8807000.0,8807000.0,https://find-and-update.company-information.service.gov.uk/search/companies?q=Fletcher+King+PLC,https://find-and-update.company-information.service.gov.uk/search/companies?q=Fletcher+King+PLC,1620592112,16:28:32,20210509
78,2000-03-31,FLK.L,GBP,2000-03-31,2000-03-31,Q1,1775750.0,0.0,0.0,0.0,0.0,0.0,0.0,0.0,1515250.0,1643250.0,1250.0,44500.0,177000.0,0.09967619315782064,132500.0,0.07461635928480924,0.0,150500.0,0.08475292130085879,50250.0,100250.0,0.05645501900605378,0.0115,0.011,8807000.0,8807000.0,https://find-and-update.company-information.service.gov.uk/search/companies?q=Fletcher+King+PLC,https://find-and-update.company-information.service.gov.uk/search/companies?q=Fletcher+King+PLC,1620592112,16:28:32,20210509
79,2000-01-31,FLK.L,GBP,2000-01-31,2000-01-31,Q1,1775750.0,0.0,0.0,0.0,0.0,0.0,0.0,0.0,1515250.0,1643250.0,1250.0,44500.0,177000.0,0.09967619315782064,132500.0,0.07461635928480924,0.0,150500.0,0.08475292130085879,50250.0,100250.0,0.05645501900605378,0.0115,0.011,8807000.0,8807000.0,https://find-and-update.company-information.service.gov.uk/search/companies?q=Fletcher+King+PLC,https://find-and-update.company-information.service.gov.uk/search/companies?q=Fletcher+King+PLC,1620592112,16:28:32,20210509
80,1999-09-30,FLK.L,GBP,1999-09-30,1999-09-30,Q3,1641000.0,0.0,0.0,0.0,0.0,0.0,0.0,0.0,1402000.0,1546250.0,3250.0,71250.0,166000.0,0.10115783059110299,94750.0,0.05773918342474101,0.0,135500.0,0.08257160268129189,44750.0,90750.0,0.05530164533820841,0.01025,0.01,8807000.0,8807000.0,https://find-and-update.company-information.service.gov.uk/search/companies?q=Fletcher+King+PLC,https://find-and-update.company-information.service.gov.uk/search/companies?q=Fletcher+King+PLC,1620592112,16:28:32,20210509
81,1999-06-30,FLK.L,GBP,1999-06-30,1999-06-30,Q2,1641000.0,0.0,0.0,0.0,0.0,0.0,0.0,0.0,1402000.0,1546250.0,3250.0,71250.0,166000.0,0.10115783059110299,94750.0,0.05773918342474101,0.0,135500.0,0.08257160268129189,44750.0,90750.0,0.05530164533820841,0.01025,0.01,8807000.0,8807000.0,https://find-and-update.company-information.service.gov.uk/search/companies?q=Fletcher+King+PLC,https://find-and-update.company-information.service.gov.uk/search/companies?q=Fletcher+King+PLC,1620592112,16:28:32,20210509
82,1999-03-31,FLK.L,GBP,1999-03-31,1999-03-31,Q1,1641000.0,0.0,0.0,0.0,0.0,0.0,0.0,0.0,1402000.0,1546250.0,3250.0,71250.0,166000.0,0.10115783059110299,94750.0,0.05773918342474101,0.0,135500.0,0.08257160268129189,44750.0,90750.0,0.05530164533820841,0.01025,0.01,8807000.0,8807000.0,https://find-and-update.company-information.service.gov.uk/search/companies?q=Fletcher+King+PLC,https://find-and-update.company-information.service.gov.uk/search/companies?q=Fletcher+King+PLC,1620592112,16:28:32,20210509
83,1999-01-31,FLK.L,GBP,1999-01-31,1999-01-31,Q1,1641000.0,0.0,0.0,0.0,0.0,0.0,0.0,0.0,1402000.0,1546250.0,3250.0,71250.0,166000.0,0.10115783059110299,94750.0,0.05773918342474101,0.0,135500.0,0.08257160268129189,44750.0,90750.0,0.05530164533820841,0.01025,0.01,8807000.0,8807000.0,https://find-and-update.company-information.service.gov.uk/search/companies?q=Fletcher+King+PLC,https://find-and-update.company-information.service.gov.uk/search/companies?q=Fletcher+King+PLC,1620592112,16:28:32,20210509
84,1998-09-30,FLK.L,GBP,1998-09-30,1998-09-30,Q3,1427500.0,0.0,0.0,0.0,0.0,0.0,0.0,0.0,1200000.0,1336250.0,5750.0,50750.0,142000.0,0.09947460595446585,91250.0,0.063922942206655,0.0,101000.0,0.07075306479859896,26750.0,74250.0,0.05201401050788091,0.0085,0.00825,8737000.0,8737000.0,https://find-and-update.company-information.service.gov.uk/search/companies?q=Fletcher+King+PLC,https://find-and-update.company-information.service.gov.uk/search/companies?q=Fletcher+King+PLC,1620592112,16:28:32,20210509
85,1998-06-30,FLK.L,GBP,1998-06-30,1998-06-30,Q2,1427500.0,0.0,0.0,0.0,0.0,0.0,0.0,0.0,1200000.0,1336250.0,5750.0,50750.0,142000.0,0.09947460595446585,91250.0,0.063922942206655,0.0,101000.0,0.07075306479859896,26750.0,74250.0,0.05201401050788091,0.0085,0.00825,8737000.0,8737000.0,https://find-and-update.company-information.service.gov.uk/search/companies?q=Fletcher+King+PLC,https://find-and-update.company-information.service.gov.uk/search/companies?q=Fletcher+King+PLC,1620592112,16:28:32,20210509
86,1998-03-31,FLK.L,GBP,1998-03-31,1998-03-31,Q1,1427500.0,0.0,0.0,0.0,0.0,0.0,0.0,0.0,1200000.0,1336250.0,5750.0,50750.0,142000.0,0.09947460595446585,91250.0,0.063922942206655,0.0,101000.0,0.07075306479859896,26750.0,74250.0,0.05201401050788091,0.0085,0.00825,8737000.0,8737000.0,https://find-and-update.company-information.service.gov.uk/search/companies?q=Fletcher+King+PLC,https://find-and-update.company-information.service.gov.uk/search/companies?q=Fletcher+King+PLC,1620592112,16:28:32,20210509
87,1998-01-31,FLK.L,GBP,1998-01-31,1998-01-31,Q1,1427500.0,0.0,0.0,0.0,0.0,0.0,0.0,0.0,1200000.0,1336250.0,5750.0,50750.0,142000.0,0.09947460595446585,91250.0,0.063922942206655,0.0,101000.0,0.07075306479859896,26750.0,74250.0,0.05201401050788091,0.0085,0.00825,8737000.0,8737000.0,https://find-and-update.company-information.service.gov.uk/search/companies?q=Fletcher+King+PLC,https://find-and-update.company-information.service.gov.uk/search/companies?q=Fletcher+King+PLC,1620592112,16:28:32,20210509
88,1997-09-30,FLK.L,GBP,1997-09-30,1997-09-30,Q3,1140000.0,0.0,0.0,0.0,0.0,0.0,0.0,0.0,939250.0,1079250.0,4250.0,50500.0,111250.0,0.09758771929824561,60750.0,0.053289473684210525,0.0,68250.0,0.05986842105263158,16750.0,51500.0,0.04517543859649123,0.006,0.006,8737000.0,8737000.0,https://find-and-update.company-information.service.gov.uk/search/companies?q=Fletcher+King+PLC,https://find-and-update.company-information.service.gov.uk/search/companies?q=Fletcher+King+PLC,1620592112,16:28:32,20210509
89,1997-06-30,FLK.L,GBP,1997-06-30,1997-06-30,Q2,1140000.0,0.0,0.0,0.0,0.0,0.0,0.0,0.0,939250.0,1079250.0,4250.0,50500.0,111250.0,0.09758771929824561,60750.0,0.053289473684210525,0.0,68250.0,0.05986842105263158,16750.0,51500.0,0.04517543859649123,0.006,0.006,8737000.0,8737000.0,https://find-and-update.company-information.service.gov.uk/search/companies?q=Fletcher+King+PLC,https://find-and-update.company-information.service.gov.uk/search/companies?q=Fletcher+King+PLC,1620592112,16:28:32,20210509
90,1997-03-31,FLK.L,GBP,1997-03-31,1997-03-31,Q1,1140000.0,0.0,0.0,0.0,0.0,0.0,0.0,0.0,939250.0,1079250.0,4250.0,50500.0,111250.0,0.09758771929824561,60750.0,0.053289473684210525,0.0,68250.0,0.05986842105263158,16750.0,51500.0,0.04517543859649123,0.006,0.006,8737000.0,8737000.0,https://find-and-update.company-information.service.gov.uk/search/companies?q=Fletcher+King+PLC,https://find-and-update.company-information.service.gov.uk/search/companies?q=Fletcher+King+PLC,1620592112,16:28:32,20210509
91,1997-01-31,FLK.L,GBP,1997-01-31,1997-01-31,Q1,1140000.0,0.0,0.0,0.0,0.0,0.0,0.0,0.0,939250.0,1079250.0,4250.0,50500.0,111250.0,0.09758771929824561,60750.0,0.053289473684210525,0.0,68250.0,0.05986842105263158,16750.0,51500.0,0.04517543859649123,0.006,0.006,8737000.0,8737000.0,https://find-and-update.company-information.service.gov.uk/search/companies?q=Fletcher+King+PLC,https://find-and-update.company-information.service.gov.uk/search/companies?q=Fletcher+King+PLC,1620592112,16:28:32,20210509
92,1996-09-30,FLK.L,GBP,1996-09-30,1996-09-30,Q3,1190000.0,0.0,0.0,0.0,0.0,0.0,0.0,0.0,1027750.0,1152000.0,3250.0,46500.0,84500.0,0.07100840336134454,38000.0,0.031932773109243695,0.0,51000.0,0.04285714285714286,1000.0,50000.0,0.04201680672268908,0.00575,0.00575,8737000.0,8737000.0,https://find-and-update.company-information.service.gov.uk/search/companies?q=Fletcher+King+PLC,https://find-and-update.company-information.service.gov.uk/search/companies?q=Fletcher+King+PLC,1620592112,16:28:32,20210509
93,1996-06-30,FLK.L,GBP,1996-06-30,1996-06-30,Q2,1190000.0,0.0,0.0,0.0,0.0,0.0,0.0,0.0,1027750.0,1152000.0,3250.0,46500.0,84500.0,0.07100840336134454,38000.0,0.031932773109243695,0.0,51000.0,0.04285714285714286,1000.0,50000.0,0.04201680672268908,0.00575,0.00575,8737000.0,8737000.0,https://find-and-update.company-information.service.gov.uk/search/companies?q=Fletcher+King+PLC,https://find-and-update.company-information.service.gov.uk/search/companies?q=Fletcher+King+PLC,1620592112,16:28:32,20210509
94,1996-03-31,FLK.L,GBP,1996-03-31,1996-03-31,Q1,1190000.0,0.0,0.0,0.0,0.0,0.0,0.0,0.0,1027750.0,1152000.0,3250.0,46500.0,84500.0,0.07100840336134454,38000.0,0.031932773109243695,0.0,51000.0,0.04285714285714286,1000.0,50000.0,0.04201680672268908,0.00575,0.00575,8737000.0,8737000.0,https://find-and-update.company-information.service.gov.uk/search/companies?q=Fletcher+King+PLC,https://find-and-update.company-information.service.gov.uk/search/companies?q=Fletcher+King+PLC,1620592112,16:28:32,20210509
95,1996-01-31,FLK.L,GBP,1996-01-31,1996-01-31,Q1,1190000.0,0.0,0.0,0.0,0.0,0.0,0.0,0.0,1027750.0,1152000.0,3250.0,46500.0,84500.0,0.07100840336134454,38000.0,0.031932773109243695,0.0,51000.0,0.04285714285714286,1000.0,50000.0,0.04201680672268908,0.00575,0.00575,8737000.0,8737000.0,https://find-and-update.company-information.service.gov.uk/search/companies?q=Fletcher+King+PLC,https://find-and-update.company-information.service.gov.uk/search/companies?q=Fletcher+King+PLC,1620592112,16:28:32,20210509
96,1995-09-30,FLK.L,GBP,1995-09-30,1995-09-30,Q3,1021750.0,0.0,0.0,0.0,0.0,0.0,0.0,0.0,1218000.0,1280250.0,4750.0,59250.0,-199250.0,-0.19500856373868364,-258500.0,-0.2529973085392709,0.0,-258250.0,-0.2527526302911671,-38750.0,-219500.0,-0.21482750183508686,-0.02525,-0.02525,8733000.0,8733000.0,https://find-and-update.company-information.service.gov.uk/search/companies?q=Fletcher+King+PLC,https://find-and-update.company-information.service.gov.uk/search/companies?q=Fletcher+King+PLC,1620592112,16:28:32,20210509
97,1995-06-30,FLK.L,GBP,1995-06-30,1995-06-30,Q2,1021750.0,0.0,0.0,0.0,0.0,0.0,0.0,0.0,1218000.0,1280250.0,4750.0,59250.0,-199250.0,-0.19500856373868364,-258500.0,-0.2529973085392709,0.0,-258250.0,-0.2527526302911671,-38750.0,-219500.0,-0.21482750183508686,-0.02525,-0.02525,8733000.0,8733000.0,https://find-and-update.company-information.service.gov.uk/search/companies?q=Fletcher+King+PLC,https://find-and-update.company-information.service.gov.uk/search/companies?q=Fletcher+King+PLC,1620592112,16:28:32,20210509
98,1995-03-31,FLK.L,GBP,1995-03-31,1995-03-31,Q1,1021750.0,0.0,0.0,0.0,0.0,0.0,0.0,0.0,1218000.0,1280250.0,4750.0,59250.0,-199250.0,-0.19500856373868364,-258500.0,-0.2529973085392709,0.0,-258250.0,-0.2527526302911671,-38750.0,-219500.0,-0.21482750183508686,-0.02525,-0.02525,8733000.0,8733000.0,https://find-and-update.company-information.service.gov.uk/search/companies?q=Fletcher+King+PLC,https://find-and-update.company-information.service.gov.uk/search/companies?q=Fletcher+King+PLC,1620592112,16:28:32,20210509
99,1995-01-31,FLK.L,GBP,1995-01-31,1995-01-31,Q1,1021750.0,0.0,0.0,0.0,0.0,0.0,0.0,0.0,1218000.0,1280250.0,4750.0,59250.0,-199250.0,-0.19500856373868364,-258500.0,-0.2529973085392709,0.0,-258250.0,-0.2527526302911671,-38750.0,-219500.0,-0.21482750183508686,-0.02525,-0.02525,8733000.0,8733000.0,https://find-and-update.company-information.service.gov.uk/search/companies?q=Fletcher+King+PLC,https://find-and-update.company-information.service.gov.uk/search/companies?q=Fletcher+King+PLC,1620592112,16:28:32,20210509
100,1994-09-30,FLK.L,GBP,1994-09-30,1994-09-30,Q3,1233000.0,0.0,0.0,0.0,0.0,0.0,0.0,0.0,1111500.0,1173500.0,4000.0,59250.0,118750.0,0.09630981346309814,59500.0,0.048256285482562854,0.0,75250.0,0.06103000811030008,30000.0,45250.0,0.03669910786699108,0.00525,0.00525,8684000.0,8684000.0,https://find-and-update.company-information.service.gov.uk/search/companies?q=Fletcher+King+PLC,https://find-and-update.company-information.service.gov.uk/search/companies?q=Fletcher+King+PLC,1620592112,16:28:32,20210509
101,1994-06-30,FLK.L,GBP,1994-06-30,1994-06-30,Q2,1233000.0,0.0,0.0,0.0,0.0,0.0,0.0,0.0,1111500.0,1173500.0,4000.0,59250.0,118750.0,0.09630981346309814,59500.0,0.048256285482562854,0.0,75250.0,0.06103000811030008,30000.0,45250.0,0.03669910786699108,0.00525,0.00525,8684000.0,8684000.0,https://find-and-update.company-information.service.gov.uk/search/companies?q=Fletcher+King+PLC,https://find-and-update.company-information.service.gov.uk/search/companies?q=Fletcher+King+PLC,1620592112,16:28:32,20210509
102,1994-03-31,FLK.L,GBP,1994-03-31,1994-03-31,Q1,1233000.0,0.0,0.0,0.0,0.0,0.0,0.0,0.0,1111500.0,1173500.0,4000.0,59250.0,118750.0,0.09630981346309814,59500.0,0.048256285482562854,0.0,75250.0,0.06103000811030008,30000.0,45250.0,0.03669910786699108,0.00525,0.00525,8684000.0,8684000.0,https://find-and-update.company-information.service.gov.uk/search/companies?q=Fletcher+King+PLC,https://find-and-update.company-information.service.gov.uk/search/companies?q=Fletcher+King+PLC,1620592112,16:28:32,20210509
103,1994-01-31,FLK.L,GBP,1994-01-31,1994-01-31,Q1,1233000.0,0.0,0.0,0.0,0.0,0.0,0.0,0.0,1111500.0,1173500.0,4000.0,59250.0,118750.0,0.09630981346309814,59500.0,0.048256285482562854,0.0,75250.0,0.06103000811030008,30000.0,45250.0,0.03669910786699108,0.00525,0.00525,8684000.0,8684000.0,https://find-and-update.company-information.service.gov.uk/search/companies?q=Fletcher+King+PLC,https://find-and-update.company-information.service.gov.uk/search/companies?q=Fletcher+King+PLC,1620592112,16:28:32,20210509
104,1993-09-30,FLK.L,GBP,1993-09-30,1993-09-30,Q3,1242250.0,0.0,0.0,0.0,0.0,0.0,0.0,0.0,1150500.0,1217750.0,4500.0,64250.0,88750.0,0.0714429462668545,24500.0,0.0197222781243711,0.0,56000.0,0.04507949285570537,21250.0,34750.0,0.027973435298852888,0.004,0.004,8679000.0,8679000.0,https://find-and-update.company-information.service.gov.uk/search/companies?q=Fletcher+King+PLC,https://find-and-update.company-information.service.gov.uk/search/companies?q=Fletcher+King+PLC,1620592112,16:28:32,20210509
105,1993-06-30,FLK.L,GBP,1993-06-30,1993-06-30,Q2,1242250.0,0.0,0.0,0.0,0.0,0.0,0.0,0.0,1150500.0,1217750.0,4500.0,64250.0,88750.0,0.0714429462668545,24500.0,0.0197222781243711,0.0,56000.0,0.04507949285570537,21250.0,34750.0,0.027973435298852888,0.004,0.004,8679000.0,8679000.0,https://find-and-update.company-information.service.gov.uk/search/companies?q=Fletcher+King+PLC,https://find-and-update.company-information.service.gov.uk/search/companies?q=Fletcher+King+PLC,1620592112,16:28:32,20210509
106,1993-03-31,FLK.L,GBP,1993-03-31,1993-03-31,Q1,1242250.0,0.0,0.0,0.0,0.0,0.0,0.0,0.0,1150500.0,1217750.0,4500.0,64250.0,88750.0,0.0714429462668545,24500.0,0.0197222781243711,0.0,56000.0,0.04507949285570537,21250.0,34750.0,0.027973435298852888,0.004,0.004,8679000.0,8679000.0,https://find-and-update.company-information.service.gov.uk/search/companies?q=Fletcher+King+PLC,https://find-and-update.company-information.service.gov.uk/search/companies?q=Fletcher+King+PLC,1620592112,16:28:32,20210509
107,1993-01-31,FLK.L,GBP,1993-01-31,1993-01-31,Q1,1242250.0,0.0,0.0,0.0,0.0,0.0,0.0,0.0,1150500.0,1217750.0,4500.0,64250.0,88750.0,0.0714429462668545,24500.0,0.0197222781243711,0.0,56000.0,0.04507949285570537,21250.0,34750.0,0.027973435298852888,0.004,0.004,8679000.0,8679000.0,https://find-and-update.company-information.service.gov.uk/search/companies?q=Fletcher+King+PLC,https://find-and-update.company-information.service.gov.uk/search/companies?q=Fletcher+King+PLC,1620592112,16:28:32,20210509
108,1992-09-30,FLK.L,GBP,1992-09-30,1992-09-30,Q3,1354750.0,0.0,0.0,0.0,0.0,0.0,0.0,0.0,1249250.0,1331500.0,8250.0,78500.0,101750.0,0.07510610813803285,23250.0,0.017161837977486622,0.0,57000.0,0.04207418342867688,20500.0,36500.0,0.026942240265731686,0.00425,0.00425,8679000.0,8679000.0,https://find-and-update.company-information.service.gov.uk/search/companies?q=Fletcher+King+PLC,https://find-and-update.company-information.service.gov.uk/search/companies?q=Fletcher+King+PLC,1620592112,16:28:32,20210509
109,1992-06-30,FLK.L,GBP,1992-06-30,1992-06-30,Q2,1354750.0,0.0,0.0,0.0,0.0,0.0,0.0,0.0,1249250.0,1331500.0,8250.0,78500.0,101750.0,0.07510610813803285,23250.0,0.017161837977486622,0.0,57000.0,0.04207418342867688,20500.0,36500.0,0.026942240265731686,0.00425,0.00425,8679000.0,8679000.0,https://find-and-update.company-information.service.gov.uk/search/companies?q=Fletcher+King+PLC,https://find-and-update.company-information.service.gov.uk/search/companies?q=Fletcher+King+PLC,1620592112,16:28:32,20210509
110,1992-03-31,FLK.L,GBP,1992-03-31,1992-03-31,Q1,1354750.0,0.0,0.0,0.0,0.0,0.0,0.0,0.0,1249250.0,1331500.0,8250.0,78500.0,101750.0,0.07510610813803285,23250.0,0.017161837977486622,0.0,57000.0,0.04207418342867688,20500.0,36500.0,0.026942240265731686,0.00425,0.00425,8679000.0,8679000.0,https://find-and-update.company-information.service.gov.uk/search/companies?q=Fletcher+King+PLC,https://find-and-update.company-information.service.gov.uk/search/companies?q=Fletcher+King+PLC,1620592112,16:28:32,20210509
111,1992-01-31,FLK.L,GBP,1992-01-31,1992-01-31,Q1,1354750.0,0.0,0.0,0.0,0.0,0.0,0.0,0.0,1249250.0,1331500.0,8250.0,78500.0,101750.0,0.07510610813803285,23250.0,0.017161837977486622,0.0,57000.0,0.04207418342867688,20500.0,36500.0,0.026942240265731686,0.00425,0.00425,8679000.0,8679000.0,https://find-and-update.company-information.service.gov.uk/search/companies?q=Fletcher+King+PLC,https://find-and-update.company-information.service.gov.uk/search/companies?q=Fletcher+King+PLC,1620592112,16:28:32,20210509
112,1991-09-30,FLK.L,GBP,1991-09-30,1991-09-30,Q3,1763250.0,0.0,0.0,0.0,0.0,0.0,0.0,0.0,1660500.0,1763250.0,19750.0,94250.0,245250.0,7.18960244648318,0.0,0.0,0.0,131250.0,0.07443641003828158,44500.0,86750.0,0.049198922444349924,0.010029,0.010029,8650000.0,8650000.0,https://find-and-update.company-information.service.gov.uk/search/companies?q=Fletcher+King+PLC,https://find-and-update.company-information.service.gov.uk/search/companies?q=Fletcher+King+PLC,1620592112,16:28:32,20210509
113,1991-06-30,FLK.L,GBP,1991-06-30,1991-06-30,Q2,1763250.0,0.0,0.0,0.0,0.0,0.0,0.0,0.0,1660500.0,1763250.0,19750.0,94250.0,245250.0,7.18960244648318,0.0,0.0,0.0,131250.0,0.07443641003828158,44500.0,86750.0,0.049198922444349924,0.010029,0.010029,8650000.0,8650000.0,https://find-and-update.company-information.service.gov.uk/search/companies?q=Fletcher+King+PLC,https://find-and-update.company-information.service.gov.uk/search/companies?q=Fletcher+King+PLC,1620592112,16:28:32,20210509
114,1991-03-31,FLK.L,GBP,1991-03-31,1991-03-31,Q1,1763250.0,0.0,0.0,0.0,0.0,0.0,0.0,0.0,1660500.0,1763250.0,19750.0,94250.0,245250.0,7.18960244648318,0.0,0.0,0.0,131250.0,0.07443641003828158,44500.0,86750.0,0.049198922444349924,0.010029,0.010029,8650000.0,8650000.0,https://find-and-update.company-information.service.gov.uk/search/companies?q=Fletcher+King+PLC,https://find-and-update.company-information.service.gov.uk/search/companies?q=Fletcher+King+PLC,1620592112,16:28:32,20210509
115,1991-01-31,FLK.L,GBP,1991-01-31,1991-01-31,Q1,1763250.0,0.0,0.0,0.0,0.0,0.0,0.0,0.0,1660500.0,1763250.0,19750.0,94250.0,245250.0,7.18960244648318,0.0,0.0,0.0,131250.0,0.07443641003828158,44500.0,86750.0,0.049198922444349924,0.010029,0.010029,8650000.0,8650000.0,https://find-and-update.company-information.service.gov.uk/search/companies?q=Fletcher+King+PLC,https://find-and-update.company-information.service.gov.uk/search/companies?q=Fletcher+King+PLC,1620592112,16:28:32,20210509
116,1990-09-30,FLK.L,GBP,1990-09-30,1990-09-30,Q3,2291500.0,0.0,0.0,0.0,0.0,0.0,0.0,0.0,2181500.0,2291500.0,25500.0,94000.0,650000.0,3.5253846153846156,0.0,0.0,0.0,530500.0,0.2315077460178922,200250.0,330250.0,0.14411957233253328,0.03895825,0.03895825,8477000.0,8477000.0,https://find-and-update.company-information.service.gov.uk/search/companies?q=Fletcher+King+PLC,https://find-and-update.company-information.service.gov.uk/search/companies?q=Fletcher+King+PLC,1620592112,16:28:32,20210509
117,1990-06-30,FLK.L,GBP,1990-06-30,1990-06-30,Q2,2291500.0,0.0,0.0,0.0,0.0,0.0,0.0,0.0,2181500.0,2291500.0,25500.0,94000.0,650000.0,3.5253846153846156,0.0,0.0,0.0,530500.0,0.2315077460178922,200250.0,330250.0,0.14411957233253328,0.03895825,0.03895825,8477000.0,8477000.0,https://find-and-update.company-information.service.gov.uk/search/companies?q=Fletcher+King+PLC,https://find-and-update.company-information.service.gov.uk/search/companies?q=Fletcher+King+PLC,1620592112,16:28:32,20210509
118,1990-03-31,FLK.L,GBP,1990-03-31,1990-03-31,Q1,2291500.0,0.0,0.0,0.0,0.0,0.0,0.0,0.0,2181500.0,2291500.0,25500.0,94000.0,650000.0,3.5253846153846156,0.0,0.0,0.0,530500.0,0.2315077460178922,200250.0,330250.0,0.14411957233253328,0.03895825,0.03895825,8477000.0,8477000.0,https://find-and-update.company-information.service.gov.uk/search/companies?q=Fletcher+King+PLC,https://find-and-update.company-information.service.gov.uk/search/companies?q=Fletcher+King+PLC,1620592112,16:28:32,20210509
119,1990-01-31,FLK.L,GBP,1990-01-31,1990-01-31,Q1,2291500.0,0.0,0.0,0.0,0.0,0.0,0.0,0.0,2181500.0,2291500.0,25500.0,94000.0,650000.0,3.5253846153846156,0.0,0.0,0.0,530500.0,0.2315077460178922,200250.0,330250.0,0.14411957233253328,0.03895825,0.03895825,8477000.0,8477000.0,https://find-and-update.company-information.service.gov.uk/search/companies?q=Fletcher+King+PLC,https://find-and-update.company-information.service.gov.uk/search/companies?q=Fletcher+King+PLC,1620592112,16:28:32,20210509
120,1989-09-30,FLK.L,GBP,1989-09-30,1989-09-30,Q3,2098750.0,0.0,0.0,0.0,0.0,0.0,0.0,0.0,2006250.0,2098750.0,19250.0,70250.0,808250.0,2.596659449427776,0.0,0.0,0.0,718750.0,0.3424657534246575,265000.0,453750.0,0.21620011911852294,0.0556065,0.0556065,8160000.0,8160000.0,https://find-and-update.company-information.service.gov.uk/search/companies?q=Fletcher+King+PLC,https://find-and-update.company-information.service.gov.uk/search/companies?q=Fletcher+King+PLC,1620592112,16:28:32,20210509
121,1989-06-30,FLK.L,GBP,1989-06-30,1989-06-30,Q2,2098750.0,0.0,0.0,0.0,0.0,0.0,0.0,0.0,2006250.0,2098750.0,19250.0,70250.0,808250.0,2.596659449427776,0.0,0.0,0.0,718750.0,0.3424657534246575,265000.0,453750.0,0.21620011911852294,0.0556065,0.0556065,8160000.0,8160000.0,https://find-and-update.company-information.service.gov.uk/search/companies?q=Fletcher+King+PLC,https://find-and-update.company-information.service.gov.uk/search/companies?q=Fletcher+King+PLC,1620592112,16:28:32,20210509
122,1989-03-31,FLK.L,GBP,1989-03-31,1989-03-31,Q1,2098750.0,0.0,0.0,0.0,0.0,0.0,0.0,0.0,2006250.0,2098750.0,19250.0,70250.0,808250.0,2.596659449427776,0.0,0.0,0.0,718750.0,0.3424657534246575,265000.0,453750.0,0.21620011911852294,0.0556065,0.0556065,8160000.0,8160000.0,https://find-and-update.company-information.service.gov.uk/search/companies?q=Fletcher+King+PLC,https://find-and-update.company-information.service.gov.uk/search/companies?q=Fletcher+King+PLC,1620592112,16:28:32,20210509
123,1989-01-31,FLK.L,GBP,1989-01-31,1989-01-31,Q1,2098750.0,0.0,0.0,0.0,0.0,0.0,0.0,0.0,2006250.0,2098750.0,19250.0,70250.0,808250.0,2.596659449427776,0.0,0.0,0.0,718750.0,0.3424657534246575,265000.0,453750.0,0.21620011911852294,0.0556065,0.0556065,8160000.0,8160000.0,https://find-and-update.company-information.service.gov.uk/search/companies?q=Fletcher+King+PLC,https://find-and-update.company-information.service.gov.uk/search/companies?q=Fletcher+King+PLC,1620592112,16:28:32,20210509
124,1988-09-30,FLK.L,GBP,1988-09-30,1988-09-30,Q3,1442750.0,0.0,0.0,0.0,0.0,0.0,0.0,0.0,1383000.0,1442750.0,12000.0,40250.0,567500.0,2.5422907488986786,0.0,0.0,0.0,515250.0,0.35713047998613756,191750.0,323500.0,0.22422457113151967,0.04413375,0.04413375,7330000.0,7330000.0,https://find-and-update.company-information.service.gov.uk/search/companies?q=Fletcher+King+PLC,https://find-and-update.company-information.service.gov.uk/search/companies?q=Fletcher+King+PLC,1620592112,16:28:32,20210509
125,1988-06-30,FLK.L,GBP,1988-06-30,1988-06-30,Q2,1442750.0,0.0,0.0,0.0,0.0,0.0,0.0,0.0,1383000.0,1442750.0,12000.0,40250.0,567500.0,2.5422907488986786,0.0,0.0,0.0,515250.0,0.35713047998613756,191750.0,323500.0,0.22422457113151967,0.04413375,0.04413375,7330000.0,7330000.0,https://find-and-update.company-information.service.gov.uk/search/companies?q=Fletcher+King+PLC,https://find-and-update.company-information.service.gov.uk/search/companies?q=Fletcher+King+PLC,1620592112,16:28:32,20210509
126,1988-03-31,FLK.L,GBP,1988-03-31,1988-03-31,Q1,1442750.0,0.0,0.0,0.0,0.0,0.0,0.0,0.0,1383000.0,1442750.0,12000.0,40250.0,567500.0,2.5422907488986786,0.0,0.0,0.0,515250.0,0.35713047998613756,191750.0,323500.0,0.22422457113151967,0.04413375,0.04413375,7330000.0,7330000.0,https://find-and-update.company-information.service.gov.uk/search/companies?q=Fletcher+King+PLC,https://find-and-update.company-information.service.gov.uk/search/companies?q=Fletcher+King+PLC,1620592112,16:28:32,20210509
127,1988-01-31,FLK.L,GBP,1988-01-31,1988-01-31,Q1,1442750.0,0.0,0.0,0.0,0.0,0.0,0.0,0.0,1383000.0,1442750.0,12000.0,40250.0,567500.0,2.5422907488986786,0.0,0.0,0.0,515250.0,0.35713047998613756,191750.0,323500.0,0.22422457113151967,0.04413375,0.04413375,7330000.0,7330000.0,https://find-and-update.company-information.service.gov.uk/search/companies?q=Fletcher+King+PLC,https://find-and-update.company-information.service.gov.uk/search/companies?q=Fletcher+King+PLC,1620592112,16:28:32,20210509
128,1987-09-30,FLK.L,GBP,1987-09-30,1987-09-30,Q3,849500.0,0.0,0.0,0.0,0.0,0.0,0.0,0.0,799250.0,840500.0,7000.0,23000.0,32000.0,0.03766921718658034,9000.0,0.01059446733372572,0.0,317500.0,0.37374926427310184,115000.0,202500.0,0.23837551500882873,0.02986725,0.02986725,6780000.0,6780000.0,https://find-and-update.company-information.service.gov.uk/search/companies?q=Fletcher+King+PLC,https://find-and-update.company-information.service.gov.uk/search/companies?q=Fletcher+King+PLC,1620592112,16:28:32,20210509
129,1987-06-30,FLK.L,GBP,1987-06-30,1987-06-30,Q2,849500.0,0.0,0.0,0.0,0.0,0.0,0.0,0.0,799250.0,840500.0,7000.0,23000.0,32000.0,0.03766921718658034,9000.0,0.01059446733372572,0.0,317500.0,0.37374926427310184,115000.0,202500.0,0.23837551500882873,0.02986725,0.02986725,6780000.0,6780000.0,https://find-and-update.company-information.service.gov.uk/search/companies?q=Fletcher+King+PLC,https://find-and-update.company-information.service.gov.uk/search/companies?q=Fletcher+King+PLC,1620592112,16:28:32,20210509
130,1987-03-31,FLK.L,GBP,1987-03-31,1987-03-31,Q1,849500.0,0.0,0.0,0.0,0.0,0.0,0.0,0.0,799250.0,840500.0,7000.0,23000.0,32000.0,0.03766921718658034,9000.0,0.01059446733372572,0.0,317500.0,0.37374926427310184,115000.0,202500.0,0.23837551500882873,0.02986725,0.02986725,6780000.0,6780000.0,https://find-and-update.company-information.service.gov.uk/search/companies?q=Fletcher+King+PLC,https://find-and-update.company-information.service.gov.uk/search/companies?q=Fletcher+King+PLC,1620592112,16:28:32,20210509
131,1987-01-31,FLK.L,GBP,1987-01-31,1987-01-31,Q1,849500.0,0.0,0.0,0.0,0.0,0.0,0.0,0.0,799250.0,840500.0,7000.0,23000.0,32000.0,0.03766921718658034,9000.0,0.01059446733372572,0.0,317500.0,0.37374926427310184,115000.0,202500.0,0.23837551500882873,0.02986725,0.02986725,6780000.0,6780000.0,https://find-and-update.company-information.service.gov.uk/search/companies?q=Fletcher+King+PLC,https://find-and-update.company-information.service.gov.uk/search/companies?q=Fletcher+King+PLC,1620592112,16:28:32,20210509
132,1986-09-30,FLK.L,GBP,1986-09-30,1986-09-30,Q3,605000.0,0.0,0.0,0.0,0.0,0.0,0.0,0.0,580250.0,605000.0,2750.0,16500.0,198500.0,3.047858942065491,0.0,0.0,0.0,179250.0,0.2962809917355372,76750.0,102500.0,0.16942148760330578,0.015118,0.015118,6780000.0,6780000.0,https://find-and-update.company-information.service.gov.uk/search/companies?q=Fletcher+King+PLC,https://find-and-update.company-information.service.gov.uk/search/companies?q=Fletcher+King+PLC,1620592112,16:28:32,20210509
133,1986-06-30,FLK.L,GBP,1986-06-30,1986-06-30,Q2,605000.0,0.0,0.0,0.0,0.0,0.0,0.0,0.0,580250.0,605000.0,2750.0,16500.0,198500.0,3.047858942065491,0.0,0.0,0.0,179250.0,0.2962809917355372,76750.0,102500.0,0.16942148760330578,0.015118,0.015118,6780000.0,6780000.0,https://find-and-update.company-information.service.gov.uk/search/companies?q=Fletcher+King+PLC,https://find-and-update.company-information.service.gov.uk/search/companies?q=Fletcher+King+PLC,1620592112,16:28:32,20210509
134,1986-03-31,FLK.L,GBP,1986-03-31,1986-03-31,Q1,605000.0,0.0,0.0,0.0,0.0,0.0,0.0,0.0,580250.0,605000.0,2750.0,16500.0,198500.0,3.047858942065491,0.0,0.0,0.0,179250.0,0.2962809917355372,76750.0,102500.0,0.16942148760330578,0.015118,0.015118,6780000.0,6780000.0,https://find-and-update.company-information.service.gov.uk/search/companies?q=Fletcher+King+PLC,https://find-and-update.company-information.service.gov.uk/search/companies?q=Fletcher+King+PLC,1620592112,16:28:32,20210509
135,1986-01-31,FLK.L,GBP,1986-01-31,1986-01-31,Q1,605000.0,0.0,0.0,0.0,0.0,0.0,0.0,0.0,580250.0,605000.0,2750.0,16500.0,198500.0,3.047858942065491,0.0,0.0,0.0,179250.0,0.2962809917355372,76750.0,102500.0,0.16942148760330578,0.015118,0.015118,6780000.0,6780000.0,https://find-and-update.company-information.service.gov.uk/search/companies?q=Fletcher+King+PLC,https://find-and-update.company-information.service.gov.uk/search/companies?q=Fletcher+King+PLC,1620592112,16:28:32,20210509
