,date,symbol,reportedCurrency,fillingDate,acceptedDate,period,revenue,costOfRevenue,grossProfit,grossProfitRatio,researchAndDevelopmentExpenses,generalAndAdministrativeExpenses,sellingAndMarketingExpenses,otherExpenses,operatingExpenses,costAndExpenses,interestExpense,depreciationAndAmortization,ebitda,ebitdaratio,operatingIncome,operatingIncomeRatio,totalOtherIncomeExpensesNet,incomeBeforeTax,incomeBeforeTaxRatio,incomeTaxExpense,netIncome,netIncomeRatio,eps,epsdiluted,weightedAverageShsOut,weightedAverageShsOutDil,link,finalLink,timestamp,est_time,est_date
0,2020-01-31,NIMUE,USD,2020-03-16,2020-03-16 17:29:31,Q2,0.0,0.0,0.0,0.0,0.0,47000.0,0.0,0.0,47000.0,47000.0,0.0,0.0,-99000.0,0.0,-99000.0,0.0,0.0,-98000.0,0.0,0.0,-98000.0,0.0,-0.63303,-0.63303,154811.0,154811.0,https://www.sec.gov/Archives/edgar/data/720762/000149315220004091/0001493152-20-004091-index.htm,https://www.sec.gov/Archives/edgar/data/720762/000149315220004091/form10-q.htm,1620595700,17:28:20,20210509
1,2019-10-31,NIMUE,USD,2019-12-13,2019-12-13 16:46:13,Q1,0.0,0.0,0.0,0.0,0.0,52000.0,0.0,0.0,52000.0,52000.0,0.0,0.0,-52000.0,0.0,-52000.0,0.0,0.0,-55000.0,0.0,0.0,-55000.0,0.0,-0.35527,-0.35527,154811.0,154811.0,https://www.sec.gov/Archives/edgar/data/720762/000149315219019189/0001493152-19-019189-index.htm,https://www.sec.gov/Archives/edgar/data/720762/000149315219019189/form10-q.htm,1620595700,17:28:20,20210509
2,2019-07-31,NIMUE,USD,2019-11-13,2019-11-13 16:21:25,Q4,0.0,0.0,0.0,0.0,0.0,370000.0,0.0,0.0,370000.0,370000.0,41000.0,0.0,-10000.0,0.0,-10000.0,0.0,12000.0,-1487000.0,0.0,0.0,-1487000.0,0.0,-9.605260608096325,-0.012063734159757264,154811.0,123262000.0,https://www.sec.gov/Archives/edgar/data/720762/000149315219017042/0001493152-19-017042-index.htm,https://www.sec.gov/Archives/edgar/data/720762/000149315219017042/form10-k.htm,1620595700,17:28:20,20210509
3,2019-04-30,NIMUE,USD,2019-06-14,2019-06-14 16:31:37,Q3,0.0,0.0,0.0,0.0,0.0,415000.0,0.0,-1159000.0,415000.0,415000.0,93000.0,0.0,-1574000.0,0.0,-1574000.0,0.0,0.0,-1574000.0,0.0,0.0,-1574000.0,0.0,-10.167236178307743,-0.013974962265826157,154811.0,112630000.0,https://www.sec.gov/Archives/edgar/data/720762/000149315219009213/0001493152-19-009213-index.htm,https://www.sec.gov/Archives/edgar/data/720762/000149315219009213/form10-q.htm,1620595700,17:28:20,20210509
4,2019-01-31,NIMUE,USD,2019-03-18,2019-03-18 16:31:11,Q2,0.0,0.0,0.0,0.0,0.0,226000.0,0.0,-1159000.0,226000.0,226000.0,93000.0,0.0,-1385000.0,0.0,-1385000.0,0.0,0.0,-1385000.0,0.0,0.0,-1385000.0,0.0,-8.94639269819328,-0.014846178582913495,154811.0,93290000.0,https://www.sec.gov/Archives/edgar/data/720762/000149315219003543/0001493152-19-003543-index.htm,https://www.sec.gov/Archives/edgar/data/720762/000149315219003543/form10-q.htm,1620595700,17:28:20,20210509
5,2018-10-31,NIMUE,USD,2018-12-17,2018-12-17 16:31:11,Q1,0.0,0.0,0.0,0.0,0.0,148000.0,0.0,0.0,148000.0,148000.0,59000.0,0.0,-207000.0,0.0,-207000.0,0.0,0.0,-207000.0,0.0,0.0,-207000.0,0.0,-1.3371142877444109,-0.002620021010796512,154811.0,79007000.0,https://www.sec.gov/Archives/edgar/data/720762/000149315218017605/0001493152-18-017605-index.htm,https://www.sec.gov/Archives/edgar/data/720762/000149315218017605/form10-q.htm,1620595700,17:28:20,20210509
6,2018-07-31,NIMUE,USD,2018-11-13,2018-11-13 08:01:25,Q4,225000.0,0.0,225000.0,1.0,0.0,48000.0,0.0,0.0,48000.0,48000.0,59000.0,0.0,-107000.0,-0.47555555555555556,-107000.0,-0.47555555555555556,0.0,-107000.0,-0.47555555555555556,0.0,-107000.0,-0.47555555555555556,-0.6911653564669177,-0.001354310377561482,154811.0,79007000.0,https://www.sec.gov/Archives/edgar/data/720762/000149315218015658/0001493152-18-015658-index.htm,https://www.sec.gov/Archives/edgar/data/720762/000149315218015658/form10-k.htm,1620595700,17:28:20,20210509
7,2018-04-30,NIMUE,USD,2018-06-14,2018-06-14 16:16:48,Q3,0.0,0.0,0.0,0.0,0.0,177000.0,0.0,0.0,177000.0,177000.0,161000.0,0.0,-338000.0,0.0,-338000.0,0.0,0.0,-338000.0,0.0,0.0,-338000.0,0.0,-2.183307387717927,-0.004278101940334401,154811.0,79007000.0,https://www.sec.gov/Archives/edgar/data/720762/000149315218008675/0001493152-18-008675-index.htm,https://www.sec.gov/Archives/edgar/data/720762/000149315218008675/form10-q.htm,1620595700,17:28:20,20210509
8,2018-01-31,NIMUE,USD,2018-03-16,2018-03-16 16:16:13,Q2,0.0,0.0,0.0,0.0,0.0,122000.0,0.0,0.0,122000.0,122000.0,105000.0,0.0,-227000.0,0.0,-227000.0,0.0,0.0,-227000.0,0.0,0.0,-227000.0,0.0,-1.4663040739999096,-0.0028731631374435177,154811.0,79007000.0,https://www.sec.gov/Archives/edgar/data/720762/000149315218003493/0001493152-18-003493-index.htm,https://www.sec.gov/Archives/edgar/data/720762/000149315218003493/form10-q.htm,1620595700,17:28:20,20210509
9,2017-10-31,NIMUE,USD,2017-12-14,2017-12-14 17:01:23,Q1,76000.0,0.0,76000.0,1.0,0.0,76000.0,0.0,0.0,76000.0,76000.0,52000.0,0.0,-128000.0,-1.6842105263157894,-128000.0,-1.6842105263157894,0.0,-128000.0,-1.6842105263157894,0.0,-128000.0,-1.6842105263157894,-0.8268146320351913,-0.0016201096105408382,154811.0,79007000.0,https://www.sec.gov/Archives/edgar/data/720762/000149315217014611/0001493152-17-014611-index.htm,https://www.sec.gov/Archives/edgar/data/720762/000149315217014611/form10-q.htm,1620595700,17:28:20,20210509
10,2017-07-31,NIMUE,USD,2017-10-30,2017-10-30 07:31:25,Q4,6000.0,100000.0,-94000.0,-15.666666666666666,0.0,201000.0,0.0,100000.0,301000.0,301000.0,193000.0,0.0,-488000.0,-81.33333333333333,-488000.0,-81.33333333333333,0.0,-488000.0,-81.33333333333333,0.0,-488000.0,-81.33333333333333,-3.152230784634167,-6.176667890186946,154811.0,79007.0,https://www.sec.gov/Archives/edgar/data/720762/000149315217012147/0001493152-17-012147-index.htm,https://www.sec.gov/Archives/edgar/data/720762/000149315217012147/form10-k.htm,1620595700,17:28:20,20210509
11,2017-04-30,NIMUE,USD,2017-06-09,2017-06-09 08:31:45,Q3,6000.0,99000.0,-93000.0,-15.5,0.0,176000.0,0.0,99000.0,275000.0,275000.0,143000.0,0.0,-412000.0,-68.66666666666667,-412000.0,-68.66666666666667,0.0,-412000.0,-68.66666666666667,0.0,-412000.0,-68.66666666666667,-2.661309596863272,-0.0052147278089283225,154811.0,79007000.0,https://www.sec.gov/Archives/edgar/data/720762/000149315217006354/0001493152-17-006354-index.htm,https://www.sec.gov/Archives/edgar/data/720762/000149315217006354/form10-q.htm,1620595700,17:28:20,20210509
12,2017-01-31,NIMUE,USD,2017-03-17,2017-03-17 16:16:15,Q2,6000.0,99000.0,-93000.0,-15.5,0.0,121000.0,0.0,99000.0,220000.0,220000.0,96000.0,0.0,-310000.0,-51.666666666666664,-310000.0,-51.666666666666664,0.0,-310000.0,-51.666666666666664,0.0,-310000.0,-51.666666666666664,-2.002441686960229,-0.003923702963028592,154811.0,79007000.0,https://www.sec.gov/Archives/edgar/data/720762/000149315217002546/0001493152-17-002546-index.htm,https://www.sec.gov/Archives/edgar/data/720762/000149315217002546/form10-q.htm,1620595700,17:28:20,20210509
13,2016-10-31,NIMUE,USD,2016-12-15,2016-12-15 16:32:04,Q1,79000.0,0.0,79000.0,1.0,0.0,79000.0,0.0,-48000.0,31000.0,79000.0,0.0,0.0,-127000.0,1.64583333333,-127000.0,-1.6075949367088607,0.0,-127000.0,-1.6075949367088607,0.0,-127000.0,-1.6075949367088607,-0.8203551427224164,-1.607452504208488,154811.0,79007.0,https://www.sec.gov/Archives/edgar/data/720762/000149315216015922/0001493152-16-015922-index.htm,https://www.sec.gov/Archives/edgar/data/720762/000149315216015922/form10-q.htm,1620595700,17:28:20,20210509
14,2016-07-31,NIMUE,USD,2016-10-25,2016-10-24 22:00:36,Q4,23000.0,336000.0,-313000.0,-13.608695652173912,0.0,259000.0,0.0,336000.0,595000.0,595000.0,169000.0,0.0,-741000.0,-32.21739130434783,-741000.0,-32.21739130434783,0.0,-741000.0,-32.21739130434783,0.0,-741000.0,-32.21739130434783,-4.786481580766225,-0.009378915792271571,154811.0,79007000.0,https://www.sec.gov/Archives/edgar/data/720762/000149315216014232/0001493152-16-014232-index.htm,https://www.sec.gov/Archives/edgar/data/720762/000149315216014232/form10-k.htm,1620595700,17:28:20,20210509
15,2016-04-30,NIMUE,USD,2016-06-13,2016-06-13 17:17:36,Q3,7000.0,3000.0,4000.0,0.5714285714285714,0.0,71000.0,0.0,3000.0,74000.0,74000.0,41000.0,0.0,-108000.0,-15.428571428571429,-108000.0,-15.428571428571429,0.0,-108000.0,-15.428571428571429,0.0,-108000.0,-15.428571428571429,-0.6976248457796926,-1.3669674838938322,154811.0,79007.0,https://www.sec.gov/Archives/edgar/data/720762/000149315216010767/0001493152-16-010767-index.htm,https://www.sec.gov/Archives/edgar/data/720762/000149315216010767/form10-q.htm,1620595700,17:28:20,20210509
16,2016-01-31,NIMUE,USD,2016-03-15,2016-03-15 08:34:17,Q2,8000.0,3000.0,5000.0,0.625,0.0,75000.0,0.0,3000.0,78000.0,78000.0,42000.0,0.0,-112000.0,-14.0,-112000.0,-14.0,0.0,-112000.0,-14.0,0.0,-112000.0,-14.0,-0.7234628030307924,-0.0014175959092232334,154811.0,79007000.0,https://www.sec.gov/Archives/edgar/data/720762/000149315216008045/0001493152-16-008045-index.htm,https://www.sec.gov/Archives/edgar/data/720762/000149315216008045/form10-q.htm,1620595700,17:28:20,20210509
17,2015-10-31,NIMUE,USD,2015-12-15,2015-12-15 09:20:15,Q1,8000.0,3000.0,5000.0,0.625,0.0,59000.0,0.0,3000.0,19000.0,62000.0,0.0,1000.0,-93000.0,-11.625,-94000.0,-11.75,0.0,-94000.0,-11.75,0.0,-94000.0,-11.75,-0.6071919954008436,-0.001189767995240928,154811.0,79007000.0,https://www.sec.gov/Archives/edgar/data/720762/000114420415070847/0001144204-15-070847-index.htm,https://www.sec.gov/Archives/edgar/data/720762/000114420415070847/v426836_10q.htm,1620595700,17:28:20,20210509
18,2015-07-31,NIMUE,USD,2015-10-23,2015-10-23 17:26:23,Q4,0.0,20000.0,-20000.0,0.0,0.0,52000.0,0.0,20000.0,13000.0,72000.0,0.0,-1000.0,-419000.0,0.0,-418000.0,0.0,1000.0,-418000.0,0.0,0.0,-418000.0,0.0,-2.7000665327399216,-0.005290670446922424,154811.0,79007000.0,https://www.sec.gov/Archives/edgar/data/720762/000114420415060632/0001144204-15-060632-index.htm,https://www.sec.gov/Archives/edgar/data/720762/000114420415060632/v422352_10k.htm,1620595700,17:28:20,20210509
19,2015-04-30,NIMUE,USD,2015-06-15,2015-06-15 16:59:02,Q3,0.0,0.0,0.0,0.0,0.0,50000.0,0.0,-35000.0,15000.0,50000.0,0.0,0.0,-307000.0,0.0,-307000.0,0.0,1000.0,-307000.0,0.0,0.0,-307000.0,0.0,-1.9830632190219042,-0.0038867647431190338,154811.0,78986000.0,https://www.sec.gov/Archives/edgar/data/720762/000114420415037239/0001144204-15-037239-index.htm,https://www.sec.gov/Archives/edgar/data/720762/000114420415037239/v412698_10q.htm,1620595700,17:28:20,20210509
20,2015-01-31,NIMUE,USD,2015-03-17,2015-03-17 12:10:21,Q2,0.0,0.0,0.0,0.0,0.0,82000.0,0.0,-35000.0,47000.0,82000.0,0.0,1000.0,-221000.0,0.0,-222000.0,0.0,1000.0,-222000.0,0.0,0.0,-222000.0,0.0,-1.4340066274360348,-0.0028109805510534848,154811.0,78976000.0,https://www.sec.gov/Archives/edgar/data/720762/000114420415016626/0001144204-15-016626-index.htm,https://www.sec.gov/Archives/edgar/data/720762/000114420415016626/v404205_10q.htm,1620595700,17:28:20,20210509
21,2014-10-31,NIMUE,USD,2014-12-15,2014-12-15 16:54:48,Q1,0.0,0.0,0.0,0.0,0.0,71000.0,0.0,-34000.0,37000.0,71000.0,0.0,0.0,-105000.0,0.0,-105000.0,0.0,0.0,-105000.0,0.0,0.0,-105000.0,0.0,-0.6782463778413679,-1.3300735974057232,154811.0,78943.0,https://www.sec.gov/Archives/edgar/data/720762/000114420414073974/0001144204-14-073974-index.htm,https://www.sec.gov/Archives/edgar/data/720762/000114420414073974/v395845_10q.htm,1620595700,17:28:20,20210509
22,2014-07-31,NIMUE,USD,2014-10-27,2014-10-27 16:01:16,Q4,12000.0,6000.0,6000.0,0.5,0.0,88000.0,0.0,6000.0,55000.0,94000.0,0.0,-4000.0,-117000.0,-9.75,-113000.0,-9.416666666666666,0.0,-113000.0,-9.416666666666666,-443000.0,-113000.0,-9.416666666666666,-0.7299222923435673,-1.4314306706189355,154811.0,78942.0,https://www.sec.gov/Archives/edgar/data/720762/000114420414063035/0001144204-14-063035-index.htm,https://www.sec.gov/Archives/edgar/data/720762/000114420414063035/v391510_10k.htm,1620595700,17:28:20,20210509
23,2014-04-30,NIMUE,USD,2014-06-13,2014-06-13 11:43:07,Q3,1000.0,0.0,1000.0,1.0,1000.0,73000.0,0.0,-33000.0,40000.0,73000.0,0.0,1000.0,-329000.0,-329.0,-330000.0,-330.0,0.0,-330000.0,-330.0,0.0,-330000.0,-330.0,-2.1316314732157275,-0.004180284259329634,154811.0,78942000.0,https://www.sec.gov/Archives/edgar/data/720762/000114420414037503/0001144204-14-037503-index.htm,https://www.sec.gov/Archives/edgar/data/720762/000114420414037503/v381125_10q.htm,1620595700,17:28:20,20210509
24,2014-01-31,NIMUE,USD,2014-03-10,2014-03-10 17:06:23,Q2,1000.0,0.0,1000.0,1.0,1000.0,73000.0,0.0,-33000.0,40000.0,73000.0,0.0,1000.0,-223000.0,-223.0,-224000.0,-224.0,0.0,-224000.0,-224.0,0.0,-224000.0,-224.0,-1.4469256060615847,-2.8375262851207217,154811.0,78942.0,https://www.sec.gov/Archives/edgar/data/720762/000114420414014575/0001144204-14-014575-index.htm,https://www.sec.gov/Archives/edgar/data/720762/000114420414014575/v369143_10q.htm,1620595700,17:28:20,20210509
25,2013-10-31,NIMUE,USD,2013-12-16,2013-12-16 14:34:00,Q1,1000.0,0.0,1000.0,1.0,1000.0,85000.0,0.0,-33000.0,53000.0,86000.0,0.0,2000.0,-116000.0,-116.0,-118000.0,-118.0,0.0,-118000.0,-118.0,0.0,-118000.0,-118.0,-0.762219738907442,-0.0014947683109118087,154811.0,78942000.0,https://www.sec.gov/Archives/edgar/data/720762/000114420413067432/0001144204-13-067432-index.htm,https://www.sec.gov/Archives/edgar/data/720762/000114420413067432/v362224_10q.htm,1620595700,17:28:20,20210509
26,2013-07-31,NIMUE,USD,2013-10-29,2013-10-29 15:37:52,Q4,49000.0,27000.0,22000.0,0.4489795918367347,1000.0,108000.0,0.0,27000.0,76000.0,136000.0,0.0,1000.0,-119000.0,-2.4285714285714284,-120000.0,-2.4489795918367347,0.0,-120000.0,-2.4489795918367347,-507000.0,-120000.0,-2.4489795918367347,-0.7751387175329918,-1.665463831677122,154811.0,72052.0,https://www.sec.gov/Archives/edgar/data/720762/000114420413057394/0001144204-13-057394-index.htm,https://www.sec.gov/Archives/edgar/data/720762/000114420413057394/v357416_10k.htm,1620595700,17:28:20,20210509
27,2013-04-30,NIMUE,USD,2013-06-14,2013-06-14 14:05:30,Q3,10000.0,3000.0,7000.0,0.7,-2000.0,101000.0,0.0,3000.0,68000.0,102000.0,0.0,2000.0,-121000.0,-12.1,-123000.0,-12.3,0.0,-123000.0,-12.3,0.0,-123000.0,-12.3,-0.7945171854713167,-1.7691223427207088,154811.0,69526.0,https://www.sec.gov/Archives/edgar/data/720762/000114420413034915/0001144204-13-034915-index.htm,https://www.sec.gov/Archives/edgar/data/720762/000114420413034915/v346730_10q.htm,1620595700,17:28:20,20210509
28,2013-01-31,NIMUE,USD,2013-03-18,2013-03-18 12:15:10,Q2,1000.0,0.0,1000.0,1.0,0.0,116000.0,0.0,-33000.0,83000.0,116000.0,0.0,1000.0,-147000.0,-147.0,-148000.0,-148.0,31000.0,-148000.0,-148.0,0.0,-148000.0,-148.0,-0.9560044182906899,-2.1473549809930064,154811.0,68922.0,https://www.sec.gov/Archives/edgar/data/720762/000114420413015661/0001144204-13-015661-index.htm,https://www.sec.gov/Archives/edgar/data/720762/000114420413015661/v336972_10q.htm,1620595700,17:28:20,20210509
29,2012-10-31,NIMUE,USD,2012-12-17,2012-12-17 11:26:15,Q1,49000.0,11000.0,38000.0,0.7755102040816326,4000.0,119000.0,0.0,11000.0,92000.0,134000.0,0.0,1000.0,-115000.0,-2.3469387755102042,-116000.0,-2.36734693877551,-31000.0,-116000.0,-2.36734693877551,0.0,-116000.0,-2.36734693877551,-0.7493007602818921,-1.6830620121296538,154811.0,68922.0,https://www.sec.gov/Archives/edgar/data/720762/000114420412068159/0001144204-12-068159-index.htm,https://www.sec.gov/Archives/edgar/data/720762/000114420412068159/v329367_10q.htm,1620595700,17:28:20,20210509
30,2012-07-31,NIMUE,USD,2012-10-29,2012-10-29 15:18:00,Q4,743000.0,172000.0,571000.0,0.7685060565275909,38000.0,1365000.0,0.0,2000.0,1297000.0,2005000.0,0.0,119000.0,-31000.0,-0.04172274562584118,-150000.0,-0.2018842530282638,14000.0,-150000.0,-0.2018842530282638,-1392000.0,-150000.0,-0.2018842530282638,-0.9689233969162399,-2.17732102421181,154811.0,68892.0,https://www.sec.gov/Archives/edgar/data/720762/000114420412058243/0001144204-12-058243-index.htm,https://www.sec.gov/Archives/edgar/data/720762/000114420412058243/v323778_10k.htm,1620595700,17:28:20,20210509
31,2012-04-30,NIMUE,USD,2012-06-14,2012-06-14 17:30:11,Q3,46000.0,0.0,46000.0,1.0,14000.0,142000.0,0.0,0.0,156000.0,156000.0,0.0,3000.0,-107000.0,-2.3260869565217392,-110000.0,-2.391304347826087,15000.0,-110000.0,-2.391304347826087,0.0,-110000.0,-2.391304347826087,-0.7105438244052426,-1.596702084421994,154811.0,68892.0,https://www.sec.gov/Archives/edgar/data/720762/000119312512271127/0001193125-12-271127-index.htm,https://www.sec.gov/Archives/edgar/data/720762/000119312512271127/d362477d10q.htm,1620595700,17:28:20,20210509
32,2012-01-31,NIMUE,USD,2012-03-16,2012-03-16 11:35:04,Q2,88000.0,14000.0,74000.0,0.8409090909090909,18000.0,127000.0,0.0,14000.0,159000.0,159000.0,0.0,6000.0,-107000.0,-1.2159090909090908,-113000.0,-1.2840909090909092,-7000.0,-113000.0,-1.2840909090909092,0.0,-113000.0,-1.2840909090909092,-0.7299222923435673,-1.64024850490623,154811.0,68892.0,https://www.sec.gov/Archives/edgar/data/720762/000119312512118927/0001193125-12-118927-index.htm,https://www.sec.gov/Archives/edgar/data/720762/000119312512118927/d313703d10q.htm,1620595700,17:28:20,20210509
33,2011-10-31,NIMUE,USD,2011-12-15,2011-12-15 15:03:31,Q1,64000.0,9000.0,55000.0,0.859375,7000.0,173000.0,0.0,9000.0,189000.0,189000.0,0.0,6000.0,-175000.0,-2.734375,-181000.0,-2.828125,-22000.0,-181000.0,-2.828125,0.0,-181000.0,-2.828125,-1.1691675656122626,-2.6273007025489172,154811.0,68892.0,https://www.sec.gov/Archives/edgar/data/720762/000095012311103126/0000950123-11-103126-index.htm,https://www.sec.gov/Archives/edgar/data/720762/000095012311103126/c25889e10vq.htm,1620595700,17:28:20,20210509
34,2011-07-31,NIMUE,USD,2011-10-31,2011-10-31 16:03:26,Q4,142000.0,16000.0,126000.0,0.8873239436619719,8000.0,226000.0,0.0,-180000.0,78000.0,250000.0,31000.0,30000.0,-582000.0,-4.098591549295775,-612000.0,-4.309859154929577,-43000.0,-612000.0,-4.309859154929577,0.0,-612000.0,-4.309859154929577,-0.00888,-0.00888,68892000.0,68892000.0,https://www.sec.gov/Archives/edgar/data/720762/000095012311093481/0000950123-11-093481-index.htm,https://www.sec.gov/Archives/edgar/data/720762/000095012311093481/c23750e10vk.htm,1620595700,17:28:20,20210509
35,2011-04-30,NIMUE,USD,2011-06-14,2011-06-14 16:56:39,Q3,242000.0,62000.0,180000.0,0.743801652892562,8000.0,274000.0,0.0,62000.0,344000.0,344000.0,29000.0,28000.0,-95000.0,-0.3925619834710744,-123000.0,-0.5082644628099173,8000.0,-123000.0,-0.5082644628099173,0.0,-123000.0,-0.5082644628099173,-0.00178,-0.00178,68922000.0,68922000.0,https://www.sec.gov/Archives/edgar/data/720762/000095012311058972/0000950123-11-058972-index.htm,https://www.sec.gov/Archives/edgar/data/720762/000095012311058972/c18722e10vq.htm,1620595700,17:28:20,20210509
36,2011-01-31,NIMUE,USD,2011-03-17,2011-03-17 17:04:02,Q2,187000.0,49000.0,138000.0,0.7379679144385026,11000.0,403000.0,0.0,49000.0,463000.0,463000.0,27000.0,30000.0,-273000.0,-1.4598930481283423,-303000.0,-1.6203208556149733,0.0,-303000.0,-1.6203208556149733,0.0,-303000.0,-1.6203208556149733,-0.0044,-0.0044,68861000.0,68861000.0,https://www.sec.gov/Archives/edgar/data/720762/000095012311026435/0000950123-11-026435-index.htm,https://www.sec.gov/Archives/edgar/data/720762/000095012311026435/c14215e10vq.htm,1620595700,17:28:20,20210509
37,2010-10-31,NIMUE,USD,2010-12-15,2010-12-15 17:07:22,Q1,172000.0,45000.0,127000.0,0.7383720930232558,11000.0,462000.0,0.0,45000.0,518000.0,518000.0,19000.0,31000.0,-323000.0,-1.877906976744186,-354000.0,-2.058139534883721,11000.0,-354000.0,-2.058139534883721,0.0,-354000.0,-2.058139534883721,-0.00514,-0.00514,68817000.0,68817000.0,https://www.sec.gov/Archives/edgar/data/720762/000095012310113891/0000950123-10-113891-index.htm,https://www.sec.gov/Archives/edgar/data/720762/000095012310113891/c09738e10vq.htm,1620595700,17:28:20,20210509
38,2010-07-31,NIMUE,USD,2010-10-29,2010-10-29 17:30:38,Q4,103000.0,70000.0,33000.0,0.32038834951456313,32000.0,426000.0,0.0,70000.0,528000.0,528000.0,14000.0,30000.0,-433000.0,-4.203883495145631,-463000.0,-4.495145631067961,-24000.0,-463000.0,-4.495145631067961,0.0,-463000.0,-4.495145631067961,-0.00676,-0.00676,68497000.0,68497000.0,https://www.sec.gov/Archives/edgar/data/720762/000095012310098266/0000950123-10-098266-index.htm,https://www.sec.gov/Archives/edgar/data/720762/000095012310098266/c07446e10vk.htm,1620595700,17:28:20,20210509
39,2010-04-30,NIMUE,USD,2010-06-14,2010-06-14 17:30:32,Q3,118000.0,23000.0,95000.0,0.8050847457627118,31000.0,484000.0,0.0,23000.0,538000.0,538000.0,2000.0,32000.0,-332000.0,-2.8135593220338984,-364000.0,-3.0847457627118646,58000.0,-364000.0,-3.0847457627118646,0.0,-364000.0,-3.0847457627118646,-0.00532,-0.00532,68416000.0,68416000.0,https://www.sec.gov/Archives/edgar/data/720762/000095012310058013/0000950123-10-058013-index.htm,https://www.sec.gov/Archives/edgar/data/720762/000095012310058013/c02405e10vq.htm,1620595700,17:28:20,20210509
40,2010-01-31,NIMUE,USD,2010-03-17,2010-03-17 16:22:10,Q2,199000.0,83000.0,116000.0,0.5829145728643216,15000.0,453000.0,0.0,83000.0,551000.0,551000.0,0.0,30000.0,-332000.0,-1.6683417085427135,-362000.0,-1.8190954773869348,-10000.0,-362000.0,-1.8190954773869348,0.0,-362000.0,-1.8190954773869348,-0.00529,-0.00529,68400000.0,68400000.0,https://www.sec.gov/Archives/edgar/data/720762/000095012310025571/0000950123-10-025571-index.htm,https://www.sec.gov/Archives/edgar/data/720762/000095012310025571/c97915e10vq.htm,1620595700,17:28:20,20210509
41,2009-10-31,NIMUE,USD,2009-12-15,2009-12-15 16:02:16,Q1,197000.0,67000.0,130000.0,0.6598984771573604,40000.0,536000.0,0.0,67000.0,643000.0,643000.0,0.0,31000.0,-404000.0,-2.050761421319797,-435000.0,-2.2081218274111674,11000.0,-435000.0,-2.2081218274111674,0.0,-435000.0,-2.2081218274111674,-0.00636,-0.00636,68386000.0,68386000.0,https://www.sec.gov/Archives/edgar/data/720762/000095012309070869/0000950123-09-070869-index.htm,https://www.sec.gov/Archives/edgar/data/720762/000095012309070869/c93671e10vq.htm,1620595700,17:28:20,20210509
42,2009-07-31,NIMUE,USD,2009-10-29,2009-10-29 12:52:26,Q4,96000.0,132000.0,-36000.0,-0.375,8000.0,511000.0,0.0,132000.0,651000.0,651000.0,-1000.0,40000.0,-437000.0,-4.552083333333333,-477000.0,-4.96875,68000.0,-477000.0,-4.96875,0.0,-477000.0,-4.96875,-0.00701,-0.00701,68050943.0,68050943.0,https://www.sec.gov/Archives/edgar/data/720762/000114420409055262/0001144204-09-055262-index.htm,https://www.sec.gov/Archives/edgar/data/720762/000114420409055262/v163815_10k.htm,1620595700,17:28:20,20210509
43,2009-04-30,NIMUE,USD,2009-06-15,2009-06-15 17:30:15,Q3,169000.0,57000.0,112000.0,0.6627218934911243,77000.0,494000.0,0.0,57000.0,628000.0,628000.0,0.0,22000.0,-446000.0,-2.63905325443787,-468000.0,-2.769230769230769,0.0,-468000.0,-2.769230769230769,0.0,-468000.0,-2.769230769230769,-0.00688,-0.00688,68047000.0,68047000.0,https://www.sec.gov/Archives/edgar/data/720762/000114420409032663/0001144204-09-032663-index.htm,https://www.sec.gov/Archives/edgar/data/720762/000114420409032663/v152373_10q.htm,1620595700,17:28:20,20210509
44,2009-01-31,NIMUE,USD,2009-03-17,2009-03-17 13:50:46,Q2,211000.0,56000.0,155000.0,0.7345971563981043,38000.0,439000.0,0.0,56000.0,533000.0,528000.0,3000.0,25000.0,-300000.0,-1.4218009478672986,-325000.0,-1.5402843601895735,0.0,-325000.0,-1.5402843601895735,0.0,-325000.0,-1.5402843601895735,-0.00478,-0.00478,68041000.0,68041000.0,https://www.sec.gov/Archives/edgar/data/720762/000114420409014488/0001144204-09-014488-index.htm,https://www.sec.gov/Archives/edgar/data/720762/000114420409014488/v143096_10q.htm,1620595700,17:28:20,20210509
45,2008-10-31,NIMUE,USD,2008-12-15,2008-12-15 16:59:06,Q1,70000.0,5000.0,65000.0,0.9285714285714286,53000.0,505000.0,0.0,5000.0,563000.0,568000.0,5000.0,27000.0,-471000.0,-6.728571428571429,-498000.0,-7.114285714285714,0.0,-498000.0,-7.114285714285714,0.0,-498000.0,-7.114285714285714,-0.00732,-0.00732,68039000.0,68039000.0,https://www.sec.gov/Archives/edgar/data/720762/000114420408069394/0001144204-08-069394-index.htm,https://www.sec.gov/Archives/edgar/data/720762/000114420408069394/v134806_10q.htm,1620595700,17:28:20,20210509
46,2008-07-31,NIMUE,USD,2008-10-29,2008-10-29 17:04:14,Q4,108000.0,22000.0,86000.0,0.7962962962962963,53000.0,569000.0,0.0,-22000.0,600000.0,578000.0,-2000.0,-1000.0,-491000.0,-4.546296296296297,-490000.0,-4.537037037037037,0.0,-490000.0,-4.537037037037037,0.0,-490000.0,-4.537037037037037,-0.00724,-0.00724,67673063.0,67673063.0,https://www.sec.gov/Archives/edgar/data/720762/000114420408060032/0001144204-08-060032-index.htm,https://www.sec.gov/Archives/edgar/data/720762/000114420408060032/v130050_10ksb.htm,1620595700,17:28:20,20210509
47,2008-04-30,NIMUE,USD,2008-06-16,2008-06-16 17:42:39,Q3,194000.0,41000.0,153000.0,0.788659793814433,125000.0,1384000.0,0.0,41000.0,1550000.0,1591000.0,-10000.0,-5217000.0,-6563000.0,-33.829896907216494,-1346000.0,-6.938144329896907,0.0,-1346000.0,-6.938144329896907,0.0,-1346000.0,-6.938144329896907,-2e-05,-2e-05,67545403000.0,67545403000.0,https://www.sec.gov/Archives/edgar/data/720762/000114420408035422/0001144204-08-035422-index.htm,https://www.sec.gov/Archives/edgar/data/720762/000114420408035422/v117499_10-qsb.htm,1620595700,17:28:20,20210509
48,2008-01-31,NIMUE,USD,2008-04-22,2008-04-22 17:05:29,Q2,68069000.0,15825000.0,52244000.0,0.7675153153417855,26925000.0,557163000.0,0.0,15825000.0,599913000.0,615738000.0,-3236000.0,3612000.0,-524996000.0,-7.712703286371182,-528608000.0,-7.765767089277057,0.0,-528608000.0,-7.765767089277057,0.0,-528608000.0,-7.765767089277057,-7.84317,-7.84317,67397255.0,67397255.0,https://www.sec.gov/Archives/edgar/data/720762/000114420408023679/0001144204-08-023679-index.htm,https://www.sec.gov/Archives/edgar/data/720762/000114420408023679/v111319_10qsb.htm,1620595700,17:28:20,20210509
49,2007-10-31,NIMUE,USD,2008-04-22,2008-04-22 17:04:01,Q1,87082000.0,10839000.0,76243000.0,0.8755311086102754,48613000.0,364148000.0,0.0,10839000.0,423600000.0,434439000.0,-6705000.0,1612000.0,-328201000.0,-3.768873016237569,-329813000.0,-3.7873843044486803,0.0,-329813000.0,-3.7873843044486803,0.0,-329813000.0,-3.7873843044486803,-4.89802,-4.89802,67336016.0,67336016.0,https://www.sec.gov/Archives/edgar/data/720762/000114420408023677/0001144204-08-023677-index.htm,https://www.sec.gov/Archives/edgar/data/720762/000114420408023677/v108288_10qsb-a.htm,1620595700,17:28:20,20210509
50,2007-07-31,NIMUE,USD,2008-04-22,2008-04-22 17:01:41,Q4,75412000.0,0.0,75412000.0,1.0,49932000.0,283409000.0,0.0,0.0,333341000.0,333341000.0,-8244000.0,8721000.0,-240964000.0,-3.1953004826818012,-249685000.0,-3.3109452076592585,0.0,-249685000.0,-3.3109452076592585,0.0,-249685000.0,-3.3109452076592585,-3.89565,-3.89565,64093238.0,64093238.0,https://www.sec.gov/Archives/edgar/data/720762/000114420408023671/0001144204-08-023671-index.htm,https://www.sec.gov/Archives/edgar/data/720762/000114420408023671/v108103_10ksb.htm,1620595700,17:28:20,20210509
51,2007-04-30,NIMUE,USD,2007-06-14,2007-06-14 16:32:06,Q3,77106000.0,0.0,77106000.0,1.0,35565000.0,438042000.0,0.0,0.0,473607000.0,473607000.0,-14331000.0,3146000.0,-379024000.0,-4.91562264933987,-382170000.0,-4.956423624620652,0.0,-382170000.0,-4.956423624620652,0.0,-382170000.0,-4.956423624620652,-0.00607,-0.00607,62936381000.0,62936381000.0,https://www.sec.gov/Archives/edgar/data/720762/000119312507135701/0001193125-07-135701-index.htm,https://www.sec.gov/Archives/edgar/data/720762/000119312507135701/d10qsb.htm,1620595700,17:28:20,20210509
52,2007-01-31,NIMUE,USD,2007-03-16,2007-03-16 16:34:32,Q2,80756000.0,0.0,80756000.0,1.0,100568000.0,232703000.0,0.0,0.0,333271000.0,333271000.0,-20467000.0,3708000.0,-228340000.0,-2.827529842983803,-232048000.0,-2.8734459359056914,0.0,-232048000.0,-2.8734459359056914,0.0,-232048000.0,-2.8734459359056914,-0.00381,-0.00381,60931855000.0,60931855000.0,https://www.sec.gov/Archives/edgar/data/720762/000119312507057164/0001193125-07-057164-index.htm,https://www.sec.gov/Archives/edgar/data/720762/000119312507057164/d10qsb.htm,1620595700,17:28:20,20210509
53,2006-10-31,NIMUE,USD,2006-12-20,2006-12-20 10:39:19,Q1,77040000.0,10490000.0,66550000.0,0.8638369678089304,96239000.0,435352000.0,0.0,10490000.0,542081000.0,552571000.0,29748000.0,3246000.0,-491543000.0,-6.380360851505712,-494789000.0,-6.422494807892004,0.0,-494789000.0,-6.422494807892004,0.0,-494789000.0,-6.422494807892004,-0.00904,-0.00904,54744733000.0,54744733000.0,https://www.sec.gov/Archives/edgar/data/720762/000119312506256868/0001193125-06-256868-index.htm,https://www.sec.gov/Archives/edgar/data/720762/000119312506256868/d10qsb.htm,1620595700,17:28:20,20210509
54,2006-07-31,NIMUE,USD,2006-11-13,2006-11-13 16:50:27,Q4,92767000.0,1470000.0,91297000.0,0.9841538478122608,55499000.0,156627000.0,0.0,24755000.0,236881000.0,235411000.0,-67641000.0,2296000.0,-610764000.0,-6.583849860402945,-613060000.0,-6.608600040962842,0.0,-613060000.0,-6.608600040962842,0.0,-613060000.0,-6.608600040962842,-0.01195,-0.01195,51295259000.0,51295259000.0,https://www.sec.gov/Archives/edgar/data/720762/000119312506233011/0001193125-06-233011-index.htm,https://www.sec.gov/Archives/edgar/data/720762/000119312506233011/d10ksb.htm,1620595700,17:28:20,20210509
55,2006-04-30,NIMUE,USD,2006-06-06,2006-06-06 17:11:22,Q3,107946000.0,32637000.0,75309000.0,0.697654382746929,55057000.0,188560000.0,0.0,32637000.0,276254000.0,308891000.0,0.0,2640000.0,2640000.0,0.02445667278083486,0.0,0.0,0.0,0.0,0.0,0.0,0.0,0.0,-0.008,-0.008,51221971000000.0,51221971000000.0,https://www.sec.gov/Archives/edgar/data/720762/000119312506125238/0001193125-06-125238-index.htm,https://www.sec.gov/Archives/edgar/data/720762/000119312506125238/d10qsb.htm,1620595700,17:28:20,20210509
56,2006-01-31,NIMUE,USD,2006-03-08,2006-03-08 10:59:49,Q2,76350000.0,13372000.0,62978000.0,0.8248592010478062,63133000.0,168002000.0,0.0,13372000.0,244507000.0,257879000.0,0.0,2942000.0,2942000.0,0.03853307138179437,0.0,0.0,0.0,0.0,0.0,0.0,0.0,0.0,-0.005,-0.005,51221971000000.0,51221971000000.0,https://www.sec.gov/Archives/edgar/data/720762/000119312506047927/0001193125-06-047927-index.htm,https://www.sec.gov/Archives/edgar/data/720762/000119312506047927/d10qsb.htm,1620595700,17:28:20,20210509
57,2005-10-31,NIMUE,USD,2005-12-09,2005-12-09 11:23:13,Q1,63534000.0,1075000.0,62459000.0,0.9830799257090692,38783000.0,88516000.0,0.0,1075000.0,128374000.0,129449000.0,0.0,3840000.0,3840000.0,0.06044007932760412,0.0,0.0,0.0,0.0,0.0,0.0,0.0,0.0,-0.001,-0.001,51221971000000.0,51221971000000.0,https://www.sec.gov/Archives/edgar/data/720762/000119312505239703/0001193125-05-239703-index.htm,https://www.sec.gov/Archives/edgar/data/720762/000119312505239703/d10qsb.htm,1620595700,17:28:20,20210509
58,2005-07-31,NIMUE,USD,2005-11-09,2005-11-09 16:15:16,Q4,64863000.0,2090000.0,62773000.0,0.9677782402910751,39747000.0,116010000.0,0.0,2090000.0,157847000.0,159937000.0,0.0,1528000.0,1528000.0,0.02355734394030495,0.0,0.0,0.0,0.0,0.0,0.0,0.0,0.0,-0.013,-0.013,31221971000000.0,31221971000000.0,https://www.sec.gov/Archives/edgar/data/720762/000119312505221562/0001193125-05-221562-index.htm,https://www.sec.gov/Archives/edgar/data/720762/000119312505221562/d10ksb.htm,1620595700,17:28:20,20210509
59,2005-04-30,NIMUE,USD,2005-06-14,2005-06-14 15:55:53,Q3,31496000.0,0.0,31496000.0,1.0,38643000.0,69606000.0,0.0,0.0,108249000.0,108249000.0,0.0,4043000.0,230987000.0,7.333851917703836,226944000.0,7.205486410972822,0.0,226944000.0,7.205486410972822,0.0,226944000.0,7.205486410972822,1e-05,1e-05,31221971000000.0,31221971000000.0,https://www.sec.gov/Archives/edgar/data/720762/000119312505125171/0001193125-05-125171-index.htm,https://www.sec.gov/Archives/edgar/data/720762/000119312505125171/d10qsb.htm,1620595700,17:28:20,20210509
60,2005-01-31,NIMUE,USD,2005-04-06,2005-04-06 17:24:30,Q2,154209000.0,60014000.0,94195000.0,0.6108268648392766,56810000.0,126636000.0,0.0,198704000.0,382150000.0,442164000.0,0.0,3982000.0,-223959000.0,-1.452308231037099,-227941000.0,-1.478130329617597,0.0,-227941000.0,-1.478130329617597,0.0,-227941000.0,-1.478130329617597,-0.0073,-0.0073,31221971000.0,31221971000.0,https://www.sec.gov/Archives/edgar/data/720762/000119312505071353/0001193125-05-071353-index.htm,https://www.sec.gov/Archives/edgar/data/720762/000119312505071353/d10qsba.htm,1620595700,17:28:20,20210509
61,2004-10-31,NIMUE,USD,2005-04-06,2005-04-06 17:23:30,Q1,211107000.0,71399000.0,139708000.0,0.661787624285315,47361000.0,91350000.0,0.0,71399000.0,210110000.0,281509000.0,0.0,3943000.0,4940000.0,0.02340045569308455,997000.0,0.004722723547774352,0.0,997000.0,0.004722723547774352,0.0,997000.0,0.004722723547774352,0.03193,0.03193,31221971.0,31221971.0,https://www.sec.gov/Archives/edgar/data/720762/000119312505071351/0001193125-05-071351-index.htm,https://www.sec.gov/Archives/edgar/data/720762/000119312505071351/d10qsba.htm,1620595700,17:28:20,20210509
62,2004-07-31,NIMUE,USD,2005-04-06,2005-04-06 17:25:46,Q4,321737000.0,137065000.0,184672000.0,0.5739843412476651,87679000.0,88572000.0,0.0,31163000.0,207414000.0,70349000.0,0.0,4795000.0,30985000.0,0.09630536742743297,26190000.0,0.08140189036386862,0.0,26190000.0,0.08140189036386862,0.0,26190000.0,0.08140189036386862,0.00085,0.00085,30734008000.0,30734008000.0,https://www.sec.gov/Archives/edgar/data/720762/000119312505071357/0001193125-05-071357-index.htm,https://www.sec.gov/Archives/edgar/data/720762/000119312505071357/d10ksba.htm,1620595700,17:28:20,20210509
63,2004-04-30,NIMUE,USD,2004-06-14,2004-06-14 15:56:44,Q3,152207000.0,15190000.0,137017000.0,0.900201699002017,49034000.0,87342000.0,0.0,15190000.0,151566000.0,166756000.0,0.0,5870000.0,94644000.0,0.6218110862181109,88774000.0,0.5832451858324519,0.0,88774000.0,0.5832451858324519,0.0,88774000.0,0.5832451858324519,2.9073181403303194e-06,2.9073181403303194e-06,30534670000000.0,30534670000000.0,https://www.sec.gov/Archives/edgar/data/720762/000119312504102587/0001193125-04-102587-index.htm,https://www.sec.gov/Archives/edgar/data/720762/000119312504102587/d10qsb.htm,1620595700,17:28:20,20210509
64,2004-01-31,NIMUE,USD,2004-02-27,2004-02-27 13:36:38,Q2,145618000.0,20823000.0,124795000.0,0.8570025683638012,61264000.0,84827000.0,0.0,20823000.0,166914000.0,187737000.0,0.0,6428000.0,-14868000.0,-0.1021027620211787,-21296000.0,-0.14624565644357154,0.0,-21296000.0,-0.14624565644357154,0.0,-21296000.0,-0.14624565644357154,-0.0007,-0.0007,30588638000.0,30588638000.0,https://www.sec.gov/Archives/edgar/data/720762/000119312504031051/0001193125-04-031051-index.htm,https://www.sec.gov/Archives/edgar/data/720762/000119312504031051/d10qsb.htm,1620595700,17:28:20,20210509
65,2003-10-31,NIMUE,USD,2003-12-05,2003-12-05 12:24:56,Q1,231952000.0,101052000.0,130900000.0,0.5643408981168517,54267000.0,144111000.0,0.0,101052000.0,299430000.0,400482000.0,0.0,6503000.0,-60975000.0,-0.2628776643443471,-67478000.0,-0.29091363730426983,0.0,-67478000.0,-0.29091363730426983,0.0,-67478000.0,-0.29091363730426983,-2.21281,-2.21281,30494194.0,30494194.0,https://www.sec.gov/Archives/edgar/data/720762/000119312503089965/0001193125-03-089965-index.htm,https://www.sec.gov/Archives/edgar/data/720762/000119312503089965/d10qsb.htm,1620595700,17:28:20,20210509
66,2003-07-31,NIMUE,USD,2003-10-30,2003-10-30 17:26:15,Q4,84985000.0,57398000.0,27587000.0,0.32461022533388245,43149000.0,203364000.0,0.0,-179465000.0,67048000.0,124446000.0,0.0,7387000.0,-277420000.0,-3.2643407660175323,-284807000.0,-3.351261987409543,0.0,-284807000.0,-3.351261987409543,0.0,-284807000.0,-3.351261987409543,-0.00942,-0.00942,30240002000.0,30240002000.0,https://www.sec.gov/Archives/edgar/data/720762/000119312503070163/0001193125-03-070163-index.htm,https://www.sec.gov/Archives/edgar/data/720762/000119312503070163/d10ksb.htm,1620595700,17:28:20,20210509
