,date,symbol,reportedCurrency,fillingDate,acceptedDate,period,revenue,costOfRevenue,grossProfit,grossProfitRatio,researchAndDevelopmentExpenses,generalAndAdministrativeExpenses,sellingAndMarketingExpenses,otherExpenses,operatingExpenses,costAndExpenses,interestExpense,depreciationAndAmortization,ebitda,ebitdaratio,operatingIncome,operatingIncomeRatio,totalOtherIncomeExpensesNet,incomeBeforeTax,incomeBeforeTaxRatio,incomeTaxExpense,netIncome,netIncomeRatio,eps,epsdiluted,weightedAverageShsOut,weightedAverageShsOutDil,link,finalLink,timestamp,est_time,est_date
0,2020-06-30,FPAC,USD,2020-08-07,2020-08-07 19:24:44,Q2,0.0,0.0,0.0,0.0,0.0,1448351.0,0.0,0.0,0.0,1498351.0,0.0,0.0,-1677454.0,0.0,-1498351.0,0.0,179103.0,-1319248.0,0.0,-3069.0,-1316179.0,0.0,-0.016647,-0.016647,79062500,79062500,https://www.sec.gov/Archives/edgar/data/1735858/000119312520213542/0001193125-20-213542-index.htm,https://www.sec.gov/Archives/edgar/data/1735858/000119312520213542/d71205d10q.htm,1620592210,16:30:10,20210509
1,2020-03-31,FPAC,USD,2020-05-08,2020-05-08 17:04:56,Q1,0.0,0.0,0.0,0.0,0.0,6556526.0,0.0,0.0,0.0,6606189.0,0.0,0.0,-9118182.0,0.0,-6606189.0,0.0,2511993.0,-4094196.0,0.0,517071.0,-4611267.0,0.0,-0.058324,-0.058324,79062500,79062500,https://www.sec.gov/Archives/edgar/data/1735858/000119312520137682/0001193125-20-137682-index.htm,https://www.sec.gov/Archives/edgar/data/1735858/000119312520071576/d891660d10k.htm,1620592210,16:30:10,20210509
2,2019-12-31,FPAC,USD,2020-03-12,2020-03-12 16:15:59,Q4,0.0,0.0,0.0,0.0,0.0,632657.0,0.0,0.0,0.0,682657.0,0.0,0.0,-3443900.0,0.0,-682657.0,0.0,2761243.0,2078586.0,0.0,575368.0,1503218.0,0.0,0.019013033992094863,0.019013033992094863,79062500,79062500,https://www.sec.gov/Archives/edgar/data/1735858/000119312520071576/0001193125-20-071576-index.htm,https://www.sec.gov/Archives/edgar/data/1735858/000119312520071576/d891660d10k.htm,1620592210,16:30:10,20210509
3,2019-09-30,FPAC,USD,2019-11-12,2019-11-12 16:07:00,Q3,0.0,0.0,0.0,0.0,0.0,349670.0,0.0,0.0,0.0,399670.0,0.0,0.0,-3900086.0,0.0,-399670.0,0.0,3500416.0,3100746.0,0.0,705275.0,2395471.0,0.0,0.04,0.04,79062500,79062500,https://www.sec.gov/Archives/edgar/data/1735858/000119312519289923/0001193125-19-289923-index.htm,https://www.sec.gov/Archives/edgar/data/1735858/000119312519289923/d804330d10q.htm,1620592210,16:30:10,20210509
4,2019-06-30,FPAC,USD,2019-08-12,2019-08-12 17:20:28,Q2,0.0,0.0,0.0,0.0,0.0,799320.0,0.0,0.0,0.0,849320.0,0.0,0.0,-5176415.0,0.0,-849320.0,0.0,4327095.0,3477775.0,0.0,916758.0,2561017.0,0.0,0.05,0.05,79062500,79062500,https://www.sec.gov/Archives/edgar/data/1735858/000119312519219125/0001193125-19-219125-index.htm,https://www.sec.gov/Archives/edgar/data/1735858/000119312519219125/d782283d10q.htm,1620592210,16:30:10,20210509
5,2019-03-31,FPAC,USD,2019-05-14,2019-05-14 17:18:56,Q1,0.0,0.0,0.0,0.0,0.0,334396.0,0.0,0.0,0.0,379637.0,0.0,0.0,-4168486.0,0.0,-379637.0,0.0,3788849.0,3409212.0,0.0,821913.0,2587299.0,0.0,0.05,0.05,79062500,79062500,https://www.sec.gov/Archives/edgar/data/1735858/000119312519146708/0001193125-19-146708-index.htm,https://www.sec.gov/Archives/edgar/data/1735858/000119312519092860/d720787d10k.htm,1620592210,16:30:10,20210509
6,2018-12-31,FPAC,USD,2019-03-29,2019-03-29 17:01:33,Q4,0.0,0.0,0.0,0.0,0.0,290840.0,0.0,0.0,290840.0,290840.0,3659290.0,0.0,7027740.0,0.0,-290840.0,0.0,0.0,3368450.0,0.0,757770.0,2610680.0,0.0,0.03302,0.03302,79062500,79062500,https://www.sec.gov/Archives/edgar/data/1735858/000119312519092860/0001193125-19-092860-index.htm,https://www.sec.gov/Archives/edgar/data/1735858/000119312519092860/d720787d10k.htm,1620592210,16:30:10,20210509
7,2018-09-30,FPAC,USD,2018-11-14,2018-11-14 11:40:26,Q3,0.0,0.0,0.0,0.0,0.0,723576.0,0.0,0.0,0.0,730697.0,0.0,0.0,-3883005.0,0.0,-730697.0,0.0,3152308.0,2421611.0,0.0,660490.0,1761121.0,0.0,0.04,0.04,79062500,79062500,https://www.sec.gov/Archives/edgar/data/1735858/000119312518326462/0001193125-18-326462-index.htm,https://www.sec.gov/Archives/edgar/data/1735858/000119312518326462/d651354d10q.htm,1620592210,16:30:10,20210509
