,date,symbol,reportedCurrency,fillingDate,acceptedDate,period,revenue,costOfRevenue,grossProfit,grossProfitRatio,researchAndDevelopmentExpenses,generalAndAdministrativeExpenses,sellingAndMarketingExpenses,otherExpenses,operatingExpenses,costAndExpenses,interestExpense,depreciationAndAmortization,ebitda,ebitdaratio,operatingIncome,operatingIncomeRatio,totalOtherIncomeExpensesNet,incomeBeforeTax,incomeBeforeTaxRatio,incomeTaxExpense,netIncome,netIncomeRatio,eps,epsdiluted,weightedAverageShsOut,weightedAverageShsOutDil,link,finalLink,timestamp,est_time,est_date
0,2019-06-30,VSVS.L,GBP,2019-06-30,2019-06-30,Q2,427600000,308375000.0,119225000.0,0.27882366697848454,0.0,73875000.0,0.0,0.0,0.0,384750000,4400000.0,2500000.0,45350000,0.10605706267539756,42850000.0,0.10021047708138447,0.0,29650000.0,0.06934050514499532,8025000.0,20075000.0,0.046948082319925165,0.0745,0.074,269100000,271000000,https://find-and-update.company-information.service.gov.uk/search/companies?q=Vesuvius+PLC,https://find-and-update.company-information.service.gov.uk/search/companies?q=Vesuvius+PLC,1620599658,18:34:18,20210509
1,2019-03-31,VSVS.L,GBP,2019-03-31,2019-03-31,Q1,427600000,308375000.0,119225000.0,0.27882366697848454,0.0,73875000.0,0.0,0.0,0.0,384750000,4400000.0,2500000.0,45350000,0.10605706267539756,42850000.0,0.10021047708138447,0.0,29650000.0,0.06934050514499532,8025000.0,20075000.0,0.046948082319925165,0.0745,0.074,269100000,271000000,https://find-and-update.company-information.service.gov.uk/search/companies?q=Vesuvius+PLC,https://find-and-update.company-information.service.gov.uk/search/companies?q=Vesuvius+PLC,1620599658,18:34:18,20210509
2,2019-01-31,VSVS.L,GBP,2019-01-31,2019-01-31,Q1,427600000,308375000.0,119225000.0,0.27882366697848454,0.0,73875000.0,0.0,0.0,0.0,384750000,4400000.0,2500000.0,45350000,0.10605706267539756,42850000.0,0.10021047708138447,0.0,29650000.0,0.06934050514499532,8025000.0,20075000.0,0.046948082319925165,0.0745,0.074,269100000,271000000,https://find-and-update.company-information.service.gov.uk/search/companies?q=Vesuvius+PLC,https://find-and-update.company-information.service.gov.uk/search/companies?q=Vesuvius+PLC,1620599658,18:34:18,20210509
3,2018-06-30,VSVS.L,GBP,2018-06-30,2018-06-30,Q2,449500000,322800000.0,126700000.0,0.28186874304783094,0.0,77400000.0,0.0,0.0,0.0,403425000,3700000.0,3225000.0,49300000,0.10967741935483871,46075000.0,0.1025027808676307,0.0,39050000.0,0.08687430478309233,2900000.0,34575000.0,0.07691879866518354,0.12825,0.1275,269800000,271200000,https://find-and-update.company-information.service.gov.uk/search/companies?q=Vesuvius+PLC,https://find-and-update.company-information.service.gov.uk/search/companies?q=Vesuvius+PLC,1620599658,18:34:18,20210509
4,2018-03-31,VSVS.L,GBP,2018-03-31,2018-03-31,Q1,449500000,322800000.0,126700000.0,0.28186874304783094,0.0,77400000.0,0.0,0.0,0.0,403425000,3700000.0,3225000.0,49300000,0.10967741935483871,46075000.0,0.1025027808676307,0.0,39050000.0,0.08687430478309233,2900000.0,34575000.0,0.07691879866518354,0.12825,0.1275,269800000,271200000,https://find-and-update.company-information.service.gov.uk/search/companies?q=Vesuvius+PLC,https://find-and-update.company-information.service.gov.uk/search/companies?q=Vesuvius+PLC,1620599658,18:34:18,20210509
5,2018-01-31,VSVS.L,GBP,2018-01-31,2018-01-31,Q1,449500000,322800000.0,126700000.0,0.28186874304783094,0.0,77400000.0,0.0,0.0,0.0,403425000,3700000.0,3225000.0,49300000,0.10967741935483871,46075000.0,0.1025027808676307,0.0,39050000.0,0.08687430478309233,2900000.0,34575000.0,0.07691879866518354,0.12825,0.1275,269800000,271200000,https://find-and-update.company-information.service.gov.uk/search/companies?q=Vesuvius+PLC,https://find-and-update.company-information.service.gov.uk/search/companies?q=Vesuvius+PLC,1620599658,18:34:18,20210509
6,2017-06-30,VSVS.L,GBP,2017-06-30,2017-06-30,Q2,420975000,304950000.0,116025000.0,0.2756101906288972,0.0,74650000.0,0.0,-150000.0,0.0,384475000,4175000.0,4875000.0,41375000,0.09828374606568085,36500000.0,0.086703485955223,0.0,24275000.0,0.05766375675515173,13600000.0,9500000.0,0.022566660728071737,0.03525,0.035,270300000,271600000,https://find-and-update.company-information.service.gov.uk/search/companies?q=Vesuvius+PLC,https://find-and-update.company-information.service.gov.uk/search/companies?q=Vesuvius+PLC,1620599658,18:34:18,20210509
7,2017-03-31,VSVS.L,GBP,2017-03-31,2017-03-31,Q1,420975000,304950000.0,116025000.0,0.2756101906288972,0.0,74650000.0,0.0,-150000.0,0.0,384475000,4175000.0,4875000.0,41375000,0.09828374606568085,36500000.0,0.086703485955223,0.0,24275000.0,0.05766375675515173,13600000.0,9500000.0,0.022566660728071737,0.03525,0.035,270300000,271600000,https://find-and-update.company-information.service.gov.uk/search/companies?q=Vesuvius+PLC,https://find-and-update.company-information.service.gov.uk/search/companies?q=Vesuvius+PLC,1620599658,18:34:18,20210509
8,2017-01-31,VSVS.L,GBP,2017-01-31,2017-01-31,Q1,420975000,304950000.0,116025000.0,0.2756101906288972,0.0,74650000.0,0.0,-150000.0,0.0,384475000,4175000.0,4875000.0,41375000,0.09828374606568085,36500000.0,0.086703485955223,0.0,24275000.0,0.05766375675515173,13600000.0,9500000.0,0.022566660728071737,0.03525,0.035,270300000,271600000,https://find-and-update.company-information.service.gov.uk/search/companies?q=Vesuvius+PLC,https://find-and-update.company-information.service.gov.uk/search/companies?q=Vesuvius+PLC,1620599658,18:34:18,20210509
9,2016-06-30,VSVS.L,GBP,2016-06-30,2016-06-30,Q2,350350000,254650000.0,95700000.0,0.2731554160125589,0.0,62375000.0,0.0,-325000.0,-1300000.0,321300000,4150000.0,4275000.0,33325000,0.09511916654773797,29050000.0,0.08291708291708291,0.0,19850000.0,0.056657628086199514,6600000.0,14225000.0,0.040602254887969175,0.05275,0.0525,269900000,270700000,https://find-and-update.company-information.service.gov.uk/search/companies?q=Vesuvius+PLC,https://find-and-update.company-information.service.gov.uk/search/companies?q=Vesuvius+PLC,1620599658,18:34:18,20210509
10,2016-03-31,VSVS.L,GBP,2016-03-31,2016-03-31,Q1,350350000,254650000.0,95700000.0,0.2731554160125589,0.0,62375000.0,0.0,-325000.0,-1300000.0,321300000,4150000.0,4275000.0,33325000,0.09511916654773797,29050000.0,0.08291708291708291,0.0,19850000.0,0.056657628086199514,6600000.0,14225000.0,0.040602254887969175,0.05275,0.0525,269900000,270700000,https://find-and-update.company-information.service.gov.uk/search/companies?q=Vesuvius+PLC,https://find-and-update.company-information.service.gov.uk/search/companies?q=Vesuvius+PLC,1620599658,18:34:18,20210509
11,2016-01-31,VSVS.L,GBP,2016-01-31,2016-01-31,Q1,350350000,254650000.0,95700000.0,0.2731554160125589,0.0,62375000.0,0.0,-325000.0,-1300000.0,321300000,4150000.0,4275000.0,33325000,0.09511916654773797,29050000.0,0.08291708291708291,0.0,19850000.0,0.056657628086199514,6600000.0,14225000.0,0.040602254887969175,0.05275,0.0525,269900000,270700000,https://find-and-update.company-information.service.gov.uk/search/companies?q=Vesuvius+PLC,https://find-and-update.company-information.service.gov.uk/search/companies?q=Vesuvius+PLC,1620599658,18:34:18,20210509
12,2015-09-30,VSVS.L,GBP,2015-09-30,2015-09-30,Q3,330500000,242225000.0,88275000.0,0.26709531013615734,0.0,57275000.0,0.0,-225000.0,0.0,303650000,3975000.0,4150000.0,31000000,0.09379727685325265,26850000.0,0.08124054462934947,0.0,19350000.0,0.05854765506807867,6200000.0,12200000.0,0.03691376701966717,0.04523544679273266,0.04513503514613393,269700000,270300000,https://find-and-update.company-information.service.gov.uk/search/companies?q=Vesuvius+PLC,https://find-and-update.company-information.service.gov.uk/search/companies?q=Vesuvius+PLC,1620599658,18:34:18,20210509
13,2015-06-30,VSVS.L,GBP,2015-06-30,2015-06-30,Q2,330500000,242225000.0,88275000.0,0.26709531013615734,0.0,57275000.0,0.0,-225000.0,0.0,303650000,3975000.0,4150000.0,31000000,0.09379727685325265,26850000.0,0.08124054462934947,0.0,19350000.0,0.05854765506807867,6200000.0,12200000.0,0.03691376701966717,0.04523544679273266,0.04513503514613393,269700000,270300000,https://find-and-update.company-information.service.gov.uk/search/companies?q=Vesuvius+PLC,https://find-and-update.company-information.service.gov.uk/search/companies?q=Vesuvius+PLC,1620599658,18:34:18,20210509
14,2015-03-31,VSVS.L,GBP,2015-03-31,2015-03-31,Q1,330500000,242225000.0,88275000.0,0.26709531013615734,0.0,57275000.0,0.0,-225000.0,0.0,303650000,3975000.0,4150000.0,31000000,0.09379727685325265,26850000.0,0.08124054462934947,0.0,19350000.0,0.05854765506807867,6200000.0,12200000.0,0.03691376701966717,0.04523544679273266,0.04513503514613393,269700000,270300000,https://find-and-update.company-information.service.gov.uk/search/companies?q=Vesuvius+PLC,https://find-and-update.company-information.service.gov.uk/search/companies?q=Vesuvius+PLC,1620599658,18:34:18,20210509
15,2015-01-31,VSVS.L,GBP,2015-01-31,2015-01-31,Q1,330500000,242225000.0,88275000.0,0.26709531013615734,0.0,57275000.0,0.0,-225000.0,0.0,303650000,3975000.0,4150000.0,31000000,0.09379727685325265,26850000.0,0.08124054462934947,0.0,19350000.0,0.05854765506807867,6200000.0,12200000.0,0.03691376701966717,0.04523544679273266,0.04513503514613393,269700000,270300000,https://find-and-update.company-information.service.gov.uk/search/companies?q=Vesuvius+PLC,https://find-and-update.company-information.service.gov.uk/search/companies?q=Vesuvius+PLC,1620599658,18:34:18,20210509
16,2014-09-30,VSVS.L,GBP,2014-09-30,2014-09-30,Q3,361100000,262075000.0,99025000.0,0.27423151481584046,0.0,63325000.0,0.0,100000.0,0.0,329650000,4025000.0,4250000.0,35700000,0.09886458044862918,31450000.0,0.0870949875380781,0.0,27800000.0,0.07698698421489893,1775000.0,23975000.0,0.06639435059540294,0.08875,0.0885,270300000,271100000,https://find-and-update.company-information.service.gov.uk/search/companies?q=Vesuvius+PLC,https://find-and-update.company-information.service.gov.uk/search/companies?q=Vesuvius+PLC,1620599658,18:34:18,20210509
17,2014-06-30,VSVS.L,GBP,2014-06-30,2014-06-30,Q2,361100000,262075000.0,99025000.0,0.27423151481584046,0.0,63325000.0,0.0,100000.0,0.0,329650000,4025000.0,4250000.0,35700000,0.09886458044862918,31450000.0,0.0870949875380781,0.0,27800000.0,0.07698698421489893,1775000.0,23975000.0,0.06639435059540294,0.08875,0.0885,270300000,271100000,https://find-and-update.company-information.service.gov.uk/search/companies?q=Vesuvius+PLC,https://find-and-update.company-information.service.gov.uk/search/companies?q=Vesuvius+PLC,1620599658,18:34:18,20210509
18,2014-03-31,VSVS.L,GBP,2014-03-31,2014-03-31,Q1,361100000,262075000.0,99025000.0,0.27423151481584046,0.0,63325000.0,0.0,100000.0,0.0,329650000,4025000.0,4250000.0,35700000,0.09886458044862918,31450000.0,0.0870949875380781,0.0,27800000.0,0.07698698421489893,1775000.0,23975000.0,0.06639435059540294,0.08875,0.0885,270300000,271100000,https://find-and-update.company-information.service.gov.uk/search/companies?q=Vesuvius+PLC,https://find-and-update.company-information.service.gov.uk/search/companies?q=Vesuvius+PLC,1620599658,18:34:18,20210509
19,2014-01-31,VSVS.L,GBP,2014-01-31,2014-01-31,Q1,361100000,262075000.0,99025000.0,0.27423151481584046,0.0,63325000.0,0.0,100000.0,0.0,329650000,4025000.0,4250000.0,35700000,0.09886458044862918,31450000.0,0.0870949875380781,0.0,27800000.0,0.07698698421489893,1775000.0,23975000.0,0.06639435059540294,0.08875,0.0885,270300000,271100000,https://find-and-update.company-information.service.gov.uk/search/companies?q=Vesuvius+PLC,https://find-and-update.company-information.service.gov.uk/search/companies?q=Vesuvius+PLC,1620599658,18:34:18,20210509
20,2013-09-30,VSVS.L,GBP,2013-09-30,2013-09-30,Q3,377625000,275000000.0,102625000.0,0.2717643164515061,0.0,67625000.0,0.0,-450000.0,0.0,346975000,3800000.0,4350000.0,35000000,0.09268454154253558,30650000.0,0.08116517709367758,0.0,26025000.0,0.0689175769612711,-1575000.0,33825000.0,0.08957298907646474,0.123,0.12275,274800000,275700000,https://find-and-update.company-information.service.gov.uk/search/companies?q=Vesuvius+PLC,https://find-and-update.company-information.service.gov.uk/search/companies?q=Vesuvius+PLC,1620599658,18:34:18,20210509
21,2013-06-30,VSVS.L,GBP,2013-06-30,2013-06-30,Q2,377625000,275000000.0,102625000.0,0.2717643164515061,0.0,67625000.0,0.0,-450000.0,0.0,346975000,3800000.0,4350000.0,35000000,0.09268454154253558,30650000.0,0.08116517709367758,0.0,26025000.0,0.0689175769612711,-1575000.0,33825000.0,0.08957298907646474,0.123,0.12275,274800000,275700000,https://find-and-update.company-information.service.gov.uk/search/companies?q=Vesuvius+PLC,https://find-and-update.company-information.service.gov.uk/search/companies?q=Vesuvius+PLC,1620599658,18:34:18,20210509
22,2013-03-31,VSVS.L,GBP,2013-03-31,2013-03-31,Q1,377625000,275000000.0,102625000.0,0.2717643164515061,0.0,67625000.0,0.0,-450000.0,0.0,346975000,3800000.0,4350000.0,35000000,0.09268454154253558,30650000.0,0.08116517709367758,0.0,26025000.0,0.0689175769612711,-1575000.0,33825000.0,0.08957298907646474,0.123,0.12275,274800000,275700000,https://find-and-update.company-information.service.gov.uk/search/companies?q=Vesuvius+PLC,https://find-and-update.company-information.service.gov.uk/search/companies?q=Vesuvius+PLC,1620599658,18:34:18,20210509
23,2013-01-31,VSVS.L,GBP,2013-01-31,2013-01-31,Q1,377625000,275000000.0,102625000.0,0.2717643164515061,0.0,67625000.0,0.0,-450000.0,0.0,346975000,3800000.0,4350000.0,35000000,0.09268454154253558,30650000.0,0.08116517709367758,0.0,26025000.0,0.0689175769612711,-1575000.0,33825000.0,0.08957298907646474,0.123,0.12275,274800000,275700000,https://find-and-update.company-information.service.gov.uk/search/companies?q=Vesuvius+PLC,https://find-and-update.company-information.service.gov.uk/search/companies?q=Vesuvius+PLC,1620599658,18:34:18,20210509
24,2012-09-30,VSVS.L,GBP,2012-09-30,2012-09-30,Q3,386875000,287325000.0,99550000.0,0.25731825525040386,0.0,66300000.0,0.0,0.0,0.0,358000000,12725000.0,4375000.0,33250000,0.08594507269789983,28875000.0,0.07463651050080776,0.0,4600000.0,0.011890145395799677,7900000.0,148550000.0,0.38397415185783523,0.5355,0.53075,277400000,279900000,https://find-and-update.company-information.service.gov.uk/search/companies?q=Vesuvius+PLC,https://find-and-update.company-information.service.gov.uk/search/companies?q=Vesuvius+PLC,1620599658,18:34:18,20210509
25,2012-06-30,VSVS.L,GBP,2012-06-30,2012-06-30,Q2,386875000,287325000.0,99550000.0,0.25731825525040386,0.0,66300000.0,0.0,0.0,0.0,358000000,12725000.0,4375000.0,33250000,0.08594507269789983,28875000.0,0.07463651050080776,0.0,4600000.0,0.011890145395799677,7900000.0,148550000.0,0.38397415185783523,0.5355,0.53075,277400000,279900000,https://find-and-update.company-information.service.gov.uk/search/companies?q=Vesuvius+PLC,https://find-and-update.company-information.service.gov.uk/search/companies?q=Vesuvius+PLC,1620599658,18:34:18,20210509
26,2012-03-31,VSVS.L,GBP,2012-03-31,2012-03-31,Q1,386875000,287325000.0,99550000.0,0.25731825525040386,0.0,66300000.0,0.0,0.0,0.0,358000000,12725000.0,4375000.0,33250000,0.08594507269789983,28875000.0,0.07463651050080776,0.0,4600000.0,0.011890145395799677,7900000.0,148550000.0,0.38397415185783523,0.5355,0.53075,277400000,279900000,https://find-and-update.company-information.service.gov.uk/search/companies?q=Vesuvius+PLC,https://find-and-update.company-information.service.gov.uk/search/companies?q=Vesuvius+PLC,1620599658,18:34:18,20210509
27,2012-01-31,VSVS.L,GBP,2012-01-31,2012-01-31,Q1,386875000,287325000.0,99550000.0,0.25731825525040386,0.0,66300000.0,0.0,0.0,0.0,358000000,12725000.0,4375000.0,33250000,0.08594507269789983,28875000.0,0.07463651050080776,0.0,4600000.0,0.011890145395799677,7900000.0,148550000.0,0.38397415185783523,0.5355,0.53075,277400000,279900000,https://find-and-update.company-information.service.gov.uk/search/companies?q=Vesuvius+PLC,https://find-and-update.company-information.service.gov.uk/search/companies?q=Vesuvius+PLC,1620599658,18:34:18,20210509
28,2011-09-30,VSVS.L,GBP,2011-09-30,2011-09-30,Q3,503000000,381100000.0,121900000.0,0.24234592445328032,0.0,74250000.0,0.0,0.0,0.0,459800000,7225000.0,4450000.0,47650000,0.09473161033797217,43200000.0,0.08588469184890656,0.0,29225000.0,0.0581013916500994,9725000.0,18025000.0,0.03583499005964215,0.133,0.13075,275700000,280900000,https://find-and-update.company-information.service.gov.uk/search/companies?q=Vesuvius+PLC,https://find-and-update.company-information.service.gov.uk/search/companies?q=Vesuvius+PLC,1620599658,18:34:18,20210509
29,2011-06-30,VSVS.L,GBP,2011-06-30,2011-06-30,Q2,503000000,381100000.0,121900000.0,0.24234592445328032,0.0,74250000.0,0.0,0.0,0.0,459800000,7225000.0,4450000.0,47650000,0.09473161033797217,43200000.0,0.08588469184890656,0.0,29225000.0,0.0581013916500994,9725000.0,18025000.0,0.03583499005964215,0.133,0.13075,275700000,280900000,https://find-and-update.company-information.service.gov.uk/search/companies?q=Vesuvius+PLC,https://find-and-update.company-information.service.gov.uk/search/companies?q=Vesuvius+PLC,1620599658,18:34:18,20210509
30,2011-03-31,VSVS.L,GBP,2011-03-31,2011-03-31,Q1,503000000,381100000.0,121900000.0,0.24234592445328032,0.0,74250000.0,0.0,0.0,0.0,459800000,7225000.0,4450000.0,47650000,0.09473161033797217,43200000.0,0.08588469184890656,0.0,29225000.0,0.0581013916500994,9725000.0,18025000.0,0.03583499005964215,0.133,0.13075,275700000,280900000,https://find-and-update.company-information.service.gov.uk/search/companies?q=Vesuvius+PLC,https://find-and-update.company-information.service.gov.uk/search/companies?q=Vesuvius+PLC,1620599658,18:34:18,20210509
31,2011-01-31,VSVS.L,GBP,2011-01-31,2011-01-31,Q1,503000000,381100000.0,121900000.0,0.24234592445328032,0.0,74250000.0,0.0,0.0,0.0,459800000,7225000.0,4450000.0,47650000,0.09473161033797217,43200000.0,0.08588469184890656,0.0,29225000.0,0.0581013916500994,9725000.0,18025000.0,0.03583499005964215,0.133,0.13075,275700000,280900000,https://find-and-update.company-information.service.gov.uk/search/companies?q=Vesuvius+PLC,https://find-and-update.company-information.service.gov.uk/search/companies?q=Vesuvius+PLC,1620599658,18:34:18,20210509
32,2010-09-30,VSVS.L,GBP,2010-09-30,2010-09-30,Q3,636375000,458575000.0,177800000.0,0.27939501080337853,9525000.0,114775000.0,0.0,-200000.0,82725000.0,575200000,7575000.0,17975000.0,79150000,0.12437635042231389,61175000.0,0.09613042624238853,0.0,47350000.0,0.07440581418188962,9325000.0,36325000.0,0.05708112355136515,0.1315,0.12925,276200000,280900000,https://find-and-update.company-information.service.gov.uk/search/companies?q=Vesuvius+PLC,https://find-and-update.company-information.service.gov.uk/search/companies?q=Vesuvius+PLC,1620599658,18:34:18,20210509
33,2010-06-30,VSVS.L,GBP,2010-06-30,2010-06-30,Q2,636375000,458575000.0,177800000.0,0.27939501080337853,9525000.0,114775000.0,0.0,-200000.0,82725000.0,575200000,7575000.0,17975000.0,79150000,0.12437635042231389,61175000.0,0.09613042624238853,0.0,47350000.0,0.07440581418188962,9325000.0,36325000.0,0.05708112355136515,0.1315,0.12925,276200000,280900000,https://find-and-update.company-information.service.gov.uk/search/companies?q=Vesuvius+PLC,https://find-and-update.company-information.service.gov.uk/search/companies?q=Vesuvius+PLC,1620599658,18:34:18,20210509
34,2010-03-31,VSVS.L,GBP,2010-03-31,2010-03-31,Q1,636375000,458575000.0,177800000.0,0.27939501080337853,9525000.0,114775000.0,0.0,-200000.0,82725000.0,575200000,7575000.0,17975000.0,79150000,0.12437635042231389,61175000.0,0.09613042624238853,0.0,47350000.0,0.07440581418188962,9325000.0,36325000.0,0.05708112355136515,0.1315,0.12925,276200000,280900000,https://find-and-update.company-information.service.gov.uk/search/companies?q=Vesuvius+PLC,https://find-and-update.company-information.service.gov.uk/search/companies?q=Vesuvius+PLC,1620599658,18:34:18,20210509
35,2010-01-31,VSVS.L,GBP,2010-01-31,2010-01-31,Q1,636375000,458575000.0,177800000.0,0.27939501080337853,9525000.0,114775000.0,0.0,-200000.0,82725000.0,575200000,7575000.0,17975000.0,79150000,0.12437635042231389,61175000.0,0.09613042624238853,0.0,47350000.0,0.07440581418188962,9325000.0,36325000.0,0.05708112355136515,0.1315,0.12925,276200000,280900000,https://find-and-update.company-information.service.gov.uk/search/companies?q=Vesuvius+PLC,https://find-and-update.company-information.service.gov.uk/search/companies?q=Vesuvius+PLC,1620599658,18:34:18,20210509
36,2009-09-30,VSVS.L,GBP,2009-09-30,2009-09-30,Q3,490150000,360700000.0,129450000.0,0.26410282566561255,9250000.0,101525000.0,0.0,-500000.0,72400000.0,466250000,9900000.0,17800000.0,41700000,0.08507599714373151,23900000.0,0.04876058349484851,0.0,-5225000.0,-0.010660002040191779,5100000.0,-12125000.0,-0.024737325308579007,-0.048,-0.048,252800000,252800000,https://find-and-update.company-information.service.gov.uk/search/companies?q=Vesuvius+PLC,https://find-and-update.company-information.service.gov.uk/search/companies?q=Vesuvius+PLC,1620599658,18:34:18,20210509
37,2009-06-30,VSVS.L,GBP,2009-06-30,2009-06-30,Q2,490150000,360700000.0,129450000.0,0.26410282566561255,9250000.0,101525000.0,0.0,-500000.0,72400000.0,466250000,9900000.0,17800000.0,41700000,0.08507599714373151,23900000.0,0.04876058349484851,0.0,-5225000.0,-0.010660002040191779,5100000.0,-12125000.0,-0.024737325308579007,-0.048,-0.048,252800000,252800000,https://find-and-update.company-information.service.gov.uk/search/companies?q=Vesuvius+PLC,https://find-and-update.company-information.service.gov.uk/search/companies?q=Vesuvius+PLC,1620599658,18:34:18,20210509
38,2009-03-31,VSVS.L,GBP,2009-03-31,2009-03-31,Q1,490150000,360700000.0,129450000.0,0.26410282566561255,9250000.0,101525000.0,0.0,-500000.0,72400000.0,466250000,9900000.0,17800000.0,41700000,0.08507599714373151,23900000.0,0.04876058349484851,0.0,-5225000.0,-0.010660002040191779,5100000.0,-12125000.0,-0.024737325308579007,-0.048,-0.048,252800000,252800000,https://find-and-update.company-information.service.gov.uk/search/companies?q=Vesuvius+PLC,https://find-and-update.company-information.service.gov.uk/search/companies?q=Vesuvius+PLC,1620599658,18:34:18,20210509
39,2009-01-31,VSVS.L,GBP,2009-01-31,2009-01-31,Q1,490150000,360700000.0,129450000.0,0.26410282566561255,9250000.0,101525000.0,0.0,-500000.0,72400000.0,466250000,9900000.0,17800000.0,41700000,0.08507599714373151,23900000.0,0.04876058349484851,0.0,-5225000.0,-0.010660002040191779,5100000.0,-12125000.0,-0.024737325308579007,-0.048,-0.048,252800000,252800000,https://find-and-update.company-information.service.gov.uk/search/companies?q=Vesuvius+PLC,https://find-and-update.company-information.service.gov.uk/search/companies?q=Vesuvius+PLC,1620599658,18:34:18,20210509
40,2008-09-30,VSVS.L,GBP,2008-09-30,2008-09-30,Q3,550625000,403825000.0,146800000.0,0.2666061293984109,7675000.0,92725000.0,0.0,-350000.0,70450000.0,502125000,13225000.0,15025000.0,63525000,0.1153688989784336,48500000.0,0.0880817253121453,0.0,22400000.0,0.040681044267877414,10050000.0,11525000.0,0.020930760499432464,0.12328960280540169,0.12320210183961637,93479091,93545482,https://find-and-update.company-information.service.gov.uk/search/companies?q=Vesuvius+PLC,https://find-and-update.company-information.service.gov.uk/search/companies?q=Vesuvius+PLC,1620599658,18:34:18,20210509
41,2008-06-30,VSVS.L,GBP,2008-06-30,2008-06-30,Q2,550625000,403825000.0,146800000.0,0.2666061293984109,7675000.0,92725000.0,0.0,-350000.0,70450000.0,502125000,13225000.0,15025000.0,63525000,0.1153688989784336,48500000.0,0.0880817253121453,0.0,22400000.0,0.040681044267877414,10050000.0,11525000.0,0.020930760499432464,0.12328960280540169,0.12320210183961637,93479091,93545482,https://find-and-update.company-information.service.gov.uk/search/companies?q=Vesuvius+PLC,https://find-and-update.company-information.service.gov.uk/search/companies?q=Vesuvius+PLC,1620599658,18:34:18,20210509
42,2008-03-31,VSVS.L,GBP,2008-03-31,2008-03-31,Q1,550625000,403825000.0,146800000.0,0.2666061293984109,7675000.0,92725000.0,0.0,-350000.0,70450000.0,502125000,13225000.0,15025000.0,63525000,0.1153688989784336,48500000.0,0.0880817253121453,0.0,22400000.0,0.040681044267877414,10050000.0,11525000.0,0.020930760499432464,0.12328960280540169,0.12320210183961637,93479091,93545482,https://find-and-update.company-information.service.gov.uk/search/companies?q=Vesuvius+PLC,https://find-and-update.company-information.service.gov.uk/search/companies?q=Vesuvius+PLC,1620599658,18:34:18,20210509
43,2008-01-31,VSVS.L,GBP,2008-01-31,2008-01-31,Q1,550625000,403825000.0,146800000.0,0.2666061293984109,7675000.0,92725000.0,0.0,-350000.0,70450000.0,502125000,13225000.0,15025000.0,63525000,0.1153688989784336,48500000.0,0.0880817253121453,0.0,22400000.0,0.040681044267877414,10050000.0,11525000.0,0.020930760499432464,0.12328960280540169,0.12320210183961637,93479091,93545482,https://find-and-update.company-information.service.gov.uk/search/companies?q=Vesuvius+PLC,https://find-and-update.company-information.service.gov.uk/search/companies?q=Vesuvius+PLC,1620599658,18:34:18,20210509
44,2007-09-30,VSVS.L,GBP,2007-09-30,2007-09-30,Q3,404875000,292000000.0,112875000.0,0.2787897499228157,5775000.0,70475000.0,0.0,-850000.0,52400000.0,362275000,6725000.0,8725000.0,51325000,0.12676752083976536,42600000.0,0.10521765977153442,0.0,37900000.0,0.0936091386230318,10850000.0,26250000.0,0.06483482556344551,0.03026967806228987,0.03019570297523875,867204466,869328991,https://find-and-update.company-information.service.gov.uk/search/companies?q=Vesuvius+PLC,https://find-and-update.company-information.service.gov.uk/search/companies?q=Vesuvius+PLC,1620599658,18:34:18,20210509
45,2007-06-30,VSVS.L,GBP,2007-06-30,2007-06-30,Q2,404875000,292000000.0,112875000.0,0.2787897499228157,5775000.0,70475000.0,0.0,-850000.0,52400000.0,362275000,6725000.0,8725000.0,51325000,0.12676752083976536,42600000.0,0.10521765977153442,0.0,37900000.0,0.0936091386230318,10850000.0,26250000.0,0.06483482556344551,0.03026967806228987,0.03019570297523875,867204466,869328991,https://find-and-update.company-information.service.gov.uk/search/companies?q=Vesuvius+PLC,https://find-and-update.company-information.service.gov.uk/search/companies?q=Vesuvius+PLC,1620599658,18:34:18,20210509
46,2007-03-31,VSVS.L,GBP,2007-03-31,2007-03-31,Q1,404875000,292000000.0,112875000.0,0.2787897499228157,5775000.0,70475000.0,0.0,-850000.0,52400000.0,362275000,6725000.0,8725000.0,51325000,0.12676752083976536,42600000.0,0.10521765977153442,0.0,37900000.0,0.0936091386230318,10850000.0,26250000.0,0.06483482556344551,0.03026967806228987,0.03019570297523875,867204466,869328991,https://find-and-update.company-information.service.gov.uk/search/companies?q=Vesuvius+PLC,https://find-and-update.company-information.service.gov.uk/search/companies?q=Vesuvius+PLC,1620599658,18:34:18,20210509
47,2007-01-31,VSVS.L,GBP,2007-01-31,2007-01-31,Q1,404875000,292000000.0,112875000.0,0.2787897499228157,5775000.0,70475000.0,0.0,-850000.0,52400000.0,362275000,6725000.0,8725000.0,51325000,0.12676752083976536,42600000.0,0.10521765977153442,0.0,37900000.0,0.0936091386230318,10850000.0,26250000.0,0.06483482556344551,0.03026967806228987,0.03019570297523875,867204466,869328991,https://find-and-update.company-information.service.gov.uk/search/companies?q=Vesuvius+PLC,https://find-and-update.company-information.service.gov.uk/search/companies?q=Vesuvius+PLC,1620599658,18:34:18,20210509
48,2006-09-30,VSVS.L,GBP,2006-09-30,2006-09-30,Q3,397400000,285875000.0,111525000.0,0.28063663814796175,5950000.0,73950000.0,0.0,-700000.0,54100000.0,358650000,8450000.0,9175000.0,47925000,0.12059637644690488,38750000.0,0.09750880724710619,0.0,26400000.0,0.06643180674383492,10875000.0,15725000.0,0.039569703069954706,0.12351,0.12275675,127139531,128002619,https://find-and-update.company-information.service.gov.uk/search/companies?q=Vesuvius+PLC,https://find-and-update.company-information.service.gov.uk/search/companies?q=Vesuvius+PLC,1620599658,18:34:18,20210509
49,2006-06-30,VSVS.L,GBP,2006-06-30,2006-06-30,Q2,397400000,285875000.0,111525000.0,0.28063663814796175,5950000.0,73950000.0,0.0,-700000.0,54100000.0,358650000,8450000.0,9175000.0,47925000,0.12059637644690488,38750000.0,0.09750880724710619,0.0,26400000.0,0.06643180674383492,10875000.0,15725000.0,0.039569703069954706,0.12351,0.12275675,127139531,128002619,https://find-and-update.company-information.service.gov.uk/search/companies?q=Vesuvius+PLC,https://find-and-update.company-information.service.gov.uk/search/companies?q=Vesuvius+PLC,1620599658,18:34:18,20210509
50,2006-03-31,VSVS.L,GBP,2006-03-31,2006-03-31,Q1,397400000,285875000.0,111525000.0,0.28063663814796175,5950000.0,73950000.0,0.0,-700000.0,54100000.0,358650000,8450000.0,9175000.0,47925000,0.12059637644690488,38750000.0,0.09750880724710619,0.0,26400000.0,0.06643180674383492,10875000.0,15725000.0,0.039569703069954706,0.12351,0.12275675,127139531,128002619,https://find-and-update.company-information.service.gov.uk/search/companies?q=Vesuvius+PLC,https://find-and-update.company-information.service.gov.uk/search/companies?q=Vesuvius+PLC,1620599658,18:34:18,20210509
51,2006-01-31,VSVS.L,GBP,2006-01-31,2006-01-31,Q1,397400000,285875000.0,111525000.0,0.28063663814796175,5950000.0,73950000.0,0.0,-700000.0,54100000.0,358650000,8450000.0,9175000.0,47925000,0.12059637644690488,38750000.0,0.09750880724710619,0.0,26400000.0,0.06643180674383492,10875000.0,15725000.0,0.039569703069954706,0.12351,0.12275675,127139531,128002619,https://find-and-update.company-information.service.gov.uk/search/companies?q=Vesuvius+PLC,https://find-and-update.company-information.service.gov.uk/search/companies?q=Vesuvius+PLC,1620599658,18:34:18,20210509
52,2005-09-30,VSVS.L,GBP,2005-09-30,2005-09-30,Q3,364275000,259725000.0,104550000.0,0.2870084414247478,5575000.0,73325000.0,0.0,-700000.0,53050000.0,332325000,9150000.0,9850000.0,41800000,0.11474847299430375,31950000.0,0.08770846201358863,0.0,17975000.0,0.04934458856633038,10975000.0,-2750000.0,-0.007549241644362089,-0.021974019852639984,-0.021846533519962574,125147789,125878094,https://find-and-update.company-information.service.gov.uk/search/companies?q=Vesuvius+PLC,https://find-and-update.company-information.service.gov.uk/search/companies?q=Vesuvius+PLC,1620599658,18:34:18,20210509
53,2005-06-30,VSVS.L,GBP,2005-06-30,2005-06-30,Q2,364275000,259725000.0,104550000.0,0.2870084414247478,5575000.0,73325000.0,0.0,-700000.0,53050000.0,332325000,9150000.0,9850000.0,41800000,0.11474847299430375,31950000.0,0.08770846201358863,0.0,17975000.0,0.04934458856633038,10975000.0,-2750000.0,-0.007549241644362089,-0.021974019852639984,-0.021846533519962574,125147789,125878094,https://find-and-update.company-information.service.gov.uk/search/companies?q=Vesuvius+PLC,https://find-and-update.company-information.service.gov.uk/search/companies?q=Vesuvius+PLC,1620599658,18:34:18,20210509
54,2005-03-31,VSVS.L,GBP,2005-03-31,2005-03-31,Q1,364275000,259725000.0,104550000.0,0.2870084414247478,5575000.0,73325000.0,0.0,-700000.0,53050000.0,332325000,9150000.0,9850000.0,41800000,0.11474847299430375,31950000.0,0.08770846201358863,0.0,17975000.0,0.04934458856633038,10975000.0,-2750000.0,-0.007549241644362089,-0.021974019852639984,-0.021846533519962574,125147789,125878094,https://find-and-update.company-information.service.gov.uk/search/companies?q=Vesuvius+PLC,https://find-and-update.company-information.service.gov.uk/search/companies?q=Vesuvius+PLC,1620599658,18:34:18,20210509
55,2005-01-31,VSVS.L,GBP,2005-01-31,2005-01-31,Q1,364275000,259725000.0,104550000.0,0.2870084414247478,5575000.0,73325000.0,0.0,-700000.0,53050000.0,332325000,9150000.0,9850000.0,41800000,0.11474847299430375,31950000.0,0.08770846201358863,0.0,17975000.0,0.04934458856633038,10975000.0,-2750000.0,-0.007549241644362089,-0.021974019852639984,-0.021846533519962574,125147789,125878094,https://find-and-update.company-information.service.gov.uk/search/companies?q=Vesuvius+PLC,https://find-and-update.company-information.service.gov.uk/search/companies?q=Vesuvius+PLC,1620599658,18:34:18,20210509
56,2004-09-30,VSVS.L,GBP,2004-09-30,2004-09-30,Q3,375125000,269575000.0,105550000.0,0.2813728757080973,6075000.0,0.0,78475000.0,0.0,-28950000.0,337100000,7550000.0,11925000.0,49950000,0.13315561479506832,38025000.0,0.10136621126291236,0.0,4575000.0,0.012195934688437188,7650000.0,-5275000.0,-0.014061979340219927,-0.42174125,-0.42174125,125015006,125015006,https://find-and-update.company-information.service.gov.uk/search/companies?q=Vesuvius+PLC,https://find-and-update.company-information.service.gov.uk/search/companies?q=Vesuvius+PLC,1620599658,18:34:18,20210509
57,2004-06-30,VSVS.L,GBP,2004-06-30,2004-06-30,Q2,375125000,269575000.0,105550000.0,0.2813728757080973,6075000.0,0.0,78475000.0,0.0,-28950000.0,337100000,7550000.0,11925000.0,49950000,0.13315561479506832,38025000.0,0.10136621126291236,0.0,4575000.0,0.012195934688437188,7650000.0,-5275000.0,-0.014061979340219927,-0.42174125,-0.42174125,125015006,125015006,https://find-and-update.company-information.service.gov.uk/search/companies?q=Vesuvius+PLC,https://find-and-update.company-information.service.gov.uk/search/companies?q=Vesuvius+PLC,1620599658,18:34:18,20210509
58,2004-03-31,VSVS.L,GBP,2004-03-31,2004-03-31,Q1,375125000,269575000.0,105550000.0,0.2813728757080973,6075000.0,0.0,78475000.0,0.0,-28950000.0,337100000,7550000.0,11925000.0,49950000,0.13315561479506832,38025000.0,0.10136621126291236,0.0,4575000.0,0.012195934688437188,7650000.0,-5275000.0,-0.014061979340219927,-0.42174125,-0.42174125,125015006,125015006,https://find-and-update.company-information.service.gov.uk/search/companies?q=Vesuvius+PLC,https://find-and-update.company-information.service.gov.uk/search/companies?q=Vesuvius+PLC,1620599658,18:34:18,20210509
59,2004-01-31,VSVS.L,GBP,2004-01-31,2004-01-31,Q1,375125000,269575000.0,105550000.0,0.2813728757080973,6075000.0,0.0,78475000.0,0.0,-28950000.0,337100000,7550000.0,11925000.0,49950000,0.13315561479506832,38025000.0,0.10136621126291236,0.0,4575000.0,0.012195934688437188,7650000.0,-5275000.0,-0.014061979340219927,-0.42174125,-0.42174125,125015006,125015006,https://find-and-update.company-information.service.gov.uk/search/companies?q=Vesuvius+PLC,https://find-and-update.company-information.service.gov.uk/search/companies?q=Vesuvius+PLC,1620599658,18:34:18,20210509
60,2003-09-30,VSVS.L,GBP,2003-09-30,2003-09-30,Q3,420425000,0.0,410125000.0,0.9755009811500268,8075000.0,0.0,0.0,6900000.0,333875000.0,359875000,8075000.0,13150000.0,73700000,0.1752988047808765,60550000.0,0.14402093120057086,0.0,-46825000.0,-0.11137539394660165,3700000.0,-51125000.0,-0.12160313968008563,-0.41044475,-0.41044475,124815832,124815832,https://find-and-update.company-information.service.gov.uk/search/companies?q=Vesuvius+PLC,https://find-and-update.company-information.service.gov.uk/search/companies?q=Vesuvius+PLC,1620599658,18:34:18,20210509
61,2003-06-30,VSVS.L,GBP,2003-06-30,2003-06-30,Q2,420425000,0.0,410125000.0,0.9755009811500268,8075000.0,0.0,0.0,6900000.0,333875000.0,359875000,8075000.0,13150000.0,73700000,0.1752988047808765,60550000.0,0.14402093120057086,0.0,-46825000.0,-0.11137539394660165,3700000.0,-51125000.0,-0.12160313968008563,-0.41044475,-0.41044475,124815832,124815832,https://find-and-update.company-information.service.gov.uk/search/companies?q=Vesuvius+PLC,https://find-and-update.company-information.service.gov.uk/search/companies?q=Vesuvius+PLC,1620599658,18:34:18,20210509
62,2003-03-31,VSVS.L,GBP,2003-03-31,2003-03-31,Q1,420425000,0.0,410125000.0,0.9755009811500268,8075000.0,0.0,0.0,6900000.0,333875000.0,359875000,8075000.0,13150000.0,73700000,0.1752988047808765,60550000.0,0.14402093120057086,0.0,-46825000.0,-0.11137539394660165,3700000.0,-51125000.0,-0.12160313968008563,-0.41044475,-0.41044475,124815832,124815832,https://find-and-update.company-information.service.gov.uk/search/companies?q=Vesuvius+PLC,https://find-and-update.company-information.service.gov.uk/search/companies?q=Vesuvius+PLC,1620599658,18:34:18,20210509
63,2003-01-31,VSVS.L,GBP,2003-01-31,2003-01-31,Q1,420425000,0.0,410125000.0,0.9755009811500268,8075000.0,0.0,0.0,6900000.0,333875000.0,359875000,8075000.0,13150000.0,73700000,0.1752988047808765,60550000.0,0.14402093120057086,0.0,-46825000.0,-0.11137539394660165,3700000.0,-51125000.0,-0.12160313968008563,-0.41044475,-0.41044475,124815832,124815832,https://find-and-update.company-information.service.gov.uk/search/companies?q=Vesuvius+PLC,https://find-and-update.company-information.service.gov.uk/search/companies?q=Vesuvius+PLC,1620599658,18:34:18,20210509
64,2002-09-30,VSVS.L,GBP,2002-09-30,2002-09-30,Q3,432250000,0.0,447975000.0,1.0363794100636206,8250000.0,0.0,0.0,0.0,384300000.0,412700000,13325000.0,14950000.0,34500000,0.07981492192018508,19550000.0,0.045228455754771545,0.0,-24225000.0,-0.056043956043956046,-150000.0,-24600000.0,-0.05691150954308849,-0.32760275,-0.32760275,74955890,74955890,https://find-and-update.company-information.service.gov.uk/search/companies?q=Vesuvius+PLC,https://find-and-update.company-information.service.gov.uk/search/companies?q=Vesuvius+PLC,1620599658,18:34:18,20210509
65,2002-06-30,VSVS.L,GBP,2002-06-30,2002-06-30,Q2,432250000,0.0,447975000.0,1.0363794100636206,8250000.0,0.0,0.0,0.0,384300000.0,412700000,13325000.0,14950000.0,34500000,0.07981492192018508,19550000.0,0.045228455754771545,0.0,-24225000.0,-0.056043956043956046,-150000.0,-24600000.0,-0.05691150954308849,-0.32760275,-0.32760275,74955890,74955890,https://find-and-update.company-information.service.gov.uk/search/companies?q=Vesuvius+PLC,https://find-and-update.company-information.service.gov.uk/search/companies?q=Vesuvius+PLC,1620599658,18:34:18,20210509
66,2002-03-31,VSVS.L,GBP,2002-03-31,2002-03-31,Q1,432250000,0.0,447975000.0,1.0363794100636206,8250000.0,0.0,0.0,0.0,384300000.0,412700000,13325000.0,14950000.0,34500000,0.07981492192018508,19550000.0,0.045228455754771545,0.0,-24225000.0,-0.056043956043956046,-150000.0,-24600000.0,-0.05691150954308849,-0.32760275,-0.32760275,74955890,74955890,https://find-and-update.company-information.service.gov.uk/search/companies?q=Vesuvius+PLC,https://find-and-update.company-information.service.gov.uk/search/companies?q=Vesuvius+PLC,1620599658,18:34:18,20210509
67,2002-01-31,VSVS.L,GBP,2002-01-31,2002-01-31,Q1,432250000,0.0,447975000.0,1.0363794100636206,8250000.0,0.0,0.0,0.0,384300000.0,412700000,13325000.0,14950000.0,34500000,0.07981492192018508,19550000.0,0.045228455754771545,0.0,-24225000.0,-0.056043956043956046,-150000.0,-24600000.0,-0.05691150954308849,-0.32760275,-0.32760275,74955890,74955890,https://find-and-update.company-information.service.gov.uk/search/companies?q=Vesuvius+PLC,https://find-and-update.company-information.service.gov.uk/search/companies?q=Vesuvius+PLC,1620599658,18:34:18,20210509
68,2001-09-30,VSVS.L,GBP,2001-09-30,2001-09-30,Q3,524850000,0.0,524850000.0,1.0,10150000.0,0.0,0.0,-7700000.0,472600000.0,503225000,13800000.0,15675000.0,37300000,0.07106792416881014,21625000.0,0.041202248261408024,0.0,-26850000.0,-0.05115747356387539,-11725000.0,-15500000.0,-0.029532247308754884,-0.30882025,-0.30882025,49164526,49164526,https://find-and-update.company-information.service.gov.uk/search/companies?q=Vesuvius+PLC,https://find-and-update.company-information.service.gov.uk/search/companies?q=Vesuvius+PLC,1620599658,18:34:18,20210509
69,2001-06-30,VSVS.L,GBP,2001-06-30,2001-06-30,Q2,524850000,0.0,524850000.0,1.0,10150000.0,0.0,0.0,-7700000.0,472600000.0,503225000,13800000.0,15675000.0,37300000,0.07106792416881014,21625000.0,0.041202248261408024,0.0,-26850000.0,-0.05115747356387539,-11725000.0,-15500000.0,-0.029532247308754884,-0.30882025,-0.30882025,49164526,49164526,https://find-and-update.company-information.service.gov.uk/search/companies?q=Vesuvius+PLC,https://find-and-update.company-information.service.gov.uk/search/companies?q=Vesuvius+PLC,1620599658,18:34:18,20210509
70,2001-03-31,VSVS.L,GBP,2001-03-31,2001-03-31,Q1,524850000,0.0,524850000.0,1.0,10150000.0,0.0,0.0,-7700000.0,472600000.0,503225000,13800000.0,15675000.0,37300000,0.07106792416881014,21625000.0,0.041202248261408024,0.0,-26850000.0,-0.05115747356387539,-11725000.0,-15500000.0,-0.029532247308754884,-0.30882025,-0.30882025,49164526,49164526,https://find-and-update.company-information.service.gov.uk/search/companies?q=Vesuvius+PLC,https://find-and-update.company-information.service.gov.uk/search/companies?q=Vesuvius+PLC,1620599658,18:34:18,20210509
71,2001-01-31,VSVS.L,GBP,2001-01-31,2001-01-31,Q1,524850000,0.0,524850000.0,1.0,10150000.0,0.0,0.0,-7700000.0,472600000.0,503225000,13800000.0,15675000.0,37300000,0.07106792416881014,21625000.0,0.041202248261408024,0.0,-26850000.0,-0.05115747356387539,-11725000.0,-15500000.0,-0.029532247308754884,-0.30882025,-0.30882025,49164526,49164526,https://find-and-update.company-information.service.gov.uk/search/companies?q=Vesuvius+PLC,https://find-and-update.company-information.service.gov.uk/search/companies?q=Vesuvius+PLC,1620599658,18:34:18,20210509
72,2000-09-30,VSVS.L,GBP,2000-09-30,2000-09-30,Q3,645400000,0.0,645400000.0,1.0,10275000.0,0.0,0.0,2925000.0,556700000.0,587100000,13975000.0,15600000.0,73900000,0.1145026340254106,58300000.0,0.09033157731639294,0.0,30650000.0,0.04748992872637124,11275000.0,18875000.0,0.029245429191199258,0.38602525,0.38234875,49028524,49300527,https://find-and-update.company-information.service.gov.uk/search/companies?q=Vesuvius+PLC,https://find-and-update.company-information.service.gov.uk/search/companies?q=Vesuvius+PLC,1620599658,18:34:18,20210509
73,2000-06-30,VSVS.L,GBP,2000-06-30,2000-06-30,Q2,645400000,0.0,645400000.0,1.0,10275000.0,0.0,0.0,2925000.0,556700000.0,587100000,13975000.0,15600000.0,73900000,0.1145026340254106,58300000.0,0.09033157731639294,0.0,30650000.0,0.04748992872637124,11275000.0,18875000.0,0.029245429191199258,0.38602525,0.38234875,49028524,49300527,https://find-and-update.company-information.service.gov.uk/search/companies?q=Vesuvius+PLC,https://find-and-update.company-information.service.gov.uk/search/companies?q=Vesuvius+PLC,1620599658,18:34:18,20210509
74,2000-03-31,VSVS.L,GBP,2000-03-31,2000-03-31,Q1,645400000,0.0,645400000.0,1.0,10275000.0,0.0,0.0,2925000.0,556700000.0,587100000,13975000.0,15600000.0,73900000,0.1145026340254106,58300000.0,0.09033157731639294,0.0,30650000.0,0.04748992872637124,11275000.0,18875000.0,0.029245429191199258,0.38602525,0.38234875,49028524,49300527,https://find-and-update.company-information.service.gov.uk/search/companies?q=Vesuvius+PLC,https://find-and-update.company-information.service.gov.uk/search/companies?q=Vesuvius+PLC,1620599658,18:34:18,20210509
75,2000-01-31,VSVS.L,GBP,2000-01-31,2000-01-31,Q1,645400000,0.0,645400000.0,1.0,10275000.0,0.0,0.0,2925000.0,556700000.0,587100000,13975000.0,15600000.0,73900000,0.1145026340254106,58300000.0,0.09033157731639294,0.0,30650000.0,0.04748992872637124,11275000.0,18875000.0,0.029245429191199258,0.38602525,0.38234875,49028524,49300527,https://find-and-update.company-information.service.gov.uk/search/companies?q=Vesuvius+PLC,https://find-and-update.company-information.service.gov.uk/search/companies?q=Vesuvius+PLC,1620599658,18:34:18,20210509
76,1999-09-30,VSVS.L,GBP,1999-09-30,1999-09-30,Q3,465600000,0.0,0.0,0.0,7400000.0,0.0,0.0,0.0,398775000.0,422600000,6250000.0,13300000.0,56300000,0.1209192439862543,43000000.0,0.09235395189003437,0.0,17900000.0,0.038445017182130586,8325000.0,9175000.0,0.019705756013745704,0.1927500397107098,0.19192749403921316,47600509,47804511,https://find-and-update.company-information.service.gov.uk/search/companies?q=Vesuvius+PLC,https://find-and-update.company-information.service.gov.uk/search/companies?q=Vesuvius+PLC,1620599658,18:34:18,20210509
77,1999-06-30,VSVS.L,GBP,1999-06-30,1999-06-30,Q2,465600000,0.0,0.0,0.0,7400000.0,0.0,0.0,0.0,398775000.0,422600000,6250000.0,13300000.0,56300000,0.1209192439862543,43000000.0,0.09235395189003437,0.0,17900000.0,0.038445017182130586,8325000.0,9175000.0,0.019705756013745704,0.1927500397107098,0.19192749403921316,47600509,47804511,https://find-and-update.company-information.service.gov.uk/search/companies?q=Vesuvius+PLC,https://find-and-update.company-information.service.gov.uk/search/companies?q=Vesuvius+PLC,1620599658,18:34:18,20210509
78,1999-03-31,VSVS.L,GBP,1999-03-31,1999-03-31,Q1,465600000,0.0,0.0,0.0,7400000.0,0.0,0.0,0.0,398775000.0,422600000,6250000.0,13300000.0,56300000,0.1209192439862543,43000000.0,0.09235395189003437,0.0,17900000.0,0.038445017182130586,8325000.0,9175000.0,0.019705756013745704,0.1927500397107098,0.19192749403921316,47600509,47804511,https://find-and-update.company-information.service.gov.uk/search/companies?q=Vesuvius+PLC,https://find-and-update.company-information.service.gov.uk/search/companies?q=Vesuvius+PLC,1620599658,18:34:18,20210509
79,1999-01-31,VSVS.L,GBP,1999-01-31,1999-01-31,Q1,465600000,0.0,0.0,0.0,7400000.0,0.0,0.0,0.0,398775000.0,422600000,6250000.0,13300000.0,56300000,0.1209192439862543,43000000.0,0.09235395189003437,0.0,17900000.0,0.038445017182130586,8325000.0,9175000.0,0.019705756013745704,0.1927500397107098,0.19192749403921316,47600509,47804511,https://find-and-update.company-information.service.gov.uk/search/companies?q=Vesuvius+PLC,https://find-and-update.company-information.service.gov.uk/search/companies?q=Vesuvius+PLC,1620599658,18:34:18,20210509
80,1998-09-30,VSVS.L,GBP,1998-09-30,1998-09-30,Q3,420875000,0.0,420875000.0,1.0,6725000.0,0.0,0.0,-18325000.0,338825000.0,361475000,5075000.0,13775000.0,73175000,0.17386397386397387,59400000.0,0.14113454113454113,0.0,2350000.0,0.005583605583605583,6850000.0,-5025000.0,-0.01193941193941194,-0.1066165,-0.1066165,46594098,46594098,https://find-and-update.company-information.service.gov.uk/search/companies?q=Vesuvius+PLC,https://find-and-update.company-information.service.gov.uk/search/companies?q=Vesuvius+PLC,1620599658,18:34:18,20210509
81,1998-06-30,VSVS.L,GBP,1998-06-30,1998-06-30,Q2,420875000,0.0,420875000.0,1.0,6725000.0,0.0,0.0,-18325000.0,338825000.0,361475000,5075000.0,13775000.0,73175000,0.17386397386397387,59400000.0,0.14113454113454113,0.0,2350000.0,0.005583605583605583,6850000.0,-5025000.0,-0.01193941193941194,-0.1066165,-0.1066165,46594098,46594098,https://find-and-update.company-information.service.gov.uk/search/companies?q=Vesuvius+PLC,https://find-and-update.company-information.service.gov.uk/search/companies?q=Vesuvius+PLC,1620599658,18:34:18,20210509
82,1998-03-31,VSVS.L,GBP,1998-03-31,1998-03-31,Q1,420875000,0.0,420875000.0,1.0,6725000.0,0.0,0.0,-18325000.0,338825000.0,361475000,5075000.0,13775000.0,73175000,0.17386397386397387,59400000.0,0.14113454113454113,0.0,2350000.0,0.005583605583605583,6850000.0,-5025000.0,-0.01193941193941194,-0.1066165,-0.1066165,46594098,46594098,https://find-and-update.company-information.service.gov.uk/search/companies?q=Vesuvius+PLC,https://find-and-update.company-information.service.gov.uk/search/companies?q=Vesuvius+PLC,1620599658,18:34:18,20210509
83,1998-01-31,VSVS.L,GBP,1998-01-31,1998-01-31,Q1,420875000,0.0,420875000.0,1.0,6725000.0,0.0,0.0,-18325000.0,338825000.0,361475000,5075000.0,13775000.0,73175000,0.17386397386397387,59400000.0,0.14113454113454113,0.0,2350000.0,0.005583605583605583,6850000.0,-5025000.0,-0.01193941193941194,-0.1066165,-0.1066165,46594098,46594098,https://find-and-update.company-information.service.gov.uk/search/companies?q=Vesuvius+PLC,https://find-and-update.company-information.service.gov.uk/search/companies?q=Vesuvius+PLC,1620599658,18:34:18,20210509
84,1997-09-30,VSVS.L,GBP,1997-09-30,1997-09-30,Q3,430275000,0.0,0.0,0.0,6150000.0,0.0,0.0,0.0,345475000.0,366950000,5800000.0,12200000.0,75525000,0.17552727906571378,63325000.0,0.147173319388763,0.0,18975000.0,0.04409970367788042,8200000.0,9875000.0,0.022950438672941723,0.2095565,0.2095565,46247294,46247294,https://find-and-update.company-information.service.gov.uk/search/companies?q=Vesuvius+PLC,https://find-and-update.company-information.service.gov.uk/search/companies?q=Vesuvius+PLC,1620599658,18:34:18,20210509
85,1997-06-30,VSVS.L,GBP,1997-06-30,1997-06-30,Q2,430275000,0.0,0.0,0.0,6150000.0,0.0,0.0,0.0,345475000.0,366950000,5800000.0,12200000.0,75525000,0.17552727906571378,63325000.0,0.147173319388763,0.0,18975000.0,0.04409970367788042,8200000.0,9875000.0,0.022950438672941723,0.2095565,0.2095565,46247294,46247294,https://find-and-update.company-information.service.gov.uk/search/companies?q=Vesuvius+PLC,https://find-and-update.company-information.service.gov.uk/search/companies?q=Vesuvius+PLC,1620599658,18:34:18,20210509
86,1997-03-31,VSVS.L,GBP,1997-03-31,1997-03-31,Q1,430275000,0.0,0.0,0.0,6150000.0,0.0,0.0,0.0,345475000.0,366950000,5800000.0,12200000.0,75525000,0.17552727906571378,63325000.0,0.147173319388763,0.0,18975000.0,0.04409970367788042,8200000.0,9875000.0,0.022950438672941723,0.2095565,0.2095565,46247294,46247294,https://find-and-update.company-information.service.gov.uk/search/companies?q=Vesuvius+PLC,https://find-and-update.company-information.service.gov.uk/search/companies?q=Vesuvius+PLC,1620599658,18:34:18,20210509
87,1997-01-31,VSVS.L,GBP,1997-01-31,1997-01-31,Q1,430275000,0.0,0.0,0.0,6150000.0,0.0,0.0,0.0,345475000.0,366950000,5800000.0,12200000.0,75525000,0.17552727906571378,63325000.0,0.147173319388763,0.0,18975000.0,0.04409970367788042,8200000.0,9875000.0,0.022950438672941723,0.2095565,0.2095565,46247294,46247294,https://find-and-update.company-information.service.gov.uk/search/companies?q=Vesuvius+PLC,https://find-and-update.company-information.service.gov.uk/search/companies?q=Vesuvius+PLC,1620599658,18:34:18,20210509
88,1996-09-30,VSVS.L,GBP,1996-09-30,1996-09-30,Q3,407300000,0.0,407300000.0,1.0,6475000.0,0.0,0.0,-29775000.0,314300000.0,336825000,9050000.0,12800000.0,83275000,0.20445617480972256,70475000.0,0.1730297078320648,0.0,11150000.0,0.02737539896881905,8875000.0,1675000.0,0.004112447827154432,0.03676425,0.03676425,45920891,45920891,https://find-and-update.company-information.service.gov.uk/search/companies?q=Vesuvius+PLC,https://find-and-update.company-information.service.gov.uk/search/companies?q=Vesuvius+PLC,1620599658,18:34:18,20210509
89,1996-06-30,VSVS.L,GBP,1996-06-30,1996-06-30,Q2,407300000,0.0,407300000.0,1.0,6475000.0,0.0,0.0,-29775000.0,314300000.0,336825000,9050000.0,12800000.0,83275000,0.20445617480972256,70475000.0,0.1730297078320648,0.0,11150000.0,0.02737539896881905,8875000.0,1675000.0,0.004112447827154432,0.03676425,0.03676425,45920891,45920891,https://find-and-update.company-information.service.gov.uk/search/companies?q=Vesuvius+PLC,https://find-and-update.company-information.service.gov.uk/search/companies?q=Vesuvius+PLC,1620599658,18:34:18,20210509
90,1996-03-31,VSVS.L,GBP,1996-03-31,1996-03-31,Q1,407300000,0.0,407300000.0,1.0,6475000.0,0.0,0.0,-29775000.0,314300000.0,336825000,9050000.0,12800000.0,83275000,0.20445617480972256,70475000.0,0.1730297078320648,0.0,11150000.0,0.02737539896881905,8875000.0,1675000.0,0.004112447827154432,0.03676425,0.03676425,45920891,45920891,https://find-and-update.company-information.service.gov.uk/search/companies?q=Vesuvius+PLC,https://find-and-update.company-information.service.gov.uk/search/companies?q=Vesuvius+PLC,1620599658,18:34:18,20210509
91,1996-01-31,VSVS.L,GBP,1996-01-31,1996-01-31,Q1,407300000,0.0,407300000.0,1.0,6475000.0,0.0,0.0,-29775000.0,314300000.0,336825000,9050000.0,12800000.0,83275000,0.20445617480972256,70475000.0,0.1730297078320648,0.0,11150000.0,0.02737539896881905,8875000.0,1675000.0,0.004112447827154432,0.03676425,0.03676425,45920891,45920891,https://find-and-update.company-information.service.gov.uk/search/companies?q=Vesuvius+PLC,https://find-and-update.company-information.service.gov.uk/search/companies?q=Vesuvius+PLC,1620599658,18:34:18,20210509
92,1995-09-30,VSVS.L,GBP,1995-09-30,1995-09-30,Q3,390050000,0.0,390050000.0,1.0,6075000.0,0.0,0.0,-11400000.0,313800000.0,335675000,7850000.0,13000000.0,67375000,0.1727342648378413,54375000.0,0.13940520446096655,0.0,42075000.0,0.10787078579669274,15250000.0,26200000.0,0.06717087552877836,0.588229,0.588229,44425895,44425895,https://find-and-update.company-information.service.gov.uk/search/companies?q=Vesuvius+PLC,https://find-and-update.company-information.service.gov.uk/search/companies?q=Vesuvius+PLC,1620599658,18:34:18,20210509
93,1995-06-30,VSVS.L,GBP,1995-06-30,1995-06-30,Q2,390050000,0.0,390050000.0,1.0,6075000.0,0.0,0.0,-11400000.0,313800000.0,335675000,7850000.0,13000000.0,67375000,0.1727342648378413,54375000.0,0.13940520446096655,0.0,42075000.0,0.10787078579669274,15250000.0,26200000.0,0.06717087552877836,0.588229,0.588229,44425895,44425895,https://find-and-update.company-information.service.gov.uk/search/companies?q=Vesuvius+PLC,https://find-and-update.company-information.service.gov.uk/search/companies?q=Vesuvius+PLC,1620599658,18:34:18,20210509
94,1995-03-31,VSVS.L,GBP,1995-03-31,1995-03-31,Q1,390050000,0.0,390050000.0,1.0,6075000.0,0.0,0.0,-11400000.0,313800000.0,335675000,7850000.0,13000000.0,67375000,0.1727342648378413,54375000.0,0.13940520446096655,0.0,42075000.0,0.10787078579669274,15250000.0,26200000.0,0.06717087552877836,0.588229,0.588229,44425895,44425895,https://find-and-update.company-information.service.gov.uk/search/companies?q=Vesuvius+PLC,https://find-and-update.company-information.service.gov.uk/search/companies?q=Vesuvius+PLC,1620599658,18:34:18,20210509
95,1995-01-31,VSVS.L,GBP,1995-01-31,1995-01-31,Q1,390050000,0.0,390050000.0,1.0,6075000.0,0.0,0.0,-11400000.0,313800000.0,335675000,7850000.0,13000000.0,67375000,0.1727342648378413,54375000.0,0.13940520446096655,0.0,42075000.0,0.10787078579669274,15250000.0,26200000.0,0.06717087552877836,0.588229,0.588229,44425895,44425895,https://find-and-update.company-information.service.gov.uk/search/companies?q=Vesuvius+PLC,https://find-and-update.company-information.service.gov.uk/search/companies?q=Vesuvius+PLC,1620599658,18:34:18,20210509
96,1994-09-30,VSVS.L,GBP,1994-09-30,1994-09-30,Q3,357125000,0.0,357125000.0,1.0,5475000.0,0.0,0.0,-20300000.0,284850000.0,302875000,6200000.0,11575000.0,65825000,0.18431921596079803,54250000.0,0.151907595379769,0.0,12775000.0,0.03577178858942947,9150000.0,3625000.0,0.010150507525376268,0.09380775,0.09380775,38971446,38971446,https://find-and-update.company-information.service.gov.uk/search/companies?q=Vesuvius+PLC,https://find-and-update.company-information.service.gov.uk/search/companies?q=Vesuvius+PLC,1620599658,18:34:18,20210509
97,1994-06-30,VSVS.L,GBP,1994-06-30,1994-06-30,Q2,357125000,0.0,357125000.0,1.0,5475000.0,0.0,0.0,-20300000.0,284850000.0,302875000,6200000.0,11575000.0,65825000,0.18431921596079803,54250000.0,0.151907595379769,0.0,12775000.0,0.03577178858942947,9150000.0,3625000.0,0.010150507525376268,0.09380775,0.09380775,38971446,38971446,https://find-and-update.company-information.service.gov.uk/search/companies?q=Vesuvius+PLC,https://find-and-update.company-information.service.gov.uk/search/companies?q=Vesuvius+PLC,1620599658,18:34:18,20210509
98,1994-03-31,VSVS.L,GBP,1994-03-31,1994-03-31,Q1,357125000,0.0,357125000.0,1.0,5475000.0,0.0,0.0,-20300000.0,284850000.0,302875000,6200000.0,11575000.0,65825000,0.18431921596079803,54250000.0,0.151907595379769,0.0,12775000.0,0.03577178858942947,9150000.0,3625000.0,0.010150507525376268,0.09380775,0.09380775,38971446,38971446,https://find-and-update.company-information.service.gov.uk/search/companies?q=Vesuvius+PLC,https://find-and-update.company-information.service.gov.uk/search/companies?q=Vesuvius+PLC,1620599658,18:34:18,20210509
99,1994-01-31,VSVS.L,GBP,1994-01-31,1994-01-31,Q1,357125000,0.0,357125000.0,1.0,5475000.0,0.0,0.0,-20300000.0,284850000.0,302875000,6200000.0,11575000.0,65825000,0.18431921596079803,54250000.0,0.151907595379769,0.0,12775000.0,0.03577178858942947,9150000.0,3625000.0,0.010150507525376268,0.09380775,0.09380775,38971446,38971446,https://find-and-update.company-information.service.gov.uk/search/companies?q=Vesuvius+PLC,https://find-and-update.company-information.service.gov.uk/search/companies?q=Vesuvius+PLC,1620599658,18:34:18,20210509
100,1993-09-30,VSVS.L,GBP,1993-09-30,1993-09-30,Q3,338225000,0.0,338225000.0,1.0,5000000.0,0.0,0.0,1775000.0,295075000.0,312825000,6875000.0,11725000.0,37125000,0.1097642102150935,25400000.0,0.07509793776332323,0.0,23750000.0,0.0702195284204302,7375000.0,16350000.0,0.04834060167048562,0.4365665,0.4365665,37275625,37275625,https://find-and-update.company-information.service.gov.uk/search/companies?q=Vesuvius+PLC,https://find-and-update.company-information.service.gov.uk/search/companies?q=Vesuvius+PLC,1620599658,18:34:18,20210509
101,1993-06-30,VSVS.L,GBP,1993-06-30,1993-06-30,Q2,338225000,0.0,338225000.0,1.0,5000000.0,0.0,0.0,1775000.0,295075000.0,312825000,6875000.0,11725000.0,37125000,0.1097642102150935,25400000.0,0.07509793776332323,0.0,23750000.0,0.0702195284204302,7375000.0,16350000.0,0.04834060167048562,0.4365665,0.4365665,37275625,37275625,https://find-and-update.company-information.service.gov.uk/search/companies?q=Vesuvius+PLC,https://find-and-update.company-information.service.gov.uk/search/companies?q=Vesuvius+PLC,1620599658,18:34:18,20210509
102,1993-03-31,VSVS.L,GBP,1993-03-31,1993-03-31,Q1,338225000,0.0,338225000.0,1.0,5000000.0,0.0,0.0,1775000.0,295075000.0,312825000,6875000.0,11725000.0,37125000,0.1097642102150935,25400000.0,0.07509793776332323,0.0,23750000.0,0.0702195284204302,7375000.0,16350000.0,0.04834060167048562,0.4365665,0.4365665,37275625,37275625,https://find-and-update.company-information.service.gov.uk/search/companies?q=Vesuvius+PLC,https://find-and-update.company-information.service.gov.uk/search/companies?q=Vesuvius+PLC,1620599658,18:34:18,20210509
103,1993-01-31,VSVS.L,GBP,1993-01-31,1993-01-31,Q1,338225000,0.0,338225000.0,1.0,5000000.0,0.0,0.0,1775000.0,295075000.0,312825000,6875000.0,11725000.0,37125000,0.1097642102150935,25400000.0,0.07509793776332323,0.0,23750000.0,0.0702195284204302,7375000.0,16350000.0,0.04834060167048562,0.4365665,0.4365665,37275625,37275625,https://find-and-update.company-information.service.gov.uk/search/companies?q=Vesuvius+PLC,https://find-and-update.company-information.service.gov.uk/search/companies?q=Vesuvius+PLC,1620599658,18:34:18,20210509
104,1992-09-30,VSVS.L,GBP,1992-09-30,1992-09-30,Q3,284875000,0.0,284875000.0,1.0,5075000.0,0.0,0.0,-750000.0,247325000.0,263300000,8125000.0,10000000.0,31575000,0.11083808688021062,21575000.0,0.07573497147871873,0.0,14975000.0,0.05256691531373409,5025000.0,9325000.0,0.03273365511189118,0.295855,0.295855,30901920,30901920,https://find-and-update.company-information.service.gov.uk/search/companies?q=Vesuvius+PLC,https://find-and-update.company-information.service.gov.uk/search/companies?q=Vesuvius+PLC,1620599658,18:34:18,20210509
105,1992-06-30,VSVS.L,GBP,1992-06-30,1992-06-30,Q2,284875000,0.0,284875000.0,1.0,5075000.0,0.0,0.0,-750000.0,247325000.0,263300000,8125000.0,10000000.0,31575000,0.11083808688021062,21575000.0,0.07573497147871873,0.0,14975000.0,0.05256691531373409,5025000.0,9325000.0,0.03273365511189118,0.295855,0.295855,30901920,30901920,https://find-and-update.company-information.service.gov.uk/search/companies?q=Vesuvius+PLC,https://find-and-update.company-information.service.gov.uk/search/companies?q=Vesuvius+PLC,1620599658,18:34:18,20210509
106,1992-03-31,VSVS.L,GBP,1992-03-31,1992-03-31,Q1,284875000,0.0,284875000.0,1.0,5075000.0,0.0,0.0,-750000.0,247325000.0,263300000,8125000.0,10000000.0,31575000,0.11083808688021062,21575000.0,0.07573497147871873,0.0,14975000.0,0.05256691531373409,5025000.0,9325000.0,0.03273365511189118,0.295855,0.295855,30901920,30901920,https://find-and-update.company-information.service.gov.uk/search/companies?q=Vesuvius+PLC,https://find-and-update.company-information.service.gov.uk/search/companies?q=Vesuvius+PLC,1620599658,18:34:18,20210509
107,1992-01-31,VSVS.L,GBP,1992-01-31,1992-01-31,Q1,284875000,0.0,284875000.0,1.0,5075000.0,0.0,0.0,-750000.0,247325000.0,263300000,8125000.0,10000000.0,31575000,0.11083808688021062,21575000.0,0.07573497147871873,0.0,14975000.0,0.05256691531373409,5025000.0,9325000.0,0.03273365511189118,0.295855,0.295855,30901920,30901920,https://find-and-update.company-information.service.gov.uk/search/companies?q=Vesuvius+PLC,https://find-and-update.company-information.service.gov.uk/search/companies?q=Vesuvius+PLC,1620599658,18:34:18,20210509
108,1991-09-30,VSVS.L,GBP,1991-09-30,1991-09-30,Q3,291000000,0.0,291000000.0,1.0,4050000.0,0.0,0.0,-12900000.0,247000000.0,261775000,7925000.0,9650000.0,38875000,0.13359106529209622,29225000.0,0.10042955326460482,0.0,-1975000.0,-0.006786941580756014,4775000.0,-8875000.0,-0.03049828178694158,-0.303071,-0.303071,29497051,29497051,https://find-and-update.company-information.service.gov.uk/search/companies?q=Vesuvius+PLC,https://find-and-update.company-information.service.gov.uk/search/companies?q=Vesuvius+PLC,1620599658,18:34:18,20210509
109,1991-06-30,VSVS.L,GBP,1991-06-30,1991-06-30,Q2,291000000,0.0,291000000.0,1.0,4050000.0,0.0,0.0,-12900000.0,247000000.0,261775000,7925000.0,9650000.0,38875000,0.13359106529209622,29225000.0,0.10042955326460482,0.0,-1975000.0,-0.006786941580756014,4775000.0,-8875000.0,-0.03049828178694158,-0.303071,-0.303071,29497051,29497051,https://find-and-update.company-information.service.gov.uk/search/companies?q=Vesuvius+PLC,https://find-and-update.company-information.service.gov.uk/search/companies?q=Vesuvius+PLC,1620599658,18:34:18,20210509
110,1991-03-31,VSVS.L,GBP,1991-03-31,1991-03-31,Q1,291000000,0.0,291000000.0,1.0,4050000.0,0.0,0.0,-12900000.0,247000000.0,261775000,7925000.0,9650000.0,38875000,0.13359106529209622,29225000.0,0.10042955326460482,0.0,-1975000.0,-0.006786941580756014,4775000.0,-8875000.0,-0.03049828178694158,-0.303071,-0.303071,29497051,29497051,https://find-and-update.company-information.service.gov.uk/search/companies?q=Vesuvius+PLC,https://find-and-update.company-information.service.gov.uk/search/companies?q=Vesuvius+PLC,1620599658,18:34:18,20210509
111,1991-01-31,VSVS.L,GBP,1991-01-31,1991-01-31,Q1,291000000,0.0,291000000.0,1.0,4050000.0,0.0,0.0,-12900000.0,247000000.0,261775000,7925000.0,9650000.0,38875000,0.13359106529209622,29225000.0,0.10042955326460482,0.0,-1975000.0,-0.006786941580756014,4775000.0,-8875000.0,-0.03049828178694158,-0.303071,-0.303071,29497051,29497051,https://find-and-update.company-information.service.gov.uk/search/companies?q=Vesuvius+PLC,https://find-and-update.company-information.service.gov.uk/search/companies?q=Vesuvius+PLC,1620599658,18:34:18,20210509
112,1990-09-30,VSVS.L,GBP,1990-09-30,1990-09-30,Q3,367050000,0.0,367050000.0,1.0,5575000.0,0.0,0.0,18925000.0,348800000.0,367050000,16725000.0,11200000.0,52300000,7.0181644359464626,0.0,0.0,0.0,24375000.0,0.06640784634246015,9950000.0,3900000.0,0.010625255414793625,-0.64222175,-0.64222175,25214054,25214054,https://find-and-update.company-information.service.gov.uk/search/companies?q=Vesuvius+PLC,https://find-and-update.company-information.service.gov.uk/search/companies?q=Vesuvius+PLC,1620599658,18:34:18,20210509
113,1990-06-30,VSVS.L,GBP,1990-06-30,1990-06-30,Q2,367050000,0.0,367050000.0,1.0,5575000.0,0.0,0.0,18925000.0,348800000.0,367050000,16725000.0,11200000.0,52300000,7.0181644359464626,0.0,0.0,0.0,24375000.0,0.06640784634246015,9950000.0,3900000.0,0.010625255414793625,-0.64222175,-0.64222175,25214054,25214054,https://find-and-update.company-information.service.gov.uk/search/companies?q=Vesuvius+PLC,https://find-and-update.company-information.service.gov.uk/search/companies?q=Vesuvius+PLC,1620599658,18:34:18,20210509
114,1990-03-31,VSVS.L,GBP,1990-03-31,1990-03-31,Q1,367050000,0.0,367050000.0,1.0,5575000.0,0.0,0.0,18925000.0,348800000.0,367050000,16725000.0,11200000.0,52300000,7.0181644359464626,0.0,0.0,0.0,24375000.0,0.06640784634246015,9950000.0,3900000.0,0.010625255414793625,-0.64222175,-0.64222175,25214054,25214054,https://find-and-update.company-information.service.gov.uk/search/companies?q=Vesuvius+PLC,https://find-and-update.company-information.service.gov.uk/search/companies?q=Vesuvius+PLC,1620599658,18:34:18,20210509
115,1990-01-31,VSVS.L,GBP,1990-01-31,1990-01-31,Q1,367050000,0.0,367050000.0,1.0,5575000.0,0.0,0.0,18925000.0,348800000.0,367050000,16725000.0,11200000.0,52300000,7.0181644359464626,0.0,0.0,0.0,24375000.0,0.06640784634246015,9950000.0,3900000.0,0.010625255414793625,-0.64222175,-0.64222175,25214054,25214054,https://find-and-update.company-information.service.gov.uk/search/companies?q=Vesuvius+PLC,https://find-and-update.company-information.service.gov.uk/search/companies?q=Vesuvius+PLC,1620599658,18:34:18,20210509
116,1989-09-30,VSVS.L,GBP,1989-09-30,1989-09-30,Q3,355850000,0.0,355850000.0,1.0,4275000.0,0.0,0.0,29800000.0,340500000.0,355850000,13925000.0,9775000.0,69450000,5.123830093592512,0.0,0.0,0.0,45750000.0,0.12856540677251652,16425000.0,26250000.0,0.07376703667275537,0.98858875,0.98858875,25152316,25152316,https://find-and-update.company-information.service.gov.uk/search/companies?q=Vesuvius+PLC,https://find-and-update.company-information.service.gov.uk/search/companies?q=Vesuvius+PLC,1620599658,18:34:18,20210509
117,1989-06-30,VSVS.L,GBP,1989-06-30,1989-06-30,Q2,355850000,0.0,355850000.0,1.0,4275000.0,0.0,0.0,29800000.0,340500000.0,355850000,13925000.0,9775000.0,69450000,5.123830093592512,0.0,0.0,0.0,45750000.0,0.12856540677251652,16425000.0,26250000.0,0.07376703667275537,0.98858875,0.98858875,25152316,25152316,https://find-and-update.company-information.service.gov.uk/search/companies?q=Vesuvius+PLC,https://find-and-update.company-information.service.gov.uk/search/companies?q=Vesuvius+PLC,1620599658,18:34:18,20210509
118,1989-03-31,VSVS.L,GBP,1989-03-31,1989-03-31,Q1,355850000,0.0,355850000.0,1.0,4275000.0,0.0,0.0,29800000.0,340500000.0,355850000,13925000.0,9775000.0,69450000,5.123830093592512,0.0,0.0,0.0,45750000.0,0.12856540677251652,16425000.0,26250000.0,0.07376703667275537,0.98858875,0.98858875,25152316,25152316,https://find-and-update.company-information.service.gov.uk/search/companies?q=Vesuvius+PLC,https://find-and-update.company-information.service.gov.uk/search/companies?q=Vesuvius+PLC,1620599658,18:34:18,20210509
119,1989-01-31,VSVS.L,GBP,1989-01-31,1989-01-31,Q1,355850000,0.0,355850000.0,1.0,4275000.0,0.0,0.0,29800000.0,340500000.0,355850000,13925000.0,9775000.0,69450000,5.123830093592512,0.0,0.0,0.0,45750000.0,0.12856540677251652,16425000.0,26250000.0,0.07376703667275537,0.98858875,0.98858875,25152316,25152316,https://find-and-update.company-information.service.gov.uk/search/companies?q=Vesuvius+PLC,https://find-and-update.company-information.service.gov.uk/search/companies?q=Vesuvius+PLC,1620599658,18:34:18,20210509
120,1988-09-30,VSVS.L,GBP,1988-09-30,1988-09-30,Q3,288550000,0.0,288550000.0,1.0,0.0,0.0,0.0,25200000.0,280275000.0,288550000,6325000.0,7100000.0,57925000,4.98144151920587,0.0,0.0,0.0,44500000.0,0.15421937272569744,15500000.0,25850000.0,0.08958586033616357,1.36754375,1.36754375,18902503,18902503,https://find-and-update.company-information.service.gov.uk/search/companies?q=Vesuvius+PLC,https://find-and-update.company-information.service.gov.uk/search/companies?q=Vesuvius+PLC,1620599658,18:34:18,20210509
121,1988-06-30,VSVS.L,GBP,1988-06-30,1988-06-30,Q2,288550000,0.0,288550000.0,1.0,0.0,0.0,0.0,25200000.0,280275000.0,288550000,6325000.0,7100000.0,57925000,4.98144151920587,0.0,0.0,0.0,44500000.0,0.15421937272569744,15500000.0,25850000.0,0.08958586033616357,1.36754375,1.36754375,18902503,18902503,https://find-and-update.company-information.service.gov.uk/search/companies?q=Vesuvius+PLC,https://find-and-update.company-information.service.gov.uk/search/companies?q=Vesuvius+PLC,1620599658,18:34:18,20210509
122,1988-03-31,VSVS.L,GBP,1988-03-31,1988-03-31,Q1,288550000,0.0,288550000.0,1.0,0.0,0.0,0.0,25200000.0,280275000.0,288550000,6325000.0,7100000.0,57925000,4.98144151920587,0.0,0.0,0.0,44500000.0,0.15421937272569744,15500000.0,25850000.0,0.08958586033616357,1.36754375,1.36754375,18902503,18902503,https://find-and-update.company-information.service.gov.uk/search/companies?q=Vesuvius+PLC,https://find-and-update.company-information.service.gov.uk/search/companies?q=Vesuvius+PLC,1620599658,18:34:18,20210509
123,1988-01-31,VSVS.L,GBP,1988-01-31,1988-01-31,Q1,288550000,0.0,288550000.0,1.0,0.0,0.0,0.0,25200000.0,280275000.0,288550000,6325000.0,7100000.0,57925000,4.98144151920587,0.0,0.0,0.0,44500000.0,0.15421937272569744,15500000.0,25850000.0,0.08958586033616357,1.36754375,1.36754375,18902503,18902503,https://find-and-update.company-information.service.gov.uk/search/companies?q=Vesuvius+PLC,https://find-and-update.company-information.service.gov.uk/search/companies?q=Vesuvius+PLC,1620599658,18:34:18,20210509
124,1987-09-30,VSVS.L,GBP,1987-09-30,1987-09-30,Q3,208975000,0.0,0.0,0.0,0.0,0.0,0.0,0.0,203625000.0,208975000,4950000.0,4750000.0,45650000,4.57776560788609,0.0,0.0,0.0,35950000.0,0.17203014714678788,12550000.0,22375000.0,0.1070702237109702,1.001597,1.001597,22339322,22339322,https://find-and-update.company-information.service.gov.uk/search/companies?q=Vesuvius+PLC,https://find-and-update.company-information.service.gov.uk/search/companies?q=Vesuvius+PLC,1620599658,18:34:18,20210509
125,1987-06-30,VSVS.L,GBP,1987-06-30,1987-06-30,Q2,208975000,0.0,0.0,0.0,0.0,0.0,0.0,0.0,203625000.0,208975000,4950000.0,4750000.0,45650000,4.57776560788609,0.0,0.0,0.0,35950000.0,0.17203014714678788,12550000.0,22375000.0,0.1070702237109702,1.001597,1.001597,22339322,22339322,https://find-and-update.company-information.service.gov.uk/search/companies?q=Vesuvius+PLC,https://find-and-update.company-information.service.gov.uk/search/companies?q=Vesuvius+PLC,1620599658,18:34:18,20210509
126,1987-03-31,VSVS.L,GBP,1987-03-31,1987-03-31,Q1,208975000,0.0,0.0,0.0,0.0,0.0,0.0,0.0,203625000.0,208975000,4950000.0,4750000.0,45650000,4.57776560788609,0.0,0.0,0.0,35950000.0,0.17203014714678788,12550000.0,22375000.0,0.1070702237109702,1.001597,1.001597,22339322,22339322,https://find-and-update.company-information.service.gov.uk/search/companies?q=Vesuvius+PLC,https://find-and-update.company-information.service.gov.uk/search/companies?q=Vesuvius+PLC,1620599658,18:34:18,20210509
127,1987-01-31,VSVS.L,GBP,1987-01-31,1987-01-31,Q1,208975000,0.0,0.0,0.0,0.0,0.0,0.0,0.0,203625000.0,208975000,4950000.0,4750000.0,45650000,4.57776560788609,0.0,0.0,0.0,35950000.0,0.17203014714678788,12550000.0,22375000.0,0.1070702237109702,1.001597,1.001597,22339322,22339322,https://find-and-update.company-information.service.gov.uk/search/companies?q=Vesuvius+PLC,https://find-and-update.company-information.service.gov.uk/search/companies?q=Vesuvius+PLC,1620599658,18:34:18,20210509
128,1986-09-30,VSVS.L,GBP,1986-09-30,1986-09-30,Q3,243025000,0.0,243025000.0,1.0,0.0,0.0,0.0,12335000.0,238675000.0,243025000,4400000.0,3750000.0,31775000,7.648308418568057,0.0,0.0,0.0,23625000.0,0.0972122209649213,8575000.0,11700000.0,0.048143195144532455,0.607388,0.607388,19262814,19262814,https://find-and-update.company-information.service.gov.uk/search/companies?q=Vesuvius+PLC,https://find-and-update.company-information.service.gov.uk/search/companies?q=Vesuvius+PLC,1620599658,18:34:18,20210509
129,1986-06-30,VSVS.L,GBP,1986-06-30,1986-06-30,Q2,243025000,0.0,243025000.0,1.0,0.0,0.0,0.0,12335000.0,238675000.0,243025000,4400000.0,3750000.0,31775000,7.648308418568057,0.0,0.0,0.0,23625000.0,0.0972122209649213,8575000.0,11700000.0,0.048143195144532455,0.607388,0.607388,19262814,19262814,https://find-and-update.company-information.service.gov.uk/search/companies?q=Vesuvius+PLC,https://find-and-update.company-information.service.gov.uk/search/companies?q=Vesuvius+PLC,1620599658,18:34:18,20210509
130,1986-03-31,VSVS.L,GBP,1986-03-31,1986-03-31,Q1,243025000,0.0,243025000.0,1.0,0.0,0.0,0.0,12335000.0,238675000.0,243025000,4400000.0,3750000.0,31775000,7.648308418568057,0.0,0.0,0.0,23625000.0,0.0972122209649213,8575000.0,11700000.0,0.048143195144532455,0.607388,0.607388,19262814,19262814,https://find-and-update.company-information.service.gov.uk/search/companies?q=Vesuvius+PLC,https://find-and-update.company-information.service.gov.uk/search/companies?q=Vesuvius+PLC,1620599658,18:34:18,20210509
131,1986-01-31,VSVS.L,GBP,1986-01-31,1986-01-31,Q1,243025000,0.0,243025000.0,1.0,0.0,0.0,0.0,12335000.0,238675000.0,243025000,4400000.0,3750000.0,31775000,7.648308418568057,0.0,0.0,0.0,23625000.0,0.0972122209649213,8575000.0,11700000.0,0.048143195144532455,0.607388,0.607388,19262814,19262814,https://find-and-update.company-information.service.gov.uk/search/companies?q=Vesuvius+PLC,https://find-and-update.company-information.service.gov.uk/search/companies?q=Vesuvius+PLC,1620599658,18:34:18,20210509
132,1985-09-30,VSVS.L,GBP,1985-09-30,1985-09-30,Q3,216825000,0.0,216825000.0,1.0,0.0,0.0,0.0,7200000.0,213325000.0,216825000,3450000.0,2750000.0,23100000,9.386363636363637,0.0,0.0,0.0,16900000.0,0.07794304162342904,5425000.0,9300000.0,0.04289173296437219,0.4884175,0.4884175,19041084,19041084,https://find-and-update.company-information.service.gov.uk/search/companies?q=Vesuvius+PLC,https://find-and-update.company-information.service.gov.uk/search/companies?q=Vesuvius+PLC,1620599658,18:34:18,20210509
133,1985-06-30,VSVS.L,GBP,1985-06-30,1985-06-30,Q2,216825000,0.0,216825000.0,1.0,0.0,0.0,0.0,7200000.0,213325000.0,216825000,3450000.0,2750000.0,23100000,9.386363636363637,0.0,0.0,0.0,16900000.0,0.07794304162342904,5425000.0,9300000.0,0.04289173296437219,0.4884175,0.4884175,19041084,19041084,https://find-and-update.company-information.service.gov.uk/search/companies?q=Vesuvius+PLC,https://find-and-update.company-information.service.gov.uk/search/companies?q=Vesuvius+PLC,1620599658,18:34:18,20210509
134,1985-03-31,VSVS.L,GBP,1985-03-31,1985-03-31,Q1,216825000,0.0,216825000.0,1.0,0.0,0.0,0.0,7200000.0,213325000.0,216825000,3450000.0,2750000.0,23100000,9.386363636363637,0.0,0.0,0.0,16900000.0,0.07794304162342904,5425000.0,9300000.0,0.04289173296437219,0.4884175,0.4884175,19041084,19041084,https://find-and-update.company-information.service.gov.uk/search/companies?q=Vesuvius+PLC,https://find-and-update.company-information.service.gov.uk/search/companies?q=Vesuvius+PLC,1620599658,18:34:18,20210509
135,1985-01-31,VSVS.L,GBP,1985-01-31,1985-01-31,Q1,216825000,0.0,216825000.0,1.0,0.0,0.0,0.0,7200000.0,213325000.0,216825000,3450000.0,2750000.0,23100000,9.386363636363637,0.0,0.0,0.0,16900000.0,0.07794304162342904,5425000.0,9300000.0,0.04289173296437219,0.4884175,0.4884175,19041084,19041084,https://find-and-update.company-information.service.gov.uk/search/companies?q=Vesuvius+PLC,https://find-and-update.company-information.service.gov.uk/search/companies?q=Vesuvius+PLC,1620599658,18:34:18,20210509
