,date,symbol,reportedCurrency,fillingDate,acceptedDate,period,revenue,costOfRevenue,grossProfit,grossProfitRatio,researchAndDevelopmentExpenses,generalAndAdministrativeExpenses,sellingAndMarketingExpenses,otherExpenses,operatingExpenses,costAndExpenses,interestExpense,depreciationAndAmortization,ebitda,ebitdaratio,operatingIncome,operatingIncomeRatio,totalOtherIncomeExpensesNet,incomeBeforeTax,incomeBeforeTaxRatio,incomeTaxExpense,netIncome,netIncomeRatio,eps,epsdiluted,weightedAverageShsOut,weightedAverageShsOutDil,link,finalLink,timestamp,est_time,est_date
0,2019-06-30,1118.HK,HKD,2019-06-30,2019-06-30,Q2,700933750,606434750,94499000,0.1348187328688339,0.0,42752750,28780250.0,-9515750.0,11032500.0,674857250,10551000.0,24897000.0,50973500.0,0.07272227938803061,26076500.0,0.037202517356312206,0.0,3599000.0,0.005134579409252301,1486250.0,-1558250.0,-0.002223105964008724,-0.00275,-0.00275,567143626,567143626,https://www1.hkexnews.hk/search/titlesearch.xhtml,https://www1.hkexnews.hk/search/titlesearch.xhtml,1620585083,14:31:23,20210509
1,2019-03-31,1118.HK,HKD,2019-03-31,2019-03-31,Q1,700933750,606434750,94499000,0.1348187328688339,0.0,42752750,28780250.0,-9515750.0,11032500.0,674857250,10551000.0,24897000.0,50973500.0,0.07272227938803061,26076500.0,0.037202517356312206,0.0,3599000.0,0.005134579409252301,1486250.0,-1558250.0,-0.002223105964008724,-0.00275,-0.00275,567143626,567143626,https://www1.hkexnews.hk/search/titlesearch.xhtml,https://www1.hkexnews.hk/search/titlesearch.xhtml,1620585083,14:31:23,20210509
2,2019-01-31,1118.HK,HKD,2019-01-31,2019-01-31,Q1,700933750,606434750,94499000,0.1348187328688339,0.0,42752750,28780250.0,-9515750.0,11032500.0,674857250,10551000.0,24897000.0,50973500.0,0.07272227938803061,26076500.0,0.037202517356312206,0.0,3599000.0,0.005134579409252301,1486250.0,-1558250.0,-0.002223105964008724,-0.00275,-0.00275,567143626,567143626,https://www1.hkexnews.hk/search/titlesearch.xhtml,https://www1.hkexnews.hk/search/titlesearch.xhtml,1620585083,14:31:23,20210509
3,2018-06-30,1118.HK,HKD,2018-06-30,2018-06-30,Q2,771800000,710557250,61242750,0.07935054418243068,0.0,43969250,25024750.0,-6582000.0,8152500.0,777766500,6666000.0,9608000.0,3641500.0,0.004718191241254211,-5966500.0,-0.007730629696812646,0.0,-19548750.0,-0.025328776885203422,456500.0,-21195500.0,-0.027462425498833896,-0.037725,-0.037725,561922500,561922500,https://www1.hkexnews.hk/search/titlesearch.xhtml,https://www1.hkexnews.hk/search/titlesearch.xhtml,1620585083,14:31:23,20210509
4,2018-03-31,1118.HK,HKD,2018-03-31,2018-03-31,Q1,771800000,710557250,61242750,0.07935054418243068,0.0,43969250,25024750.0,-6582000.0,8152500.0,777766500,6666000.0,9608000.0,3641500.0,0.004718191241254211,-5966500.0,-0.007730629696812646,0.0,-19548750.0,-0.025328776885203422,456500.0,-21195500.0,-0.027462425498833896,-0.037725,-0.037725,561922500,561922500,https://www1.hkexnews.hk/search/titlesearch.xhtml,https://www1.hkexnews.hk/search/titlesearch.xhtml,1620585083,14:31:23,20210509
5,2018-01-31,1118.HK,HKD,2018-01-31,2018-01-31,Q1,771800000,710557250,61242750,0.07935054418243068,0.0,43969250,25024750.0,-6582000.0,8152500.0,777766500,6666000.0,9608000.0,3641500.0,0.004718191241254211,-5966500.0,-0.007730629696812646,0.0,-19548750.0,-0.025328776885203422,456500.0,-21195500.0,-0.027462425498833896,-0.037725,-0.037725,561922500,561922500,https://www1.hkexnews.hk/search/titlesearch.xhtml,https://www1.hkexnews.hk/search/titlesearch.xhtml,1620585083,14:31:23,20210509
6,2017-06-30,1118.HK,HKD,2017-06-30,2017-06-30,Q2,685551750,594940250,90611500,0.13217309998843996,0.0,46983250,27110500.0,-4287000.0,-5086250.0,661199750,4102000.0,9460000.0,33812000.0,0.04932085725111197,24352000.0,0.03552175309887255,0.0,17292000.0,0.0252234787526981,5069750.0,10608000.0,0.015473667742807163,0.018875,0.018875,561922500,561922500,https://www1.hkexnews.hk/search/titlesearch.xhtml,https://www1.hkexnews.hk/search/titlesearch.xhtml,1620585083,14:31:23,20210509
7,2017-03-31,1118.HK,HKD,2017-03-31,2017-03-31,Q1,685551750,594940250,90611500,0.13217309998843996,0.0,46983250,27110500.0,-4287000.0,-5086250.0,661199750,4102000.0,9460000.0,33812000.0,0.04932085725111197,24352000.0,0.03552175309887255,0.0,17292000.0,0.0252234787526981,5069750.0,10608000.0,0.015473667742807163,0.018875,0.018875,561922500,561922500,https://www1.hkexnews.hk/search/titlesearch.xhtml,https://www1.hkexnews.hk/search/titlesearch.xhtml,1620585083,14:31:23,20210509
8,2017-01-31,1118.HK,HKD,2017-01-31,2017-01-31,Q1,685551750,594940250,90611500,0.13217309998843996,0.0,46983250,27110500.0,-4287000.0,-5086250.0,661199750,4102000.0,9460000.0,33812000.0,0.04932085725111197,24352000.0,0.03552175309887255,0.0,17292000.0,0.0252234787526981,5069750.0,10608000.0,0.015473667742807163,0.018875,0.018875,561922500,561922500,https://www1.hkexnews.hk/search/titlesearch.xhtml,https://www1.hkexnews.hk/search/titlesearch.xhtml,1620585083,14:31:23,20210509
9,2016-06-30,1118.HK,HKD,2016-06-30,2016-06-30,Q2,540113500,440552500,99561000,0.1843334780560012,0.0,46814750,23985750.0,2303250.0,-623750.0,507255500,3046000.0,10077750.0,42935750.0,0.07949393969971126,32858000.0,0.06083536145643462,0.0,27670250.0,0.051230435825062696,6382000.0,18167500.0,0.033636448635333126,0.032325,0.032325,561922500,561922500,https://www1.hkexnews.hk/search/titlesearch.xhtml,https://www1.hkexnews.hk/search/titlesearch.xhtml,1620585083,14:31:23,20210509
10,2016-03-31,1118.HK,HKD,2016-03-31,2016-03-31,Q1,540113500,440552500,99561000,0.1843334780560012,0.0,46814750,23985750.0,2303250.0,-623750.0,507255500,3046000.0,10077750.0,42935750.0,0.07949393969971126,32858000.0,0.06083536145643462,0.0,27670250.0,0.051230435825062696,6382000.0,18167500.0,0.033636448635333126,0.032325,0.032325,561922500,561922500,https://www1.hkexnews.hk/search/titlesearch.xhtml,https://www1.hkexnews.hk/search/titlesearch.xhtml,1620585083,14:31:23,20210509
11,2016-01-31,1118.HK,HKD,2016-01-31,2016-01-31,Q1,540113500,440552500,99561000,0.1843334780560012,0.0,46814750,23985750.0,2303250.0,-623750.0,507255500,3046000.0,10077750.0,42935750.0,0.07949393969971126,32858000.0,0.06083536145643462,0.0,27670250.0,0.051230435825062696,6382000.0,18167500.0,0.033636448635333126,0.032325,0.032325,561922500,561922500,https://www1.hkexnews.hk/search/titlesearch.xhtml,https://www1.hkexnews.hk/search/titlesearch.xhtml,1620585083,14:31:23,20210509
12,2015-09-30,1118.HK,HKD,2015-09-30,2015-09-30,Q3,631125500,529591250,101534250,0.16087806624831352,0.0,43066750,22925500.0,2860500.0,4298000.0,597620250,4155000.0,9941250.0,43446500.0,0.06883971571422799,33505250.0,0.053088094206302866,0.0,31202250.0,0.04943905768345599,5840250.0,23185000.0,0.03673595822067085,0.04125,0.04125,561922500,561922500,https://www1.hkexnews.hk/search/titlesearch.xhtml,https://www1.hkexnews.hk/search/titlesearch.xhtml,1620585083,14:31:23,20210509
13,2015-06-30,1118.HK,HKD,2015-06-30,2015-06-30,Q2,631125500,529591250,101534250,0.16087806624831352,0.0,43066750,22925500.0,2860500.0,4298000.0,597620250,4155000.0,9941250.0,43446500.0,0.06883971571422799,33505250.0,0.053088094206302866,0.0,31202250.0,0.04943905768345599,5840250.0,23185000.0,0.03673595822067085,0.04125,0.04125,561922500,561922500,https://www1.hkexnews.hk/search/titlesearch.xhtml,https://www1.hkexnews.hk/search/titlesearch.xhtml,1620585083,14:31:23,20210509
14,2015-03-31,1118.HK,HKD,2015-03-31,2015-03-31,Q1,631125500,529591250,101534250,0.16087806624831352,0.0,43066750,22925500.0,2860500.0,4298000.0,597620250,4155000.0,9941250.0,43446500.0,0.06883971571422799,33505250.0,0.053088094206302866,0.0,31202250.0,0.04943905768345599,5840250.0,23185000.0,0.03673595822067085,0.04125,0.04125,561922500,561922500,https://www1.hkexnews.hk/search/titlesearch.xhtml,https://www1.hkexnews.hk/search/titlesearch.xhtml,1620585083,14:31:23,20210509
15,2015-01-31,1118.HK,HKD,2015-01-31,2015-01-31,Q1,631125500,529591250,101534250,0.16087806624831352,0.0,43066750,22925500.0,2860500.0,4298000.0,597620250,4155000.0,9941250.0,43446500.0,0.06883971571422799,33505250.0,0.053088094206302866,0.0,31202250.0,0.04943905768345599,5840250.0,23185000.0,0.03673595822067085,0.04125,0.04125,561922500,561922500,https://www1.hkexnews.hk/search/titlesearch.xhtml,https://www1.hkexnews.hk/search/titlesearch.xhtml,1620585083,14:31:23,20210509
16,2014-09-30,1118.HK,HKD,2014-09-30,2014-09-30,Q3,800328500,690049750,110278750,0.13779185671883482,0.0,44791250,23839250.0,3541000.0,1843500.0,757726250,7084000.0,10411500.0,53013750.0,0.06623998770504862,42602250.0,0.0532309545392923,0.0,35437500.0,0.04427869306166155,5251000.0,26859000.0,0.03355996943754971,0.0478,0.0478,561922500,561922500,https://www1.hkexnews.hk/search/titlesearch.xhtml,https://www1.hkexnews.hk/search/titlesearch.xhtml,1620585083,14:31:23,20210509
17,2014-06-30,1118.HK,HKD,2014-06-30,2014-06-30,Q2,800328500,690049750,110278750,0.13779185671883482,0.0,44791250,23839250.0,3541000.0,1843500.0,757726250,7084000.0,10411500.0,53013750.0,0.06623998770504862,42602250.0,0.0532309545392923,0.0,35437500.0,0.04427869306166155,5251000.0,26859000.0,0.03355996943754971,0.0478,0.0478,561922500,561922500,https://www1.hkexnews.hk/search/titlesearch.xhtml,https://www1.hkexnews.hk/search/titlesearch.xhtml,1620585083,14:31:23,20210509
18,2014-03-31,1118.HK,HKD,2014-03-31,2014-03-31,Q1,800328500,690049750,110278750,0.13779185671883482,0.0,44791250,23839250.0,3541000.0,1843500.0,757726250,7084000.0,10411500.0,53013750.0,0.06623998770504862,42602250.0,0.0532309545392923,0.0,35437500.0,0.04427869306166155,5251000.0,26859000.0,0.03355996943754971,0.0478,0.0478,561922500,561922500,https://www1.hkexnews.hk/search/titlesearch.xhtml,https://www1.hkexnews.hk/search/titlesearch.xhtml,1620585083,14:31:23,20210509
19,2014-01-31,1118.HK,HKD,2014-01-31,2014-01-31,Q1,800328500,690049750,110278750,0.13779185671883482,0.0,44791250,23839250.0,3541000.0,1843500.0,757726250,7084000.0,10411500.0,53013750.0,0.06623998770504862,42602250.0,0.0532309545392923,0.0,35437500.0,0.04427869306166155,5251000.0,26859000.0,0.03355996943754971,0.0478,0.0478,561922500,561922500,https://www1.hkexnews.hk/search/titlesearch.xhtml,https://www1.hkexnews.hk/search/titlesearch.xhtml,1620585083,14:31:23,20210509
20,2013-09-30,1118.HK,HKD,2013-09-30,2013-09-30,Q3,767541250,669845250,97696000,0.1272843641954097,0.0,43589250,22765500.0,3686250.0,6186250.0,739427000,6605500.0,9701750.0,37816000.0,0.049269013228930694,28114250.0,0.036628975967089715,0.0,28713750.0,0.03741004147985532,3273250.0,23055750.0,0.03003845070216096,0.041025,0.041025,561922500,561922500,https://www1.hkexnews.hk/search/titlesearch.xhtml,https://www1.hkexnews.hk/search/titlesearch.xhtml,1620585083,14:31:23,20210509
21,2013-06-30,1118.HK,HKD,2013-06-30,2013-06-30,Q2,767541250,669845250,97696000,0.1272843641954097,0.0,43589250,22765500.0,3686250.0,6186250.0,739427000,6605500.0,9701750.0,37816000.0,0.049269013228930694,28114250.0,0.036628975967089715,0.0,28713750.0,0.03741004147985532,3273250.0,23055750.0,0.03003845070216096,0.041025,0.041025,561922500,561922500,https://www1.hkexnews.hk/search/titlesearch.xhtml,https://www1.hkexnews.hk/search/titlesearch.xhtml,1620585083,14:31:23,20210509
22,2013-03-31,1118.HK,HKD,2013-03-31,2013-03-31,Q1,767541250,669845250,97696000,0.1272843641954097,0.0,43589250,22765500.0,3686250.0,6186250.0,739427000,6605500.0,9701750.0,37816000.0,0.049269013228930694,28114250.0,0.036628975967089715,0.0,28713750.0,0.03741004147985532,3273250.0,23055750.0,0.03003845070216096,0.041025,0.041025,561922500,561922500,https://www1.hkexnews.hk/search/titlesearch.xhtml,https://www1.hkexnews.hk/search/titlesearch.xhtml,1620585083,14:31:23,20210509
23,2013-01-31,1118.HK,HKD,2013-01-31,2013-01-31,Q1,767541250,669845250,97696000,0.1272843641954097,0.0,43589250,22765500.0,3686250.0,6186250.0,739427000,6605500.0,9701750.0,37816000.0,0.049269013228930694,28114250.0,0.036628975967089715,0.0,28713750.0,0.03741004147985532,3273250.0,23055750.0,0.03003845070216096,0.041025,0.041025,561922500,561922500,https://www1.hkexnews.hk/search/titlesearch.xhtml,https://www1.hkexnews.hk/search/titlesearch.xhtml,1620585083,14:31:23,20210509
24,2012-09-30,1118.HK,HKD,2012-09-30,2012-09-30,Q3,729125500,641223750,87901750,0.12055777777625389,0.0,39891500,20687000.0,3482250.0,3774500.0,704188750,7393500.0,9140250.0,34077000.0,0.04673681005533341,24936750.0,0.0342009023137992,0.0,23490250.0,0.03221701888083739,2261250.0,20437000.0,0.02802946817797485,0.036375,0.036375,561922500,561922500,https://www1.hkexnews.hk/search/titlesearch.xhtml,https://www1.hkexnews.hk/search/titlesearch.xhtml,1620585083,14:31:23,20210509
25,2012-06-30,1118.HK,HKD,2012-06-30,2012-06-30,Q2,729125500,641223750,87901750,0.12055777777625389,0.0,39891500,20687000.0,3482250.0,3774500.0,704188750,7393500.0,9140250.0,34077000.0,0.04673681005533341,24936750.0,0.0342009023137992,0.0,23490250.0,0.03221701888083739,2261250.0,20437000.0,0.02802946817797485,0.036375,0.036375,561922500,561922500,https://www1.hkexnews.hk/search/titlesearch.xhtml,https://www1.hkexnews.hk/search/titlesearch.xhtml,1620585083,14:31:23,20210509
26,2012-03-31,1118.HK,HKD,2012-03-31,2012-03-31,Q1,729125500,641223750,87901750,0.12055777777625389,0.0,39891500,20687000.0,3482250.0,3774500.0,704188750,7393500.0,9140250.0,34077000.0,0.04673681005533341,24936750.0,0.0342009023137992,0.0,23490250.0,0.03221701888083739,2261250.0,20437000.0,0.02802946817797485,0.036375,0.036375,561922500,561922500,https://www1.hkexnews.hk/search/titlesearch.xhtml,https://www1.hkexnews.hk/search/titlesearch.xhtml,1620585083,14:31:23,20210509
27,2012-01-31,1118.HK,HKD,2012-01-31,2012-01-31,Q1,729125500,641223750,87901750,0.12055777777625389,0.0,39891500,20687000.0,3482250.0,3774500.0,704188750,7393500.0,9140250.0,34077000.0,0.04673681005533341,24936750.0,0.0342009023137992,0.0,23490250.0,0.03221701888083739,2261250.0,20437000.0,0.02802946817797485,0.036375,0.036375,561922500,561922500,https://www1.hkexnews.hk/search/titlesearch.xhtml,https://www1.hkexnews.hk/search/titlesearch.xhtml,1620585083,14:31:23,20210509
28,2011-09-30,1118.HK,HKD,2011-09-30,2011-09-30,Q3,706606500,625333500,81273000,0.11501875513457632,0.0,36441000,17695750.0,0.0,0.0,673471500,5554250.0,8627250.0,41762250.0,0.05910255566570644,33135000.0,0.046893143496415615,0.0,27051000.0,0.03828297645153279,1957500.0,25327500.0,0.03584385368659926,0.045075,0.045075,561922500,561922500,https://www1.hkexnews.hk/search/titlesearch.xhtml,https://www1.hkexnews.hk/search/titlesearch.xhtml,1620585083,14:31:23,20210509
29,2011-06-30,1118.HK,HKD,2011-06-30,2011-06-30,Q2,706606500,625333500,81273000,0.11501875513457632,0.0,36441000,17695750.0,0.0,0.0,673471500,5554250.0,8627250.0,41762250.0,0.05910255566570644,33135000.0,0.046893143496415615,0.0,27051000.0,0.03828297645153279,1957500.0,25327500.0,0.03584385368659926,0.045075,0.045075,561922500,561922500,https://www1.hkexnews.hk/search/titlesearch.xhtml,https://www1.hkexnews.hk/search/titlesearch.xhtml,1620585083,14:31:23,20210509
30,2011-03-31,1118.HK,HKD,2011-03-31,2011-03-31,Q1,706606500,625333500,81273000,0.11501875513457632,0.0,36441000,17695750.0,0.0,0.0,673471500,5554250.0,8627250.0,41762250.0,0.05910255566570644,33135000.0,0.046893143496415615,0.0,27051000.0,0.03828297645153279,1957500.0,25327500.0,0.03584385368659926,0.045075,0.045075,561922500,561922500,https://www1.hkexnews.hk/search/titlesearch.xhtml,https://www1.hkexnews.hk/search/titlesearch.xhtml,1620585083,14:31:23,20210509
31,2011-01-31,1118.HK,HKD,2011-01-31,2011-01-31,Q1,706606500,625333500,81273000,0.11501875513457632,0.0,36441000,17695750.0,0.0,0.0,673471500,5554250.0,8627250.0,41762250.0,0.05910255566570644,33135000.0,0.046893143496415615,0.0,27051000.0,0.03828297645153279,1957500.0,25327500.0,0.03584385368659926,0.045075,0.045075,561922500,561922500,https://www1.hkexnews.hk/search/titlesearch.xhtml,https://www1.hkexnews.hk/search/titlesearch.xhtml,1620585083,14:31:23,20210509
32,2010-09-30,1118.HK,HKD,2010-09-30,2010-09-30,Q3,835839000,741991750,93847250,0.11227909920451187,0.0,41097250,23443250.0,0.0,-5433500.0,801098750,6457500.0,9810000.0,44550250.0,0.05330003744740315,34740250.0,0.04156332738721213,0.0,28687500.0,0.0343218012081274,3646500.0,22717000.0,0.02717867914753918,0.0404,0.0404,562182144,562182144,https://www1.hkexnews.hk/search/titlesearch.xhtml,https://www1.hkexnews.hk/search/titlesearch.xhtml,1620585083,14:31:23,20210509
33,2010-06-30,1118.HK,HKD,2010-06-30,2010-06-30,Q2,835839000,741991750,93847250,0.11227909920451187,0.0,41097250,23443250.0,0.0,-5433500.0,801098750,6457500.0,9810000.0,44550250.0,0.05330003744740315,34740250.0,0.04156332738721213,0.0,28687500.0,0.0343218012081274,3646500.0,22717000.0,0.02717867914753918,0.0404,0.0404,562182144,562182144,https://www1.hkexnews.hk/search/titlesearch.xhtml,https://www1.hkexnews.hk/search/titlesearch.xhtml,1620585083,14:31:23,20210509
34,2010-03-31,1118.HK,HKD,2010-03-31,2010-03-31,Q1,835839000,741991750,93847250,0.11227909920451187,0.0,41097250,23443250.0,0.0,-5433500.0,801098750,6457500.0,9810000.0,44550250.0,0.05330003744740315,34740250.0,0.04156332738721213,0.0,28687500.0,0.0343218012081274,3646500.0,22717000.0,0.02717867914753918,0.0404,0.0404,562182144,562182144,https://www1.hkexnews.hk/search/titlesearch.xhtml,https://www1.hkexnews.hk/search/titlesearch.xhtml,1620585083,14:31:23,20210509
35,2010-01-31,1118.HK,HKD,2010-01-31,2010-01-31,Q1,835839000,741991750,93847250,0.11227909920451187,0.0,41097250,23443250.0,0.0,-5433500.0,801098750,6457500.0,9810000.0,44550250.0,0.05330003744740315,34740250.0,0.04156332738721213,0.0,28687500.0,0.0343218012081274,3646500.0,22717000.0,0.02717867914753918,0.0404,0.0404,562182144,562182144,https://www1.hkexnews.hk/search/titlesearch.xhtml,https://www1.hkexnews.hk/search/titlesearch.xhtml,1620585083,14:31:23,20210509
36,2009-09-30,1118.HK,HKD,2009-09-30,2009-09-30,Q3,733349000,640050250,93298750,0.12722285023910854,0.0,38646500,23750750.0,0.0,6626750.0,709074250,5758000.0,10034250.0,34309000.0,0.04678400052362518,24274750.0,0.033101224655655084,0.0,25801000.0,0.03518243019353678,4664500.0,16329500.0,0.022267024295390053,0.003775,0.003775,567362500,567362500,https://www1.hkexnews.hk/search/titlesearch.xhtml,https://www1.hkexnews.hk/search/titlesearch.xhtml,1620585083,14:31:23,20210509
37,2009-06-30,1118.HK,HKD,2009-06-30,2009-06-30,Q2,733349000,640050250,93298750,0.12722285023910854,0.0,38646500,23750750.0,0.0,6626750.0,709074250,5758000.0,10034250.0,34309000.0,0.04678400052362518,24274750.0,0.033101224655655084,0.0,25801000.0,0.03518243019353678,4664500.0,16329500.0,0.022267024295390053,0.003775,0.003775,567362500,567362500,https://www1.hkexnews.hk/search/titlesearch.xhtml,https://www1.hkexnews.hk/search/titlesearch.xhtml,1620585083,14:31:23,20210509
38,2009-03-31,1118.HK,HKD,2009-03-31,2009-03-31,Q1,733349000,640050250,93298750,0.12722285023910854,0.0,38646500,23750750.0,0.0,6626750.0,709074250,5758000.0,10034250.0,34309000.0,0.04678400052362518,24274750.0,0.033101224655655084,0.0,25801000.0,0.03518243019353678,4664500.0,16329500.0,0.022267024295390053,0.003775,0.003775,567362500,567362500,https://www1.hkexnews.hk/search/titlesearch.xhtml,https://www1.hkexnews.hk/search/titlesearch.xhtml,1620585083,14:31:23,20210509
39,2009-01-31,1118.HK,HKD,2009-01-31,2009-01-31,Q1,733349000,640050250,93298750,0.12722285023910854,0.0,38646500,23750750.0,0.0,6626750.0,709074250,5758000.0,10034250.0,34309000.0,0.04678400052362518,24274750.0,0.033101224655655084,0.0,25801000.0,0.03518243019353678,4664500.0,16329500.0,0.022267024295390053,0.003775,0.003775,567362500,567362500,https://www1.hkexnews.hk/search/titlesearch.xhtml,https://www1.hkexnews.hk/search/titlesearch.xhtml,1620585083,14:31:23,20210509
40,2008-09-30,1118.HK,HKD,2008-09-30,2008-09-30,Q3,886529000,815584000,70945000,0.08002558291945329,0.0,35280000,22911500.0,0.0,-6442250.0,867333250,10113750.0,9500500.0,28696250.0,0.03236921747624725,19195750.0,0.021652703972458883,0.0,15046750.0,0.016972654024854233,2376250.0,10545750.0,0.011895549948168644,0.018575,0.018575,567362500,567362500,https://www1.hkexnews.hk/search/titlesearch.xhtml,https://www1.hkexnews.hk/search/titlesearch.xhtml,1620585083,14:31:23,20210509
41,2008-06-30,1118.HK,HKD,2008-06-30,2008-06-30,Q2,886529000,815584000,70945000,0.08002558291945329,0.0,35280000,22911500.0,0.0,-6442250.0,867333250,10113750.0,9500500.0,28696250.0,0.03236921747624725,19195750.0,0.021652703972458883,0.0,15046750.0,0.016972654024854233,2376250.0,10545750.0,0.011895549948168644,0.018575,0.018575,567362500,567362500,https://www1.hkexnews.hk/search/titlesearch.xhtml,https://www1.hkexnews.hk/search/titlesearch.xhtml,1620585083,14:31:23,20210509
42,2008-03-31,1118.HK,HKD,2008-03-31,2008-03-31,Q1,886529000,815584000,70945000,0.08002558291945329,0.0,35280000,22911500.0,0.0,-6442250.0,867333250,10113750.0,9500500.0,28696250.0,0.03236921747624725,19195750.0,0.021652703972458883,0.0,15046750.0,0.016972654024854233,2376250.0,10545750.0,0.011895549948168644,0.018575,0.018575,567362500,567362500,https://www1.hkexnews.hk/search/titlesearch.xhtml,https://www1.hkexnews.hk/search/titlesearch.xhtml,1620585083,14:31:23,20210509
43,2008-01-31,1118.HK,HKD,2008-01-31,2008-01-31,Q1,886529000,815584000,70945000,0.08002558291945329,0.0,35280000,22911500.0,0.0,-6442250.0,867333250,10113750.0,9500500.0,28696250.0,0.03236921747624725,19195750.0,0.021652703972458883,0.0,15046750.0,0.016972654024854233,2376250.0,10545750.0,0.011895549948168644,0.018575,0.018575,567362500,567362500,https://www1.hkexnews.hk/search/titlesearch.xhtml,https://www1.hkexnews.hk/search/titlesearch.xhtml,1620585083,14:31:23,20210509
44,2007-09-30,1118.HK,HKD,2007-09-30,2007-09-30,Q3,682010000,627698500,54311500,0.0796344628377883,0.0,28271750,19269750.0,0.0,0.0,675240000,0.0,8959500.0,15729500.0,0.02306344481752467,6770000.0,0.00992654066655914,0.0,7753500.0,0.011368601633407135,201750.0,7551750.0,0.01107278485652703,0.01215,0.01215,567592593,567592593,https://www1.hkexnews.hk/search/titlesearch.xhtml,https://www1.hkexnews.hk/search/titlesearch.xhtml,1620585083,14:31:23,20210509
45,2007-06-30,1118.HK,HKD,2007-06-30,2007-06-30,Q2,682010000,627698500,54311500,0.0796344628377883,0.0,28271750,19269750.0,0.0,0.0,675240000,0.0,8959500.0,15729500.0,0.02306344481752467,6770000.0,0.00992654066655914,0.0,7753500.0,0.011368601633407135,201750.0,7551750.0,0.01107278485652703,0.01215,0.01215,567592593,567592593,https://www1.hkexnews.hk/search/titlesearch.xhtml,https://www1.hkexnews.hk/search/titlesearch.xhtml,1620585083,14:31:23,20210509
46,2007-03-31,1118.HK,HKD,2007-03-31,2007-03-31,Q1,682010000,627698500,54311500,0.0796344628377883,0.0,28271750,19269750.0,0.0,0.0,675240000,0.0,8959500.0,15729500.0,0.02306344481752467,6770000.0,0.00992654066655914,0.0,7753500.0,0.011368601633407135,201750.0,7551750.0,0.01107278485652703,0.01215,0.01215,567592593,567592593,https://www1.hkexnews.hk/search/titlesearch.xhtml,https://www1.hkexnews.hk/search/titlesearch.xhtml,1620585083,14:31:23,20210509
47,2007-01-31,1118.HK,HKD,2007-01-31,2007-01-31,Q1,682010000,627698500,54311500,0.0796344628377883,0.0,28271750,19269750.0,0.0,0.0,675240000,0.0,8959500.0,15729500.0,0.02306344481752467,6770000.0,0.00992654066655914,0.0,7753500.0,0.011368601633407135,201750.0,7551750.0,0.01107278485652703,0.01215,0.01215,567592593,567592593,https://www1.hkexnews.hk/search/titlesearch.xhtml,https://www1.hkexnews.hk/search/titlesearch.xhtml,1620585083,14:31:23,20210509
48,2006-09-30,1118.HK,HKD,2006-09-30,2006-09-30,Q3,513465500,446989000,66476500,0.12946634194507714,0.0,32226250,17456000.0,0.0,0.0,496671250,0.0,8965250.0,25759500.0,0.05016792754333056,16794250.0,0.03270765027056346,0.0,13623750.0,0.026532941356332607,1559000.0,12064750.0,0.023496710100289114,0.0181,0.0181,567182320,567182320,https://www1.hkexnews.hk/search/titlesearch.xhtml,https://www1.hkexnews.hk/search/titlesearch.xhtml,1620585083,14:31:23,20210509
49,2006-06-30,1118.HK,HKD,2006-06-30,2006-06-30,Q2,513465500,446989000,66476500,0.12946634194507714,0.0,32226250,17456000.0,0.0,0.0,496671250,0.0,8965250.0,25759500.0,0.05016792754333056,16794250.0,0.03270765027056346,0.0,13623750.0,0.026532941356332607,1559000.0,12064750.0,0.023496710100289114,0.0181,0.0181,567182320,567182320,https://www1.hkexnews.hk/search/titlesearch.xhtml,https://www1.hkexnews.hk/search/titlesearch.xhtml,1620585083,14:31:23,20210509
50,2006-03-31,1118.HK,HKD,2006-03-31,2006-03-31,Q1,513465500,446989000,66476500,0.12946634194507714,0.0,32226250,17456000.0,0.0,0.0,496671250,0.0,8965250.0,25759500.0,0.05016792754333056,16794250.0,0.03270765027056346,0.0,13623750.0,0.026532941356332607,1559000.0,12064750.0,0.023496710100289114,0.0181,0.0181,567182320,567182320,https://www1.hkexnews.hk/search/titlesearch.xhtml,https://www1.hkexnews.hk/search/titlesearch.xhtml,1620585083,14:31:23,20210509
51,2006-01-31,1118.HK,HKD,2006-01-31,2006-01-31,Q1,513465500,446989000,66476500,0.12946634194507714,0.0,32226250,17456000.0,0.0,0.0,496671250,0.0,8965250.0,25759500.0,0.05016792754333056,16794250.0,0.03270765027056346,0.0,13623750.0,0.026532941356332607,1559000.0,12064750.0,0.023496710100289114,0.0181,0.0181,567182320,567182320,https://www1.hkexnews.hk/search/titlesearch.xhtml,https://www1.hkexnews.hk/search/titlesearch.xhtml,1620585083,14:31:23,20210509
52,2005-09-30,1118.HK,HKD,2005-09-30,2005-09-30,Q3,569612250,501125500,68486750,0.12023398373191588,0.0,31444250,17571500.0,0.0,1144500.0,551285750,0.0,9189500.0,27516000.0,0.04830654537362917,18326500.0,0.03217364092854393,0.0,16242250.0,0.02851457285197079,2087750.0,14154500.0,0.02484936024462255,0.014275,0.014275,567408056,567408056,https://www1.hkexnews.hk/search/titlesearch.xhtml,https://www1.hkexnews.hk/search/titlesearch.xhtml,1620585083,14:31:23,20210509
53,2005-06-30,1118.HK,HKD,2005-06-30,2005-06-30,Q2,569612250,501125500,68486750,0.12023398373191588,0.0,31444250,17571500.0,0.0,1144500.0,551285750,0.0,9189500.0,27516000.0,0.04830654537362917,18326500.0,0.03217364092854393,0.0,16242250.0,0.02851457285197079,2087750.0,14154500.0,0.02484936024462255,0.014275,0.014275,567408056,567408056,https://www1.hkexnews.hk/search/titlesearch.xhtml,https://www1.hkexnews.hk/search/titlesearch.xhtml,1620585083,14:31:23,20210509
54,2005-03-31,1118.HK,HKD,2005-03-31,2005-03-31,Q1,569612250,501125500,68486750,0.12023398373191588,0.0,31444250,17571500.0,0.0,1144500.0,551285750,0.0,9189500.0,27516000.0,0.04830654537362917,18326500.0,0.03217364092854393,0.0,16242250.0,0.02851457285197079,2087750.0,14154500.0,0.02484936024462255,0.014275,0.014275,567408056,567408056,https://www1.hkexnews.hk/search/titlesearch.xhtml,https://www1.hkexnews.hk/search/titlesearch.xhtml,1620585083,14:31:23,20210509
55,2005-01-31,1118.HK,HKD,2005-01-31,2005-01-31,Q1,569612250,501125500,68486750,0.12023398373191588,0.0,31444250,17571500.0,0.0,1144500.0,551285750,0.0,9189500.0,27516000.0,0.04830654537362917,18326500.0,0.03217364092854393,0.0,16242250.0,0.02851457285197079,2087750.0,14154500.0,0.02484936024462255,0.014275,0.014275,567408056,567408056,https://www1.hkexnews.hk/search/titlesearch.xhtml,https://www1.hkexnews.hk/search/titlesearch.xhtml,1620585083,14:31:23,20210509
56,2004-09-30,1118.HK,HKD,2004-09-30,2004-09-30,Q3,638636750,580397250,58239500,0.09119346796124714,0.0,37564500,20959750.0,0.0,0.0,640039750,0.0,1118250.0,-284750.0,-0.0004458716163766022,-1403000.0,-0.0021968669983366915,0.0,-5672250.0,-0.008881809573282464,-201500.0,-13067750.0,-0.020461944916261084,-0.023025,-0.023025,567546145,567546145,https://www1.hkexnews.hk/search/titlesearch.xhtml,https://www1.hkexnews.hk/search/titlesearch.xhtml,1620585083,14:31:23,20210509
57,2004-06-30,1118.HK,HKD,2004-06-30,2004-06-30,Q2,638636750,580397250,58239500,0.09119346796124714,0.0,37564500,20959750.0,0.0,0.0,640039750,0.0,1118250.0,-284750.0,-0.0004458716163766022,-1403000.0,-0.0021968669983366915,0.0,-5672250.0,-0.008881809573282464,-201500.0,-13067750.0,-0.020461944916261084,-0.023025,-0.023025,567546145,567546145,https://www1.hkexnews.hk/search/titlesearch.xhtml,https://www1.hkexnews.hk/search/titlesearch.xhtml,1620585083,14:31:23,20210509
58,2004-03-31,1118.HK,HKD,2004-03-31,2004-03-31,Q1,638636750,580397250,58239500,0.09119346796124714,0.0,37564500,20959750.0,0.0,0.0,640039750,0.0,1118250.0,-284750.0,-0.0004458716163766022,-1403000.0,-0.0021968669983366915,0.0,-5672250.0,-0.008881809573282464,-201500.0,-13067750.0,-0.020461944916261084,-0.023025,-0.023025,567546145,567546145,https://www1.hkexnews.hk/search/titlesearch.xhtml,https://www1.hkexnews.hk/search/titlesearch.xhtml,1620585083,14:31:23,20210509
59,2004-01-31,1118.HK,HKD,2004-01-31,2004-01-31,Q1,638636750,580397250,58239500,0.09119346796124714,0.0,37564500,20959750.0,0.0,0.0,640039750,0.0,1118250.0,-284750.0,-0.0004458716163766022,-1403000.0,-0.0021968669983366915,0.0,-5672250.0,-0.008881809573282464,-201500.0,-13067750.0,-0.020461944916261084,-0.023025,-0.023025,567546145,567546145,https://www1.hkexnews.hk/search/titlesearch.xhtml,https://www1.hkexnews.hk/search/titlesearch.xhtml,1620585083,14:31:23,20210509
60,2003-09-30,1118.HK,HKD,2003-09-30,2003-09-30,Q3,540619750,485643750,54976000,0.10169069849926866,0.0,30451750,17486250.0,0.0,0.0,534707250,0.0,1125500.0,7038000.0,0.013018392317335798,5912500.0,0.01093652238935037,0.0,10366000.0,0.019174290247442865,2002250.0,3161750.0,0.005848380492943515,0.00555,0.00555,569684685,569684685,https://www1.hkexnews.hk/search/titlesearch.xhtml,https://www1.hkexnews.hk/search/titlesearch.xhtml,1620585083,14:31:23,20210509
61,2003-06-30,1118.HK,HKD,2003-06-30,2003-06-30,Q2,540619750,485643750,54976000,0.10169069849926866,0.0,30451750,17486250.0,0.0,0.0,534707250,0.0,1125500.0,7038000.0,0.013018392317335798,5912500.0,0.01093652238935037,0.0,10366000.0,0.019174290247442865,2002250.0,3161750.0,0.005848380492943515,0.00555,0.00555,569684685,569684685,https://www1.hkexnews.hk/search/titlesearch.xhtml,https://www1.hkexnews.hk/search/titlesearch.xhtml,1620585083,14:31:23,20210509
62,2003-03-31,1118.HK,HKD,2003-03-31,2003-03-31,Q1,540619750,485643750,54976000,0.10169069849926866,0.0,30451750,17486250.0,0.0,0.0,534707250,0.0,1125500.0,7038000.0,0.013018392317335798,5912500.0,0.01093652238935037,0.0,10366000.0,0.019174290247442865,2002250.0,3161750.0,0.005848380492943515,0.00555,0.00555,569684685,569684685,https://www1.hkexnews.hk/search/titlesearch.xhtml,https://www1.hkexnews.hk/search/titlesearch.xhtml,1620585083,14:31:23,20210509
63,2003-01-31,1118.HK,HKD,2003-01-31,2003-01-31,Q1,540619750,485643750,54976000,0.10169069849926866,0.0,30451750,17486250.0,0.0,0.0,534707250,0.0,1125500.0,7038000.0,0.013018392317335798,5912500.0,0.01093652238935037,0.0,10366000.0,0.019174290247442865,2002250.0,3161750.0,0.005848380492943515,0.00555,0.00555,569684685,569684685,https://www1.hkexnews.hk/search/titlesearch.xhtml,https://www1.hkexnews.hk/search/titlesearch.xhtml,1620585083,14:31:23,20210509
64,2002-09-30,1118.HK,HKD,2002-09-30,2002-09-30,Q3,309870250,248484750,61385500,0.19810065664580578,0.0,32440000,11746500.0,0.0,-6427500.0,286375250,0.0,131500.0,23626500.0,0.07624642894889071,23495000.0,0.07582205778063561,0.0,17596000.0,0.05678505761685738,1581000.0,10307000.0,0.033262308982549955,0.018175,0.018175,567097662,567097662,https://www1.hkexnews.hk/search/titlesearch.xhtml,https://www1.hkexnews.hk/search/titlesearch.xhtml,1620585083,14:31:23,20210509
65,2002-06-30,1118.HK,HKD,2002-06-30,2002-06-30,Q2,309870250,248484750,61385500,0.19810065664580578,0.0,32440000,11746500.0,0.0,-6427500.0,286375250,0.0,131500.0,23626500.0,0.07624642894889071,23495000.0,0.07582205778063561,0.0,17596000.0,0.05678505761685738,1581000.0,10307000.0,0.033262308982549955,0.018175,0.018175,567097662,567097662,https://www1.hkexnews.hk/search/titlesearch.xhtml,https://www1.hkexnews.hk/search/titlesearch.xhtml,1620585083,14:31:23,20210509
66,2002-03-31,1118.HK,HKD,2002-03-31,2002-03-31,Q1,309870250,248484750,61385500,0.19810065664580578,0.0,32440000,11746500.0,0.0,-6427500.0,286375250,0.0,131500.0,23626500.0,0.07624642894889071,23495000.0,0.07582205778063561,0.0,17596000.0,0.05678505761685738,1581000.0,10307000.0,0.033262308982549955,0.018175,0.018175,567097662,567097662,https://www1.hkexnews.hk/search/titlesearch.xhtml,https://www1.hkexnews.hk/search/titlesearch.xhtml,1620585083,14:31:23,20210509
67,2002-01-31,1118.HK,HKD,2002-01-31,2002-01-31,Q1,309870250,248484750,61385500,0.19810065664580578,0.0,32440000,11746500.0,0.0,-6427500.0,286375250,0.0,131500.0,23626500.0,0.07624642894889071,23495000.0,0.07582205778063561,0.0,17596000.0,0.05678505761685738,1581000.0,10307000.0,0.033262308982549955,0.018175,0.018175,567097662,567097662,https://www1.hkexnews.hk/search/titlesearch.xhtml,https://www1.hkexnews.hk/search/titlesearch.xhtml,1620585083,14:31:23,20210509
68,2001-09-30,1118.HK,HKD,2001-09-30,2001-09-30,Q3,252039500,211404500,40635000,0.16122472866356266,0.0,23871000,8202500.0,0.0,-10208250.0,233269750,0.0,0.0,18769750.0,13.427962546118088,18769750.0,0.07447146181451716,0.0,13364250.0,0.053024426726763066,-630250.0,8566000.0,0.033986736206031196,0.0151,0.015,567284768,571066667,https://www1.hkexnews.hk/search/titlesearch.xhtml,https://www1.hkexnews.hk/search/titlesearch.xhtml,1620585083,14:31:23,20210509
69,2001-06-30,1118.HK,HKD,2001-06-30,2001-06-30,Q2,252039500,211404500,40635000,0.16122472866356266,0.0,23871000,8202500.0,0.0,-10208250.0,233269750,0.0,0.0,18769750.0,13.427962546118088,18769750.0,0.07447146181451716,0.0,13364250.0,0.053024426726763066,-630250.0,8566000.0,0.033986736206031196,0.0151,0.015,567284768,571066667,https://www1.hkexnews.hk/search/titlesearch.xhtml,https://www1.hkexnews.hk/search/titlesearch.xhtml,1620585083,14:31:23,20210509
70,2001-03-31,1118.HK,HKD,2001-03-31,2001-03-31,Q1,252039500,211404500,40635000,0.16122472866356266,0.0,23871000,8202500.0,0.0,-10208250.0,233269750,0.0,0.0,18769750.0,13.427962546118088,18769750.0,0.07447146181451716,0.0,13364250.0,0.053024426726763066,-630250.0,8566000.0,0.033986736206031196,0.0151,0.015,567284768,571066667,https://www1.hkexnews.hk/search/titlesearch.xhtml,https://www1.hkexnews.hk/search/titlesearch.xhtml,1620585083,14:31:23,20210509
71,2001-01-31,1118.HK,HKD,2001-01-31,2001-01-31,Q1,252039500,211404500,40635000,0.16122472866356266,0.0,23871000,8202500.0,0.0,-10208250.0,233269750,0.0,0.0,18769750.0,13.427962546118088,18769750.0,0.07447146181451716,0.0,13364250.0,0.053024426726763066,-630250.0,8566000.0,0.033986736206031196,0.0151,0.015,567284768,571066667,https://www1.hkexnews.hk/search/titlesearch.xhtml,https://www1.hkexnews.hk/search/titlesearch.xhtml,1620585083,14:31:23,20210509
72,2000-09-30,1118.HK,HKD,2000-09-30,2000-09-30,Q3,280364000,232497250,47866750,0.1707307286242171,0.0,29554250,5689250.0,0.0,-4131000.0,263609750,0.0,0.0,16754250.0,16.733903337959024,16754250.0,0.05975892054614715,0.0,14863500.0,0.05301500905965102,190500.0,8427500.0,0.030059137407085074,0.0149,0.014625,565604027,576239316,https://www1.hkexnews.hk/search/titlesearch.xhtml,https://www1.hkexnews.hk/search/titlesearch.xhtml,1620585083,14:31:23,20210509
73,2000-06-30,1118.HK,HKD,2000-06-30,2000-06-30,Q2,280364000,232497250,47866750,0.1707307286242171,0.0,29554250,5689250.0,0.0,-4131000.0,263609750,0.0,0.0,16754250.0,16.733903337959024,16754250.0,0.05975892054614715,0.0,14863500.0,0.05301500905965102,190500.0,8427500.0,0.030059137407085074,0.0149,0.014625,565604027,576239316,https://www1.hkexnews.hk/search/titlesearch.xhtml,https://www1.hkexnews.hk/search/titlesearch.xhtml,1620585083,14:31:23,20210509
74,2000-03-31,1118.HK,HKD,2000-03-31,2000-03-31,Q1,280364000,232497250,47866750,0.1707307286242171,0.0,29554250,5689250.0,0.0,-4131000.0,263609750,0.0,0.0,16754250.0,16.733903337959024,16754250.0,0.05975892054614715,0.0,14863500.0,0.05301500905965102,190500.0,8427500.0,0.030059137407085074,0.0149,0.014625,565604027,576239316,https://www1.hkexnews.hk/search/titlesearch.xhtml,https://www1.hkexnews.hk/search/titlesearch.xhtml,1620585083,14:31:23,20210509
75,2000-01-31,1118.HK,HKD,2000-01-31,2000-01-31,Q1,280364000,232497250,47866750,0.1707307286242171,0.0,29554250,5689250.0,0.0,-4131000.0,263609750,0.0,0.0,16754250.0,16.733903337959024,16754250.0,0.05975892054614715,0.0,14863500.0,0.05301500905965102,190500.0,8427500.0,0.030059137407085074,0.0149,0.014625,565604027,576239316,https://www1.hkexnews.hk/search/titlesearch.xhtml,https://www1.hkexnews.hk/search/titlesearch.xhtml,1620585083,14:31:23,20210509
