,date,symbol,reportedCurrency,fillingDate,acceptedDate,period,revenue,costOfRevenue,grossProfit,grossProfitRatio,researchAndDevelopmentExpenses,generalAndAdministrativeExpenses,sellingAndMarketingExpenses,otherExpenses,operatingExpenses,costAndExpenses,interestExpense,depreciationAndAmortization,ebitda,ebitdaratio,operatingIncome,operatingIncomeRatio,totalOtherIncomeExpensesNet,incomeBeforeTax,incomeBeforeTaxRatio,incomeTaxExpense,netIncome,netIncomeRatio,eps,epsdiluted,weightedAverageShsOut,weightedAverageShsOutDil,link,finalLink,timestamp,est_time,est_date
0,2021-04-03,ARW,USD,2021-05-06,2021-05-06 08:07:30,Q1,8385919000,7455809000.0,930110000.0,0.11091330598351833,0.0,574567000.0,0.0,-33656000.0,574567000.0,8030376000.0,33656000.0,50331000.0,349834000.0,0.0417168350898691,299503000.0,0.035714988422855025,0.0,268254000.0,0.03198862283310869,61026000.0,207228000.0,0.024711423995390367,2.7374539305953687,2.7062449395356127,75701000,76574000,https://www.sec.gov/Archives/edgar/data/7536/000173339121000004/0001733391-21-000004-index.htm,https://www.sec.gov/Archives/edgar/data/7536/000173339121000004/arw-20210403.htm,1620588757,15:32:37,20210509
1,2020-12-31,ARW,USD,2021-02-11,2021-02-11 07:55:30,Q4,8454192000,7530506000.0,923686000.0,0.10925775047455748,0.0,550389000.0,0.0,-1172000.0,598793000.0,8129299000.0,31614000.0,48404000.0,373297000.0,0.04415525457666445,324893000.0,0.038429810915105785,3039000.0,296318000.0,0.03504983090045743,59342000.0,236071000.0,0.027923543728365762,3.12,3.08,75701000,76574000,https://www.sec.gov/Archives/edgar/data/7536/000173339121000003/0001733391-21-000003-index.htm,https://www.sec.gov/Archives/edgar/data/7536/000173339121000003/arw-20201231.htm,1620588757,15:32:37,20210509
2,2020-09-26,ARW,USD,2020-10-29,2020-10-29 08:05:37,Q3,7231260000,6442670000.0,788590000.0,0.1090529174721971,0.0,504211000.0,0.0,-30461000.0,504211000.0,6946881000.0,30461000.0,46732000.0,284914000.0,0.03940032580767391,238182000.0,0.032937828262294536,0.0,211103000.0,0.029193114339686306,44707000.0,166396000.0,0.02301065097922077,4.42,4.39,78807000,79404000,https://www.sec.gov/Archives/edgar/data/7536/000173339120000016/0001733391-20-000016-index.htm,https://www.sec.gov/Archives/edgar/data/7536/000173339120000016/arw-20200926.htm,1620588757,15:32:37,20210509
3,2020-06-27,ARW,USD,2020-07-30,2020-07-30 08:09:02,Q2,6606494000,5856031000.0,750463000.0,0.1135947448071549,0.0,501470000.0,0.0,-30694000.0,553850000.0000004,6409881000.0,-21249000.0,46812000.0,243425000.0,0.03684632121061489,196613000.0,0.02976056589168173,-1173000.0,174191000.0,0.02636663258908583,40854000.0,132804000.0,0.02010203899375372,1.67627,1.67627,79226000,79226000,https://www.sec.gov/Archives/edgar/data/7536/000173339120000011/0001733391-20-000011-index.htm,https://www.sec.gov/Archives/edgar/data/7536/000173339120000011/arw-20200627.htm,1620588757,15:32:37,20210509
4,2020-03-28,ARW,USD,2020-05-06 00:00:00,2020-05-06 13:36:34,Q1,6381417000,5653026000.0,728391000.0,0.11414251724969549,0.0,533839000.0,0.0,-42159000.0,590087000.0000004,6243113000.0,-59548000.0,47110000.0,185414000.0,0.029055302294145643,138304000.0,0.021672929382298634,-1109000.0,77647000.0,0.012167673731398527,27892000.0,49503000.0,0.007757367995227392,0.61033,0.61033,81108000,81108000,https://www.sec.gov/Archives/edgar/data/7536/000177547420000006/0001775474-20-000006-index.html,https://www.sec.gov/Archives/edgar/data/7536/000177547420000006/arw03282010-q.htm,1620588757,15:32:37,20210509
5,2019-12-31,ARW,USD,2020-02-13 00:00:00,2020-02-13 08:05:03,Q4,7338190000,6515247000.0,822943000.0,0.11214522927315863,0.0,513878000.0,0.0,-21500000.0,563929000.0,7079176000.0,50317000.0,50051000.0,309065000.0,0.042117334111000125,259014000.0,0.03529671485747848,-39049000.0,169648000.0,0.02311850742485545,57460000.0,112013000.0,0.015264390810267927,1.37,1.36,81613000,82493000,https://www.sec.gov/Archives/edgar/data/7536/000177547420000003/0001775474-20-000003-index.html,https://www.sec.gov/Archives/edgar/data/7536/000177547420000003/arw1231201910-k.htm,1620588757,15:32:37,20210509
6,2019-09-28,ARW,USD,2019-11-07 00:00:00,2019-11-07 14:52:04,Q3,7078118000,6279277000.0,798841000.0,0.11286065024629428,0.0,522446000.0,0.0,-256970000.0,625622999.9999996,6904900000.0,-49826000.0,45231000.00000001,218449000.0,0.030862582398315484,173218000.0,0.024472324422961017,-1071000.0,122321000.0,0.017281571174710565,29340000.0,92131000.0,0.01301631309339573,1.10473,1.10473,83397000,83397000,https://www.sec.gov/Archives/edgar/data/7536/000166635919000009/0001666359-19-000009-index.html,https://www.sec.gov/Archives/edgar/data/7536/000166635919000009/arw09281910-q.htm,1620588757,15:32:37,20210509
7,2019-06-29,ARW,USD,2019-08-01 00:00:00,2019-08-01 08:07:16,Q2,7344548000,6529639000.0,814909000.0,0.11095427519841929,0.0,599212000.0,0.0,51563000.0,1364099000.0000002,7893738000.0,-49791000.0,46981999.99999999,-502208000.0,-0.06837833996047137,-549190000.0,-0.07477519379000587,-1139000.0,-600120000.0,-0.08170958920821268,-52369000.0,-548966000.0,-0.07474469497646417,-6.48497,-6.48497,84652000,84652000,https://www.sec.gov/Archives/edgar/data/7536/000166635919000005/0001666359-19-000005-index.html,https://www.sec.gov/Archives/edgar/data/7536/000166635919000005/arw06291910-q.htm,1620588757,15:32:37,20210509
8,2019-03-30,ARW,USD,2019-05-02 00:00:00,2019-05-02 08:08:01,Q1,7155991000,6294303000.0,861688000.0,0.12041490829152804,0.0,556076000.0,0.0,51981000.0,616127999.9999996,6910431000.0,-48100000.0,47526000.0,293086000.0,0.04095673122003647,245560000.0,0.03431530307961539,-1139000.0,196321000.0,0.027434495096486287,49907000.0,140735000.0,0.019666737982202604,1.63041,1.63041,86319000,86319000,https://www.sec.gov/Archives/edgar/data/7536/000166635919000002/0001666359-19-000002-index.html,https://www.sec.gov/Archives/edgar/data/7536/000166635919000002/arw03301910-q.htm,1620588757,15:32:37,20210509
9,2018-12-31,ARW,USD,2019-02-07 00:00:00,2019-02-07 08:09:54,Q4,7918182000,6942812000.0,975370000.0,0.12318105342867845,0.0,583943000.0,0.0,-3086000.0,631126000.0,7573938000.0,54584000.0,47183000.0,391427000.0,0.049433948348244584,344244000.0,0.043475131033866105,-24695000.0,264965000.0,0.03346285801463013,32474000.0,230653000.0,0.029129540088873935,2.66,2.63,86559000,87561000,https://www.sec.gov/Archives/edgar/data/7536/000173339119000005/0001733391-19-000005-index.html,https://www.sec.gov/Archives/edgar/data/7536/000173339119000005/arw1231201810-k.htm,1620588757,15:32:37,20210509
10,2018-09-29,ARW,USD,2018-11-01 00:00:00,2018-11-01 08:11:35,Q3,7490400000,6566700000.0,923800000.0,0.1233311972658336,0.0,575800000.0,0.0,54205000.0,633400000.0000005,7200100000.000001,-53800000.0,45499999.999999985,335800000.0,0.04483071665064616,290300000.0,0.03875627469828047,-1300000.0,235200000.0,0.03140019224607497,57100000.0,176500000.0,0.023563494606429564,1.9921,1.9921,88600000,88600000,https://www.sec.gov/Archives/edgar/data/7536/000166635918000005/0001666359-18-000005-index.html,https://www.sec.gov/Archives/edgar/data/7536/000166635918000005/arw09291810-q.htm,1620588757,15:32:37,20210509
11,2018-06-30,ARW,USD,2018-08-02 00:00:00,2018-08-02 08:08:34,Q2,7392528000,6459708000.0,932820000.0,0.1261841686632773,0.0,581645000.0,0.0,0.0,628067000.0,7087775000.0,60803000.0,46422000.0,351175000.0,0.04750404732995262,304753000.0,0.04122446340412914,-21229000.0,222721000.0,0.03012785342172529,51681000.0,169915000.0,0.022984694816171138,1.94,1.92,87802000,88652000,https://www.sec.gov/Archives/edgar/data/7536/000166635918000003/0001666359-18-000003-index.html,https://www.sec.gov/Archives/edgar/data/7536/000166635918000003/arw06301810-q.htm,1620588757,15:32:37,20210509
12,2018-03-31,ARW,USD,2018-05-03 00:00:00,2018-05-03 08:05:52,Q1,6875613000,6006669000.0,868944000.0,0.12638058599284166,0.0,564200000.0,0.0,0.0,611447000.0,6618116000.0,45179000.0,47247000.0,304744000.0,0.04432244804935938,257497000.0,0.03745076984408517,-25858000.0,186460000.0,0.02711903651354432,46590000.0,139094000.0,0.020230050760564913,1.58,1.56,87955000,89035000,https://www.sec.gov/Archives/edgar/data/7536/000165003018000007/0001650030-18-000007-index.html,https://www.sec.gov/Archives/edgar/data/7536/000165003018000007/arw03311810-q.htm,1620588757,15:32:37,20210509
13,2017-12-31,ARW,USD,2018-02-06 00:00:00,2018-02-06 08:07:07,Q4,7633870000,6703742000.0,930128000.0,0.12184226349151872,0.0,562234000.0,0.0,0.0,602737000.0,7306479000.0,43631000.0,40503000.0,367894000.0,0.04819233232947378,327391000.0,0.04288663548108627,-55899000.0,227861000.0,0.029848687494023345,172128000.0,53885000.0,0.0070586740408207106,0.61,0.6,88120000,89278000,https://www.sec.gov/Archives/edgar/data/7536/000166635918000002/0001666359-18-000002-index.html,https://www.sec.gov/Archives/edgar/data/7536/000166635918000002/arw1231201710-k.htm,1620588757,15:32:37,20210509
14,2017-09-30,ARW,USD,2017-11-02 00:00:00,2017-11-02 08:05:31,Q3,6953740000,6110382000.0,843358000.0,0.12128120982377828,0.0,552896000.0,0.0,0.0,591470000.0,6701852000.0,39748000.0,38574000.0,290462000.0,0.041770615524883016,251888000.0,0.0362233848260073,-30466000.0,181674000.0,0.026126084668106658,46199000.0,134630000.0,0.019360804401660114,1.52,1.5,88453000,89540000,https://www.sec.gov/Archives/edgar/data/7536/000166635917000033/0001666359-17-000033-index.html,https://www.sec.gov/Archives/edgar/data/7536/000166635917000033/arw0930201710-q.htm,1620588757,15:32:37,20210509
15,2017-07-01,ARW,USD,2017-08-03 00:00:00,2017-08-03 08:06:28,Q2,6422200000,5598200000.0,824000000.0,0.12830494223163402,0.0,531800000.0,0.0,80431000.0,652300000.0000002,6250500000.0,-39600000.0,37400000.0,209100000.0,0.03255893619009062,171700000.0,0.02673538662763539,-1900000.0,130200000.0,0.020273426551648967,29600000.0,99700000.0,0.01552427517050232,1.11024,1.11024,89800000,89800000,https://www.sec.gov/Archives/edgar/data/7536/000166635917000026/0001666359-17-000026-index.html,https://www.sec.gov/Archives/edgar/data/7536/000166635917000026/arw0701201710-q.htm,1620588757,15:32:37,20210509
16,2017-04-01,ARW,USD,2017-05-04 00:00:00,2017-05-04 08:05:46,Q1,5736800000,4975600000.0,761200000.0,0.13268721238321016,0.0,515500000.0,0.0,38073000.0,568199999.9999998,5543800000.0,-35300000.0,37100000.0,230100000.0,0.04010946869334821,193000000.0,0.03364244875191744,-1800000.0,155900000.0,0.027175428810486683,39600000.0,114700000.0,0.019993724724585136,1.2674,1.2674,90500000,90500000,https://www.sec.gov/Archives/edgar/data/7536/000166635917000009/0001666359-17-000009-index.html,https://www.sec.gov/Archives/edgar/data/7536/000166635917000009/arw0401201710-q.htm,1620588757,15:32:37,20210509
17,2016-12-31,ARW,USD,2017-02-07 00:00:00,2017-02-07 08:09:32,Q4,6442891000,5619543000.0,823348000.0,0.12779170096157144,0.0,518329000.0,0.0,0.0,556008000.0,6175551000.0,38887000.0,37679000.0,305019000.0,0.04734194634054806,267340000.0,0.04149379525433536,-10262000.0,218191000.0,0.03386538744796397,53233000.0,164518000.0,0.025534810382482027,1.7901849836779107,1.7901849836779107,91900000,91900000,https://www.sec.gov/Archives/edgar/data/7536/000166635917000005/0001666359-17-000005-index.html,https://www.sec.gov/Archives/edgar/data/7536/000166635917000005/arw1231201610-k.htm,1620588757,15:32:37,20210509
18,2016-10-01,ARW,USD,2016-11-03 00:00:00,2016-11-03 08:07:03,Q3,5936100000,5165300000.0,770800000.0,0.12984956452889945,0.0,510000000.0,0.0,111828000.0,572099999.9999995,5737399999.999999,-35900000.0,40200000.0,238900000.0,0.0402452788868112,198700000.0,0.03347315577567763,0.0,162800000.0,0.02742541399235188,44900000.0,117700000.0,0.01982783308906521,1.28074,1.28074,91900000,91900000,https://www.sec.gov/Archives/edgar/data/7536/000166635916000005/0001666359-16-000005-index.html,https://www.sec.gov/Archives/edgar/data/7536/000166635916000005/arw1001201610-q.htm,1620588757,15:32:37,20210509
19,2016-07-02,ARW,USD,2016-08-02,2016-08-02 08:07:17,Q2,5972100000,5168700000.0,803500000.0,0.1345422883072956,0.0,518700000.0,0.0,74599000.0,579800000.0000002,5748500000.0,-36800000.0,40400000.0,264000000.0,0.04420555583463103,223600000.0,0.037440766229634465,0.0,186800000.0,0.0312787796587465,51500000.0,134300000.0,0.022487902077996016,1.44876,1.44876,92700000,92700000,https://www.sec.gov/Archives/edgar/data/7536/000166635916000002/arw702201610-q.htm,https://www.sec.gov/Archives/edgar/data/7536/000166635916000002/arw702201610-q.htm,1620588757,15:32:37,20210509
20,2016-04-02,ARW,USD,2016-05-03 00:00:00,2016-05-03 08:04:16,Q1,5474200000,4723000000.0,751100000.0,0.13720726316174053,0.0,505800000.0,0.0,35575000.0,569800000.0000002,5292800000.0,-33700000.0,40900000.0,222300000.0,0.04060867341346681,181400000.0,0.03313726206568996,0.0,147600000.0,0.0269628438858646,41100000.0,106200000.0,0.01940009499104892,1.1444,1.1444,92800000,92800000,https://www.sec.gov/Archives/edgar/data/7536/000165003016000017/0001650030-16-000017-index.html,https://www.sec.gov/Archives/edgar/data/7536/000165003016000017/arw402201610-q.htm,1620588757,15:32:37,20210509
21,2015-12-31,ARW,USD,2016-02-05 00:00:00,2016-02-05 15:17:51,Q4,6751342000,5912376000.0,838966000.0,0.12426655322749167,0.0,529089000.0,0.0,1443000.0,566989000.0,6479365000.0,34442000.0,37900000.0,309877000.0,0.04589857838634156,271977000.0,0.040284879657999845,-17019000.0,220516000.0,0.032662543239551485,61108000.0,158492000.0,0.023475628993465298,1.71,1.69,92731000,94039000,https://www.sec.gov/Archives/edgar/data/7536/000165003016000009/0001650030-16-000009-index.html,https://www.sec.gov/Archives/edgar/data/7536/000165003016000009/arw1231201510-k.htm,1620588757,15:32:37,20210509
22,2015-09-26,ARW,USD,2015-10-28 00:00:00,2015-10-28 08:05:47,Q3,5698300000,4961000000.0,737300000.0,0.1293894670340277,0.0,497900000.0,0.0,100959000.0,551500000.0,5512500000.0,-33700000.0,41000000.0,226800000.0,0.039801344260568944,185800000.0,0.03260621588894934,0.0,152100000.0,0.026692171349349807,41800000.0,109200000.0,0.019163610199533193,1.14465,1.14465,95400000,95400000,https://www.sec.gov/Archives/edgar/data/7536/000165003015000003/0001650030-15-000003-index.html,https://www.sec.gov/Archives/edgar/data/7536/000165003015000003/arw926201510-q.htm,1620588757,15:32:37,20210509
23,2015-06-27,ARW,USD,2015-07-28 00:00:00,2015-07-28 08:17:34,Q2,5830000000,5060200000.0,769800000.0,0.13204116638078903,0.0,504800000.0,0.0,65550000.0,562800000.0000002,5623000000.0,-34300000.0,39700000.0,246600000.0,0.04229845626072041,206900000.0,0.03548885077186964,0.0,172700000.0,0.029622641509433962,48000000.0,123900000.0,0.021252144082332763,1.28261,1.28261,96600000,96600000,https://www.sec.gov/Archives/edgar/data/7536/000161958015000019/0001619580-15-000019-index.html,https://www.sec.gov/Archives/edgar/data/7536/000161958015000019/arw627201510-q.htm,1620588757,15:32:37,20210509
24,2015-03-28,ARW,USD,2015-04-30 00:00:00,2015-04-30 08:05:14,Q1,5002400000,4317900000.0,684500000.0,0.13683431952662722,0.0,454500000.0,0.0,30854000.0,510000000.0,4827900000.0,-27500000.0,37200000.0,211700000.0,0.04231968655045578,174500000.0,0.03488325603710219,0.0,147000000.0,0.029385894770510155,40900000.0,106100000.0,0.021209819286742364,1.09269,1.09269,97100000,97100000,https://www.sec.gov/Archives/edgar/data/7536/000161958015000011/0001619580-15-000011-index.html,https://www.sec.gov/Archives/edgar/data/7536/000161958015000011/arw328201510-q.htm,1620588757,15:32:37,20210509
25,2014-12-31,ARW,USD,2015-02-05,2015-02-05 08:07:10,Q4,6396879000,5581020000.0,815859000.0,0.1275401645083485,0.0,506074000.0,0.0,0.0,546767000.0,6127787000.0,29906000.0,40693000.0,309785000.0,0.04842752223388937,269092000.0,0.04206613881550675,-90132000.0,149054000.0,0.02330105040286052,32768000.0,116177000.0,0.018161512825238684,1.1964675592173017,1.1964675592173017,97100000,97100000,https://www.sec.gov/Archives/edgar/data/7536/000161958015000003/arw1231201410-k.htm,https://www.sec.gov/Archives/edgar/data/7536/000161958015000003/arw1231201410-k.htm,1620588757,15:32:37,20210509
26,2014-09-27,ARW,USD,2014-10-29 00:00:00,2014-10-29 08:05:08,Q3,5613200000,4884200000.0,729100000.0,0.12989025867597806,0.0,485900000.0,0.0,86079000.0,529199999.9999998,5413400000.0,4400000.0,39100000.00000001,238900000.0,0.042560393358512076,199800000.0,0.035594669707118935,0.0,204200000.0,0.03637853630727571,57400000.0,146900000.0,0.02617045535523409,1.47047,1.47047,99900000,99900000,https://www.sec.gov/Archives/edgar/data/7536/000161958014000003/0001619580-14-000003-index.html,https://www.sec.gov/Archives/edgar/data/7536/000161958014000003/arw927201410-q.htm,1620588757,15:32:37,20210509
27,2014-06-28,ARW,USD,2014-07-29 00:00:00,2014-07-29 08:07:33,Q2,5676500000,4927100000.0,749400000.0,0.13201796881881442,0.0,489900000.0,0.0,58557000.0,541199999.9999998,5468300000.0,-27700000.0,39699999.99999999,248000000.0,0.04368889280366423,208300000.0,0.03669514665727121,0.0,180500000.0,0.03179776270589271,52500000.0,127900000.0,0.022531489474147803,1.27137,1.27137,100600000,100600000,https://www.sec.gov/Archives/edgar/data/7536/000152650814000034/0001526508-14-000034-index.html,https://www.sec.gov/Archives/edgar/data/7536/000152650814000034/arw628201410-q.htm,1620588757,15:32:37,20210509
28,2014-03-29,ARW,USD,2014-05-06 00:00:00,2014-05-06 08:07:38,Q1,5082000000,4380100000.0,701900000.0,0.13811491538764267,0.0,477900000.0,0.0,29637000.0,524199999.9999998,4904300000.0,-28200000.0,36600000.0,214300000.0,0.04216843762298308,177700000.0,0.03496654860291224,0.0,149500000.0,0.02941755214482487,42300000.0,107100000.0,0.021074380165289255,1.05621,1.05621,101400000,101400000,https://www.sec.gov/Archives/edgar/data/7536/000152650814000025/0001526508-14-000025-index.html,https://www.sec.gov/Archives/edgar/data/7536/000152650814000025/arw329201410-q.htm,1620588757,15:32:37,20210509
29,2013-12-31,ARW,USD,2014-02-05,2014-02-05 08:14:00,Q4,6153360000,5365735000.0,787625000.0,0.12799917443478034,0.0,497439000.0,0.0,0.0,532040000.0,5897775000.0,27537000.0,34601000.0,290186000.0,0.04715895055709401,255585000.0,0.0415358438316627,-16046000.0,212002000.0,0.03445304679069647,77083000.0,134831000.0,0.021911768529713847,1.3296942800788956,1.3296942800788956,101400000,101400000,https://www.sec.gov/Archives/edgar/data/7536/000152650814000006/arw1231201310-k.htm,https://www.sec.gov/Archives/edgar/data/7536/000152650814000006/arw1231201310-k.htm,1620588757,15:32:37,20210509
30,2013-09-28,ARW,USD,2013-10-30 00:00:00,2013-10-30 08:09:42,Q3,5048200000,4376600000.0,671700000.0,0.13305732736420903,0.0,453900000.0,0.0,86896000.0,508899999.99999964,4885500000.0,-25300000.0,32400000.000000007,195100000.0,0.03864743869101858,162700000.0,0.0322293094568361,0.0,137500000.0,0.02723743116358306,40500000.0,96800000.0,0.019175151539162473,0.95182,0.95182,101700000,101700000,https://www.sec.gov/Archives/edgar/data/7536/000152650813000023/0001526508-13-000023-index.html,https://www.sec.gov/Archives/edgar/data/7536/000152650813000023/arw928201310-q.htm,1620588757,15:32:37,20210509
31,2013-06-29,ARW,USD,2013-07-24 00:00:00,2013-07-24 08:05:48,Q2,5306100000,4616900000.0,689200000.0,0.1298882418348693,0.0,470900000.0,0.0,59729000.0,533300000.0000002,5150200000.0,-28800000.0,32599999.999999993,188500000.0,0.0355251502987128,155900000.0,0.02938127815156141,0.0,127000000.0,0.023934716646878122,37000000.0,89900000.0,0.016942763988616875,0.86442,0.86442,104000000,104000000,https://www.sec.gov/Archives/edgar/data/7536/000152650813000020/0001526508-13-000020-index.html,https://www.sec.gov/Archives/edgar/data/7536/000152650813000020/arw629201310-q.htm,1620588757,15:32:37,20210509
32,2013-03-30,ARW,USD,2013-05-01 00:00:00,2013-05-01 08:06:41,Q1,4849600000,4206700000.0,643000000.0,0.13258825470141866,0.0,451400000.0,0.0,29530000.0,509699999.9999998,4716400000.0,-27500000.0,31500000.0,164800000.0,0.03398218409765754,133300000.0,0.02748680303530188,0.0,105700000.0,0.021795612009237877,27800000.0,77900000.0,0.01606318046849225,0.72263,0.72263,107800000,107800000,https://www.sec.gov/Archives/edgar/data/7536/000152650813000015/0001526508-13-000015-index.html,https://www.sec.gov/Archives/edgar/data/7536/000152650813000015/arw330201310-q.htm,1620588757,15:32:37,20210509
33,2012-12-31,ARW,USD,2013-02-07 00:00:00,2013-02-07 08:11:15,Q4,5402705000,4695861000.0,706844000.0,0.1308315001466858,0.0,480103000.0,0.0,0.0,510549000.0,5206410000.0,17606000.0,0.0,224460000.0,0.04154585527064683,196295000.0,0.03633272592155226,70219000.0,244281000.0,0.045214573070341615,69460000.0,174704000.0,0.03233639445425949,1.620630797773655,1.620630797773655,107800000,107800000,https://www.sec.gov/Archives/edgar/data/7536/000152650813000004/0001526508-13-000004-index.html,https://www.sec.gov/Archives/edgar/data/7536/000152650813000004/arw1231201210-k.htm,1620588757,15:32:37,20210509
34,2012-09-29,ARW,USD,2012-10-31 00:00:00,2012-10-31 08:12:16,Q3,4962300000,4299600000.0,662700000.0,0.1335469439574391,0.0,456500000.0,0.0,79643000.0,498899999.99999964,4798500000.0,-21800000.0,27800000.000000004,191600000.0,0.03861112790439917,163800000.0,0.033008887008040624,0.0,142000000.0,0.028615762851903353,38300000.0,103600000.0,0.020877415714487233,0.94268,0.94268,109900000,109900000,https://www.sec.gov/Archives/edgar/data/7536/000152650812000016/0001526508-12-000016-index.html,https://www.sec.gov/Archives/edgar/data/7536/000152650812000016/arw929201210-q.htm,1620588757,15:32:37,20210509
35,2012-06-30,ARW,USD,2012-07-30 00:00:00,2012-07-30 08:13:34,Q2,5150563000,4463419000.0,687144000.0,0.13341143482761011,0.0,457073000.0,0.0,0.0,485108000.0,4948527000.0,28555000.0,0.0,231499000.0,0.04494634858364027,202036000.0,0.039226003060247976,-11919000.0,161562000.0,0.031367832992237936,47081000.0,114383000.0,0.022207863489874795,1.04,1.02,110433000,112031000,https://www.sec.gov/Archives/edgar/data/7536/000152650812000013/0001526508-12-000013-index.html,https://www.sec.gov/Archives/edgar/data/7536/000152650812000013/arw630201210-q.htm,1620588757,15:32:37,20210509
36,2012-03-31,ARW,USD,2012-05-01,2012-05-01 08:06:14,Q1,4889529000,4208950000.0,680579000.0,0.13919111636315074,0.0,455837000.0,0.0,0.0,484887000.0,4693837000.0,27132000.0,0.0,226926000.0,0.04641060519326094,195692000.0,0.04002266885010806,-6059000.0,162501000.0,0.03323448945695996,48778000.0,113628000.0,0.023239048178260113,1.01,1.0,112002000,114077000,https://www.sec.gov/Archives/edgar/data/7536/000152650812000005/arw1231201110-k.htm,https://www.sec.gov/Archives/edgar/data/7536/000152650812000005/arw1231201110-k.htm,1620588757,15:32:37,20210509
37,2011-12-31,ARW,USD,2012-02-01 00:00:00,2012-02-01 08:10:07,Q4,5440473000,4695664000.0,744809000.0,0.1369015157321799,0.0,469757000.0,0.0,0.0,498491000.0,5194155000.0,28443000.0,28734000.0,275052000.0,0.050556633586822324,246318000.0,0.045275107513629786,-13761000.0,204114000.0,0.03751769377405237,29984000.0,174088000.0,0.031998688349340214,1.5151261966927763,1.5151261966927763,114900000,114900000,https://www.sec.gov/Archives/edgar/data/7536/000152650812000005/0001526508-12-000005-index.html,https://www.sec.gov/Archives/edgar/data/7536/000152650812000005/arw1231201110-k.htm,1620588757,15:32:37,20210509
38,2011-10-01,ARW,USD,2011-10-26 00:00:00,2011-10-26 11:12:02,Q3,5186900000,4475700000.0,711100000.0,0.1370953748867339,0.0,467300000.0,0.0,77528000.0,502000000.0,4977700000.0,-23000000.0,25800000.000000004,235000000.0,0.04530644508280476,209200000.0,0.040332375792862786,0.0,186100000.0,0.03587884863791475,53700000.0,132200000.0,0.025487285276369315,1.15057,1.15057,114900000,114900000,https://www.sec.gov/Archives/edgar/data/7536/000152650811000007/0001526508-11-000007-index.html,https://www.sec.gov/Archives/edgar/data/7536/000152650811000007/arw1001201110-q.htm,1620588757,15:32:37,20210509
39,2011-07-02,ARW,USD,2011-07-27 00:00:00,2011-07-27 08:09:59,Q2,5539900000,4769800000.0,770100000.0,0.1390097294174985,0.0,490600000.0,0.0,52303000.0,521800000.0000002,5291600000.0,-25100000.0,26000000.0,274300000.0,0.04951352912507446,248300000.0,0.04482030361558873,0.0,223200000.0,0.04028953591220058,66900000.0,156200000.0,0.028195454791602736,1.32936,1.32936,117500000,117500000,https://www.sec.gov/Archives/edgar/data/7536/000152650811000003/0001526508-11-000003-index.html,https://www.sec.gov/Archives/edgar/data/7536/000152650811000003/arw0702201110-q.htm,1620588757,15:32:37,20210509
40,2011-04-02,ARW,USD,2011-04-27 00:00:00,2011-04-27 08:18:33,Q1,5223000000,4500500000.0,722500000.0,0.13833046142063948,0.0,464900000.0,0.0,25767000.0,501600000.00000036,5002100000.0,-24600000.0,22900000.0,243800000.0,0.046678154317442086,220900000.0,0.042293700938158145,0.0,196400000.0,0.03760291020486311,59900000.0,136300000.0,0.026096113344820985,1.16099,1.16099,117400000,117400000,https://www.sec.gov/Archives/edgar/data/7536/000114420411024163/0001144204-11-024163-index.html,https://www.sec.gov/Archives/edgar/data/7536/000114420411024163/v219526_10q.htm,1620588757,15:32:37,20210509
41,2010-12-31,ARW,USD,2011-02-02,2011-02-02 08:08:17,Q4,5238162000,4554758000.0,683404000.0,0.13046637351040308,0.0,423634000.0,0.0,0.0,445539000.0,5000297000.0,19209000.0,21905000.0,259770000.0,0.04959182247513536,237865000.0,0.0454100121378453,-7407000.0,214389000.0,0.04092828744128189,56500000.0,157889000.0,0.0301420612802735,1.3357783417935702,1.3357783417935702,118200000,118200000,https://www.sec.gov/Archives/edgar/data/7536/000114420411005380/v207746_10k.htm,https://www.sec.gov/Archives/edgar/data/7536/000114420411005380/v207746_10k.htm,1620588757,15:32:37,20210509
42,2010-10-02,ARW,USD,2010-10-28 00:00:00,2010-10-28 14:37:08,Q3,4657800000,4049000000.0,608800000.0,0.13070548327536605,0.0,390700000.0,0.0,57362000.0,424300000.0000002,4473300000.0,-17300000.0,19199999.999999996,203700000.0,0.043733092876465283,184500000.0,0.039610975138477396,0.0,167200000.0,0.035896775301644555,48700000.0,118500000.0,0.025441195414144017,1.00254,1.00254,118200000,118200000,https://www.sec.gov/Archives/edgar/data/7536/000114420410056041/0001144204-10-056041-index.html,https://www.sec.gov/Archives/edgar/data/7536/000114420410056041/v199787_10q.htm,1620588757,15:32:37,20210509
43,2010-07-03,ARW,USD,2010-07-28 00:00:00,2010-07-28 08:40:18,Q2,4613300000,4024800000.0,588500000.0,0.1275659506210305,0.0,375900000.0,0.0,38441000.0,400899999.99999964,4425700000.0,-17600000.0,17700000.000000004,205300000.0,0.044501766631261784,187600000.0,0.040665033706890945,0.0,170100000.0,0.036871653696919776,53900000.0,116200000.0,0.02518804326620857,0.96352,0.96352,120600000,120600000,https://www.sec.gov/Archives/edgar/data/7536/000114420410039673/0001144204-10-039673-index.html,https://www.sec.gov/Archives/edgar/data/7536/000114420410039673/v191372_10q.htm,1620588757,15:32:37,20210509
44,2010-04-03,ARW,USD,2010-05-03 00:00:00,2010-05-03 08:50:27,Q1,4235400000,3697400000.0,537900000.0,0.12700099164187562,0.0,366700000.0,0.0,19086000.0,392699999.9999998,4090100000.0,-19086000.0,18500000.0,163800000.0,0.03867403314917127,145300000.0,0.034306086792274634,0.0,127300000.0,0.030056193039618453,40300000.0,87000000.0,0.02054115313783822,0.7137,0.7137,121900000,121900000,https://www.sec.gov/Archives/edgar/data/7536/000114420410023799/0001144204-10-023799-index.html,https://www.sec.gov/Archives/edgar/data/7536/000114420410023799/v182426_10q.htm,1620588757,15:32:37,20210509
45,2009-12-31,ARW,USD,2010-02-03 00:00:00,2010-02-03 08:12:14,Q4,4202985000,3706342000.0,496643000.0,0.1181643522401341,0.0,339921000.0,0.0,0.0,462200000.0,4168542000.0,25135000.0,16765000.0,51208000.0,0.01218372180723938,34443000.0,0.008194890060278587,82351000.0,91659000.0,0.021808072120171735,28548000.0,63093000.0,0.015011473988129865,0.5222930463576159,0.5222930463576159,120800000,120800000,https://www.sec.gov/Archives/edgar/data/7536/000114420410005031/0001144204-10-005031-index.html,https://www.sec.gov/Archives/edgar/data/7536/000114420410005031/v172660_10k.htm,1620588757,15:32:37,20210509
46,2009-10-03,ARW,USD,2009-10-28 00:00:00,2009-10-28 08:26:56,Q3,3671900000,3250800000.0,421100000.0,0.11468177237942209,0.0,321500000.0,0.0,58150000.0,381299999.9999997,3632099999.9999995,-58150000.0,17000000.0,56700000.0,0.015441596993382174,39700000.0,0.010811841281080639,0.0,23600000.0,0.0064271902829597756,11000000.0,12600000.0,0.003431465998529372,0.1043,0.1043,120800000,120800000,https://www.sec.gov/Archives/edgar/data/7536/000095012309053921/0000950123-09-053921-index.html,https://www.sec.gov/Archives/edgar/data/7536/000095012309053921/y79956e10vq.htm,1620588757,15:32:37,20210509
47,2009-07-04,ARW,USD,2009-07-29 00:00:00,2009-07-29 13:54:23,Q2,3391800000,2989600000.0,402200000.0,0.11858010495901881,0.0,315000000.0,0.0,40117000.0,351000000.0,3340600000.0,-40117000.0,16699999.999999996,67900000.0,0.02001886903708945,51200000.0,0.015095229671560823,0.0,35100000.0,0.010348487528745799,14100000.0,21100000.0,0.006220885665428386,0.17539,0.17539,120300000,120300000,https://www.sec.gov/Archives/edgar/data/7536/000095012309026846/0000950123-09-026846-index.html,https://www.sec.gov/Archives/edgar/data/7536/000095012309026846/y78520e10vq.htm,1620588757,15:32:37,20210509
48,2009-04-04,ARW,USD,2009-04-29 00:00:00,2009-04-29 13:34:47,Q1,3417400000,2986400000.0,431000000.0,0.12611927196114006,0.0,329100000.0,0.0,23035000.0,369799999.9999997,3356199999.9999995,-23035000.0,16600000.0,77800000.0,0.022765845379528298,61200000.0,0.017908351378240768,0.0,38500000.0,0.011265874641540352,11800000.0,26700000.0,0.007812957218938375,0.22231,0.22231,120100000,120100000,https://www.sec.gov/Archives/edgar/data/7536/000095012309007464/0000950123-09-007464-index.html,https://www.sec.gov/Archives/edgar/data/7536/000095012309007464/y76726e10vq.htm,1620588757,15:32:37,20210509
49,2008-12-31,ARW,USD,2009-02-26 00:00:00,2009-02-26 10:49:39,Q4,4089727000,3569631000.0,520096000.0,0.12717132463853945,0.0,376368000.0,0.0,0.0,291545000.0,3861176000.0,0.0,17091000.0,245642000.0,0.06006317781113507,228551000.0,0.05588417026368753,-1059033000.0,-969139000.0,-0.23696911798758205,-97079000.0,-871895000.0,-0.21319149175482863,-7.293690031035377,-7.293690031035377,119541000,119541000,https://www.sec.gov/Archives/edgar/data/7536/000095012309003515/0000950123-09-003515-index.html,https://www.sec.gov/Archives/edgar/data/7536/000095012309003515/y74529e10vk.htm,1620588757,15:32:37,20210509
50,2008-09-30,ARW,USD,2008-10-22 00:00:00,2008-10-22 12:35:02,Q3,4295314000,3731459000.0,563855000.0,0.13127212585622378,0.0,403542000.0,0.0,0.0,421042000.0,4152501000.0,0.0,6684000.0,149497000.0,0.034804673185708894,142813000.0,0.03324855877824066,-8964000.0,109040000.0,0.025385804157740274,32863000.0,76070000.0,0.01770999745303836,0.64,0.63,119541000,120384000,https://www.sec.gov/Archives/edgar/data/7536/000095012308013170/0000950123-08-013170-index.html,https://www.sec.gov/Archives/edgar/data/7536/000095012308013170/y71977e10vq.htm,1620588757,15:32:37,20210509
51,2008-06-30,ARW,USD,2008-07-23 00:00:00,2008-07-23 13:25:17,Q2,4347477000,3735006000.0,612471000.0,0.14087964122639407,0.0,421839000.0,0.0,0.0,439317000.0,4174323000.0,0.0,22223000.0,195377000.0,0.04494031825815295,173154000.0,0.039828617839726355,-7264000.0,141761000.0,0.032607648068063384,45418000.0,96215000.0,0.022131226916209102,0.792682424472108,0.7876339464787119,121379000,122157000,https://www.sec.gov/Archives/edgar/data/7536/000095012308008206/0000950123-08-008206-index.html,https://www.sec.gov/Archives/edgar/data/7536/000095012308008206/y63597e10vq.htm,1620588757,15:32:37,20210509
52,2008-03-31,ARW,USD,2008-04-24 00:00:00,2008-04-24 08:41:39,Q1,4028491000,3442200000.0,586291000.0,0.14553613251214909,0.0,405512000.0,0.0,0.0,435670000.0,3877870000.0,0.0,23288000.0,173909000.0,0.04316976257362869,150621000.0,0.03738893794227168,-17065000.0,121425000.0,0.030141559209143076,35520000.0,85871000.0,0.021315922016457278,0.7,0.69,122777000,123789000,https://www.sec.gov/Archives/edgar/data/7536/000095012308004548/0000950123-08-004548-index.html,https://www.sec.gov/Archives/edgar/data/7536/000095012308004548/y55167e10vq.htm,1620588757,15:32:37,20210509
53,2007-12-31,ARW,USD,2008-02-08,2008-02-08 12:01:54,Q4,4418982000,3804863000.0,614119000.0,0.13897295802517412,0.0,391950000.0,0.0,0.0,410581000.0,4215444000.0,0.0,23343000.0,226881000.0,0.05134236799335232,203538000.0,0.04605992963990349,-8891000.0,168395000.0,0.03810719301413765,53104000.0,113963000.0,0.0257894238989885,0.9282113099359001,0.9282113099359001,122777000,122777000,https://www.sec.gov/Archives/edgar/data/7536/000095012308001295/y47919e10vk.htm,https://www.sec.gov/Archives/edgar/data/7536/000095012308001295/y47919e10vk.htm,1620588757,15:32:37,20210509
54,2007-09-30,ARW,USD,2007-10-23 00:00:00,2007-10-23 17:13:19,Q3,4030363000,3477806000.0,552557000.0,0.13709856903708176,0.0,373796000.0,0.0,0.0,390536000.0,3868342000.0,0.0,22711000.0,184732000.0,0.04583507738632972,162021000.0,0.04020010108270645,-2340000.0,135408000.0,0.033596973771345164,36554000.0,98324000.0,0.02439581744870127,0.8,0.79,123161000,124292000,https://www.sec.gov/Archives/edgar/data/7536/000095012307014126/0000950123-07-014126-index.html,https://www.sec.gov/Archives/edgar/data/7536/000095012307014126/y41203e10vq.htm,1620588757,15:32:37,20210509
55,2007-06-30,ARW,USD,2007-07-25 00:00:00,2007-07-25 11:10:38,Q2,4038083000,3459113000.0,578970000.0,0.14337743924530527,0.0,383936000.0,0.0,0.0,402391000.0,3861504000.0,0.0,24308000.0,200887000.0,0.04974811067528825,176579000.0,0.04372842262033742,-1740000.0,146804000.0,0.036354874330220555,46483000.0,99211000.0,0.024568836252251376,0.8,0.79,123808000,124959000,https://www.sec.gov/Archives/edgar/data/7536/000095012307010272/0000950123-07-010272-index.html,https://www.sec.gov/Archives/edgar/data/7536/000095012307010272/y37362e10vq.htm,1620588757,15:32:37,20210509
56,2007-03-31,ARW,USD,2007-04-26 00:00:00,2007-04-26 14:11:46,Q1,3497564000,2957933000.0,539631000.0,0.15428766993255877,0.0,370226000.0,0.0,0.0,383119000.0,3341052000.0,0.0,19890000.0,176402000.0,0.05043567465813349,156512000.0,0.044748859491920666,8132000.0,141576000.0,0.040478458721555914,44556000.0,96294000.0,0.027531733515097936,0.78,0.77,122991000,124350000,https://www.sec.gov/Archives/edgar/data/7536/000095012307006049/0000950123-07-006049-index.html,https://www.sec.gov/Archives/edgar/data/7536/000095012307006049/y33876e10vq.htm,1620588757,15:32:37,20210509
57,2006-12-31,ARW,USD,2007-02-23,2007-02-23 17:17:52,Q4,3493320000,2981977000.0,511343000.0,0.14637737166935752,0.0,346542000.0,0.0,0.0,364553000.0,3346530000.0,0.0,19347000.0,166137000.0,0.04755848304764522,146790000.0,0.04202019855037615,-8016000.0,126327000.0,0.03616244718491292,-2377000.0,128071000.0,0.03666168573162493,1.0413038352399768,1.0413038352399768,122991000,122991000,https://www.sec.gov/Archives/edgar/data/7536/000095012307002670/y30462e10vk.htm,https://www.sec.gov/Archives/edgar/data/7536/000095012307002670/y30462e10vk.htm,1620588757,15:32:37,20210509
58,2006-09-30,ARW,USD,2006-11-08,2006-11-08 12:18:15,Q3,3454297000,2946214000.0,508083000.0,0.14708723656361916,0.0,342951000.0,0.0,0.0,353832000.0,3300046000.0,0.0,17421000.0,171672000.0,0.049698100655502404,154251000.0,0.04465481688459331,-229000.0,128153000.0,0.037099589294145814,42097000.0,85918000.0,0.02487278887715793,0.7039400915995511,0.6993732193732194,122053000,122850000,https://www.sec.gov/Archives/edgar/data/7536/000095012306013707/y26127e10vq.htm,https://www.sec.gov/Archives/edgar/data/7536/000095012306013707/y26127e10vq.htm,1620588757,15:32:37,20210509
59,2006-06-30,ARW,USD,2006-07-25,2006-07-25 15:47:13,Q2,3437032000,2912608000.0,524424000.0,0.15258048223001705,0.0,346828000.0,0.0,0.0,358165000.0,3270773000.0,0.0,18261000.0,184520000.0,0.053685854539614414,166259000.0,0.04837284028778318,-2073000.0,140193000.0,0.0407889714148719,47084000.0,92763000.0,0.026989274467040168,0.7614759481201773,0.7569338479490172,121820000,122551000,https://www.sec.gov/Archives/edgar/data/7536/000095012306009360/y23437e10vq.htm,https://www.sec.gov/Archives/edgar/data/7536/000095012306009360/y23437e10vq.htm,1620588757,15:32:37,20210509
60,2006-03-31,ARW,USD,2006-04-27,2006-04-27 16:48:12,Q1,3192463000,2704920000.0,487543000.0,0.1527168834846324,0.0,325828000.0,0.0,0.0,336789000.0,3041709000.0,0.0,15951000.0,166705000.0,0.052218302921600034,150754000.0,0.047221847206999734,-3181000.0,123604000.0,0.0387174416743436,41653000.0,81579000.0,0.025553624270665,0.68,0.66,120609000,123513000,https://www.sec.gov/Archives/edgar/data/7536/000095012306002306/y17619e10vk.htm,https://www.sec.gov/Archives/edgar/data/7536/000095012306002306/y17619e10vk.htm,1620588757,15:32:37,20210509
61,2005-12-31,ARW,USD,2006-02-27,2006-02-27 17:32:53,Q4,2959610000,2512818000.0,446792000.0,0.1509631336561236,0.0,297372000.0,0.0,0.0,309976000.0,2822794000.0,0.0,13469000.0,150285000.0,0.050778649889681414,136816000.0,0.046227712435084355,-3373000.0,114053000.0,0.03853649636269644,39478000.0,74446000.0,0.02515398988380226,0.6172507855964314,0.6172507855964314,120609000,120609000,https://www.sec.gov/Archives/edgar/data/7536/000095012306002306/y17619e10vk.htm,https://www.sec.gov/Archives/edgar/data/7536/000095012306002306/y17619e10vk.htm,1620588757,15:32:37,20210509
62,2005-09-30,ARW,USD,2005-10-28,2005-10-28 17:19:32,Q3,2710168000,2290912000.0,419256000.0,0.15469742097168884,0.0,290376000.0,0.0,0.0,300906000.0,2591818000.0,0.0,13640000.0,131990000.0,0.04870177789716357,118350000.0,0.04366887956761352,138000.0,96197000.0,0.03549484755188608,32399000.0,63523000.0,0.023438768371554827,0.54,0.52,118594000,124162000,https://www.sec.gov/Archives/edgar/data/7536/000095012305012768/y13919e10vq.htm,https://www.sec.gov/Archives/edgar/data/7536/000095012305012768/y13919e10vq.htm,1620588757,15:32:37,20210509
63,2005-07-01,ARW,USD,2005-07-29,2005-07-29 16:43:27,Q2,2767500000,2326200000.0,441300000.0,0.1594579945799458,0.0,304200000.0,0.0,0.0,327300000.0000002,2653500000.0,-48475000.0,13500000.0,127500000.0,0.04607046070460705,114000000.0,0.041192411924119245,0.0,90200000.0,0.03259259259259259,31600000.0,58400000.0,0.02110207768744354,0.47021,0.47021,124200000,124200000,https://www.sec.gov/Archives/edgar/data/7536/000095012305009144/y11127e10vq.htm,https://www.sec.gov/Archives/edgar/data/7536/000095012305009144/y11127e10vq.htm,1620588757,15:32:37,20210509
64,2005-04-01,ARW,USD,2005-04-29,2005-04-29 17:19:10,Q1,2726900000,2294600000.0,432200000.0,0.15849499431588984,0.0,308800000.0,0.0,0.0,324099999.9999999,2618700000.0,-24100000.0,12500000.0,120600000.0,0.044226044226044224,108100000.0,0.03964208441820382,0.0,85100000.0,0.031207598371777476,27700000.0,57200000.0,0.020976200080677694,0.46129,0.46129,124000000,124000000,https://www.sec.gov/Archives/edgar/data/7536/000095012305005337/y08046e10vq.htm,https://www.sec.gov/Archives/edgar/data/7536/000095012305005337/y08046e10vq.htm,1620588757,15:32:37,20210509
65,2004-12-31,ARW,USD,2005-03-16,2005-03-16,Q4,2551718000,2122984000.0,428734000.0,0.16801778252926067,0.0,306276000.0,0.0,0.0,326732000.0,2449716000.0,0.0,13713000.0,115715000.0,0.04534787935030438,102002000.0,0.03997385291007862,-14458000.0,73901000.0,0.0289612723663038,25962000.0,47723000.0,0.018702301743374464,0.41435207293249404,0.41435207293249404,115175000,115175000,https://www.sec.gov/Archives/edgar/data/7536/000095012305003213/0000950123-05-003213-index.htm,https://www.sec.gov/Archives/edgar/data/7536/000095012305003213/y06178e10vk.htm,1620588757,15:32:37,20210509
66,2004-09-30,ARW,USD,2004-11-05,2004-11-05 13:15:04,Q3,2668701000,2248538000.0,420163000.0,0.15744101718401574,0.0,301315000.0,0.0,0.0,304709000.0,2553247000.0,0.0,14130000.0,129584000.0,0.04855695711134368,115454000.0,0.043262246313843324,8606000.0,90034000.0,0.03373701287630199,26392000.0,63397000.0,0.023755752330440916,0.55,0.52,115175000,124862000,https://www.sec.gov/Archives/edgar/data/7536/000095012304013056/y03724e10vq.htm,https://www.sec.gov/Archives/edgar/data/7536/000095012304013056/y03724e10vq.htm,1620588757,15:32:37,20210509
67,2004-06-30,ARW,USD,2004-08-03,2004-08-03 17:16:09,Q2,2750236000,2299202000.0,451034000.0,0.16399828960132876,0.0,307534000.0,0.0,0.0,324342000.0,2623544000.0,0.0,18012000.0,144704000.0,0.05261512102961346,126692000.0,0.04606586489304918,-4909000.0,97290000.0,0.03537514598747162,30000000.0,66859000.0,0.024310277372560026,0.58,0.55,114917000,126698000,https://www.sec.gov/Archives/edgar/data/7536/000095012304009181/y99555e10vq.htm,https://www.sec.gov/Archives/edgar/data/7536/000095012304009181/y99555e10vq.htm,1620588757,15:32:37,20210509
68,2004-03-31,ARW,USD,2004-05-07,2004-05-07 16:56:38,Q1,2675458000,2252238000.0,423220000.0,0.15818600030349944,0.0,298422000.0,0.0,0.0,316639000.0,2568877000.0,0.0,19820000.0,126401000.0,0.04724462129474655,106581000.0,0.03983654387398344,-32103000.0,43758000.0,0.016355330563963256,14082000.0,29525000.0,0.011035493736025756,0.28,0.27,106753000,121666000,https://www.sec.gov/Archives/edgar/data/7536/000000753604000009/arw2003form10k.htm,https://www.sec.gov/Archives/edgar/data/7536/000000753604000009/arw2003form10k.htm,1620588757,15:32:37,20210509
69,2003-12-31,ARW,USD,2004-03-15,2004-03-15 17:04:27,Q4,2480824000,2093596000.0,387228000.0,0.156088460930723,0.0,288998000.0,0.0,0.0,318376000.0,2411972000.0,0.0,19475000.0,88327000.0,0.03560389612483594,68852000.0,0.0277536818411947,-6299000.0,42010000.0,0.016933889707613278,15620000.0,26012000.0,0.010485225876563593,0.24366528341123903,0.24366528341123903,106753000,106753000,https://www.sec.gov/Archives/edgar/data/7536/000000753604000009/arw2003form10k.htm,https://www.sec.gov/Archives/edgar/data/7536/000000753604000009/arw2003form10k.htm,1620588757,15:32:37,20210509
70,2003-09-30,ARW,USD,2003-11-13,2003-11-13 17:22:38,Q3,2095245000,1751680000.0,343565000.0,0.1639736641776976,0.0,271767000.0,0.0,0.0,287279000.0,2038959000.0,0.0,16772000.0,73058000.0,0.03486847600161318,56286000.0,0.026863684199222526,-23643000.0,-3346000.0,-0.0015969492827807726,2888000.0,-6234000.0,-0.0029753083768246672,-0.06225160272413173,-0.06187961565949337,100142000,100744000,https://www.sec.gov/Archives/edgar/data/7536/000120677403000833/d13548_10-q.htm,https://www.sec.gov/Archives/edgar/data/7536/000120677403000833/d13548_10-q.htm,1620588757,15:32:37,20210509
71,2003-06-30,ARW,USD,2003-08-13,2003-08-13 09:10:56,Q2,2123139000,1768036000.0,355103000.0,0.16725376906552045,0.0,281651000.0,0.0,0.0,299696000.0,2067732000.0,0.0,19209000.0,74616000.0,0.035144189805754594,55407000.0,0.026096736954104277,-13872000.0,9480000.0,0.004465086836047946,2653000.0,6827000.0,0.003215521922964064,0.06818340707301727,0.06760744701921173,100127000,100980000,https://www.sec.gov/Archives/edgar/data/7536/000000753603000025/arwq10q_q203.htm,https://www.sec.gov/Archives/edgar/data/7536/000000753603000025/arwq10q_q203.htm,1620588757,15:32:37,20210509
72,2003-03-31,ARW,USD,2003-05-14,2003-05-14 15:46:10,Q1,1980105000,1645048000.0,335057000.0,0.16921173372119155,0.0,269776000.0,0.0,0.0,286688000.0,1931736000.0,0.0,18457000.0,66826000.0,0.033748715345903374,48369000.0,0.024427492481459315,-15831000.0,-758000.0,-0.0003828079824049735,45000.0,-905000.0,-0.0004570464697579169,-0.01,-0.01,99902000,99902000,https://www.sec.gov/Archives/edgar/data/7536/000000753603000014/arw2002form10k.htm,https://www.sec.gov/Archives/edgar/data/7536/000000753603000014/arw2002form10k.htm,1620588757,15:32:37,20210509
73,2002-12-31,ARW,USD,2003-03-27,2003-03-27 12:51:49,Q4,1890959000,1574128000.0,316831000.0,0.16755043340442602,0.0,256569000.0,0.0,0.0,272210000.0,1846338000.0,0.0,17964000.0,62585000.0,0.03309696296958316,44621000.0,0.023597021405540788,641000.0,13117000.0,0.006936691911352917,4591000.0,7594000.0,0.004015951694351914,0.07601449420432023,0.07601449420432023,99902000,99902000,https://www.sec.gov/Archives/edgar/data/7536/000000753603000014/arw2002form10k.htm,https://www.sec.gov/Archives/edgar/data/7536/000000753603000014/arw2002form10k.htm,1620588757,15:32:37,20210509
74,2002-09-30,ARW,USD,2002-11-14,2002-11-13 18:42:56,Q3,1811339000,1502717000.0,308622000.0,0.17038334624275192,0.0,254610000.0,0.0,0.0,270800000.0,1773517000.0,0.0,19279000.0,57101000.0,0.03152419287609884,37822000.0,0.02088068550392831,1000000.0,695000.0,0.0003836940517484579,171000.0,-11117000.0,-0.006137448594658427,-0.11,-0.11131,99874000,99874000,https://www.sec.gov/Archives/edgar/data/7536/000000753602000024/arw10q3_02.htm,https://www.sec.gov/Archives/edgar/data/7536/000000753602000024/arw10q3_02.htm,1620588757,15:32:37,20210509
75,2002-06-30,ARW,USD,2002-08-13 00:00:00,2002-08-12 17:46:39,Q2,1843317000,1523729000.0,319588000.0,0.1733765814561467,0.0,257158000.0,0.0,0.0,273797000.0,1797526000.0,0.0,20334000.0,66125000.0,0.035872831422918576,45791000.0,0.024841630603960142,-4562000.0,609000.0,0.0003303826742768607,33000.0,-6034000.0,-0.0032734467267431485,-0.06,-0.06,99813000,99813000,https://www.sec.gov/Archives/edgar/data/7536/000000753602000015/0000007536-02-000015-index.html,https://www.sec.gov/Archives/edgar/data/7536/000000753602000015/arw10q2_02.htm,1620588757,15:32:37,20210509
76,2002-03-31,ARW,USD,2002-05-14 00:00:00,2002-05-14 12:14:35,Q1,1952240000,1631870000.0,320370000.0,0.16410379871327296,0.0,256994000.0,0.0,0.0,274665000.0,1906535000.0,0.0,21206000.0,66911000.0,0.034273962217760114,45705000.0,0.02341156824980535,153000.0,4694000.0,0.0024044174896529114,1784000.0,2784000.0,0.0014260541736671722,0.027970060782639274,0.027491951889084196,99535000,101266000,https://www.sec.gov/Archives/edgar/data/7536/000000753602000009/0000007536-02-000009-index.html,https://www.sec.gov/Archives/edgar/data/7536/000000753602000009/arw10q1_02.txt,1620588757,15:32:37,20210509
77,2001-12-31,ARW,USD,2002-03-29,2002-03-29,Q4,2159255000,1818730000.0,340525000.0,0.15770485653616642,0.0,257649000.0,0.0,0.0,288808000.0,2107538000.0,0.0,34664000.0,86381000.0,0.04000500172513205,51717000.0,0.023951316542048066,1130000.0,10874000.0,0.005035996211656335,4680000.0,6629000.0,0.0030700403611430794,0.0665996885517657,0.0665996885517657,99535000,99535000,https://www.sec.gov/Archives/edgar/data/7536/000000753602000005/0000007536-02-000005-index.htm,https://www.sec.gov/Archives/edgar/data/7536/000000753602000005/q40110k.txt,1620588757,15:32:37,20210509
78,2001-09-30,ARW,USD,2001-11-13 00:00:00,2001-11-13 00:00:00,Q3,2182561000,1951158000.0,231403000.0,0.10602361171119616,0.0,274487000.0,0.0,0.0,303503000.0,2254661000.0,0.0,32387000.0,-39713000.0,-0.01819559682409793,-72100000.0,-0.03303458643309397,-131087000.0,-252215000.0,-0.11555919857451866,-92546000.0,-159088000.0,-0.07289051714934885,-1.61,-1.61,98515000,98515000,https://www.sec.gov/Archives/edgar/data/7536/000000753601500013/0000007536-01-500013-index.html,https://www.sec.gov/Archives/edgar/data/7536/000000753601500013/q30110q.txt,1620588757,15:32:37,20210509
79,2001-06-30,ARW,USD,2001-08-13 00:00:00,2001-08-13 00:00:00,Q2,2510041000,2112095000.0,397946000.0,0.1585416333836778,0.0,298088000.0,0.0,0.0,327673000.0,2439768000.0,0.0,32884000.0,103157000.0,0.0410977350569174,70273000.0,0.027996753837885517,-997000.0,14490000.0,0.005772814069570975,7830000.0,6954000.0,0.002770472673553938,0.07095483949962247,0.06983329985940952,98006000,99580000,https://www.sec.gov/Archives/edgar/data/7536/000000753601500011/0000007536-01-500011-index.html,https://www.sec.gov/Archives/edgar/data/7536/000000753601500011/q20110q.txt,1620588757,15:32:37,20210509
80,2001-03-31,ARW,USD,2001-05-14 00:00:00,2001-05-14 00:00:00,Q1,3275747000,2727465000.0,548282000.0,0.16737617404518726,0.0,326463000.0,0.0,0.0,364422000.0,3091887000.0,0.0,32222000.0,216082000.0,0.06596419076320607,183860000.0,0.056127655768287356,-9771000.0,117557000.0,0.035887081633593804,45847000.0,71679000.0,0.021881726519172574,0.73,0.68,97888000,107491000,https://www.sec.gov/Archives/edgar/data/7536/000000753601500008/0000007536-01-500008-index.html,https://www.sec.gov/Archives/edgar/data/7536/000000753601500008/q10110q.txt,1620588757,15:32:37,20210509
81,2000-12-31,ARW,USD,2000-12-31,2000-12-31,Q4,3691088000,3102152000.0,588936000.0,0.15955620673362433,0.0,314940000.0,0.0,0.0,342182000.0,3444334000.0,0.0,30291000.0,277045000.0,0.07505781493153238,246754000.0,0.06685129154330648,-5000.0,182620000.0,0.04947592688117975,72946000.0,108959000.0,0.029519480435037042,1.1130986433474992,1.1130986433474992,97888000,97888000,,,1620588757,15:32:37,20210509
82,2000-09-30,ARW,USD,2000-11-13 00:00:00,2000-11-13 00:00:00,Q3,3337068000,2805362000.0,531706000.0,0.15933328298973828,0.0,296038000.0,0.0,0.0,318363000.0,3123725000.0,0.0,24284000.0,237627000.0,0.0712083182002884,213343000.0,0.0639312714035195,-725000.0,171530000.0,0.05140140986039242,68612000.0,101943000.0,0.030548673266472245,1.05,1.02,97403000,100022000,https://www.sec.gov/Archives/edgar/data/7536/000000753600000012/0000007536-00-000012-index.html,https://www.sec.gov/Archives/edgar/data/7536/000000753600000012/0000007536-00-000012-0001.txt,1620588757,15:32:37,20210509
83,2000-06-30,ARW,USD,2000-08-11 00:00:00,2000-08-11 00:00:00,Q2,3161670000,2671370000.0,490300000.0,0.1550762729823163,0.0,287380000.0,0.0,0.0,308470000.0,2979840000.0,0.0,22826000.0,204656000.0,0.06473034820205777,181830000.0,0.05751074590327264,-612000.0,145678000.0,0.04607628247097262,60310000.0,83970000.0,0.026558749015551907,0.87,0.84,96398000,99419000,https://www.sec.gov/Archives/edgar/data/7536/000000753600000009/0000007536-00-000009-index.html,https://www.sec.gov/Archives/edgar/data/7536/000000753600000009/0000007536-00-000009-0001.txt,1620588757,15:32:37,20210509
84,2000-03-31,ARW,USD,2000-05-11 00:00:00,2000-05-11 00:00:00,Q1,2769424000,2346425000.0,422999000.0,0.15273898110220754,0.0,261225000.0,0.0,0.0,280819000.0,2627244000.0,0.0,22077000.0,164257000.0,0.05931088919573167,142180000.0,0.05133919544280688,-1298000.0,110303000.0,0.039828859719566234,46327000.0,63059000.0,0.022769716735321136,0.66,0.65,95387000,96922000,https://www.sec.gov/Archives/edgar/data/7536/000000753600000005/0000007536-00-000005-index.html,https://www.sec.gov/Archives/edgar/data/7536/0000007536-00-000005.txt,1620588757,15:32:37,20210509
85,1999-12-31,ARW,USD,1999-12-31,1999-12-31,Q4,2485100000,2129600000.0,355500000.0,0.14305259345700375,0.0,229500000.0,0.0,0.0,247000000.0,2376600000.0,0.0,19500000.0,128000000.0,0.05150698161039797,108500000.0,0.043660214880688906,-900000.0,79300000.0,0.03191018470081687,34400000.0,44100000.0,0.017745764757957427,0.4623271514986319,0.4623271514986319,95387000,95387000,,,1620588757,15:32:37,20210509
86,1999-09-30,ARW,USD,1999-09-30,1999-09-30,Q3,2375800000,2052600000.0,323200000.0,0.13603838706961865,0.0,212200000.0,0.0,0.0,229600000.0,2282200000.0,0.0,19500000.0,113100000.0,0.047605017257344895,93600000.0,0.03939725566125095,-200000.0,66600000.0,0.028032662682043942,28800000.0,36800000.0,0.015489519319808064,0.39,0.38,95176000,96317000,,,1620588757,15:32:37,20210509
87,1999-06-30,ARW,USD,1999-06-30,1999-06-30,Q2,2250000000,1935900000.0,314100000.0,0.1396,0.0,209500000.0,0.0,0.0,252300000.0,2188200000.0,0.0,20500000.0,82300000.0,0.03657777777777778,61800000.0,0.027466666666666667,-24600000.0,35000000.0,0.015555555555555555,17200000.0,15000000.0,0.006666666666666667,0.15766570665769725,0.15622396267288785,95138000,96016000,,,1620588757,15:32:37,20210509
88,1999-03-31,ARW,USD,1999-03-31,1999-03-31,Q1,2201600000,1893400000.0,308200000.0,0.1399890988372093,0.0,215700000.0,0.0,0.0,233400000.0,2126800000.0,0.0,19100000.0,93900000.0,0.042650799418604654,74800000.0,0.033975290697674417,100000.0,50300000.0,0.022847020348837208,21400000.0,28300000.0,0.012854287790697675,0.2978351698081436,0.2952160397237696,95019000,95862000,,,1620588757,15:32:37,20210509
89,1998-12-31,ARW,USD,1998-12-31,1998-12-31,Q4,2160200000,1870400000.0,289800000.0,0.13415424497731693,0.0,189100000.0,0.0,0.0,203500000.0,2073900000.0,0.0,15600000.0,101900000.0,0.04717155818905657,86300000.0,0.039950004629201,500000.0,65400000.0,0.0302749745393945,27800000.0,32300000.0,0.014952319229700953,0.33993201359728054,0.33993201359728054,95019000,95019000,,,1620588757,15:32:37,20210509
90,1998-09-30,ARW,USD,1998-11-13 00:00:00,1998-11-13 00:00:00,Q3,2134800000,1849500000.0,285300000.0,0.13364249578414839,0.0,185800000.0,0.0,0.0,199000000.0,2048500000.0,0.0,14200000.0,100500000.0,0.0470770095559303,86300000.0,0.0404253325838486,300000.0,65900000.0,0.030869402285928424,28000000.0,35600000.0,0.016676035225782274,0.37450031559015357,0.37031258126592814,95060000,96135000,https://www.sec.gov/Archives/edgar/data/7536/000000753698000013/0000007536-98-000013-index.html,https://www.sec.gov/Archives/edgar/data/7536/0000007536-98-000013.txt,1620588757,15:32:37,20210509
91,1998-06-30,ARW,USD,1998-08-13 00:00:00,1998-08-13 00:00:00,Q2,2024000000,1732600000.0,291400000.0,0.14397233201581028,0.0,190400000.0,0.0,0.0,203500000.0,1936100000.0,0.0,12900000.0,100800000.0,0.04980237154150197,87900000.0,0.04342885375494071,-800000.0,66800000.0,0.03300395256916996,28600000.0,36000000.0,0.017786561264822136,0.3743254343734728,0.3671783364781478,96173000,98045000,https://www.sec.gov/Archives/edgar/data/7536/000000753698000011/0000007536-98-000011-index.html,https://www.sec.gov/Archives/edgar/data/7536/0000007536-98-000011.txt,1620588757,15:32:37,20210509
92,1998-03-31,ARW,USD,1998-03-31,1998-03-31,Q1,2025800000,1730900000.0,294900000.0,0.14557211965643202,0.0,191500000.0,0.0,0.0,202900000.0,1933800000.0,0.0,12400000.0,104400000.0,0.0515351959719617,92000000.0,0.04541415736992793,900000.0,74200000.0,0.036627505183137524,30600000.0,41900000.0,0.02068318688913022,0.44,0.43,96341000,98315000,,,1620588757,15:32:37,20210509
93,1997-12-31,ARW,USD,1997-12-31,1997-12-31,Q4,2110400000,1791400000.0,319000000.0,0.15115617892342684,0.0,192700000.0,0.0,0.0,203600000.0,1995000000.0,0.0,11800000.0,127200000.0,0.060272934040940106,115400000.0,0.05468157695223654,-200000.0,96300000.0,0.045631159969674,39400000.0,52300000.0,0.024782031842304778,0.542863370735201,0.542863370735201,96341000,96341000,,,1620588757,15:32:37,20210509
94,1997-09-30,ARW,USD,1997-11-13 00:00:00,1997-11-13 00:00:00,Q3,1949400000,1657900000.0,291500000.0,0.1495331896993947,0.0,173800000.0,0.0,0.0,244500000.0,1902400000.0,0.0,12400000.0,59400000.0,0.030470914127423823,47000000.0,0.02410998255873602,-59000000.0,29300000.0,0.015030265722786498,17200000.0,9300000.0,0.0047706986765158515,0.09,0.09,199656000,199656000,https://www.sec.gov/Archives/edgar/data/7536/000000753697000014/0000007536-97-000014-index.html,https://www.sec.gov/Archives/edgar/data/7536/0000007536-97-000014.txt,1620588757,15:32:37,20210509
95,1997-06-30,ARW,USD,1997-08-08 00:00:00,1997-08-08 00:00:00,Q2,1848700000,1555400000.0,293300000.0,0.1586520257478228,0.0,174000000.0,0.0,0.0,185000000.0,1740400000.0,0.0,12200000.0,120500000.0,0.0651809379564018,108300000.0,0.05858170606372045,200000.0,92400000.0,0.049981067777357065,37800000.0,51800000.0,0.028019689511548655,0.52,0.52,100808000,100808000,https://www.sec.gov/Archives/edgar/data/7536/000000753697000011/0000007536-97-000011-index.html,https://www.sec.gov/Archives/edgar/data/7536/0000007536-97-000011.txt,1620588757,15:32:37,20210509
96,1997-03-31,ARW,USD,1997-05-13 00:00:00,1997-05-13 00:00:00,Q1,1855300000,1569800000.0,285500000.0,0.15388346898075783,0.0,171800000.0,0.0,0.0,181400000.0,1751200000.0,0.0,10700000.0,114800000.0,0.06187678542553765,104100000.0,0.05610952406618876,300000.0,90500000.0,0.0487791731795397,37200000.0,50300000.0,0.027111518352827036,0.5,0.5,101040000,101040000,https://www.sec.gov/Archives/edgar/data/7536/000000753697000006/0000007536-97-000006-index.html,https://www.sec.gov/Archives/edgar/data/7536/0000007536-97-000006.txt,1620588757,15:32:37,20210509
97,1996-12-31,ARW,USD,1996-12-31,1996-12-31,Q4,1632300000,1383200000.0,249100000.0,0.15260675120994915,0.0,149800000.0,0.0,0.0,157400000.0,1540600000.0,0.0,10100000.0,101800000.0,0.0623659866446119,91700000.0,0.05617839857869264,300000.0,97300000.0,0.05960914047662807,34100000.0,48000000.0,0.029406359125160816,0.4750593824228028,0.4750593824228028,101040000,101040000,,,1620588757,15:32:37,20210509
98,1996-09-30,ARW,USD,1996-09-30,1996-09-30,Q3,1597400000,1352700000.0,244700000.0,0.1531864279454113,0.0,147400000.0,0.0,0.0,157400000.0,1510100000.0,0.0,10000000.0,97300000.0,0.06091148115687993,87300000.0,0.05465130837611118,-400000.0,75200000.0,0.04707649931138099,31400000.0,43800000.0,0.02741955677976712,0.43,0.43,101860465,101860465,,,1620588757,15:32:37,20210509
99,1996-06-30,ARW,USD,1996-08-09 00:00:00,1996-08-09 00:00:00,Q2,1601700000,1336300000.0,265400000.0,0.16569894487107448,0.0,151100000.0,0.0,0.0,160500000.0,1496800000.0,0.0,9900000.0,114800000.0,0.07167384653805332,104900000.0,0.0654929137791097,100000.0,95100000.0,0.05937441468439783,37400000.0,54100000.0,0.03377661234937879,0.53,0.53,103344000,103344000,https://www.sec.gov/Archives/edgar/data/7536/000000753696000009/0000007536-96-000009-index.html,https://www.sec.gov/Archives/edgar/data/7536/0000007536-96-000009.txt,1620588757,15:32:37,20210509
100,1996-03-31,ARW,USD,1996-05-15 00:00:00,1996-05-15 00:00:00,Q1,1703300000,1421510000.0,281790000.0,0.1654376797980391,0.0,156100000.0,0.0,0.0,165090000.0,1586600000.0,0.0,9500000.0,126200000.0,0.07409146950038162,116700000.0,0.06851406094052721,-100000.0,105300000.0,0.06182117066870193,41700000.0,56800000.0,0.03334703223155052,0.56,0.56,102552000,102552000,https://www.sec.gov/Archives/edgar/data/7536/000000753696000004/0000007536-96-000004-index.html,https://www.sec.gov/Archives/edgar/data/7536/0000007536-96-000004.txt,1620588757,15:32:37,20210509
101,1995-12-31,ARW,USD,1995-12-31,1995-12-31,Q4,1561200000,1294600000.0,266600000.0,0.17076607737637714,0.0,146600000.0,0.0,0.0,158100000.0,1452700000.0,0.0,10200000.0,118700000.0,0.07603125800666154,108500000.0,0.06949782218806047,300000.0,73400000.0,0.047015116576992054,38300000.0,54900000.0,0.03516525749423521,0.5353381699040487,0.5353381699040487,102552000,102552000,,,1620588757,15:32:37,20210509
102,1995-09-30,ARW,USD,1995-11-13 00:00:00,1995-11-13 00:00:00,Q3,1459600000,1202800000.0,256800000.0,0.17593861331871746,0.0,140600000.0,0.0,0.0,148700000.0,1351500000.0,0.0,8500000.0,116600000.0,0.07988489997259524,108100000.0,0.07406138668128254,400000.0,96000000.0,0.06577144423129624,38400000.0,51000000.0,0.03494107974787613,0.54,0.51,95480000,103038000,https://www.sec.gov/Archives/edgar/data/7536/000000753695000010/0000007536-95-000010-index.html,https://www.sec.gov/Archives/edgar/data/7536/0000007536-95-000010.txt,1620588757,15:32:37,20210509
103,1995-06-30,ARW,USD,1995-08-11 00:00:00,1995-08-11 00:00:00,Q2,1458200000,1195400000.0,262800000.0,0.1802221917432451,0.0,146400000.0,0.0,0.0,154100000.0,1349500000.0,0.0,8200000.0,116900000.0,0.08016732958441915,108700000.0,0.0745439583047593,1000000.0,98600000.0,0.06761761075298313,40400000.0,51800000.0,0.0355232478398025,0.55,0.52,94588000,102398000,https://www.sec.gov/Archives/edgar/data/7536/000000753695000008/0000007536-95-000008-index.html,https://www.sec.gov/Archives/edgar/data/7536/0000007536-95-000008.txt,1620588757,15:32:37,20210509
104,1995-03-31,ARW,USD,1995-05-12 00:00:00,1995-05-12 00:00:00,Q1,1440400000,1194000000.0,246400000.0,0.17106359344626493,0.0,140600000.0,0.0,0.0,148500000.0,1342500000.0,0.0,8300000.0,106200000.0,0.07372951957789503,97900000.0,0.06796723132463205,700000.0,35900000.0,0.024923632324354347,35900000.0,44900000.0,0.0311718966953624,0.48,0.46,93730000,101412000,https://www.sec.gov/Archives/edgar/data/7536/000000753695000004/0000007536-95-000004-index.html,https://www.sec.gov/Archives/edgar/data/7536/0000007536-95-000004.txt,1620588757,15:32:37,20210509
105,1994-12-31,ARW,USD,1995-03-29,1995-03-29,Q4,1762900000,1466600000.0,296300000.0,0.16807533042146464,0.0,176100000.0,0.0,0.0,210000000.0,1676600000.0,0.0,10800000.0,97100000.0,0.05507969822451642,86300000.0,0.04895342900901923,-23600000.0,79300000.0,0.04498269896193772,35400000.0,39900000.0,0.022633161268364628,0.4256908140403286,0.4256908140403286,93730000,93730000,https://www.sec.gov/Archives/edgar/data/7536/0000007536-95-000002-index.html,https://www.sec.gov/Archives/edgar/data/7536/,1620588757,15:32:37,20210509
106,1994-09-30,ARW,USD,1994-11-14 00:00:00,1994-11-14 00:00:00,Q3,996300000,821600000.0,174700000.0,0.1753487905249423,0.0,103800000.0,0.0,0.0,131600000.0,953200000.0,0.0,7000000.0,50100000.0,0.050286058416139714,43100000.0,0.04326006223025193,-21900000.0,33800000.0,0.03392552444042959,13000000.0,16500000.0,0.01656127672387835,0.23087255834779202,0.20882375275267673,71468000,79014000,https://www.sec.gov/Archives/edgar/data/7536/000000753694000010/0000007536-94-000010-index.html,https://www.sec.gov/Archives/edgar/data/7536/0000007536-94-000010.txt,1620588757,15:32:37,20210509
107,1994-06-30,ARW,USD,1994-08-11 00:00:00,1994-08-11 00:00:00,Q2,835600000,669000000.0,166600000.0,0.19937769267592148,0.0,100800000.0,0.0,0.0,106100000.0,775100000.0,0.0,6000000.0,66500000.0,0.079583532790809,60500000.0,0.07240306366682624,100000.0,51100000.0,0.06115366203925323,20400000.0,26600000.0,0.0318334131163236,0.42,0.39,63790000,71334000,https://www.sec.gov/Archives/edgar/data/7536/000000753694000007/0000007536-94-000007-index.html,https://www.sec.gov/Archives/edgar/data/7536/0000007536-94-000007.txt,1620588757,15:32:37,20210509
108,1994-03-31,ARW,USD,1994-05-13 00:00:00,1994-05-13 00:00:00,Q1,820800000,660400000.0,160400000.0,0.19541910331384016,0.0,96500000.0,0.0,0.0,102000000.0,762400000.0,0.0,6000000.0,64400000.0,0.07846003898635477,58400000.0,0.07115009746588694,0.0,49400000.0,0.06018518518518518,19900000.0,25300000.0,0.030823586744639375,0.4,0.37,63796000,71344000,https://www.sec.gov/Archives/edgar/data/7536/000000753694000005/0000007536-94-000005-index.html,https://www.sec.gov/Archives/edgar/data/7536/0000007536-94-000005.txt,1620588757,15:32:37,20210509
109,1993-09-30,ARW,USD,1993-09-30,1993-09-30,Q3,697800000,560200000.0,137600000.0,0.19719117225566066,0.0,83200000.0,0.0,0.0,88800000.0,649000000.0,0.0,5500000.0,54300000.0,0.07781599312123817,48800000.0,0.06993407853253081,300000.0,39400000.0,0.05646316996274004,17700000.0,21700000.0,0.03109773574089997,0.35,0.32,62000000,67812500,,,1620588757,15:32:37,20210509
110,1993-06-30,ARW,USD,1993-06-30,1993-06-30,Q2,584100000,462800000.0,121300000.0,0.2076699195343263,0.0,75000000.0,0.0,0.0,78900000.0,541700000.0,0.0,4000000.0,46400000.0,0.07943845231980826,42400000.0,0.07259030987844547,300000.0,33700000.0,0.05769560006848142,14600000.0,19100000.0,0.03269988015750728,0.31,0.29,61612903,65862069,,,1620588757,15:32:37,20210509
111,1993-03-31,ARW,USD,1993-03-31,1993-03-31,Q1,551400000,430900000.0,120500000.0,0.21853463910047152,0.0,74200000.0,0.0,0.0,78000000.0,508900000.0,0.0,3800000.0,46300000.0,0.08396808124773304,42500000.0,0.07707653246282191,300000.0,32000000.0,0.05803409503083061,14000000.0,18000000.0,0.03264417845484222,0.3,0.28,60000000,64285714,,,1620588757,15:32:37,20210509
112,1992-09-30,ARW,USD,1992-09-30,1992-09-30,Q3,407400000,319600000.0,87800000.0,0.21551300932744233,0.0,57100000.0,0.0,0.0,60900000.0,380500000.0,0.0,3800000.0,30700000.0,0.07535591556210113,26900000.0,0.06602847324496809,1200000.0,21500000.0,0.05277368679430535,8200000.0,13300000.0,0.03264604810996564,0.24,0.22,52083333,56818182,,,1620588757,15:32:37,20210509
113,1992-06-30,ARW,USD,1992-06-30,1992-06-30,Q2,382000000,298600000.0,83400000.0,0.21832460732984293,0.0,55600000.0,0.0,0.0,59100000.0,357700000.0,0.0,3500000.0,27800000.0,0.07277486910994764,24300000.0,0.06361256544502618,1800000.0,18200000.0,0.04764397905759162,6700000.0,9100000.0,0.02382198952879581,0.16,0.16,47500000,47500000,,,1620588757,15:32:37,20210509
114,1992-03-31,ARW,USD,1992-03-31,1992-03-31,Q1,378700000,299000000.0,79700000.0,0.2104568259836282,0.0,54300000.0,0.0,0.0,57900000.0,356900000.0,0.0,3600000.0,25400000.0,0.06707156060205968,21800000.0,0.05756535516239768,1900000.0,14700000.0,0.038817005545286505,5400000.0,9300000.0,0.024557697385793505,0.19,0.19,42105263,42105263,,,1620588757,15:32:37,20210509
115,1991-09-30,ARW,USD,1991-09-30,1991-09-30,Q3,227200000,180200000.0,47000000.0,0.2068661971830986,0.0,46000000.0,0.0,0.0,49000000.0,229200000.0,0.0,2900000.0,900000.0,0.003961267605633803,-2000000.0,-0.008802816901408451,1400000.0,-6700000.0,-0.02948943661971831,-1600000.0,-5100000.0,-0.02244718309859155,-0.26,-0.26,24666667,24666667,,,1620588757,15:32:37,20210509
116,1991-06-30,ARW,USD,1991-06-30,1991-06-30,Q2,233100000,182700000.0,50400000.0,0.21621621621621623,0.0,38100000.0,0.0,0.0,41000000.0,223700000.0,0.0,2900000.0,12300000.0,0.05276705276705277,9400000.0,0.04032604032604033,1300000.0,4000000.0,0.01716001716001716,900000.0,3100000.0,0.013299013299013299,0.08,0.08,25000000,25000000,,,1620588757,15:32:37,20210509
117,1991-03-31,ARW,USD,1991-03-31,1991-03-31,Q1,236800000,186000000.0,50800000.0,0.21452702702702703,0.0,38900000.0,0.0,0.0,41700000.0,227700000.0,0.0,2800000.0,11900000.0,0.05025337837837838,9100000.0,0.03842905405405406,1600000.0,3900000.0,0.016469594594594593,1000000.0,2900000.0,0.012246621621621621,0.08,0.08,22500000,22500000,,,1620588757,15:32:37,20210509
118,1990-09-30,ARW,USD,1990-09-30,1990-09-30,Q3,246000000,194900000.0,51100000.0,0.20772357723577237,0.0,39600000.0,0.0,0.0,42500000.0,237400000.0,0.0,2900000.0,11500000.0,0.046747967479674794,8600000.0,0.034959349593495934,1500000.0,0.0,0.0,0.0,2700000.0,0.01097560975609756,0.07,0.07,21428571,21428571,,,1620588757,15:32:37,20210509
119,1990-06-30,ARW,USD,1990-06-30,1990-06-30,Q2,242100000,190400000.0,51700000.0,0.21354812061131764,0.0,40400000.0,0.0,0.0,43500000.0,233900000.0,0.0,3800000.0,12000000.0,0.04956629491945477,8200000.0,0.033870301528294094,1700000.0,0.0,0.0,0.0,2800000.0,0.011565468814539447,0.07,0.07,22857143,22857143,,,1620588757,15:32:37,20210509
120,1990-03-31,ARW,USD,1990-03-31,1990-03-31,Q1,246700000,194300000.0,52400000.0,0.2124037292257803,0.0,42200000.0,0.0,0.0,44500000.0,238800000.0,0.0,2300000.0,10200000.0,0.041345764085934336,7900000.0,0.032022699635184435,1800000.0,0.0,0.0,0.0,2700000.0,0.010944466963923795,0.06,0.06,21666667,21666667,,,1620588757,15:32:37,20210509
121,1989-09-30,ARW,USD,1989-09-30,1989-09-30,Q3,222300000,171700000.0,50600000.0,0.2276203328834908,0.0,42000000.0,0.0,0.0,44900000.0,216600000.0,0.0,0.0,7500000.0,0.033738191632928474,5700000.0,0.02564102564102564,1100000.0,0.0,0.0,0.0,-800000.0,-0.003598740440845704,-0.09,-0.09,24444444,24444444,,,1620588757,15:32:37,20210509
122,1989-06-30,ARW,USD,1989-06-30,1989-06-30,Q2,225500000,0.0,0.0,0.0,0.0,0.0,0.0,0.0,0.0,0.0,0.0,0.0,225500000.0,1.0,225500000.0,1.0,0.0,0.0,0.0,0.0,0.0,0.0,-0.05,-0.05,23362000,23362000,,,1620588757,15:32:37,20210509
123,1989-03-31,ARW,USD,1989-03-31,1989-03-31,Q1,237900000,0.0,0.0,0.0,0.0,0.0,0.0,0.0,0.0,0.0,0.0,0.0,237900000.0,1.0,237900000.0,1.0,0.0,0.0,0.0,0.0,0.0,0.0,0.04,0.04,22930000,22930000,,,1620588757,15:32:37,20210509
124,1988-09-30,ARW,USD,1988-09-30,1988-09-30,Q3,249700000,0.0,0.0,0.0,0.0,0.0,0.0,0.0,0.0,0.0,0.0,0.0,249700000.0,1.0,249700000.0,1.0,0.0,0.0,0.0,0.0,0.0,0.0,0.04,0.04,22928000,22928000,,,1620588757,15:32:37,20210509
125,1988-06-30,ARW,USD,1988-06-30,1988-06-30,Q2,256500000,0.0,0.0,0.0,0.0,0.0,0.0,0.0,0.0,0.0,0.0,0.0,256500000.0,1.0,256500000.0,1.0,0.0,0.0,0.0,0.0,0.0,0.0,0.24,0.24,22896000,22896000,,,1620588757,15:32:37,20210509
126,1988-03-31,ARW,USD,1988-03-31,1988-03-31,Q1,257900000,0.0,0.0,0.0,0.0,0.0,0.0,0.0,0.0,0.0,0.0,0.0,257900000.0,1.0,257900000.0,1.0,0.0,0.0,0.0,0.0,0.0,0.0,0.22,0.22,21984000,21984000,,,1620588757,15:32:37,20210509
127,1987-09-30,ARW,USD,1987-09-30,1987-09-30,Q3,143000000,0.0,0.0,0.0,0.0,0.0,0.0,0.0,0.0,0.0,0.0,0.0,143000000.0,1.0,143000000.0,1.0,0.0,0.0,0.0,0.0,0.0,0.0,0.31,0.31,13370000,13370000,,,1620588757,15:32:37,20210509
128,1987-06-30,ARW,USD,1987-06-30,1987-06-30,Q2,137700000,0.0,0.0,0.0,0.0,0.0,0.0,0.0,0.0,0.0,0.0,0.0,137700000.0,1.0,137700000.0,1.0,0.0,0.0,0.0,0.0,0.0,0.0,-0.07,-0.07,13188000,13188000,,,1620588757,15:32:37,20210509
129,1987-03-31,ARW,USD,1987-03-31,1987-03-31,Q1,138100000,0.0,0.0,0.0,0.0,0.0,0.0,0.0,0.0,0.0,0.0,0.0,138100000.0,1.0,138100000.0,1.0,0.0,0.0,0.0,0.0,0.0,0.0,0.17,0.17,13100000,13100000,,,1620588757,15:32:37,20210509
130,1986-09-30,ARW,USD,1986-09-30,1986-09-30,Q3,127600000,0.0,0.0,0.0,0.0,0.0,0.0,0.0,0.0,0.0,0.0,0.0,127600000.0,1.0,127600000.0,1.0,0.0,0.0,0.0,0.0,0.0,0.0,-0.78,-0.78,13038000,13038000,,,1620588757,15:32:37,20210509
131,1986-06-30,ARW,USD,1986-06-30,1986-06-30,Q2,131900000,0.0,0.0,0.0,0.0,0.0,0.0,0.0,0.0,0.0,0.0,0.0,131900000.0,1.0,131900000.0,1.0,0.0,0.0,0.0,0.0,0.0,0.0,-0.6,-0.6,13038000,13038000,,,1620588757,15:32:37,20210509
132,1986-03-31,ARW,USD,1986-03-31,1986-03-31,Q1,137500000,0.0,0.0,0.0,0.0,0.0,0.0,0.0,0.0,0.0,0.0,0.0,137500000.0,1.0,137500000.0,1.0,0.0,0.0,0.0,0.0,0.0,0.0,-0.41,-0.41,12892000,12892000,,,1620588757,15:32:37,20210509
133,1985-09-30,ARW,USD,1985-09-30,1985-09-30,Q3,123200000,0.0,0.0,0.0,0.0,0.0,0.0,0.0,0.0,0.0,0.0,0.0,123200000.0,1.0,123200000.0,1.0,0.0,0.0,0.0,0.0,0.0,0.0,-0.23,-0.23,12808000,12808000,,,1620588757,15:32:37,20210509
