,date,symbol,reportedCurrency,fillingDate,acceptedDate,period,revenue,costOfRevenue,grossProfit,grossProfitRatio,researchAndDevelopmentExpenses,generalAndAdministrativeExpenses,sellingAndMarketingExpenses,otherExpenses,operatingExpenses,costAndExpenses,interestExpense,depreciationAndAmortization,ebitda,ebitdaratio,operatingIncome,operatingIncomeRatio,totalOtherIncomeExpensesNet,incomeBeforeTax,incomeBeforeTaxRatio,incomeTaxExpense,netIncome,netIncomeRatio,eps,epsdiluted,weightedAverageShsOut,weightedAverageShsOutDil,link,finalLink,timestamp,est_time,est_date
0,2015-06-30,AR4.DE,EUR,2015-06-30,2015-06-30,Q2,0.0,0.0,0.0,0.0,0.0,0.0,0.0,0.0,0.0,0.0,0.0,25316000.0,0.0,0.0,0.0,0.0,0.0,0.0,0.0,0.0,0.0,0.0,2.06,2.06,31324757,31324757,https://www.bundesanzeiger.de/pub/de/suche;wwwsid=627BFD7A56A5CB624C47FDDEAB2FC509.web07-pub?0,https://www.bundesanzeiger.de/pub/de/suche;wwwsid=627BFD7A56A5CB624C47FDDEAB2FC509.web07-pub?0,1620588673,15:31:13,20210509
1,2014-06-30,AR4.DE,EUR,2014-06-30,2014-06-30,Q2,0.0,0.0,0.0,0.0,0.0,0.0,0.0,0.0,0.0,0.0,0.0,19423000.0,0.0,0.0,0.0,0.0,0.0,0.0,0.0,0.0,0.0,0.0,0.57,0.57,29964912,29964912,https://www.bundesanzeiger.de/pub/de/suche;wwwsid=627BFD7A56A5CB624C47FDDEAB2FC509.web07-pub?0,https://www.bundesanzeiger.de/pub/de/suche;wwwsid=627BFD7A56A5CB624C47FDDEAB2FC509.web07-pub?0,1620588673,15:31:13,20210509
2,2013-06-30,AR4.DE,EUR,2013-06-30,2013-06-30,Q2,0.0,0.0,0.0,0.0,0.0,0.0,0.0,0.0,0.0,0.0,0.0,18800250.0,0.0,0.0,0.0,0.0,0.0,0.0,0.0,0.0,0.0,0.0,0.27,0.27,38022222,38022222,https://www.bundesanzeiger.de/pub/de/suche;wwwsid=627BFD7A56A5CB624C47FDDEAB2FC509.web07-pub?0,https://www.bundesanzeiger.de/pub/de/suche;wwwsid=627BFD7A56A5CB624C47FDDEAB2FC509.web07-pub?0,1620588673,15:31:13,20210509
3,2012-06-30,AR4.DE,EUR,2012-06-30,2012-06-30,Q2,341922000.0,193455000.0,148467000.0,0.4342130661378911,0.0,0.0,0.0,0.0,134238000.0,327693000.0,0.0,15040000.0,29269000.0,0.08560139447008382,14229000.0,0.04161475424219559,0.0,10904000.0,0.031890314165218966,1157000.0,3731000.0,0.010911845391639028,0.09,0.09,41455556,41455556,https://www.bundesanzeiger.de/pub/de/suche;wwwsid=627BFD7A56A5CB624C47FDDEAB2FC509.web07-pub?0,https://www.bundesanzeiger.de/pub/de/suche;wwwsid=627BFD7A56A5CB624C47FDDEAB2FC509.web07-pub?0,1620588673,15:31:13,20210509
4,2011-06-30,AR4.DE,EUR,2011-06-30,2011-06-30,Q2,323609000.0,199887000.0,123722000.0,0.3823194039720774,0.0,0.0,0.0,0.0,123429000.0,323316000.0,0.0,18324000.0,18617000.0,0.057529302337079626,293000.0,0.0009054136318829204,0.0,-2730000.0,-0.008436106535973969,2220000.0,-5119000.0,-0.01581847229217976,-0.176667,-0.176667,28975472,28975472,https://www.bundesanzeiger.de/pub/de/suche;wwwsid=627BFD7A56A5CB624C47FDDEAB2FC509.web07-pub?0,https://www.bundesanzeiger.de/pub/de/suche;wwwsid=627BFD7A56A5CB624C47FDDEAB2FC509.web07-pub?0,1620588673,15:31:13,20210509
5,2010-06-30,AR4.DE,EUR,2010-06-30,2010-06-30,Q2,233471000.0,136694000.0,96777000.0,0.41451400816375483,0.0,0.0,0.0,0.0,76758000.0,213452000.0,0.0,12735000.0,32754000.0,0.14029151372119023,20019000.0,0.08574512466216361,0.0,18252000.0,0.07817673287046357,250000.0,16723000.0,0.07162773963361617,0.583333,0.58,28668000,28832759,https://www.bundesanzeiger.de/pub/de/suche;wwwsid=627BFD7A56A5CB624C47FDDEAB2FC509.web07-pub?0,https://www.bundesanzeiger.de/pub/de/suche;wwwsid=627BFD7A56A5CB624C47FDDEAB2FC509.web07-pub?0,1620588673,15:31:13,20210509
6,2009-06-30,AR4.DE,EUR,2009-06-30,2009-06-30,Q2,246932000.0,138303000.0,108629000.0,0.4399146323684253,0.0,0.0,0.0,0.0,95392000.0,233695000.0,0.0,10347000.0,23584000.0,0.09550807509759772,13237000.0,0.053605851003515136,0.0,10977000.0,0.044453533766381025,-138000.0,9466000.0,0.038334440250757294,0.32,0.316667,29581250,29892632,https://www.bundesanzeiger.de/pub/de/suche;wwwsid=627BFD7A56A5CB624C47FDDEAB2FC509.web07-pub?0,https://www.bundesanzeiger.de/pub/de/suche;wwwsid=627BFD7A56A5CB624C47FDDEAB2FC509.web07-pub?0,1620588673,15:31:13,20210509
7,2008-06-30,AR4.DE,EUR,2008-06-30,2008-06-30,Q2,129808000.0,69017000.0,60791000.0,0.46831474177246396,0.0,0.0,0.0,0.0,55809000.0,124826000.0,0.0,3503000.0,8485000.0,0.06536577098483914,4982000.0,0.03837976087760384,0.0,7704000.0,0.059349192653765565,341000.0,5312000.0,0.04092197707383212,0.196667,0.196667,27010169,27010169,https://www.bundesanzeiger.de/pub/de/suche;wwwsid=627BFD7A56A5CB624C47FDDEAB2FC509.web07-pub?0,https://www.bundesanzeiger.de/pub/de/suche;wwwsid=627BFD7A56A5CB624C47FDDEAB2FC509.web07-pub?0,1620588673,15:31:13,20210509
