,date,symbol,reportedCurrency,fillingDate,acceptedDate,period,revenue,costOfRevenue,grossProfit,grossProfitRatio,researchAndDevelopmentExpenses,generalAndAdministrativeExpenses,sellingAndMarketingExpenses,otherExpenses,operatingExpenses,costAndExpenses,interestExpense,depreciationAndAmortization,ebitda,ebitdaratio,operatingIncome,operatingIncomeRatio,totalOtherIncomeExpensesNet,incomeBeforeTax,incomeBeforeTaxRatio,incomeTaxExpense,netIncome,netIncomeRatio,eps,epsdiluted,weightedAverageShsOut,weightedAverageShsOutDil,link,finalLink,timestamp,est_time,est_date
0,2020-09-30,VAL,USD,2020-10-29,2020-10-29 08:41:53,Q3,285000000,0.0,285000000,1.0,0.0,72000000.0,0.0,430000000.0,72100000.0,502000000.0,60000000.0,97000000.0,4499000000.0,15.785964912280702,4402000000.0,15.445614035087718,118000000.0,-650000000.0,-2.280701754385965,16000000.0,-672000000.0,-2.357894736842105,-0.02409,-0.02409,198000000,198000000,https://www.sec.gov/Archives/edgar/data/314808/000031480820000158/0000314808-20-000158-index.htm,https://www.sec.gov/Archives/edgar/data/314808/000031480820000158/val-20200930.htm,1620599412,18:30:12,20210509
1,2020-06-30,VAL,USD,2020-07-30,2020-07-30 07:06:42,Q2,388800000,370700000.0,18100000,0.046553497942386834,0.0,62600000.0,0.0,1339000000.0,62600000.0,1402800000.0,-115700000.0,131500000.0,-882500000.0,-2.2698045267489713,-1014000000.0,-2.6080246913580245,5100000.0,-1124600000.0,-2.8924897119341564,-15800000.0,-1107400000.0,-2.8482510288065845,-5.57603,-5.57603,198600000,198600000,https://www.sec.gov/Archives/edgar/data/314808/000031480820000138/0000314808-20-000138-index.htm,https://www.sec.gov/Archives/edgar/data/314808/000031480820000138/val-6302020x10q.htm,1620599412,18:30:12,20210509
2,2020-03-31,VAL,USD,2020-04-30 00:00:00,2020-04-30 09:48:40,Q1,456600000,476000000.0,-19400000,-0.04248795444590451,0.0,53400000.0,0.0,3449000000.0,53400000.0,3502100000.0,-428300000.0,164500000.0,-2881000000.0,-6.3096802452912835,-3045500000.0,-6.669951817783618,-3200000.0,-3159700000.0,-6.92006132282085,-152000000.0,-3006300000.0,-6.584099868593955,-15.19101,-15.19101,197900000,197900000,https://www.sec.gov/Archives/edgar/data/314808/000031480820000066/0000314808-20-000066-index.html,https://www.sec.gov/Archives/edgar/data/314808/000031480820000066/val-3312020x10q.htm,1620599412,18:30:12,20210509
3,2019-12-31,VAL,USD,2020-02-21 00:00:00,2020-02-21 09:10:10,Q4,512100000,476600000.0,35500000,0.06932239796914665,0.0,42000000.0,0.0,2520000.0,42000000.0,695700000.0,428300000.0,163800000.00000006,-19799999.99999994,-0.03866432337434083,-183600000.0,-0.3585237258347979,129600000.0,-151200000.0,-0.29525483304042177,49000000.0,-216000000.0,-0.421792618629174,-1.09091,-1.09091,198000000,198000000,https://www.sec.gov/Archives/edgar/data/314808/000031480820000015/0000314808-20-000015-index.html,https://www.sec.gov/Archives/edgar/data/314808/000031480820000015/val-20191231x10k.htm,1620599412,18:30:12,20210509
4,2019-09-30,VAL,USD,2019-10-31 00:00:00,2019-10-31 09:26:36,Q3,551300000,496500000.0,54800000,0.09940141483765645,0.0,36100000.0,0.0,1329400000.0,36100000.0,783800000.0,-108600000.0,163000000.0,-69500000.0,-0.12606566297841465,-232500000.0,-0.42173045528750225,145100000.0,-196000000.0,-0.3555233085434428,1500000.0,-197100000.0,-0.3575185924179213,-0.99747,-0.99747,197600000,197600000,https://www.sec.gov/Archives/edgar/data/314808/000031480819000171/0000314808-19-000171-index.html,https://www.sec.gov/Archives/edgar/data/314808/000031480819000171/val-20190930.htm,1620599412,18:30:12,20210509
5,2019-06-30,VAL,USD,2019-08-01 00:00:00,2019-08-01 09:20:02,Q2,989800000,832900000.0,156900000,0.1585168720953728,0.0,110800000.0,0.0,1119000000.0,81200000.0,1229100000.0,-193200000.0,157899999.99999997,-81400000.00000003,-0.08223883612851084,-239300000.0,-0.24176601333602749,715900000.0,283400000.0,0.286320468781572,64100000.0,215100000.0,0.2173166296221459,1.18578,1.18578,181400000,181400000,https://www.sec.gov/Archives/edgar/data/314808/000031480819000141/0000314808-19-000141-index.html,https://www.sec.gov/Archives/edgar/data/314808/000031480819000141/val-6302019x10q.htm,1620599412,18:30:12,20210509
6,2019-03-31,VAL,USD,2019-05-02 00:00:00,2019-05-02 09:27:04,Q1,405900000,332600000.0,73300000,0.18058635131805864,0.0,29600000.0,0.0,0.0,29600000.0,487199999.99999994,-80600000.0,125000000.0,43700000.0,0.1076619857107662,-81300000.0,-0.20029563932002956,5400000.0,-156500000.0,-0.3855629465385563,31500000.0,-190400000.0,-0.4690810544469081,-1.1283,-1.1283,168750000,168750000,https://www.sec.gov/Archives/edgar/data/314808/000031480819000085/0000314808-19-000085-index.html,https://www.sec.gov/Archives/edgar/data/314808/000031480819000085/esv-3312019x10q.htm,1620599412,18:30:12,20210509
7,2018-12-31,VAL,USD,2019-02-28 00:00:00,2019-02-28 09:17:01,Q4,399000000,322800000.0,76200000,0.19097744360902255,0.0,23600000.0,0.0,0.0,23600000.0,509100000.0,282700000.0,122399999.99999999,12299999.999999985,0.030827067669172894,-110100000.0,-0.27593984962406015,-12400000.0,-179900000.0,-0.45087719298245615,22800000.0,-203600000.0,-0.5102756892230577,-1.87477,-1.87477,108600000,108600000,https://www.sec.gov/Archives/edgar/data/314808/000031480819000021/0000314808-19-000021-index.html,https://www.sec.gov/Archives/edgar/data/314808/000031480819000021/esv-20181231x10k.htm,1620599412,18:30:12,20210509
8,2018-09-30,VAL,USD,2018-10-30 00:00:00,2018-10-30 09:03:20,Q3,430900000,327100000.0,103800000,0.2408911580413089,0.0,25100000.0,0.0,0.0,25100000.0,472800000.0,-66700000.0,120600000.0,78700000.0,0.18264098398700396,-41900000.0,-0.09723833836156881,-11000000.0,-119600000.0,-0.2775585982826642,22900000.0,-145000000.0,-0.3365049895567417,-1.33517,-1.33517,108600000,108600000,https://www.sec.gov/Archives/edgar/data/314808/000031480818000140/0000314808-18-000140-index.html,https://www.sec.gov/Archives/edgar/data/314808/000031480818000140/esv-9302018x10q.htm,1620599412,18:30:12,20210509
9,2018-06-30,VAL,USD,2018-07-26 00:00:00,2018-07-26 09:04:21,Q2,458500000,344300000.0,114200000,0.2490730643402399,0.0,26100000.0,0.0,0.0,26100000.0,491100000.0,-82100000.0,120700000.0,88100000.0,0.19214830970556163,-32600000.0,-0.07110141766630317,-2700000.0,-117400000.0,-0.2560523446019629,31800000.0,-151000000.0,-0.3293347873500545,-1.39171,-1.39171,108500000,108500000,https://www.sec.gov/Archives/edgar/data/314808/000031480818000119/0000314808-18-000119-index.html,https://www.sec.gov/Archives/edgar/data/314808/000031480818000119/esv-6302018x10q.htm,1620599412,18:30:12,20210509
10,2018-03-31,VAL,USD,2018-04-26 00:00:00,2018-04-26 10:08:14,Q1,417000000,325200000.0,91800000,0.22014388489208633,0.0,27900000.0,0.0,0.0,27900000.0,468300000.0,-61000000.0,115200000.0,63900000.0,0.15323741007194244,-51300000.0,-0.12302158273381295,-9700000.0,-122000000.0,-0.29256594724220625,23000000.0,-140100000.0,-0.3359712230215827,-1.29244,-1.29244,108400000,108400000,https://www.sec.gov/Archives/edgar/data/314808/000031480818000074/0000314808-18-000074-index.html,https://www.sec.gov/Archives/edgar/data/314808/000031480818000074/esv-3312018x10q.htm,1620599412,18:30:12,20210509
11,2017-12-31,VAL,USD,2018-02-27 00:00:00,2018-02-27 10:15:15,Q4,454200000,334300000.0,119900000,0.26398062527520916,0.0,70900000.0,0.0,0.0,70900000.0,707600000.0,224200000.0,119500000.0,-133900000.0,-0.2948040510788199,-253400000.0,-0.5579040070453545,141600000.0,-166100000.0,-0.3656979304271246,25900000.0,-207100000.0,-0.45596653456627034,-1.93914,-1.93914,106800000,106800000,https://www.sec.gov/Archives/edgar/data/314808/000031480818000019/0000314808-18-000019-index.html,https://www.sec.gov/Archives/edgar/data/314808/000031480818000019/esv-20171231x10k.htm,1620599412,18:30:12,20210509
12,2017-09-30,VAL,USD,2017-10-26 00:00:00,2017-10-26 10:04:11,Q3,460200000,285800000.0,174400000,0.37896566710126034,0.0,30400000.0,0.0,0.0,30400000.0,424399999.99999994,-40300000.0,108200000.00000001,144000000.0,0.31290743155149936,35800000.0,0.0777922642329422,-100000.0,-4600000.0,-0.009995654063450673,23400000.0,-25400000.0,-0.055193394176445025,-0.33732,-0.33732,75300000,75300000,https://www.sec.gov/Archives/edgar/data/314808/000031480817000144/0000314808-17-000144-index.html,https://www.sec.gov/Archives/edgar/data/314808/000031480817000144/esv-9302017x10q.htm,1620599412,18:30:12,20210509
13,2017-06-30,VAL,USD,2017-07-27 00:00:00,2017-07-27 10:03:51,Q2,457500000,291300000.0,166200000,0.36327868852459017,0.0,30500000.0,0.0,0.0,30500000.0,429700000.0,-53200000.0,107899999.99999999,135700000.0,0.2966120218579235,27800000.0,0.06076502732240437,0.0,-25400000.0,-0.05551912568306011,19300000.0,-45500000.0,-0.0994535519125683,-0.60505,-0.60505,75200000,75200000,https://www.sec.gov/Archives/edgar/data/314808/000031480817000115/0000314808-17-000115-index.html,https://www.sec.gov/Archives/edgar/data/314808/000031480817000115/esv-6302017x10q.htm,1620599412,18:30:12,20210509
14,2017-03-31,VAL,USD,2017-04-27 00:00:00,2017-04-27 10:02:21,Q1,471100000,278100000.0,193000000,0.4096794735724899,0.0,26000000.0,0.0,0.0,26000000.0,413300000.0,-51300000.0,109200000.0,167000000.0,0.3544894926767141,57800000.0,0.12269157291445552,-6400000.0,100000.0,0.00021226915729144556,24100000.0,-25700000.0,-0.05455317342390151,-0.34176,-0.34176,75200000,75200000,https://www.sec.gov/Archives/edgar/data/314808/000031480817000066/0000314808-17-000066-index.html,https://www.sec.gov/Archives/edgar/data/314808/000031480817000066/esv-3312017x10q.htm,1620599412,18:30:12,20210509
15,2016-12-31,VAL,USD,2017-02-28 00:00:00,2017-02-28 10:47:18,Q4,504600000,289000000.0,215600000,0.4272691240586603,0.0,24700000.0,0.0,0.0,24700000.0,423900000.0,228800000.0,110199999.99999999,190900000.0,0.37831946095917557,80700000.0,0.15992865636147444,5100000.0,34500000.0,0.06837098692033294,3900000.0,39000000.0,0.07728894173602854,0.51931,0.51931,75100000,75100000,https://www.sec.gov/Archives/edgar/data/314808/000031480817000012/0000314808-17-000012-index.html,https://www.sec.gov/Archives/edgar/data/314808/000031480817000012/esv-20161231x10k.htm,1620599412,18:30:12,20210509
16,2016-09-30,VAL,USD,2016-10-27 00:00:00,2016-10-27 10:03:30,Q3,548200000,298100000.0,250100000,0.4562203575337468,0.0,25300000.0,0.0,0.0,25300000.0,432800000.0,-49400000.0,109400000.00000003,224800000.00000003,0.41006931776723826,115400000.0,0.21050711419190077,18500000.0,84500000.0,0.15414082451659977,-3500000.0,85300000.0,0.15560014593214155,1.1419,1.1419,74700000,74700000,https://www.sec.gov/Archives/edgar/data/314808/000031480816000408/0000314808-16-000408-index.html,https://www.sec.gov/Archives/edgar/data/314808/000031480816000408/esv-9302016x10q.htm,1620599412,18:30:12,20210509
17,2016-06-30,VAL,USD,2016-09-07 00:00:00,2016-09-07 11:14:32,Q2,909600000,350200000.0,559400000,0.614995602462621,0.0,27400000.0,0.0,0.0,27400000.0,490000000.0,-50700000.0,112399999.99999999,532000000.0,0.5848724714160071,419600000.0,0.46130167106420406,260600000.0,629500000.0,0.6920624450307827,36700000.0,590600000.0,0.6492963940193491,8.29494,8.29494,71200000,71200000,https://www.sec.gov/Archives/edgar/data/102741/000010274116000020/0000102741-16-000020-index.html,https://www.sec.gov/Archives/edgar/data/102741/000010274116000020/val-20160729x10q.htm,1620599412,18:30:12,20210509
18,2016-03-31,VAL,USD,2016-04-28 00:00:00,2016-04-28 10:06:17,Q1,814000000,363700000.0,450300000,0.5531941031941032,0.0,23400000.0,0.0,0.0,23400000.0,500400000.0,-61700000.0,113300000.0,426900000.0,0.5244471744471745,313600000.0,0.38525798525798527,-2900000.0,249000000.0,0.3058968058968059,71400000.0,175300000.0,0.21535626535626537,3.01721,3.01721,58100000,58100000,https://www.sec.gov/Archives/edgar/data/314808/000031480816000312/0000314808-16-000312-index.html,https://www.sec.gov/Archives/edgar/data/314808/000031480816000312/esv-3312016x10q.htm,1620599412,18:30:12,20210509
19,2015-12-31,VAL,USD,2016-02-25 00:00:00,2016-02-24 21:06:15,Q4,828300000,415200000.0,413100000,0.4987323433538573,0.0,30200000.0,0.0,0.0,30200000.0,3339100000.0,216300000.0,149700000.0,-2361100000.0,-2.850537244959556,-2510800000.0,-3.0312688639381866,7000000.0,-2558100000.0,-3.0883737776168054,-182800000.0,-2471800000.0,-2.984184474224315,-42.54389,-42.54389,58100000,58100000,https://www.sec.gov/Archives/edgar/data/314808/000031480816000258/0000314808-16-000258-index.html,https://www.sec.gov/Archives/edgar/data/314808/000031480816000258/esv-20151231x10k.htm,1620599412,18:30:12,20210509
20,2015-09-30,VAL,USD,2015-10-29 00:00:00,2015-10-29 10:33:41,Q3,1012200000,433500000.0,578700000,0.5717249555423829,0.0,28400000.0,0.0,0.0,28400000.0,609500000.0,-54600000.0,145200000.0,547900000.0,0.5412961865244023,402700000.0,0.3978462754396364,2200000.0,350300000.0,0.3460778502272278,33200000.0,292000000.0,0.288480537443193,5.02582,5.02582,58100000,58100000,https://www.sec.gov/Archives/edgar/data/314808/000031480815000204/0000314808-15-000204-index.html,https://www.sec.gov/Archives/edgar/data/314808/000031480815000204/esv-9302015x10q.htm,1620599412,18:30:12,20210509
21,2015-06-30,VAL,USD,2015-07-30 00:00:00,2015-07-30 09:32:16,Q2,1059000000,502600000.0,556400000,0.5254013220018886,0.0,29700000.0,0.0,0.0,29700000.0,672799999.9999999,-47500000.0,140500000.00000003,526700000.0,0.49735599622285176,386200000.0,0.36468366383380546,-7900000.0,330800000.0,0.31237016052880073,58000000.0,260300000.0,0.2457979225684608,4.48021,4.48021,58100000,58100000,https://www.sec.gov/Archives/edgar/data/314808/000031480815000186/0000314808-15-000186-index.html,https://www.sec.gov/Archives/edgar/data/314808/000031480815000186/esv-6302015x10q.htm,1620599412,18:30:12,20210509
22,2015-03-31,VAL,USD,2015-04-30 00:00:00,2015-04-30 12:00:25,Q1,1163900000,518300000.0,645600000,0.5546868287653578,0.0,30100000.0,0.0,0.0,30100000.0,685500000.0,-50100000.0,137100000.0,615500000.0,0.5288255004725492,478400000.0,0.4110318755906865,-22500000.0,405800000.0,0.3486553827648423,77700000.0,324700000.0,0.2789758570323911,5.59828,5.59828,58000000,58000000,https://www.sec.gov/Archives/edgar/data/314808/000031480815000093/0000314808-15-000093-index.html,https://www.sec.gov/Archives/edgar/data/314808/000031480815000093/esv-3312015x10q.htm,1620599412,18:30:12,20210509
23,2014-12-31,VAL,USD,2015-03-02,2015-03-02 13:05:02,Q4,1159800000,514000000.0,645800000,0.5568201414036903,0.0,28300000.0,0.0,0.0,28300000.0,4196899999.9999995,161400000.0,139399999.99999997,-2897700000.0,-2.4984480082772893,-3037100000.0,-2.6186411450250042,0.0,-3086700000.0,-2.6614071391619243,-26200000.0,-3451800000.0,-2.976202793585101,-59.51379,-59.51379,58000000,58000000,https://www.sec.gov/Archives/edgar/data/314808/000031480815000018/esv-20141231x10k.htm,https://www.sec.gov/Archives/edgar/data/314808/000031480815000018/esv-20141231x10k.htm,1620599412,18:30:12,20210509
24,2014-09-30,VAL,USD,2014-10-30 00:00:00,2014-10-30 16:53:21,Q3,1201400000,500200000.0,701200000,0.5836524055268854,0.0,29300000.0,0.0,0.0,29300000.0,664700000.0000001,-36800000.0,135200000.0,671900000.0,0.5592641917762611,536700000.0,0.44672881638088896,-1600000.0,498300000.0,0.41476610620942234,74600000.0,429400000.0,0.3574163475944731,7.40345,7.40345,58000000,58000000,https://www.sec.gov/Archives/edgar/data/314808/000031480814000207/0000314808-14-000207-index.html,https://www.sec.gov/Archives/edgar/data/314808/000031480814000207/esv-9302014x10q.htm,1620599412,18:30:12,20210509
25,2014-06-30,VAL,USD,2014-08-01 00:00:00,2014-08-01 17:30:41,Q2,1136600000,542500000.0,594100000,0.5226992785500616,0.0,36200000.0,0.0,0.0,36200000.0,1414400000.0,-31700000.0,132200000.00000001,-145600000.0,-0.128101354918177,-277800000.0,-0.24441316206229105,900000.0,-308600000.0,-0.27151152560267466,42600000.0,-1172700000.0,-1.0317613936301249,-20.01195,-20.01195,58600000,58600000,https://www.sec.gov/Archives/edgar/data/314808/000031480814000170/0000314808-14-000170-index.html,https://www.sec.gov/Archives/edgar/data/314808/000031480814000170/esv-6302014x10q.htm,1620599412,18:30:12,20210509
26,2014-03-31,VAL,USD,2014-04-29 00:00:00,2014-04-29 15:08:24,Q1,1066700000,520200000.0,546500000,0.5123277397581325,0.0,38100000.0,0.0,0.0,38100000.0,689399999.9999999,-30300000.0,131100000.0,508400000.0,0.47661010593418957,377300000.0,0.35370769663448015,1200000.0,348200000.0,0.32642729914690166,49500000.0,292500000.0,0.2742101809318459,5.05181,5.05181,57900000,57900000,https://www.sec.gov/Archives/edgar/data/314808/000031480814000100/0000314808-14-000100-index.html,https://www.sec.gov/Archives/edgar/data/314808/000031480814000100/esv-3312014x10q.htm,1620599412,18:30:12,20210509
27,2013-12-31,VAL,USD,2014-02-26,2014-02-26 17:27:54,Q4,990600000,405800000.0,584800000,0.5903492832626691,0.0,35200000.0,0.0,0.0,35200000.0,544700000.0,158800000.0,103699999.99999999,549600000.0,0.5548152634766808,445900000.0,0.45013123359580054,2000000.0,417000000.0,0.4209569957601454,38400000.0,361400000.0,0.3648293963254593,6.2418,6.2418,57900000,57900000,https://www.sec.gov/Archives/edgar/data/314808/000031480814000026/esv-20131231x10k.htm,https://www.sec.gov/Archives/edgar/data/314808/000031480814000026/esv-20131231x10k.htm,1620599412,18:30:12,20210509
28,2013-09-30,VAL,USD,2013-10-24 00:00:00,2013-10-24 15:59:10,Q3,1162200000,534300000.0,627900000,0.540268456375839,0.0,37400000.0,0.0,0.0,37400000.0,704300000.0,-34700000.0,132600000.00000001,590500000.0,0.5080881087592497,457900000.0,0.3939941490277061,33100000.0,456300000.0,0.3926174496644295,65400000.0,378800000.0,0.3259335742557219,6.55363,6.55363,57800000,57800000,https://www.sec.gov/Archives/edgar/data/314808/000031480813000179/0000314808-13-000179-index.html,https://www.sec.gov/Archives/edgar/data/314808/000031480813000179/esv-9302013x10q.htm,1620599412,18:30:12,20210509
29,2013-06-30,VAL,USD,2013-07-30 00:00:00,2013-07-30 15:38:55,Q2,1130300000,527200000.0,603100000,0.5335751570379546,0.0,36400000.0,0.0,0.0,36400000.0,695600000.0,-39200000.0,110899999.99999999,545600000.0,0.4827037069804477,434700000.0,0.38458816243475186,1300000.0,394900000.0,0.3493762717862514,48500000.0,360900000.0,0.31929576218703,6.16923,6.16923,58500000,58500000,https://www.sec.gov/Archives/edgar/data/314808/000031480813000155/0000314808-13-000155-index.html,https://www.sec.gov/Archives/edgar/data/314808/000031480813000155/esv-6302013x10q.htm,1620599412,18:30:12,20210509
30,2013-03-31,VAL,USD,2013-04-30 00:00:00,2013-04-30 16:41:06,Q1,1040300000,479800000.0,560500000,0.5387868883975776,0.0,37800000.0,0.0,0.0,37800000.0,645500000.0,39200000.0,149000000.0,543800000.0,0.5227338267807363,394800000.0,0.37950591175622417,5900000.0,365000000.0,0.3508603287513217,50800000.0,317100000.0,0.3048159184850524,5.49567,5.49567,57700000,57700000,https://www.sec.gov/Archives/edgar/data/314808/000031480813000069/0000314808-13-000069-index.html,https://www.sec.gov/Archives/edgar/data/314808/000031480813000069/esv-3312013x10q.htm,1620599412,18:30:12,20210509
31,2012-12-31,VAL,USD,2013-02-22 00:00:00,2013-02-21 18:32:46,Q4,1085500000,524500000.0,561000000,0.5168125287885766,0.0,35000000.0,0.0,0.0,-389100000.0,703400000.0,123600000.0,29100000.000000022,411200000.0,0.3788116075541225,382100000.0,0.3520036849378167,900000.0,360400000.0,0.3320128972823584,117100000.0,219500000.0,0.2022109626900046,3.73299,3.73299,58800000,58800000,https://www.sec.gov/Archives/edgar/data/314808/000031480813000019/0000314808-13-000019-index.html,https://www.sec.gov/Archives/edgar/data/314808/000031480813000019/esv-20121231x10k.htm,1620599412,18:30:12,20210509
32,2012-09-30,VAL,USD,2012-11-01 00:00:00,2012-11-01 15:01:56,Q3,1123500000,507300000.0,616200000,0.5484646194926569,0.0,40200000.0,0.0,0.0,185400000.0,689900000.0,-25300000.0,142399999.99999997,576000000.0,0.5126835781041389,433600000.0,0.3859368046283934,-200000.0,408100000.0,0.3632398753894081,46900000.0,343500000.0,0.30574098798397864,5.97391,5.97391,57500000,57500000,https://www.sec.gov/Archives/edgar/data/314808/000031480812000062/0000314808-12-000062-index.html,https://www.sec.gov/Archives/edgar/data/314808/000031480812000062/esv-9302012x10q.htm,1620599412,18:30:12,20210509
33,2012-06-30,VAL,USD,2012-07-26 00:00:00,2012-07-26 16:56:00,Q2,1071100000,494000000.0,577100000,0.5387918961814957,0.0,35500000.0,0.0,0.0,175000000.0,665800000.0,-24200000.0,132900000.0,538200000.0,0.5024740920548968,405300000.0,0.37839604145271216,-500000.0,380600000.0,0.35533563626178694,43400000.0,341300000.0,0.3186443842778452,5.94599,5.94599,57400000,57400000,https://www.sec.gov/Archives/edgar/data/314808/000031480812000057/0000314808-12-000057-index.html,https://www.sec.gov/Archives/edgar/data/314808/000031480812000057/esv-6302012x10q.htm,1620599412,18:30:12,20210509
34,2012-03-31,VAL,USD,2012-05-03,2012-05-03 17:26:41,Q1,1020600000,502200000.0,518400000,0.5079365079365079,0.0,38200000.0,0.0,0.0,177600000.0,676400000.0,-28700000.0,139400000.0,483600000.0,0.4738389182833627,344200000.0,0.3372525965118558,2000000.0,317500000.0,0.3110915147952185,37000000.0,265400000.0,0.26004311189496376,4.63176,4.63176,57300000,57300000,https://www.sec.gov/Archives/edgar/data/314808/000031480812000020/form10k2011.htm,https://www.sec.gov/Archives/edgar/data/314808/000031480812000020/form10k2011.htm,1620599412,18:30:12,20210509
35,2011-12-31,VAL,USD,2012-02-24 00:00:00,2012-02-24 12:33:19,Q4,956400000,493700000.0,462700000,0.48379339188624004,0.0,71300000.0,0.0,0.0,180400000.0,664100000.0,95900000.0,130099999.99999997,422400000.0,0.44165621079046424,292300000.0,0.30562526139690505,4700000.0,263800000.0,0.27582601421999164,31200000.0,229400000.0,0.23985780008364702,3.98264,3.98264,57600000,57600000,https://www.sec.gov/Archives/edgar/data/314808/000031480812000020/0000314808-12-000020-index.html,https://www.sec.gov/Archives/edgar/data/314808/000031480812000020/form10k2011.htm,1620599412,18:30:12,20210509
36,2011-09-30,VAL,USD,2011-11-03 00:00:00,2011-11-03 13:26:47,Q3,915600000,477500000.0,438100000,0.4784840541721276,0.0,40800000.0,0.0,15000000.0,176600000.00000003,654100000.0,-24300000.0,135800000.0,397300000.0,0.4339231105286151,261500000.0,0.2856050677151595,10800000.0,248000000.0,0.27086063783311487,41900000.0,204500000.0,0.22335080821319353,3.57517,3.57517,57200000,57200000,https://www.sec.gov/Archives/edgar/data/314808/000031480811000087/0000314808-11-000087-index.html,https://www.sec.gov/Archives/edgar/data/314808/000031480811000087/form10q3rdqtr2011.htm,1620599412,18:30:12,20210509
37,2011-06-30,VAL,USD,2011-08-09 00:00:00,2011-08-09 13:05:29,Q2,564200000,286300000.0,277900000,0.49255583126550867,0.0,24400000.0,0.0,-15000000.0,130899999.99999999,417200000.0,-17300000.0,83500000.0,230500000.0,0.4085430698333924,147000000.0,0.26054590570719605,-800000.0,128900000.0,0.22846508330379298,25300000.0,101900000.0,0.18060971286777738,2.39202,2.39202,42600000,42600000,https://www.sec.gov/Archives/edgar/data/314808/000031480811000073/0000314808-11-000073-index.html,https://www.sec.gov/Archives/edgar/data/314808/000031480811000073/form10q2ndqtr2011.htm,1620599412,18:30:12,20210509
38,2011-03-31,VAL,USD,2011-04-29 00:00:00,2011-04-29 10:02:22,Q1,361500000,191600000.0,169900000,0.46998616874135546,0.0,22100000.0,0.0,0.0,89600000.0,281200000.0,-3900000.0,59500000.0,139800000.0,0.3867219917012448,80300000.0,0.22213001383125863,6100000.0,82500000.0,0.22821576763485477,17000000.0,64600000.0,0.17869986168741356,1.82486,1.82486,35400000,35400000,https://www.sec.gov/Archives/edgar/data/314808/000031480811000038/0000314808-11-000038-index.html,https://www.sec.gov/Archives/edgar/data/314808/000031480811000038/form10q1stqtr2011.htm,1620599412,18:30:12,20210509
39,2010-12-31,VAL,USD,2011-02-24,2011-02-24 13:33:43,Q4,408500000,185600000.0,222900000,0.5456548347613219,0.0,22900000.0,0.0,18000000.0,80000000.00000003,265600000.00000003,200000.0,51200000.00000002,194100000.00000003,0.47515299877600986,142900000.0,0.34981640146878823,-600000.0,142500000.0,0.3488372093023256,11900000.0,132900000.0,0.32533659730722153,3.76487,3.76487,35300000,35300000,https://www.sec.gov/Archives/edgar/data/314808/000031480811000016/form10k2010.htm,https://www.sec.gov/Archives/edgar/data/314808/000031480811000016/form10k2010.htm,1620599412,18:30:12,20210509
40,2010-09-30,VAL,USD,2010-10-21 00:00:00,2010-10-21 12:39:49,Q3,428300000,194100000.0,234200000,0.5468129815549848,0.0,20600000.0,0.0,0.0,76200000.00000001,270300000.0,200000.0,55599999.99999999,213600000.0,0.4987158533738034,158000000.0,0.3689003035255662,2500000.0,160700000.0,0.37520429605416766,26700000.0,130500000.0,0.30469297221573666,3.69688,3.69688,35300000,35300000,https://www.sec.gov/Archives/edgar/data/314808/000031480810000153/0000314808-10-000153-index.html,https://www.sec.gov/Archives/edgar/data/314808/000031480810000153/form10q3rdqtr2010.htm,1620599412,18:30:12,20210509
41,2010-06-30,VAL,USD,2010-07-22 00:00:00,2010-07-22 14:51:26,Q2,411400000,206000000.0,205400000,0.4992707826932426,0.0,22000000.0,0.0,-3000000.0,74800000.0,279900000.0,200000.0,51899999.99999999,183400000.0,0.4457948468643656,131500000.0,0.31964025279533304,12600000.0,144300000.0,0.350753524550316,22400000.0,126300000.0,0.3070004861448712,3.58807,3.58807,35200000,35200000,https://www.sec.gov/Archives/edgar/data/314808/000031480810000114/0000314808-10-000114-index.html,https://www.sec.gov/Archives/edgar/data/314808/000031480810000114/form10q2ndqtr2010.htm,1620599412,18:30:12,20210509
42,2010-03-31,VAL,USD,2010-04-22 00:00:00,2010-04-22 14:51:30,Q1,448600000,182400000.0,266200000,0.5934016941596076,0.0,20600000.0,0.0,3000000.0,74500000.0,254699999.99999997,100000.0,51700000.0,245600000.0,0.5474810521622827,193900000.0,0.43223361569326796,3000000.0,197000000.0,0.4391440035666518,35000000.0,189800000.0,0.42309407044137315,5.39205,5.39205,35200000,35200000,https://www.sec.gov/Archives/edgar/data/314808/000031480810000055/0000314808-10-000055-index.html,https://www.sec.gov/Archives/edgar/data/314808/000031480810000055/form10q1stqtr2010.htm,1620599412,18:30:12,20210509
43,2009-12-31,VAL,USD,2010-02-25 00:00:00,2010-02-25 14:41:09,Q4,497800000,175800000.0,322000000,0.6468461229409401,0.0,22400000.0,0.0,2000000.0,78500000.0,249800000.0,300000.0,51599999.99999999,299600000.0,0.6018481317798312,248000000.0,0.49819204499799113,2300000.0,250600000.0,0.5034150261149056,50300000.0,208700000.0,0.41924467657693854,5.92898,5.92898,35200000,35200000,https://www.sec.gov/Archives/edgar/data/314808/000031480810000019/0000314808-10-000019-index.html,https://www.sec.gov/Archives/edgar/data/314808/000031480810000019/form10k2009.htm,1620599412,18:30:12,20210509
44,2009-09-30,VAL,USD,2009-10-22 00:00:00,2009-10-22 12:56:50,Q3,408900000,175400000.0,233500000,0.5710442651014918,0.0,13600000.0,0.0,6000000.0,66900000.0,237900000.0,800000.0,48300000.00000001,219300000.0,0.5363169479090242,171000000.0,0.4181951577402788,2800000.0,174600000.0,0.42699926632428464,29600000.0,149700000.0,0.3661041819515774,4.25284,4.25284,35200000,35200000,https://www.sec.gov/Archives/edgar/data/314808/000031480809000093/0000314808-09-000093-index.html,https://www.sec.gov/Archives/edgar/data/314808/000031480809000093/form10q3rdqtr2009.htm,1620599412,18:30:12,20210509
45,2009-06-30,VAL,USD,2009-07-23 00:00:00,2009-07-23 12:48:37,Q2,498000000,203200000.0,294800000,0.5919678714859438,0.0,16000000.0,0.0,4000000.0,65300000.0,264400000.0,400000.0,44499999.99999999,278100000.0,0.558433734939759,233600000.0,0.46907630522088356,6500000.0,240500000.0,0.48293172690763053,45900000.0,200300000.0,0.4022088353413655,5.65819,5.65819,35400000,35400000,https://www.sec.gov/Archives/edgar/data/314808/000031480809000067/0000314808-09-000067-index.html,https://www.sec.gov/Archives/edgar/data/314808/000031480809000067/form10q2ndqtr2009.htm,1620599412,18:30:12,20210509
46,2009-03-31,VAL,USD,2009-04-23 00:00:00,2009-04-23 15:43:21,Q1,484200000,154600000.0,329600000,0.6807104502271788,0.0,12000000.0,0.0,-4000000.0,60000000.0,210400000.0,700000.0,45100000.0,318900000.0,0.6586121437422553,273800000.0,0.5654688145394465,-5000000.0,269500000.0,0.5565881866997109,54200000.0,220700000.0,0.45580338703015283,6.30571,6.30571,35000000,35000000,https://www.sec.gov/Archives/edgar/data/314808/000031480809000029/0000314808-09-000029-index.html,https://www.sec.gov/Archives/edgar/data/314808/000031480809000029/form10q1stqtr2009.htm,1620599412,18:30:12,20210509
47,2008-12-31,VAL,USD,2009-03-11 00:00:00,2009-03-11 16:19:26,Q4,604800000,185200000.0,419600000,0.6937830687830688,0.0,12100000.0,0.0,0.0,60000000.0,244400000.00000003,2100000.0,33199999.99999999,393600000.0,0.6507936507936508,360400000.0,0.5958994708994709,-11100000.0,351400000.0,0.5810185185185185,45300000.0,299800000.0,0.4957010582010582,8.56571,8.56571,35000000,35000000,https://www.sec.gov/Archives/edgar/data/102741/000089710109000493/0000897101-09-000493-index.html,https://www.sec.gov/Archives/edgar/data/102741/000089710109000493/valspar091062_10q.htm,1620599412,18:30:12,20210509
48,2008-09-30,VAL,USD,2008-10-23 00:00:00,2008-10-23 14:28:28,Q3,619500000,185200000.0,434300000,0.7010492332526231,0.0,15200000.0,0.0,0.0,62900000.0,247400000.00000003,3200000.0,47000000.0,419100000.0,0.6765133171912833,372100000.0,0.6006456820016142,-9700000.0,365600000.0,0.5901533494753833,68800000.0,282300000.0,0.4556900726392252,7.97458,7.97458,35400000,35400000,https://www.sec.gov/Archives/edgar/data/314808/000031480808000084/0000314808-08-000084-index.html,https://www.sec.gov/Archives/edgar/data/314808/000031480808000084/form10q3rdqtr2008i.htm,1620599412,18:30:12,20210509
49,2008-06-30,VAL,USD,2008-07-24 00:00:00,2008-07-24 11:30:46,Q2,609400000,203000000.0,406400000,0.6668854611092878,0.0,13800000.0,0.0,0.0,62200000.0,263500000.0,3700000.0,46000000.00000001,391900000.0,0.643091565474237,345900000.0,0.5676074827699377,3100000.0,352700000.0,0.5787659993436167,64600000.0,296700000.0,0.48687233344273056,8.28771,8.28771,35800000,35800000,https://www.sec.gov/Archives/edgar/data/314808/000031480808000062/0000314808-08-000062-index.html,https://www.sec.gov/Archives/edgar/data/314808/000031480808000062/form10q2ndqtr2008.htm,1620599412,18:30:12,20210509
50,2008-03-31,VAL,USD,2008-04-24 00:00:00,2008-04-24 11:31:22,Q1,559900000,178600000.0,381300000,0.6810144668690837,0.0,12700000.0,0.0,0.0,60200000.0,237000000.0,5000000.0,46400000.0,369300000.0,0.659582068226469,322900000.0,0.5767101268083586,-500000.0,327400000.0,0.5847472762993392,58600000.0,272000000.0,0.4858010358992677,7.59777,7.59777,35800000,35800000,https://www.sec.gov/Archives/edgar/data/314808/000031480808000023/0000314808-08-000023-index.html,https://www.sec.gov/Archives/edgar/data/314808/000031480808000023/form10q1stqtr2008.htm,1620599412,18:30:12,20210509
51,2007-12-31,VAL,USD,2008-02-26,2008-02-26 11:31:22,Q4,517700000,170600000.0,347100000,0.6704655205717597,0.0,12900000.0,0.0,0.0,58200000.0,227700000.0,6700000.0,41500000.0,331500000.0,0.6403322387483098,290000000.0,0.5601699826154143,3900000.0,300600000.0,0.5806451612903226,66700000.0,238600000.0,0.4608846822484064,6.62778,6.62778,36000000,36000000,https://www.sec.gov/Archives/edgar/data/314808/000031480808000012/form10k2007.htm,https://www.sec.gov/Archives/edgar/data/314808/000031480808000012/form10k2007.htm,1620599412,18:30:12,20210509
52,2007-09-30,VAL,USD,2007-10-25 00:00:00,2007-10-25 11:31:49,Q3,536400000,175500000.0,360900000,0.6728187919463087,0.0,11500000.0,0.0,0.0,58600000.0,233200000.0,7100000.0,44099999.99999999,347300000.0,0.6474645786726324,303200000.0,0.5652498135719612,2700000.0,313000000.0,0.5835197613721104,53600000.0,266700000.0,0.49720357941834453,7.26703,7.26703,36700000,36700000,https://www.sec.gov/Archives/edgar/data/314808/000031480807000074/0000314808-07-000074-index.html,https://www.sec.gov/Archives/edgar/data/314808/000031480807000074/form10q3rdqtr2007.htm,1620599412,18:30:12,20210509
53,2007-06-30,VAL,USD,2007-07-24 00:00:00,2007-07-24 11:34:19,Q2,520400000,162300000.0,358100000,0.6881245196003074,0.0,19100000.0,0.0,0.0,65900000.0,226099999.99999997,5500000.0,46800000.00000001,341100000.0,0.6554573405073021,294300000.0,0.5655265180630284,2300000.0,302100000.0,0.5805149884704074,60500000.0,254400000.0,0.4888547271329746,6.73016,6.73016,37800000,37800000,https://www.sec.gov/Archives/edgar/data/314808/000031480807000052/0000314808-07-000052-index.html,https://www.sec.gov/Archives/edgar/data/314808/000031480807000052/form10q2ndqtr2007.htm,1620599412,18:30:12,20210509
54,2007-03-31,VAL,USD,2007-04-24 00:00:00,2007-04-24 13:23:03,Q1,514100000,162800000.0,351300000,0.6833300914219024,0.0,16000000.0,0.0,0.0,61099999.99999999,223900000.0,1000000.0,45100000.0,335300000.0,0.6522077416844971,290200000.0,0.5644816183621864,4500000.0,299800000.0,0.5831550282046295,67500000.0,232300000.0,0.4518576152499514,6.1618,6.1618,37700000,37700000,https://www.sec.gov/Archives/edgar/data/314808/000031480807000032/0000314808-07-000032-index.html,https://www.sec.gov/Archives/edgar/data/314808/000031480807000032/form10q1stqtr2007.htm,1620599412,18:30:12,20210509
55,2006-12-31,VAL,USD,2007-02-22,2007-02-22 11:24:30,Q4,470600000,151900000.0,318700000,0.6772205694857628,0.0,12400000.0,0.0,0.0,55900000.0,208900000.0,3000000.0,40699999.99999999,302400000.0,0.642583935401615,261700000.0,0.5560985975350616,-1000000.0,263400000.0,0.5597110072248194,57700000.0,210400000.0,0.4470888227794305,5.53684,5.53684,38000000,38000000,https://www.sec.gov/Archives/edgar/data/314808/000031480807000012/form10k2006.htm,https://www.sec.gov/Archives/edgar/data/314808/000031480807000012/form10k2006.htm,1620599412,18:30:12,20210509
56,2006-09-30,VAL,USD,2006-10-24,2006-10-24 17:20:51,Q3,486100000,150500000.0,335600000,0.6903929232668176,0.0,11300000.0,0.0,0.0,56000000.0,206100000.0,4000000.0,44300000.00000001,324300000.0,0.667146677638346,280000000.0,0.5760131660152232,-400000.0,279400000.0,0.5747788520880477,64700000.0,214800000.0,0.44188438592882123,5.60836,5.60836,38300000,38300000,https://www.sec.gov/Archives/edgar/data/314808/000031480806000082/form10q3rdqtr2006.htm,https://www.sec.gov/Archives/edgar/data/314808/000031480806000082/form10q3rdqtr2006.htm,1620599412,18:30:12,20210509
57,2006-06-30,VAL,USD,2006-07-25,2006-07-25 17:11:50,Q2,475200000,146400000.0,328800000,0.6919191919191919,0.0,10500000.0,0.0,0.0,54900000.0,201000000.0,5000000.0,44099999.99999999,318300000.0,0.6698232323232324,274200000.0,0.577020202020202,-1200000.0,270800000.0,0.5698653198653199,76800000.0,194700000.0,0.4097222222222222,5.07031,5.07031,38400000,38400000,https://www.sec.gov/Archives/edgar/data/314808/000031480806000059/form10q2ndqtr2006.htm,https://www.sec.gov/Archives/edgar/data/314808/000031480806000059/form10q2ndqtr2006.htm,1620599412,18:30:12,20210509
58,2006-03-31,VAL,USD,2006-04-25,2006-04-25 17:23:25,Q1,381600000,127900000.0,253700000,0.664832285115304,0.0,10400000.0,0.0,0.0,52800000.0,180300000.0,4000000.0,42000000.0,243300000.0,0.6375786163522013,201300000.0,0.5275157232704403,-1700000.0,197700000.0,0.5180817610062893,53500000.0,149800000.0,0.39255765199161424,3.90104,3.90104,38400000,38400000,https://www.sec.gov/Archives/edgar/data/314808/000031480806000013/form10k2005.htm,https://www.sec.gov/Archives/edgar/data/314808/000031480806000013/form10k2005.htm,1620599412,18:30:12,20210509
59,2005-12-31,VAL,USD,2006-02-23,2006-02-23 17:21:12,Q4,311300000,123500000.0,187800000,0.6032765820751687,0.0,8100000.0,0.0,0.0,45700000.0,172300000.0,6000000.0,39600000.00000001,178600000.0,0.5737230966912946,139000000.0,0.4465146161259235,-500000.0,134100000.0,0.4307741728236428,34000000.0,103600000.0,0.3327979441053646,2.69792,2.69792,38400000,38400000,https://www.sec.gov/Archives/edgar/data/314808/000031480806000013/form10k2005.htm,https://www.sec.gov/Archives/edgar/data/314808/000031480806000013/form10k2005.htm,1620599412,18:30:12,20210509
60,2005-09-30,VAL,USD,2005-10-25,2005-10-25 17:03:29,Q3,271600000,114800000.0,156800000,0.5773195876288659,0.0,8100000.0,0.0,0.0,46500000.0,161700000.0,7000000.0,39099999.99999999,149000000.0,0.5486008836524301,109900000.0,0.40463917525773196,-400000.0,105000000.0,0.3865979381443299,28000000.0,74300000.0,0.27356406480117823,1.96042,1.96042,37900000,37900000,https://www.sec.gov/Archives/edgar/data/314808/000031480805000056/form10q3rdqtr2005.htm,https://www.sec.gov/Archives/edgar/data/314808/000031480805000056/form10q3rdqtr2005.htm,1620599412,18:30:12,20210509
61,2005-06-30,VAL,USD,2005-07-27,2005-07-26 18:05:46,Q2,243000000,108700000.0,134300000,0.5526748971193416,0.0,7800000.0,0.0,0.0,44900000.0,154300000.0,8000000.0,38100000.0,126800000.0,0.5218106995884774,88700000.0,0.36502057613168726,-1900000.0,80600000.0,0.33168724279835393,24100000.0,67700000.0,0.2786008230452675,1.80053,1.80053,37600000,37600000,https://www.sec.gov/Archives/edgar/data/314808/000031480805000040/form10q2ndqtr2005.htm,https://www.sec.gov/Archives/edgar/data/314808/000031480805000040/form10q2ndqtr2005.htm,1620599412,18:30:12,20210509
62,2005-03-31,VAL,USD,2005-04-26,2005-04-26 17:27:34,Q1,208400000,107400000.0,101000000,0.4846449136276392,0.0,8000000.0,0.0,0.0,44500000.0,151500000.0,7000000.0,36600000.0,93500000.0,0.44865642994241844,56900000.0,0.27303262955854124,600000.0,50800000.0,0.2437619961612284,14400000.0,39300000.0,0.1885796545105566,1.03968,1.03968,37800000,37800000,https://www.sec.gov/Archives/edgar/data/314808/000031480805000010/form10k2004.htm,https://www.sec.gov/Archives/edgar/data/314808/000031480805000010/form10k2004.htm,1620599412,18:30:12,20210509
63,2004-12-31,VAL,USD,2005-01-12 00:00:00,2005-01-12 11:34:24,Q4,204600000,101800000.0,102800000,0.5024437927663734,0.0,6400000.0,0.0,0.0,42900000.0,143100000.0,8000000.0,31000000.0,92500000.0,0.4521016617790811,61500000.0,0.30058651026392963,-200000.0,54300000.0,0.2653958944281525,15000000.0,38500000.0,0.1881720430107527,1.02122,1.02122,37700000,37700000,https://www.sec.gov/Archives/edgar/data/102741/000089710105000085/0000897101-05-000085-index.html,https://www.sec.gov/Archives/edgar/data/102741/000089710105000085/valspar050098_10k.htm,1620599412,18:30:12,20210509
64,2004-09-30,VAL,USD,2004-11-08,2004-11-08 07:58:56,Q3,187000000,99400000.0,87600000,0.46844919786096256,0.0,6800000.0,0.0,0.0,42800000.0,138300000.0,9000000.0,34300000.0,83000000.0,0.44385026737967914,48700000.0,0.260427807486631,-1400000.0,39500000.0,0.21122994652406418,8900000.0,25800000.0,0.13796791443850268,0.68254,0.68254,37800000,37800000,https://www.sec.gov/Archives/edgar/data/314808/000031480804000071/form10qsept2004.htm,https://www.sec.gov/Archives/edgar/data/314808/000031480804000071/form10qsept2004.htm,1620599412,18:30:12,20210509
65,2004-06-30,VAL,USD,2004-09-13 00:00:00,2004-09-13 08:59:12,Q2,170900000,102100000.0,68800000,0.40257460503218256,0.0,7400000.0,0.0,0.0,43400000.0,143600000.0,9000000.0,32100000.0,59400000.0,0.347571679344646,27300000.0,0.15974253949678174,1000000.0,19400000.0,0.11351667641895846,4400000.0,17500000.0,0.1023990637799883,0.46419,0.46419,37700000,37700000,https://www.sec.gov/Archives/edgar/data/102741/000089710104001876/0000897101-04-001876-index.html,https://www.sec.gov/Archives/edgar/data/102741/000089710104001876/valspar044290_10q.htm,1620599412,18:30:12,20210509
66,2004-03-31,VAL,USD,2004-06-14 00:00:00,2004-06-14 12:24:45,Q1,178100000,102800000.0,75300000,0.4227961819202695,0.0,5700000.0,0.0,0.0,41300000.0,142100000.0,10000000.0,35600000.0,71600000.0,0.40202133632790565,36000000.0,0.2021336327905671,-100000.0,26700000.0,0.14991577765300393,6900000.0,21000000.0,0.11791128579449747,0.55703,0.55703,37700000,37700000,https://www.sec.gov/Archives/edgar/data/102741/000089710104001137/0000897101-04-001137-index.html,https://www.sec.gov/Archives/edgar/data/102741/000089710104001137/valspar042919_10q.htm,1620599412,18:30:12,20210509
67,2003-12-31,VAL,USD,2004-01-23 00:00:00,2004-01-23 15:21:06,Q4,196700000,113900000.0,82800000,0.42094560244026435,0.0,6100000.0,0.0,0.0,40500000.0,153199999.99999997,9000000.0,22500000.0,66000000.0,0.3355363497712252,43500000.0,0.22114895780376206,2100000.0,37000000.0,0.18810371123538383,10200000.0,26500000.0,0.13472292831723437,0.70479,0.70479,37600000,37600000,https://www.sec.gov/Archives/edgar/data/102741/000089710104000138/0000897101-04-000138-index.html,https://www.sec.gov/Archives/edgar/data/102741/000089710104000138/valspar040210_10k.htm,1620599412,18:30:12,20210509
68,2003-09-30,VAL,USD,2003-10-30,2003-10-29 18:05:34,Q3,197300000,112800000.0,84500000,0.4282818043588444,0.0,5200000.0,0.0,0.0,38900000.0,150600000.0,9000000.0,32599999.999999993,79300000.0,0.40192600101368475,46700000.0,0.2366953877344146,800000.0,39500000.0,0.2002027369488089,11300000.0,27800000.0,0.1409021794221997,0.73936,0.73936,37600000,37600000,https://www.sec.gov/Archives/edgar/data/314808/000031480803000086/form10qsept2003.htm,https://www.sec.gov/Archives/edgar/data/314808/000031480803000086/form10qsept2003.htm,1620599412,18:30:12,20210509
69,2003-06-30,VAL,USD,2003-09-08 00:00:00,2003-09-08 12:31:42,Q2,194300000,109000000.0,85300000,0.4390118373648996,0.0,4800000.0,0.0,0.0,38700000.0,146400000.0,9000000.0,32600000.00000001,80500000.00000001,0.41430777148739073,47900000.0,0.2465259907359753,-1400000.0,38300000.0,0.1971178589809573,10900000.0,31100000.0,0.16006176016469378,0.82933,0.82933,37500000,37500000,https://www.sec.gov/Archives/edgar/data/102741/000089710103001102/0000897101-03-001102-index.html,https://www.sec.gov/Archives/edgar/data/102741/000089710103001102/valspar033819_10q.txt,1620599412,18:30:12,20210509
70,2003-03-31,VAL,USD,2003-06-09 00:00:00,2003-06-09 09:56:28,Q1,192900000,109500000.0,83400000,0.432348367029549,0.0,5900000.0,0.0,0.0,38900000.0,147200000.0,9000000.0,31800000.0,77500000.0,0.40176257128045617,45700000.0,0.23691031622602385,200000.0,37400000.0,0.19388284085018145,10700000.0,22900000.0,0.11871435977190253,0.61067,0.61067,37500000,37500000,https://www.sec.gov/Archives/edgar/data/102741/000089710103000544/0000897101-03-000544-index.html,https://www.sec.gov/Archives/edgar/data/102741/000089710103000544/valspar032491_10q.txt,1620599412,18:30:12,20210509
71,2002-12-31,VAL,USD,2003-01-23 00:00:00,2003-01-23 12:08:15,Q4,194200000,102500000.0,91700000,0.4721936148300721,0.0,4800000.0,0.0,0.0,98900000.0,199600000.0,8000000.0,27400000.000000007,22000000.000000007,0.11328527291452115,-5400000.0,-0.027806385169927908,0.0,-12000000.0,-0.061791967044284246,-3900000.0,-10700000.0,-0.05509783728115345,-0.28686,-0.28686,37300000,37300000,https://www.sec.gov/Archives/edgar/data/102741/000089710103000040/0000897101-03-000040-index.html,https://www.sec.gov/Archives/edgar/data/102741/000089710103000040/valspar030264_10k.txt,1620599412,18:30:12,20210509
72,2002-09-30,VAL,USD,2002-11-01 00:00:00,2002-11-01 17:02:44,Q3,179200000,93500000.0,85700000,0.47823660714285715,0.0,4800000.0,0.0,0.0,36500000.0,128199999.99999999,8000000.0,29899999.99999999,80899999.99999999,0.4514508928571428,51000000.0,0.2845982142857143,-1800000.0,42600000.0,0.23772321428571427,13600000.0,30500000.0,0.17020089285714285,0.84488,0.84488,36100000,36100000,https://www.sec.gov/Archives/edgar/data/314808/000031480802000095/0000314808-02-000095-index.html,https://www.sec.gov/Archives/edgar/data/314808/000031480802000095/form10q3qtr2002.htm,1620599412,18:30:12,20210509
73,2002-06-30,VAL,USD,2002-08-12 00:00:00,2002-08-09 19:31:03,Q2,146100000,74100000.0,72000000,0.4928131416837782,0.0,4600000.0,0.0,0.0,34000000.0,106500000.0,8000000.0,27800000.000000004,67400000.0,0.46132785763175904,39600000.0,0.27104722792607805,0.0,33100000.0,0.2265571526351814,10600000.0,23300000.0,0.1594798083504449,0.68328,0.68328,34100000,34100000,https://www.sec.gov/Archives/edgar/data/314808/000031480802000076/0000314808-02-000076-index.html,https://www.sec.gov/Archives/edgar/data/314808/000031480802000076/form10qjune2002.htm,1620599412,18:30:12,20210509
74,2002-03-31,VAL,USD,2002-05-07 00:00:00,2002-05-06 19:41:58,Q1,130000000,78800000.0,51200000,0.39384615384615385,0.0,4400000.0,0.0,0.0,32900000.0,110100000.0,7000000.0,26900000.0,46800000.0,0.36,19900000.0,0.15307692307692308,8200000.0,21800000.0,0.1676923076923077,6900000.0,16200000.0,0.12461538461538461,0.47788,0.47788,33900000,33900000,https://www.sec.gov/Archives/edgar/data/314808/000031480802000041/0000314808-02-000041-index.html,https://www.sec.gov/Archives/edgar/data/314808/000031480802000041/form10q1stqtr2002.htm,1620599412,18:30:12,20210509
75,2001-12-31,VAL,USD,2002-01-24 00:00:00,2002-01-24 00:00:00,Q4,179100000,88700000.0,90400000,0.5047459519821329,0.0,4900000.0,0.0,0.0,42700000.0,131400000.0,7000000.0,22400000.000000007,70100000.0,0.39140145170295926,47700000.0,0.2663316582914573,100000.0,41700000.0,0.23283082077051925,11800000.0,29900000.0,0.16694584031267448,0.88724,0.88724,33700000,33700000,https://www.sec.gov/Archives/edgar/data/102741/000089710102000039/0000897101-02-000039-index.html,https://www.sec.gov/Archives/edgar/data/102741/000089710102000039/valspar020271_10k.txt,1620599412,18:30:12,20210509
76,2001-09-30,VAL,USD,2001-11-13 00:00:00,2001-11-13 00:00:00,Q3,227500000,90900000.0,136600000,0.6004395604395605,0.0,4000000.0,0.0,0.0,32599999.999999993,123500000.0,9000000.0,28599999.999999993,132600000.0,0.5828571428571429,104000000.0,0.45714285714285713,-1200000.0,96600000.0,0.4246153846153846,27300000.0,69300000.0,0.3046153846153846,2.02041,2.02041,34300000,34300000,https://www.sec.gov/Archives/edgar/data/314808/000031480801500072/0000314808-01-500072-index.html,https://www.sec.gov/Archives/edgar/data/314808/000031480801500072/form10q3rdqtr2001.htm,1620599412,18:30:12,20210509
77,2001-06-30,VAL,USD,2001-08-01 00:00:00,2001-08-01 00:00:00,Q2,215500000,89700000.0,125800000,0.5837587006960557,0.0,4200000.0,0.0,0.0,33300000.0,123000000.0,-6200000.0,29100000.0,121600000.0,0.5642691415313225,92500000.0,0.42923433874709976,0.0,86300000.0,0.40046403712296985,25100000.0,61200000.0,0.2839907192575406,1.75358,1.75358,34900000,34900000,https://www.sec.gov/Archives/edgar/data/314808/000031480801500046/0000314808-01-500046-index.html,https://www.sec.gov/Archives/edgar/data/314808/000031480801500046/form10june2001.htm,1620599412,18:30:12,20210509
78,2001-03-31,VAL,USD,2001-05-11 00:00:00,2001-05-11 00:00:00,Q1,195300000,89600000.0,105700000,0.5412186379928315,0.0,3700000.0,0.0,0.0,32600000.00000001,122200000.00000001,-6000000.0,28900000.0,102000000.0,0.522273425499232,73100000.0,0.3742959549411162,200000.0,67300000.0,0.34459805427547363,20400000.0,46900000.0,0.24014336917562723,1.34384,1.34384,34900000,34900000,https://www.sec.gov/Archives/edgar/data/314808/000031480801500018/0000314808-01-500018-index.html,https://www.sec.gov/Archives/edgar/data/314808/000031480801500018/form10qmarch2001.htm,1620599412,18:30:12,20210509
79,2000-12-31,VAL,USD,2001-01-25 00:00:00,2001-01-25 00:00:00,Q4,171200000,78100000.0,93100000,0.5438084112149533,0.0,3700000.0,0.0,0.0,31800000.0,108000000.0,-2400000.0,26200000.000000004,89400000.0,0.522196261682243,63200000.0,0.3691588785046729,-200000.0,60600000.0,0.35397196261682246,17900000.0,42700000.0,0.24941588785046728,1.2235,1.2235,34900000,34900000,https://www.sec.gov/Archives/edgar/data/102741/000089710101000064/0000897101-01-000064-index.html,https://www.sec.gov/Archives/edgar/data/102741/000089710101000064/0000897101-01-000064-0001.txt,1620599412,18:30:12,20210509
80,2000-09-30,VAL,USD,2000-10-30 00:00:00,2000-10-30 00:00:00,Q3,149800000,81000000.0,68800000,0.45927903871829107,0.0,3300000.0,0.0,0.0,30100000.0,109500000.0,-2300000.0,25200000.000000004,65500000.0,0.43724966622162886,40300000.0,0.2690253671562083,200000.0,38200000.0,0.25500667556742324,12900000.0,25300000.0,0.16889185580774366,0.72493,0.72493,34900000,34900000,https://www.sec.gov/Archives/edgar/data/314808/000031480800000026/0000314808-00-000026-index.html,https://www.sec.gov/Archives/edgar/data/314808/000031480800000026/0000314808-00-000026-0001.htm,1620599412,18:30:12,20210509
81,2000-06-30,VAL,USD,2000-08-04 00:00:00,2000-08-04 00:00:00,Q2,116600000,67700000.0,48900000,0.41938250428816465,0.0,3200000.0,0.0,0.0,30500000.0,94700000.0,-600000.0,23799999.999999996,45700000.0,0.39193825042881647,21900000.0,0.18782161234991424,200000.0,21500000.0,0.1843910806174957,7200000.0,14300000.0,0.12264150943396226,0.41092,0.41092,34800000,34800000,https://www.sec.gov/Archives/edgar/data/314808/000031480800000022/0000314808-00-000022-index.html,https://www.sec.gov/Archives/edgar/data/314808/000031480800000022/0000314808-00-000022-0001.htm,1620599412,18:30:12,20210509
82,2000-03-31,VAL,USD,2000-05-08 00:00:00,2000-05-08 00:00:00,Q1,96200000,63800000.0,32400000,0.3367983367983368,0.0,3100000.0,0.0,0.0,26600000.00000001,90400000.00000001,-1000000.0,23500000.0,29300000.0,0.30457380457380456,5800000.0,0.060291060291060294,100000.0,4900000.0,0.05093555093555094,1800000.0,3100000.0,0.032224532224532226,0.08934,0.08934,34700000,34700000,https://www.sec.gov/Archives/edgar/data/314808/000031480800000012/0000314808-00-000012-index.html,https://www.sec.gov/Archives/edgar/data/314808/000031480800000012/0000314808-00-000012-d1.html,1620599412,18:30:12,20210509
83,1999-12-31,VAL,USD,2000-03-13 00:00:00,2000-03-13 00:00:00,Q4,80200000,58900000.0,21300000,0.2655860349127182,0.0,2600000.0,0.0,0.0,29100000.0,86000000.0,-1500000.0,24500000.0,18700000.0,0.23316708229426433,-5800000.0,-0.07231920199501247,7400000.0,100000.0,0.0012468827930174563,-2200000.0,1100000.0,0.01371571072319202,0.03116,0.03116,35300000,35300000,https://www.sec.gov/Archives/edgar/data/102741/000089710100000225/0000897101-00-000225-index.html,https://www.sec.gov/Archives/edgar/data/102741/0000897101-00-000225.txt,1620599412,18:30:12,20210509
84,1999-09-30,VAL,USD,1999-11-12 00:00:00,1999-11-12 00:00:00,Q3,76400000,62100000.0,14300000,0.18717277486910994,0.0,2800000.0,0.0,0.0,30500000.0,90100000.0,-1500000.0,25200000.000000004,11500000.000000004,0.15052356020942415,-13700000.0,-0.1793193717277487,0.0,-15200000.0,-0.19895287958115182,-3900000.0,-11000000.0,-0.14397905759162305,-0.32164,-0.32164,34200000,34200000,https://www.sec.gov/Archives/edgar/data/314808/000031480899000023/0000314808-99-000023-index.html,https://www.sec.gov/Archives/edgar/data/314808/000031480899000023/0000314808-99-000023-d1.html,1620599412,18:30:12,20210509
85,1999-06-30,VAL,USD,1999-08-05 00:00:00,1999-08-05 00:00:00,Q2,79400000,62300000.0,17100000,0.21536523929471033,0.0,2900000.0,0.0,0.0,30500000.0,90100000.0,-1300000.0,24900000.0,14200000.0,0.17884130982367757,-10700000.0,-0.13476070528967254,0.0,-12000000.0,-0.15113350125944586,-1700000.0,-9800000.0,-0.12342569269521411,-0.28739,-0.28739,34100000,34100000,https://www.sec.gov/Archives/edgar/data/314808/000031480899000015/0000314808-99-000015-index.html,https://www.sec.gov/Archives/edgar/data/314808/0000314808-99-000015.txt,1620599412,18:30:12,20210509
86,1999-03-31,VAL,USD,1999-05-11 00:00:00,1999-05-11 00:00:00,Q1,127700000,67500000.0,60200000,0.47141738449490994,0.0,2900000.0,0.0,0.0,29300000.0,94000000.0,-1300000.0,23600000.0,57300000.0,0.4487079091620987,33700000.0,0.2638997650743931,-100000.0,32300000.0,0.2529365700861394,11300000.0,20000000.0,0.15661707126076743,0.5848,0.5848,34200000,34200000,https://www.sec.gov/Archives/edgar/data/314808/000031480899000006/0000314808-99-000006-index.html,https://www.sec.gov/Archives/edgar/data/314808/0000314808-99-000006.txt,1620599412,18:30:12,20210509
87,1998-12-31,VAL,USD,1999-01-22 00:00:00,1999-01-22 00:00:00,Q4,153000000,81300000.0,71700000,0.46862745098039216,0.0,3900000.0,0.0,0.0,28500000.0,107800000.0,9300000.0,22600000.0,67800000.0,0.44313725490196076,45200000.0,0.2954248366013072,-12100000.0,42400000.0,0.27712418300653596,13400000.0,27100000.0,0.17712418300653596,0.78779,0.78779,34400000,34400000,https://www.sec.gov/Archives/edgar/data/102741/000089710199000039/0000897101-99-000039-index.html,https://www.sec.gov/Archives/edgar/data/102741/0000897101-99-000039.txt,1620599412,18:30:12,20210509
88,1998-09-30,VAL,USD,1998-11-05 00:00:00,1998-11-05 00:00:00,Q3,179800000,80500000.0,99300000,0.5522803114571746,0.0,3800000.0,0.0,0.0,27800000.0,105200000.0,-6200000.0,20900000.0,95500000.0,0.5311457174638488,74600000.0,0.41490545050055616,14000000.0,82400000.0,0.4582869855394883,22300000.0,59000000.0,0.3281423804226919,1.69054,1.69054,34900000,34900000,https://www.sec.gov/Archives/edgar/data/314808/000031480898000020/0000314808-98-000020-index.html,https://www.sec.gov/Archives/edgar/data/314808/0000314808-98-000020.txt,1620599412,18:30:12,20210509
89,1998-06-30,VAL,USD,1998-08-10 00:00:00,1998-08-10 00:00:00,Q2,234000000,83600000.0,150400000,0.6427350427350428,0.0,4100000.0,0.0,0.0,26900000.0,107900000.00000001,-6600000.0,20200000.0,146300000.0,0.6252136752136752,126100000.0,0.5388888888888889,3900000.0,123400000.0,0.5273504273504274,42300000.0,80600000.0,0.34444444444444444,2.2577,2.2577,35700000,35700000,https://www.sec.gov/Archives/edgar/data/314808/000031480898000017/0000314808-98-000017-index.html,https://www.sec.gov/Archives/edgar/data/314808/0000314808-98-000017.txt,1620599412,18:30:12,20210509
90,1998-03-31,VAL,USD,1998-05-08 00:00:00,1998-05-08 00:00:00,Q1,246400000,83700000.0,162700000,0.6603084415584416,0.0,3600000.0,0.0,0.0,25800000.0,107099999.99999999,-4900000.0,19800000.0,159100000.0,0.645698051948052,139300000.0,0.5653409090909091,-100000.0,134300000.0,0.5450487012987013,45800000.0,87200000.0,0.3538961038961039,2.44258,2.44258,35700000,35700000,https://www.sec.gov/Archives/edgar/data/314808/000031480898000004/0000314808-98-000004-index.html,https://www.sec.gov/Archives/edgar/data/314808/0000314808-98-000004.txt,1620599412,18:30:12,20210509
91,1997-12-31,VAL,USD,1998-03-16 00:00:00,1998-03-16 00:00:00,Q4,234800000,79000000.0,155700000,0.6631175468483816,0.0,3900000.0,0.0,0.0,35600000.0,110700000.0,-5200000.0,27799999.999999996,151800000.0,0.6465076660988075,124000000.0,0.5281090289608177,3200000.0,122000000.0,0.5195911413969335,42600000.0,77600000.0,0.33049403747870526,2.17978,2.17978,35600000,35600000,https://www.sec.gov/Archives/edgar/data/102741/000089710198000284/0000897101-98-000284-index.html,https://www.sec.gov/Archives/edgar/data/102741/0000897101-98-000284.txt,1620599412,18:30:12,20210509
92,1997-09-30,VAL,USD,1997-11-06 00:00:00,1997-11-06 00:00:00,Q3,223300000,80400000.0,142900000,0.6399462606359158,0.0,3600000.0,0.0,0.0,30800000.0,111000000.0,-5000000.0,27000000.0,139400000.0,0.6242722794446932,112400000.0,0.503358710255262,1400000.0,108700000.0,0.4867890729959696,40400000.0,67800000.0,0.3036274070756829,1.89385,1.89385,35800000,35800000,https://www.sec.gov/Archives/edgar/data/314808/000095013497008014/0000950134-97-008014-index.html,https://www.sec.gov/Archives/edgar/data/314808/0000950134-97-008014.txt,1620599412,18:30:12,20210509
93,1997-06-30,VAL,USD,1997-07-31 00:00:00,1997-07-31 00:00:00,Q2,195400000,77200000.0,118300000,0.6054247697031729,0.0,3800000.0,0.0,0.0,31100000.0,106700000.0,-4800000.0,25800000.0,114500000.0,0.5859774820880246,88700000.0,0.4539406345957011,1400000.0,85200000.0,0.436028659160696,32200000.0,52200000.0,0.2671443193449335,1.46218,1.46218,35700000,35700000,https://www.sec.gov/Archives/edgar/data/314808/000031480897000018/0000314808-97-000018-index.html,https://www.sec.gov/Archives/edgar/data/314808/0000314808-97-000018.txt,1620599412,18:30:12,20210509
94,1997-03-31,VAL,USD,1997-05-01 00:00:00,1997-05-01 00:00:00,Q1,161600000,70100000.0,91500000,0.5662128712871287,0.0,3100000.0,0.0,0.0,28700000.0,97400000.00000001,-5900000.0,24200000.0,88400000.0,0.5470297029702971,64200000.0,0.3972772277227723,1500000.0,59900000.0,0.37066831683168316,22700000.0,36300000.0,0.22462871287128713,1.01681,1.01681,35700000,35700000,https://www.sec.gov/Archives/edgar/data/314808/000031480897000009/0000314808-97-000009-index.html,https://www.sec.gov/Archives/edgar/data/314808/0000314808-97-000009.txt,1620599412,18:30:12,20210509
95,1996-12-31,VAL,USD,1997-01-23 00:00:00,1997-01-23 00:00:00,Q4,152500000,69800000.0,82700000,0.5422950819672131,0.0,3100000.0,0.0,0.0,28700000.0,96700000.0,-6100000.0,23900000.0,79600000.0,0.5219672131147541,55700000.0,0.3652459016393443,900000.0,50500000.0,0.33114754098360655,17400000.0,31900000.0,0.20918032786885246,0.89859,0.89859,35500000,35500000,https://www.sec.gov/Archives/edgar/data/102741/000089710197000039/0000897101-97-000039-index.html,https://www.sec.gov/Archives/edgar/data/102741/0000897101-97-000039.txt,1620599412,18:30:12,20210509
96,1996-09-30,VAL,USD,1996-11-13 00:00:00,1996-11-13 00:00:00,Q3,134600000,64800000.0,69800000,0.5185735512630015,0.0,2800000.0,0.0,0.0,27600000.0,91200000.0,-6300000.0,23600000.0,67000000.0,0.49777117384843983,43400000.0,0.3224368499257058,3900000.0,40900000.0,0.3038632986627043,13000000.0,27200000.0,0.20208023774145617,0.76836,0.76836,35400000,35400000,https://www.sec.gov/Archives/edgar/data/314808/000031480896000037/0000314808-96-000037-index.html,https://www.sec.gov/Archives/edgar/data/314808/0000314808-96-000037.txt,1620599412,18:30:12,20210509
97,1996-06-30,VAL,USD,1996-08-02 00:00:00,1996-08-02 00:00:00,Q2,97200000,49200000.0,48000000,0.49382716049382713,0.0,3000000.0,0.0,0.0,21700000.0,70099999.99999999,-4400000.0,17900000.0,45100000.0,0.46399176954732513,27200000.0,0.27983539094650206,8600000.0,31400000.0,0.3230452674897119,8800000.0,21600000.0,0.2222222222222222,0.6879,0.6879,31400000,31400000,https://www.sec.gov/Archives/edgar/data/314808/000031480896000033/0000314808-96-000033-index.html,https://www.sec.gov/Archives/edgar/data/314808/0000314808-96-000033.txt,1620599412,18:30:12,20210509
98,1996-03-31,VAL,USD,1996-04-26 00:00:00,1996-04-26 00:00:00,Q1,84500000,43500000.0,41000000,0.48520710059171596,0.0,2200000.0,0.0,0.0,19300000.0,62100000.0,-4000000.0,16400000.0,38800000.0,0.4591715976331361,22400000.0,0.2650887573964497,1500000.0,19900000.0,0.23550295857988165,4800000.0,14700000.0,0.1739644970414201,0.48515,0.48515,30300000,30300000,https://www.sec.gov/Archives/edgar/data/314808/000031480896000013/0000314808-96-000013-index.html,https://www.sec.gov/Archives/edgar/data/314808/0000314808-96-000013.txt,1620599412,18:30:12,20210509
99,1995-12-31,VAL,USD,1996-02-28 00:00:00,1996-02-28 00:00:00,Q4,83800000,43200000.0,40500000,0.48329355608591884,0.0,2700000.0,0.0,0.0,19500000.0,61799999.99999999,-4200000.0,15799999.999999996,37800000.0,0.4510739856801909,22000000.0,0.26252983293556087,1700000.0,19500000.0,0.23269689737470167,2000000.0,17100000.0,0.20405727923627684,0.56436,0.56436,30300000,30300000,https://www.sec.gov/Archives/edgar/data/314808/000031480896000007/0000314808-96-000007-index.html,https://www.sec.gov/Archives/edgar/data/314808/0000314808-96-000007.txt,1620599412,18:30:12,20210509
100,1995-09-30,VAL,USD,1995-10-24 00:00:00,1995-10-24 00:00:00,Q3,71800000,40500000.0,31300000,0.435933147632312,0.0,2200000.0,0.0,0.0,19400000.0,57400000.0,-3900000.0,14700000.000000004,29100000.000000004,0.40529247910863514,14400000.0,0.20055710306406685,1900000.0,12400000.0,0.17270194986072424,1200000.0,16300000.0,0.22701949860724233,0.53974,0.53974,30200000,30200000,https://www.sec.gov/Archives/edgar/data/314808/000031480895000038/0000314808-95-000038-index.html,https://www.sec.gov/Archives/edgar/data/314808/0000314808-95-000038.txt,1620599412,18:30:12,20210509
101,1995-06-30,VAL,USD,1995-08-09 00:00:00,1995-08-09 00:00:00,Q2,62400000,36200000.0,26300000,0.421474358974359,0.0,2500000.0,0.0,0.0,19200000.0,52899999.99999999,-4100000.0,14399999.999999998,23900000.0,0.38301282051282054,9500000.0,0.15224358974358973,2100000.0,7400000.0,0.11858974358974358,100000.0,7100000.0,0.11378205128205128,0.2351,0.2351,30200000,30200000,https://www.sec.gov/Archives/edgar/data/314808/000031480895000033/0000314808-95-000033-index.html,https://www.sec.gov/Archives/edgar/data/314808/0000314808-95-000033.txt,1620599412,18:30:12,20210509
102,1995-03-31,VAL,USD,1995-05-02 00:00:00,1995-05-02 00:00:00,Q1,61100000,36100000.0,25000000,0.40916530278232405,0.0,2100000.0,0.0,0.0,16200000.0,51799999.99999999,-4400000.0,13500000.0,22800000.0,0.37315875613747956,9300000.0,0.15220949263502456,3100000.0,8000000.0,0.1309328968903437,0.0,7600000.0,0.12438625204582651,0.25083,0.25083,30300000,30300000,https://www.sec.gov/Archives/edgar/data/314808/000031480895000026/0000314808-95-000026-index.html,https://www.sec.gov/Archives/edgar/data/314808/0000314808-95-000026.txt,1620599412,18:30:12,20210509
103,1994-12-31,VAL,USD,1995-01-26 00:00:00,1995-01-26 00:00:00,Q4,62600000,34200000.0,28400000,0.4536741214057508,0.0,2600000.0,0.0,0.0,17900000.0,50500000.0,0.0,13599999.999999994,25799999.999999993,0.41214057507987206,12200000.0,0.19488817891373802,-3000000.0,9200000.0,0.14696485623003194,900000.0,8500000.0,0.13578274760383385,0.27778,0.27778,30600000,30600000,https://www.sec.gov/Archives/edgar/data/102741/000089710195000015/0000897101-95-000015-index.html,https://www.sec.gov/Archives/edgar/data/102741/0000897101-95-000015.txt,1620599412,18:30:12,20210509
104,1994-09-30,VAL,USD,1994-09-30,1994-09-30,Q3,59100000,34000000.0,25000000,0.4230118443316413,0.0,2200000.0,0.0,0.0,16700000.0,49400000.0,0.0,12000000.000000004,21700000.000000004,0.3671742808798647,9700000.0,0.16412859560067683,-1900000.0,7700000.0,0.13028764805414553,700000.0,6800000.0,0.11505922165820642,0.23368,0.23368,29100000,29100000,,,1620599412,18:30:12,20210509
105,1994-06-30,VAL,USD,1994-09-12 00:00:00,1994-09-12 00:00:00,Q2,63200000,34300000.0,28900000,0.4572784810126582,0.0,2300000.0,0.0,0.0,16500000.0,49600000.00000001,0.0,13500000.0,27100000.0,0.4287974683544304,13600000.0,0.21518987341772153,-2300000.0,11300000.0,0.1787974683544304,1000000.0,10500000.0,0.1661392405063291,0.375,0.375,28000000,28000000,https://www.sec.gov/Archives/edgar/data/102741/000089710194000140/0000897101-94-000140-index.html,https://www.sec.gov/Archives/edgar/data/102741/0000897101-94-000140.txt,1620599412,18:30:12,20210509
106,1994-03-31,VAL,USD,1994-06-13 00:00:00,1994-06-13 00:00:00,Q1,60500000,32700000.0,27800000,0.45950413223140496,0.0,2200000.0,0.0,0.0,15600000.0,46899999.99999999,0.0,12700000.0,26300000.0,0.43471074380165287,13600000.0,0.22479338842975208,-1500000.0,12100000.0,0.2,1200000.0,11400000.0,0.1884297520661157,0.40714,0.40714,28000000,28000000,https://www.sec.gov/Archives/edgar/data/102741/000089710194000072/0000897101-94-000072-index.html,https://www.sec.gov/Archives/edgar/data/102741/0000897101-94-000072.txt,1620599412,18:30:12,20210509
107,1993-12-31,VAL,USD,1994-03-14 00:00:00,1994-03-14 00:00:00,Q4,70500000,40600000.0,29800000,0.4226950354609929,0.0,2300000.0,0.0,0.0,5900000.0,55100000.0,0.0,9000000.0,24300000.0,0.3446808510638298,15300000.0,0.2170212765957447,-3100000.0,12200000.0,0.17304964539007092,200000.0,9900000.0,0.14042553191489363,0.35231,0.35231,28100000,28100000,https://www.sec.gov/Archives/edgar/data/102741/000089710194000021/0000897101-94-000021-index.html,https://www.sec.gov/Archives/edgar/data/102741/0000897101-94-000021.txt,1620599412,18:30:12,20210509
