,date,symbol,reportedCurrency,fillingDate,acceptedDate,period,revenue,costOfRevenue,grossProfit,grossProfitRatio,researchAndDevelopmentExpenses,generalAndAdministrativeExpenses,sellingAndMarketingExpenses,otherExpenses,operatingExpenses,costAndExpenses,interestExpense,depreciationAndAmortization,ebitda,ebitdaratio,operatingIncome,operatingIncomeRatio,totalOtherIncomeExpensesNet,incomeBeforeTax,incomeBeforeTaxRatio,incomeTaxExpense,netIncome,netIncomeRatio,eps,epsdiluted,weightedAverageShsOut,weightedAverageShsOutDil,link,finalLink,timestamp,est_time,est_date
0,2021-01-31,GEF,USD,2021-01-31,2021-02-26,Q1,1146500000,934300000,212200000,0.18508504143044047,0.0,0.0,0.0,0.0,134300000.0,1068600000.0,25200000.0,0.0,137200000.0,0.11966855647623201,77900000.0,0.06794592237243785,-16400000.0,36300000.0,0.0316615787178369,6100000.0,23400000.0,0.020409943305713038,0.4,0.4,59467658,59542990,https://www.sec.gov/Archives/edgar/data/43920/000004392021000020/0000043920-21-000020-index.htm,https://www.sec.gov/ix?doc=/Archives/edgar/data/43920/000004392021000020/gef-20210131.htm,1620592468,16:34:28,20210509
1,2020-10-31,GEF,USD,2020-12-17,2020-12-17,Q4,1161300000,929600000,231700000,0.1995177817962628,0.0,139500000.0,0.0,800000.0,139500000.0,1069100000.0,26000000.0,0.0,153100000.0,0.13183501248600707,92200000.0,0.07939378282958753,0.0,66200000.0,0.05700508051321795,18500000.0,44400000.0,0.03823301472487729,0.9173553719008265,0.9154639175257732,48400000,48500000,https://www.sec.gov/Archives/edgar/data/43920/000004392020000074/0000043920-20-000074-index.htm,https://www.sec.gov/Archives/edgar/data/43920/000004392020000074/gef-20201031.htm,1620592468,16:34:28,20210509
2,2020-07-31,GEF,USD,2020-08-28,2020-08-28 13:48:06,Q3,1083000000,863300000,219700000,0.2028624192059095,0.0,120400000.0,0.0,-1100000.0,120400000.0,983700000.0,29800000.0,0.0,158100000.0,0.14598337950138504,99300000.0,0.09168975069252078,-38500000.0,31000000.0,0.028624192059095107,6900000.0,20700000.0,0.019113573407202215,0.35,0.35,59400000,59400000,https://www.sec.gov/Archives/edgar/data/43920/000004392020000059/0000043920-20-000059-index.htm,https://www.sec.gov/Archives/edgar/data/43920/000004392020000059/gef-20200731.htm,1620592468,16:34:28,20210509
3,2020-04-30,GEF,USD,2020-06-04 00:00:00,2020-06-04 16:47:30,Q2,1158300000,917600000,240700000,0.20780454113787447,0.0,121100000.0,0.0,-1100000.0,121100000.0,1038700000.0,29300000.0,0.0,164800000.0,0.14227747561080895,119600000.0,0.10325476992143659,-48700000.0,41600000.0,0.03591470258136925,26500000.0,11400000.0,0.009842009842009843,0.19,0.19,59400000,59400000,https://www.sec.gov/Archives/edgar/data/43920/000004392020000045/0000043920-20-000045-index.htm,https://www.sec.gov/Archives/edgar/data/43920/000004392020000045/gef-20200430.htm,1620592468,16:34:28,20210509
4,2020-01-31,GEF,USD,2020-02-28 00:00:00,2020-02-28 14:59:12,Q1,1112400000,889800000,222600000,0.2001078748651564,0.0,135300000.0,0.0,-1300000.0,135300000.0,1025100000.0,30700000.0,76200000.0,163500000.0,0.14697950377562027,87300000.0,0.0784789644012945,-9300000.0,47300000.0,0.04252067601582165,11400000.0,32300000.0,0.029036317871269327,0.55,0.55,58700000,58700000,https://www.sec.gov/Archives/edgar/data/43920/000004392020000021/0000043920-20-000021-index.html,https://www.sec.gov/Archives/edgar/data/43920/000004392020000021/gef2020q110-q.htm,1620592468,16:34:28,20210509
5,2019-10-31,GEF,USD,2019-12-18 00:00:00,2019-12-18 15:11:40,Q4,1232100000,973100000,259000000,0.21021021021021022,0.0,130400000.0,0.0,-1600000.0,130400000.0,1103500000.0,32400000.0,0.0,186300000.0,0.15120525931336742,128600000.0,0.10437464491518546,-14500000.0,81700000.0,0.06630955279603928,12400000.0,65000000.0,0.052755458160863564,1.09,1.09,59300000,59300000,https://www.sec.gov/Archives/edgar/data/43920/000004392019000063/0000043920-19-000063-index.html,https://www.sec.gov/Archives/edgar/data/43920/000004392019000063/gef2019q410-k.htm,1620592468,16:34:28,20210509
6,2019-07-31,GEF,USD,2019-08-29,2019-08-29 17:21:16,Q3,1252600000,973200000,279400000,0.22305604342966628,0.0,138900000.0,0.0,1100000.0,138900000.0,1112100000.0,34500000.0,0.0,201600000.0,0.16094523391346,140500000.0,0.1121666932779818,-13900000.0,92100000.0,0.07352706370748842,26800000.0,62700000.0,0.050055883761775506,1.06,1.06,59300000,59300000,https://www.sec.gov/Archives/edgar/data/43920/000004392019000046/gef2019q310-q.htm,https://www.sec.gov/Archives/edgar/data/43920/000004392019000046/gef2019q310-q.htm,1620592468,16:34:28,20210509
7,2019-04-30,GEF,USD,2019-06-07 00:00:00,2019-06-07 16:46:38,Q2,1213300000,964600000,248700000,0.20497815874062475,0.0,140000000.0,0.0,-2300000.0,140000000.0,1104600000.0,33900000.0,0.0,161900000.0,0.13343773180581883,108700000.0,0.08959037336190555,-42300000.0,32500000.0,0.02678645017720267,11500000.0,13600000.0,0.01120909915107558,0.23,0.23,59300000,59300000,https://www.sec.gov/Archives/edgar/data/43920/000004392019000034/0000043920-19-000034-index.html,https://www.sec.gov/Archives/edgar/data/43920/000004392019000034/gef2019q210-q.htm,1620592468,16:34:28,20210509
8,2019-01-31,GEF,USD,2019-03-01 00:00:00,2019-03-01 16:36:29,Q1,897000000,724200000,172800000,0.19264214046822742,0.0,98100000.0,0.0,200000.0,98100000.0,822300000.0,11700000.0,0.0,106200000.0,0.11839464882943143,74700000.0,0.08327759197324415,-7300000.0,55700000.0,0.0620958751393534,20000000.0,29700000.0,0.03311036789297659,0.51,0.51,59003020,59003020,https://www.sec.gov/Archives/edgar/data/43920/000004392019000021/0000043920-19-000021-index.html,https://www.sec.gov/Archives/edgar/data/43920/000004392019000021/gef2019q110-q.htm,1620592468,16:34:28,20210509
9,2018-10-31,GEF,USD,2018-12-20 00:00:00,2018-12-20 17:21:50,Q4,987700000,782900000,204800000,0.2073504100435355,0.0,92400000.0,0.0,-3400000.0,92400000.0,875300000.0,12600000.0,0.0,139400000.0,0.14113597246127366,112400000.0,0.11379973676217475,-13400000.0,86400000.0,0.08747595423711653,42100000.0,40100000.0,0.0405993722790321,0.68,0.67,58900000,59100000,https://www.sec.gov/Archives/edgar/data/43920/000004392018000034/0000043920-18-000034-index.html,https://www.sec.gov/Archives/edgar/data/43920/000004392018000034/gef2018q410-k.htm,1620592468,16:34:28,20210509
10,2018-07-31,GEF,USD,2018-08-30 00:00:00,2018-08-30 16:36:18,Q3,1012100000,795000000,217100000,0.21450449560320126,0.0,100300000.0,0.0,-4800000.0,100300000.0,895300000.0,12100000.0,0.0,144400000.0,0.14267364884892797,116800000.0,0.1154036162434542,-8000000.0,96700000.0,0.09554391858512004,25700000.0,67700000.0,0.06689062345618021,1.15,1.15,58900000,58900000,https://www.sec.gov/Archives/edgar/data/43920/000004392018000022/0000043920-18-000022-index.html,https://www.sec.gov/Archives/edgar/data/43920/000004392018000022/gef2018q310-q.htm,1620592468,16:34:28,20210509
11,2018-04-30,GEF,USD,2018-06-08 00:00:00,2018-06-08 11:10:48,Q2,968300000,773000000,195300000,0.2016936899721161,0.0,102700000.0,0.0,-2500000.0,102700000.0,875700000.0,13000000.0,0.0,122500000.0,0.12651037901476814,92600000.0,0.09563151915728596,-7400000.0,72200000.0,0.07456366828462253,21100000.0,45100000.0,0.046576474233192194,0.77,0.77,58900000,58900000,https://www.sec.gov/Archives/edgar/data/43920/000004392018000013/0000043920-18-000013-index.html,https://www.sec.gov/Archives/edgar/data/43920/000004392018000013/gef2018q210-q.htm,1620592468,16:34:28,20210509
12,2018-01-31,GEF,USD,2018-03-02 00:00:00,2018-03-02 15:08:54,Q1,905700000,734000000,171700000,0.18957712266754997,0.0,103800000.0,0.0,-7700000.0,103800000.0,837800000.0,13300000.0,0.0,91900000.0,0.10146847742077951,67900000.0,0.07496963674505908,-10100000.0,44500000.0,0.04913326708623164,-15600000.0,56500000.0,0.062382687424091865,0.96,0.96,55800000,55800000,https://www.sec.gov/Archives/edgar/data/43920/000004392018000006/0000043920-18-000006-index.html,https://www.sec.gov/Archives/edgar/data/43920/000004392018000006/gef2018q110-q.htm,1620592468,16:34:28,20210509
13,2017-10-31,GEF,USD,2017-12-20 00:00:00,2017-12-20 13:33:25,Q4,968100000,785700000,182400000,0.18841028819336844,0.0,95700000.0,0.0,-3800000.0,95700000.0,881400000.0,13400000.0,0.0,114000000.0,0.11775643012085528,86700000.0,0.08955686396033467,-30100000.0,43200000.0,0.04462348930895569,5200000.0,33300000.0,0.03439727300898667,0.57,0.57,58800000,58800000,https://www.sec.gov/Archives/edgar/data/43920/000004392017000051/0000043920-17-000051-index.html,https://www.sec.gov/Archives/edgar/data/43920/000004392017000051/gef2017q410-k.htm,1620592468,16:34:28,20210509
14,2017-07-31,GEF,USD,2017-09-01 00:00:00,2017-09-01 11:23:39,Q3,961800000,774700000,187100000,0.194531087544188,0.0,93600000.0,0.0,-1400000.0,93600000.0,868300000.0,13700000.0,0.0,119800000.0,0.12455812019130796,93500000.0,0.09721355791224787,-5400000.0,74400000.0,0.07735495945102933,27200000.0,43900000.0,0.04564358494489499,0.74,0.74,58800000,58800000,https://www.sec.gov/Archives/edgar/data/43920/000004392017000040/0000043920-17-000040-index.html,https://www.sec.gov/Archives/edgar/data/43920/000004392017000040/gef2017q310-q.htm,1620592468,16:34:28,20210509
15,2017-04-30,GEF,USD,2017-06-08 00:00:00,2017-06-08 15:14:08,Q2,887400000,705500000,181900000,0.2049808429118774,0.0,98100000.0,0.0,-3200000.0,98100000.0,803600000.0,14300000.0,0.0,111600000.0,0.1257606490872211,83800000.0,0.09443317556907821,-6600000.0,62900000.0,0.07088122605363985,23000000.0,36000000.0,0.04056795131845842,0.6118413532081612,0.6117926084236704,58838782,58843470,https://www.sec.gov/Archives/edgar/data/43920/000004392017000023/0000043920-17-000023-index.html,https://www.sec.gov/Archives/edgar/data/43920/000004392017000023/gef2017q210-q.htm,1620592468,16:34:28,20210509
16,2017-01-31,GEF,USD,2017-03-03 00:00:00,2017-03-03 11:12:02,Q1,820900000,657600000,163300000,0.19892800584724082,0.0,120100000.0,0.0,-3600000.0,120100000.0,777700000.0,18700000.0,0.0,70300000.0,0.08563771470337435,43200000.0,0.05262516749908637,-4700000.0,19800000.0,0.024119868437081252,11800000.0,5400000.0,0.006578145937385796,0.1,0.1,58800000,58800000,https://www.sec.gov/Archives/edgar/data/43920/000004392017000015/0000043920-17-000015-index.html,https://www.sec.gov/Archives/edgar/data/43920/000004392017000015/gef2017q110-q.htm,1620592468,16:34:28,20210509
17,2016-10-31,GEF,USD,2016-12-21 00:00:00,2016-12-21 12:24:57,Q4,867600000,684200000,183400000,0.21138773628400184,0.0,96500000.0,0.0,-1600000.0,96500000.0,780700000.0,17200000.0,0.0,117200000.0,0.1350852927616413,86900000.0,0.10016136468418627,-34900000.0,34800000.0,0.040110650069156296,28300000.0,8500000.0,0.009797141539880129,0.14,0.14,58800000,58800000,https://www.sec.gov/Archives/edgar/data/43920/000004392016000025/0000043920-16-000025-index.html,https://www.sec.gov/Archives/edgar/data/43920/000004392016000025/gef2016q410-k.htm,1620592468,16:34:28,20210509
18,2016-07-31,GEF,USD,2016-09-02 00:00:00,2016-09-02 11:11:38,Q3,845000000,668500000,176500000,0.20887573964497042,0.0,92600000.0,0.0,-2700000.0,92600000.0,761100000.0,19800000.0,0.0,112700000.0,0.13337278106508876,83900000.0,0.09928994082840237,-15000000.0,49100000.0,0.05810650887573964,3500000.0,46100000.0,0.05455621301775148,0.7840704905563387,0.7840433137500517,58795734,58797772,https://www.sec.gov/Archives/edgar/data/43920/000004392016000007/0000043920-16-000007-index.html,https://www.sec.gov/Archives/edgar/data/43920/000004392016000007/gef731201610q.htm,1620592468,16:34:28,20210509
19,2016-04-30,GEF,USD,2016-06-09 00:00:00,2016-06-09 14:38:49,Q2,839600000,665900000,173700000,0.20688423058599334,0.0,94500000.0,0.0,-1700000.0,94500000.0,760400000.0,19900000.0,0.0,109500000.0,0.13041924726060028,79200000.0,0.09433063363506432,1900000.0,61200000.0,0.07289185326345879,28700000.0,31400000.0,0.03739876131491186,0.5328794603241204,0.532835368702221,58925146,58930022,https://www.sec.gov/Archives/edgar/data/43920/000119312516617688/0001193125-16-617688-index.html,https://www.sec.gov/Archives/edgar/data/43920/000119312516617688/d164257d10q.htm,1620592468,16:34:28,20210509
20,2016-01-31,GEF,USD,2016-03-09 00:00:00,2016-03-09 14:45:43,Q1,771400000,620100000,151300000,0.19613689395903552,0.0,93200000.0,0.0,-3000000.0,93200000.0,713300000.0,18500000.0,0.0,87400000.0,0.11330049261083744,58100000.0,0.07531760435571688,-43500000.0,-3900000.0,-0.005055742805289085,6000000.0,-11100000.0,-0.014389421830438164,-0.18852715133215409,-0.18850630524720716,58877461,58883972,https://www.sec.gov/Archives/edgar/data/43920/000119312516498175/0001193125-16-498175-index.html,https://www.sec.gov/Archives/edgar/data/43920/000119312516498175/d125104d10q.htm,1620592468,16:34:28,20210509
21,2015-10-31,GEF,USD,2015-12-21 00:00:00,2015-12-21 15:10:21,Q4,868500000,700500000,168000000,0.19343696027633853,0.0,96000000.0,0.0,-2200000.0,96000000.0,796500000.0,18600000.0,0.0,103500000.0,0.11917098445595854,72000000.0,0.08290155440414508,-42100000.0,11300000.0,0.013010938399539436,2600000.0,12400000.0,0.014277489925158319,0.21,0.21,58850000,58850000,https://www.sec.gov/Archives/edgar/data/43920/000119312515408980/0001193125-15-408980-index.html,https://www.sec.gov/Archives/edgar/data/43920/000119312515408980/d64377d10k.htm,1620592468,16:34:28,20210509
22,2015-07-31,GEF,USD,2015-09-04 00:00:00,2015-09-04 11:53:06,Q3,930000000,763200000,166800000,0.17935483870967742,0.0,96900000.0,0.0,1600000.0,96900000.0,860100000.0,18400000.0,0.0,103100000.0,0.11086021505376344,69900000.0,0.07516129032258065,-24100000.0,27400000.0,0.029462365591397848,18700000.0,8600000.0,0.009247311827956989,0.15,0.15,58850000,58850000,https://www.sec.gov/Archives/edgar/data/43920/000119312515312705/0001193125-15-312705-index.html,https://www.sec.gov/Archives/edgar/data/43920/000119312515312705/d66121d10q.htm,1620592468,16:34:28,20210509
23,2015-04-30,GEF,USD,2015-06-08 00:00:00,2015-06-08 17:17:28,Q2,915900000,734800000,181100000,0.19772900971721805,0.0,108500000.0,0.0,-2500000.0,108500000.0,843300000.0,18200000.0,0.0,104800000.0,0.11442297194016814,72600000.0,0.07926629544710122,-24000000.0,30400000.0,0.03319139644065946,9600000.0,20800000.0,0.02270990282781963,0.35,0.35,58850000,58850000,https://www.sec.gov/Archives/edgar/data/43920/000119312515216549/0001193125-15-216549-index.html,https://www.sec.gov/Archives/edgar/data/43920/000119312515216549/d920197d10q.htm,1620592468,16:34:28,20210509
24,2015-01-31,GEF,USD,2015-03-06,2015-03-06 14:40:27,Q1,902300000,748400000,153900000,0.17056411393106505,0.0,111800000.0,0.0,-100000.0,111800000.0,860200000.0,19600000.0,0.0,76600000.0,0.08489415937049762,42100000.0,0.046658539288484985,23200000.0,45700000.0,0.05064834312312978,17500000.0,30100000.0,0.03335919317300233,0.5120106906471381,0.5119242376618988,58787835,58797763,https://www.sec.gov/Archives/edgar/data/43920/000119312515080731/d869007d10q.htm,https://www.sec.gov/Archives/edgar/data/43920/000119312515080731/d869007d10q.htm,1620592468,16:34:28,20210509
25,2014-10-31,GEF,USD,2015-01-21,2015-01-21 08:17:23,Q4,942900000,739000000,203900000,0.21624774631456145,0.0,110400000.0,0.0,-2000000.0,110400000.0,849400000.0,20300000.0,0.0,127500000.0,0.13522112631244035,93500000.0,0.09916215929578959,-53600000.0,19600000.0,0.020786933927245732,50800000.0,14000000.0,0.014847809948032665,0.15,0.15,58650000,58650000,https://www.sec.gov/Archives/edgar/data/43920/000119312515015537/d827902d10k.htm,https://www.sec.gov/Archives/edgar/data/43920/000119312515015537/d827902d10k.htm,1620592468,16:34:28,20210509
26,2014-07-31,GEF,USD,2014-08-29 00:00:00,2014-08-29 11:25:08,Q3,1161100000,944800000,216300000,0.18628886400826802,0.0,129400000.0,0.0,-1400000.0,129400000.0,1074200000.0,20700000.0,0.0,124300000.0,0.10705365601584704,86900000.0,0.07484282146240634,-28700000.0,37500000.0,0.03229695977951942,28200000.0,12200000.0,0.010507277581603651,0.2076369517595198,0.2076195030205149,58756401,58761339,https://www.sec.gov/Archives/edgar/data/43920/000119312514326555/0001193125-14-326555-index.html,https://www.sec.gov/Archives/edgar/data/43920/000119312514326555/d750317d10q.htm,1620592468,16:34:28,20210509
27,2014-04-30,GEF,USD,2014-06-06 00:00:00,2014-06-06 13:52:05,Q2,1100700000,896500000,204200000,0.18551830653220677,0.0,135400000.0,0.0,-300000.0,135400000.0,1031900000.0,20400000.0,0.0,110400000.0,0.10029980921231943,68800000.0,0.06250567820477877,5500000.0,53900000.0,0.04896883801217407,19500000.0,35800000.0,0.03252475697283547,0.6096700135506824,0.6094630337857705,58720290,58740232,https://www.sec.gov/Archives/edgar/data/43920/000119312514228469/0001193125-14-228469-index.html,https://www.sec.gov/Archives/edgar/data/43920/000119312514228469/d719176d10q.htm,1620592468,16:34:28,20210509
28,2014-01-31,GEF,USD,2014-03-03,2014-03-03 14:52:01,Q1,1034400000,847800000,186600000,0.18039443155452436,0.0,121500000.0,0.0,-4600000.0,121500000.0,969300000.0,20400000.0,0.0,99600000.0,0.0962877030162413,65100000.0,0.06293503480278423,2300000.0,47000000.0,0.045436968290796596,16500000.0,29500000.0,0.028518948182521268,0.5029812036947192,0.5027669566421957,58650303,58675296,https://www.sec.gov/Archives/edgar/data/43920/000119312514079892/d662250d10q.htm,https://www.sec.gov/Archives/edgar/data/43920/000119312514079892/d662250d10q.htm,1620592468,16:34:28,20210509
29,2013-10-31,GEF,USD,2013-12-23 00:00:00,2013-12-23 17:09:31,Q4,1126200000,900200000,226000000,0.20067483573077607,0.0,114600000.0,0.0,-2900000.0,114600000.0,1014800000.0,21600000.0,0.0,147500000.0,0.13097140827561712,111400000.0,0.09891671106375421,-19300000.0,70500000.0,0.06259989344698988,38900000.0,36800000.0,0.0326762564375777,0.63,0.63,58650000,58650000,https://www.sec.gov/Archives/edgar/data/43920/000119312513483163/0001193125-13-483163-index.html,https://www.sec.gov/Archives/edgar/data/43920/000119312513483163/d604172d10k.htm,1620592468,16:34:28,20210509
30,2013-07-31,GEF,USD,2013-09-06 00:00:00,2013-09-06 15:36:35,Q3,1129700000,912400000,217300000,0.19235195184562273,0.0,118200000.0,0.0,-4000000.0,118200000.0,1030600000.0,19200000.0,0.0,134600000.0,0.11914667610870143,99100000.0,0.08772240417810039,-6400000.0,73500000.0,0.06506152075772328,25900000.0,46700000.0,0.04133840842701602,0.796719929640247,0.79631938791652,58615328,58644811,https://www.sec.gov/Archives/edgar/data/43920/000119312513359816/0001193125-13-359816-index.html,https://www.sec.gov/Archives/edgar/data/43920/000119312513359816/d568365d10q.htm,1620592468,16:34:28,20210509
31,2013-04-30,GEF,USD,2013-06-07 00:00:00,2013-06-07 14:09:25,Q2,1088900000,886300000,202600000,0.18605932592524566,0.0,121900000.0,0.0,-800000.0,121900000.0,1008200000.0,21400000.0,0.0,118800000.0,0.1091009275415557,80700000.0,0.074111488658279,2400000.0,61700000.0,0.0566626871154376,18900000.0,40900000.0,0.03756084121590596,0.698304528556088,0.6977839167597358,58570435,58614134,https://www.sec.gov/Archives/edgar/data/43920/000119312513251430/0001193125-13-251430-index.html,https://www.sec.gov/Archives/edgar/data/43920/000119312513251430/d509872d10q.htm,1620592468,16:34:28,20210509
32,2013-01-31,GEF,USD,2013-03-01 00:00:00,2013-03-01 14:21:00,Q1,1008600000,821300000,187300000,0.18570295459052152,0.0,122600000.0,0.0,-3100000.0,122600000.0,943900000.0,21600000.0,0.0,101100000.0,0.10023795359904819,64700000.0,0.06414832441007337,-4500000.0,38600000.0,0.03827087051358318,12500000.0,24900000.0,0.024687685901249257,0.42600513259195893,0.4252775405636208,58450000,58550000,https://www.sec.gov/Archives/edgar/data/43920/000119312513087255/0001193125-13-087255-index.html,https://www.sec.gov/Archives/edgar/data/43920/000119312513087255/d467819d10q.htm,1620592468,16:34:28,20210509
33,2012-10-31,GEF,USD,2012-12-26 00:00:00,2012-12-26 14:34:38,Q4,1075900000,883300000,192600000,0.17901291941630262,0.0,124500000.0,0.0,-6800000.0,124500000.0,1007800000.0,19400000.0,0.0,99500000.0,0.09248071382098708,68100000.0,0.06329584533878613,-16600000.0,32100000.0,0.02983548656938377,6300000.0,20300000.0,0.018867924528301886,0.3473053892215569,0.34671221178479933,58450000,58550000,https://www.sec.gov/Archives/edgar/data/43920/000119312512514736/0001193125-12-514736-index.html,https://www.sec.gov/Archives/edgar/data/43920/000119312512514736/d435425d10k.htm,1620592468,16:34:28,20210509
34,2012-07-31,GEF,USD,2012-09-07 00:00:00,2012-09-07 14:45:31,Q3,1102800000,900300000,202500000,0.1836235038084875,0.0,115800000.0,0.0,0.0,115800000.0,1016100000.0,22700000.0,0.0,124100000.0,0.11253173739571999,86700000.0,0.07861806311207835,1700000.0,65700000.0,0.05957562568008705,24500000.0,40700000.0,0.03690605730866884,0.8604651162790697,0.8586497890295358,47300000,47400000,https://www.sec.gov/Archives/edgar/data/43920/000119312512384726/0001193125-12-384726-index.html,https://www.sec.gov/Archives/edgar/data/43920/000119312512384726/d379266d10q.htm,1620592468,16:34:28,20210509
35,2012-04-30,GEF,USD,2012-06-08,2012-06-08 14:03:08,Q2,1095300000,892200000,203100000,0.1854286496850178,0.0,121900000.0,0.0,0.0,121900000.0,1014100000.0,24100000.0,0.0,120900000.0,0.11038071761161326,81200000.0,0.07413494019903223,-9600000.0,47500000.0,0.04336711403268511,13300000.0,36800000.0,0.03359810097690131,0.6317596566523606,0.6295979469632165,58250000,58450000,https://www.sec.gov/Archives/edgar/data/43920/000119312512264849/d337552d10q.htm,https://www.sec.gov/Archives/edgar/data/43920/000119312512264849/d337552d10q.htm,1620592468,16:34:28,20210509
36,2012-01-31,GEF,USD,2012-03-02 00:00:00,2012-03-02 14:58:07,Q1,992700000,814000000,178700000,0.1800141029515463,0.0,112600000.0,0.0,0.0,112600000.0,926600000.0,23700000.0,0.0,104800000.0,0.10557066586078372,66100000.0,0.06658607837211646,-7600000.0,34800000.0,0.03505590812934421,10200000.0,23900000.0,0.024075752996877205,0.41030042918454934,0.40959725792630675,58250000,58350000,https://www.sec.gov/Archives/edgar/data/43920/000119312512094248/0001193125-12-094248-index.html,https://www.sec.gov/Archives/edgar/data/43920/000119312512094248/d278998d10q.htm,1620592468,16:34:28,20210509
37,2011-10-31,GEF,USD,2011-12-16 00:00:00,2011-12-16 15:19:36,Q4,1131494000,925139000,206355000,0.1823739233261511,0.0,118943000.0,0.0,0.0,118943000.0,1044082000.0,25735000.0,0.0,128986000.0,0.11399618557411705,87412000.0,0.07725361336427768,-22584000.0,39093000.0,0.03454989597823762,21427000.0,20775000.0,0.018360680657608437,0.3554863409057713,0.3554863409057713,58441064,58441064,https://www.sec.gov/Archives/edgar/data/43920/000119312511343838/0001193125-11-343838-index.html,https://www.sec.gov/Archives/edgar/data/43920/000119312511343838/d242397d10k.htm,1620592468,16:34:28,20210509
38,2011-07-31,GEF,USD,2011-09-02 00:00:00,2011-09-02 14:21:11,Q3,1121902000,910571000,211331000,0.18836850277475217,0.0,109094000.0,0.0,0.0,109094000.0,1019665000.0,18435000.0,0.0,137152000.0,0.12224953694707738,102237000.0,0.09112828036673434,1314000.0,85116000.0,0.07586758914771521,21637000.0,62940000.0,0.056101156785530286,1.08,1.07,58441064,58643402,https://www.sec.gov/Archives/edgar/data/43920/000095012311082380/0000950123-11-082380-index.html,https://www.sec.gov/Archives/edgar/data/43920/000095012311082380/c20707e10vq.htm,1620592468,16:34:28,20210509
39,2011-04-30,GEF,USD,2011-06-09 00:00:00,2011-06-09 15:02:13,Q2,1050766000,843412000,207354000,0.19733603866131946,0.0,113909000.0,0.0,0.0,113909000.0,957321000.0,18585000.0,0.0,128039000.0,0.12185301008978212,93445000.0,0.0889303612792953,-9469000.0,65391000.0,0.062231743318683704,14775000.0,50884000.0,0.04842562473471734,0.87,0.86,58404651,58685727,https://www.sec.gov/Archives/edgar/data/43920/000095012311057839/0000950123-11-057839-index.html,https://www.sec.gov/Archives/edgar/data/43920/000095012311057839/c17349e10vq.htm,1620592468,16:34:28,20210509
40,2011-01-31,GEF,USD,2011-03-07,2011-03-07 16:38:36,Q1,943792000,767707000,176085000,0.18657182938613592,0.0,106453000.0,0.0,0.0,106453000.0,874160000.0,16797000.0,0.0,102740000.0,0.1088587315849255,69632000.0,0.07377896824724092,978000.0,53813000.0,0.05701785986742842,13238000.0,41441000.0,0.04390903927984132,0.88,0.87,47200000,47500000,https://www.sec.gov/Archives/edgar/data/43920/000095012311022672/c12698e10vq.htm,https://www.sec.gov/Archives/edgar/data/43920/000095012311022672/c12698e10vq.htm,1620592468,16:34:28,20210509
41,2010-10-31,GEF,USD,2010-12-22 00:00:00,2010-12-22 14:06:48,Q4,993942000,787547000,206395000,0.20765296164162497,0.0,98424000.0,0.0,0.0,98424000.0,885971000.0,18205000.0,0.0,139018000.0,0.13986530401170288,107971000.0,0.10862907493596206,-4417000.0,85349000.0,0.08586919558686523,8981000.0,76557000.0,0.07702360902346414,1.6254140127388534,1.6254140127388534,47100000,47100000,https://www.sec.gov/Archives/edgar/data/43920/000095012310115754/0000950123-10-115754-index.html,https://www.sec.gov/Archives/edgar/data/43920/000095012310115754/l40761e10vk.htm,1620592468,16:34:28,20210509
42,2010-07-31,GEF,USD,2010-09-09 00:00:00,2010-09-09 16:30:48,Q3,921333000,730294000,191039000,0.20735065388952745,0.0,90461000.0,0.0,0.0,90461000.0,820755000.0,15935000.0,0.0,128326000.0,0.13928297369137976,100578000.0,0.1091657413768963,-5617000.0,79026000.0,0.08577354767494488,14408000.0,65975000.0,0.0716082024631702,1.4,1.39,47100000,47400000,https://www.sec.gov/Archives/edgar/data/43920/000095012310084929/0000950123-10-084929-index.html,https://www.sec.gov/Archives/edgar/data/43920/000095012310084929/c05311e10vq.htm,1620592468,16:34:28,20210509
43,2010-04-30,GEF,USD,2010-06-09 00:00:00,2010-06-09 16:31:11,Q2,836580000,668064000,168516000,0.20143441153266872,0.0,91668000.0,0.0,0.0,91668000.0,759732000.0,16759000.0,0.0,104521000.0,0.12493843983838963,76848000.0,0.091859714552105,-4985000.0,55104000.0,0.06586817758014775,10514000.0,42634000.0,0.05096225106983193,0.9051804670912951,0.8975578947368421,47100000,47500000,https://www.sec.gov/Archives/edgar/data/43920/000095012310056947/0000950123-10-056947-index.html,https://www.sec.gov/Archives/edgar/data/43920/000095012310056947/c02186e10vq.htm,1620592468,16:34:28,20210509
44,2010-01-31,GEF,USD,2010-03-04 00:00:00,2010-03-04 16:13:52,Q1,709682000,571970000,137712000,0.19404747478448095,0.0,82382000.0,0.0,0.0,82382000.0,654352000.0,14888000.0,0.0,84836000.0,0.11954086478169096,55330000.0,0.07796449677461173,-7432000.0,33010000.0,0.046513790683714674,6668000.0,24819000.0,0.03497200154435367,0.53,0.52,47000000,47400000,https://www.sec.gov/Archives/edgar/data/43920/000095012310021031/0000950123-10-021031-index.html,https://www.sec.gov/Archives/edgar/data/43920/000095012310021031/c97208e10vq.htm,1620592468,16:34:28,20210509
45,2009-10-31,GEF,USD,2009-12-23 00:00:00,2009-12-23 16:11:54,Q4,760493000,582602000,177891000,0.23391536805729968,0.0,76086000.0,0.0,0.0,76086000.0,658688000.0,15866000.0,0.0,130652000.0,0.17179908296328827,101805000.0,0.13386710988792797,12662000.0,98601000.0,0.1296540533574931,18089000.0,79294000.0,0.10426657444578714,1.6907036247334755,1.6907036247334755,46900000,46900000,https://www.sec.gov/Archives/edgar/data/43920/000095012309073085/0000950123-09-073085-index.html,https://www.sec.gov/Archives/edgar/data/43920/000095012309073085/l37992e10vk.htm,1620592468,16:34:28,20210509
46,2009-07-31,GEF,USD,2009-09-04 00:00:00,2009-09-04 14:19:07,Q3,717567000,575018000,142549000,0.1986560140028736,0.0,67374000.0,0.0,0.0,67374000.0,642392000.0,12125000.0,0.0,100219000.0,0.13966500689134256,75175000.0,0.10476373634796472,-9266000.0,53784000.0,0.07495327962406298,12691000.0,39731000.0,0.055369045677964565,0.8471428571428572,0.8417584745762712,46900000,47200000,https://www.sec.gov/Archives/edgar/data/43920/000095012309041212/0000950123-09-041212-index.html,https://www.sec.gov/Archives/edgar/data/43920/000095012309041212/c89920e10vq.htm,1620592468,16:34:28,20210509
47,2009-04-30,GEF,USD,2009-06-08 00:00:00,2009-06-08 14:03:33,Q2,647897000,533816000,114081000,0.17607891377796162,0.0,65695000.0,0.0,0.0,65695000.0,599511000.0,13403000.0,0.0,72615000.0,0.11207800005247748,48386000.0,0.07468162377661881,-16883000.0,18100000.0,0.02793653929559791,5960000.0,12142000.0,0.018740633156196125,0.20917811623408758,0.2082075012899794,58046225,58316823,https://www.sec.gov/Archives/edgar/data/43920/000114420409031422/0001144204-09-031422-index.html,https://www.sec.gov/Archives/edgar/data/43920/000114420409031422/v151670_10q.htm,1620592468,16:34:28,20210509
48,2009-01-31,GEF,USD,2009-03-06 00:00:00,2009-03-06 11:35:02,Q1,666260000,565705000,100555000,0.15092456398403026,0.0,58434000.0,0.0,0.0,58434000.0,624139000.0,12199000.0,0.0,67410000.0,0.1011767177978567,42121000.0,0.0632200642391859,-26646000.0,3276000.0,0.004916999369615466,966000.0,1266000.0,0.0019001590970492,0.03,0.03,43333333,43333333,https://www.sec.gov/Archives/edgar/data/43920/000114420409012497/0001144204-09-012497-index.html,https://www.sec.gov/Archives/edgar/data/43920/000114420409012497/v141981_10q.htm,1620592468,16:34:28,20210509
49,2008-10-31,GEF,USD,2008-12-16 00:00:00,2008-12-16 15:49:10,Q4,978364000,785945000,192419000,0.19667424394192753,0.0,87136000.0,0.0,0.0,87136000.0,873081000.0,11434000.0,0.0,132687000.0,0.13562130250090967,105283000.0,0.10761127760220122,-11493000.0,82356000.0,0.08417725917961004,20124000.0,60423000.0,0.06175922253885057,1.040329194640267,1.040329194640267,58080654,58080654,https://www.sec.gov/Archives/edgar/data/43920/000114420408069641/0001144204-08-069641-index.html,https://www.sec.gov/Archives/edgar/data/43920/000114420408069641/v134772_10k.htm,1620592468,16:34:28,20210509
50,2008-07-31,GEF,USD,2008-09-04 00:00:00,2008-09-04 17:26:58,Q3,1034081000,841221000,192860000,0.18650376517893666,0.0,88078000.0,0.0,0.0,88078000.0,929299000.0,13142000.0,0.0,131118000.0,0.1267966435898155,104782000.0,0.10132861932479177,-5600000.0,86040000.0,0.0832043137819958,20047000.0,64590000.0,0.06246125787051498,1.11,1.1,58080654,58576988,https://www.sec.gov/Archives/edgar/data/43920/000119312508190335/0001193125-08-190335-index.html,https://www.sec.gov/Archives/edgar/data/43920/000119312508190335/d10q.htm,1620592468,16:34:28,20210509
51,2008-04-30,GEF,USD,2008-06-06 00:00:00,2008-06-06 13:36:42,Q2,918019000,758851000,159168000,0.17338203239802227,0.0,83431000.0,0.0,0.0,83431000.0,842282000.0,13296000.0,0.0,102512000.0,0.11166653413491442,75737000.0,0.0825004711231467,1954000.0,64395000.0,0.07014560700813381,14748000.0,48654000.0,0.05299890307281222,0.84,0.82,58235776,58771366,https://www.sec.gov/Archives/edgar/data/43920/000119312508129469/0001193125-08-129469-index.html,https://www.sec.gov/Archives/edgar/data/43920/000119312508129469/d10q.htm,1620592468,16:34:28,20210509
52,2008-01-31,GEF,USD,2008-03-11,2008-03-11 16:52:05,Q1,846292000,697968000,148324000,0.1752633842692593,0.0,80512000.0,0.0,0.0,80512000.0,778480000.0,11756000.0,0.0,93675000.0,0.1106887457284247,67812000.0,0.08012837176766412,23059000.0,79115000.0,0.09348428202086277,18690000.0,60687000.0,0.0717092918283524,1.05,1.03,58203592,58763242,https://www.sec.gov/Archives/edgar/data/43920/000119312508052976/d10q.htm,https://www.sec.gov/Archives/edgar/data/43920/000119312508052976/d10q.htm,1620592468,16:34:28,20210509
53,2007-10-31,GEF,USD,2007-12-21 00:00:00,2007-12-20 18:55:04,Q4,882255000,711759000,170496000,0.19325025077783634,0.0,83792000.0,0.0,0.0,83792000.0,795551000.0,0.0,0.0,171064000.0,0.193894055573502,86704000.0,0.09827544190738505,-2735000.0,72937000.0,0.08267110982652408,17205000.0,54984000.0,0.062322117755070815,0.9464000943233034,0.9464000943233034,58098050,58098050,https://www.sec.gov/Archives/edgar/data/43920/000119312507269364/0001193125-07-269364-index.html,https://www.sec.gov/Archives/edgar/data/43920/000119312507269364/d10k.htm,1620592468,16:34:28,20210509
54,2007-07-31,GEF,USD,2007-09-07 00:00:00,2007-09-07 11:48:10,Q3,874237000,711948000,162289000,0.18563501659161075,0.0,77306000.0,0.0,0.0,77306000.0,789254000.0,12400000.0,0.0,107999000.0,0.12353515122329528,84983000.0,0.09720819411669833,-5782000.0,66801000.0,0.07641063006942053,17502000.0,48781000.0,0.05579837046475956,0.84,0.82,58098050,58731118,https://www.sec.gov/Archives/edgar/data/43920/000119312507197155/0001193125-07-197155-index.html,https://www.sec.gov/Archives/edgar/data/43920/000119312507197155/d10q.htm,1620592468,16:34:28,20210509
55,2007-04-30,GEF,USD,2007-06-08 00:00:00,2007-06-08 15:59:50,Q2,815043000,672512000,142531000,0.17487543601994004,0.0,77670000.0,0.0,0.0,77670000.0,750182000.0,10046000.0,0.0,91965000.0,0.11283453756427575,64861000.0,0.07957985038826172,-28789000.0,26026000.0,0.03193205757242256,7278000.0,18624000.0,0.022850328142196178,0.3202010994946517,0.31657523256397824,58163448,58829618,https://www.sec.gov/Archives/edgar/data/43920/000119312507132559/0001193125-07-132559-index.html,https://www.sec.gov/Archives/edgar/data/43920/000119312507132559/d10q.htm,1620592468,16:34:28,20210509
56,2007-01-31,GEF,USD,2007-03-09,2007-03-09 16:08:13,Q1,750759000,620673000,130086000,0.1732726480801429,0.0,74609000.0,0.0,0.0,74609000.0,695282000.0,12034000.0,0.0,81649000.0,0.10875527299706031,55477000.0,0.07389455204666211,2428000.0,45871000.0,0.06109950063868698,11559000.0,33979000.0,0.045259530688276796,0.295,0.2875,115945422,117311512,https://www.sec.gov/Archives/edgar/data/43920/000119312507050881/d10q.htm,https://www.sec.gov/Archives/edgar/data/43920/000119312507050881/d10q.htm,1620592468,16:34:28,20210509
57,2006-10-31,GEF,USD,2006-12-29,2006-12-29 16:17:35,Q4,735577000,592231000,143346000,0.19487558746399086,0.0,66942000.0,0.0,0.0,66942000.0,659173000.0,8955000.0,0.0,98271000.0,0.13359716249964312,76404000.0,0.10386947933391066,-6098000.0,61351000.0,0.08340527232363165,17677000.0,41738000.0,0.05674185027536206,0.7235984475555738,0.7235984475555738,57681163,57681163,https://www.sec.gov/Archives/edgar/data/43920/000119312506261710/d10k.htm,https://www.sec.gov/Archives/edgar/data/43920/000119312506261710/d10k.htm,1620592468,16:34:28,20210509
58,2006-07-31,GEF,USD,2006-09-08,2006-09-08 16:51:59,Q3,690475000,553732000,136743000,0.19804192765849596,0.0,70348000.0,0.0,0.0,70348000.0,624080000.0,8071000.0,0.0,87017000.0,0.12602483797385858,66395000.0,0.0961584416524856,-2168000.0,56156000.0,0.08132951953365437,17820000.0,38336000.0,0.05552119917448133,0.665,0.65,57681163,58305998,https://www.sec.gov/Archives/edgar/data/43920/000119312506187916/d10q.htm,https://www.sec.gov/Archives/edgar/data/43920/000119312506187916/d10q.htm,1620592468,16:34:28,20210509
59,2006-04-30,GEF,USD,2006-06-08,2006-06-08 15:38:50,Q2,620107000,510664000,109443000,0.17649050889604537,0.0,62378000.0,0.0,0.0,62378000.0,573042000.0,9794000.0,0.0,70391000.0,0.11351428059996098,47065000.0,0.0758981917636795,4787000.0,42058000.0,0.06782377879946526,13365000.0,28693000.0,0.04627104677096049,0.2475,0.2425,115355294,116615004,https://www.sec.gov/Archives/edgar/data/43920/000119312506126763/d10q.htm,https://www.sec.gov/Archives/edgar/data/43920/000119312506126763/d10q.htm,1620592468,16:34:28,20210509
60,2006-01-31,GEF,USD,2006-03-10,2006-03-10 15:38:44,Q1,582316000,492644000,89672000,0.15399199060304028,0.0,59454000.0,0.0,0.0,59454000.0,552098000.0,9701000.0,0.0,54891000.0,0.0942632522547895,30218000.0,0.051892786734350424,27789000.0,48306000.0,0.0829549591630661,14954000.0,33352000.0,0.05727474429691096,0.58,0.565,57700253,58352598,https://www.sec.gov/Archives/edgar/data/43920/000119312506050972/d10q.htm,https://www.sec.gov/Archives/edgar/data/43920/000119312506050972/d10q.htm,1620592468,16:34:28,20210509
61,2005-10-31,GEF,USD,2006-01-12,2006-01-12 16:40:09,Q4,619727000,509055000,110672000,0.17858185943165297,0.0,56716000.0,0.0,0.0,56716000.0,565771000.0,10350000.0,0.0,77306000.0,0.12474202350389768,53956000.0,0.08706414275963448,-11707000.0,31899000.0,0.05147266457649901,9745000.0,22041000.0,0.03556566036335354,0.19078501702704992,0.19078501702704992,115527940,115527940,https://www.sec.gov/Archives/edgar/data/43920/000119312506005558/d10k.htm,https://www.sec.gov/Archives/edgar/data/43920/000119312506005558/d10k.htm,1620592468,16:34:28,20210509
62,2005-07-31,GEF,USD,2005-09-09,2005-09-09 16:15:28,Q3,609046000,515575000,93471000,0.15347116638152125,0.0,52224000.0,0.0,0.0,52224000.0,567799000.0,9754000.0,0.0,65649000.0,0.10778988779172673,41247000.0,0.06772394860158346,43684000.0,75177000.0,0.12343402632970252,24344000.0,50712000.0,0.08326464667693409,0.44,0.4275,115527940,117071952,https://www.sec.gov/Archives/edgar/data/43920/000119312505183169/d10q.htm,https://www.sec.gov/Archives/edgar/data/43920/000119312505183169/d10q.htm,1620592468,16:34:28,20210509
63,2005-04-30,GEF,USD,2005-06-08,2005-06-08 17:27:29,Q2,612960000,515042000,97918000,0.1597461498303315,0.0,56068000.0,0.0,0.0,56068000.0,571110000.0,10693000.0,0.0,67042000.0,0.10937418428608718,41850000.0,0.0682752545027408,-7282000.0,23875000.0,0.03895033933698773,7001000.0,16767000.0,0.02735415035238841,0.29,0.285,57439349,58311066,https://www.sec.gov/Archives/edgar/data/43920/000119312505122297/d10q.htm,https://www.sec.gov/Archives/edgar/data/43920/000119312505122297/d10q.htm,1620592468,16:34:28,20210509
64,2005-01-31,GEF,USD,2005-03-07,2005-03-07 17:10:54,Q1,582564000,493838000,88726000,0.15230257963073585,0.0,59721000.0,0.0,0.0,59721000.0,553559000.0,10093000.0,0.0,53987000.0,0.09267136314636674,29005000.0,0.04978852108952836,2392000.0,21304000.0,0.03656937263545293,5965000.0,15136000.0,0.025981694715087097,0.265,0.26,57160861,57978026,https://www.sec.gov/Archives/edgar/data/43920/000119312505043725/d10q.htm,https://www.sec.gov/Archives/edgar/data/43920/000119312505043725/d10q.htm,1620592468,16:34:28,20210509
65,2004-10-31,GEF,USD,2005-01-11,2005-01-11 17:28:01,Q4,613419000,499173000,114246000,0.18624463865644852,0.0,54946000.0,0.0,0.0,54946000.0,554119000.0,11416000.0,0.0,82060000.0,0.13377479341200713,59300000.0,0.0966712801527178,-12863000.0,35021000.0,0.057091482331000504,7287000.0,27817000.0,0.04534747048917624,0.49029755652315454,0.49029755652315454,56734935,56734935,https://www.sec.gov/Archives/edgar/data/43920/000119312505004750/d10k.htm,https://www.sec.gov/Archives/edgar/data/43920/000119312505004750/d10k.htm,1620592468,16:34:28,20210509
66,2004-07-31,GEF,USD,2004-09-07,2004-09-07 17:02:34,Q3,584814000,484921000,99893000,0.17081157427831756,0.0,57105000.0,0.0,0.0,57105000.0,542026000.0,10885000.0,0.0,67115000.0,0.11476298447027602,42788000.0,0.07316514310532922,-10742000.0,21161000.0,0.036184154278112356,6000000.0,14869000.0,0.02542517791981724,0.26,0.255,56734935,57301898,https://www.sec.gov/Archives/edgar/data/43920/000119312504152875/d10q.htm,https://www.sec.gov/Archives/edgar/data/43920/000119312504152875/d10q.htm,1620592468,16:34:28,20210509
67,2004-04-30,GEF,USD,2004-06-07,2004-06-07 16:44:58,Q2,542189000,452928000,89261000,0.1646307837303966,0.0,55745000.0,0.0,0.0,54623000.0,507551000.0,0.0,26097000.0,60735000.0,0.11201813389795809,34638000.0,0.06388547167131757,-10551000.0,12338000.0,0.02275590246205659,3800000.0,8449000.0,0.015583126916997578,0.15,0.15,56326667,56326667,https://www.sec.gov/Archives/edgar/data/43920/000119312504099594/d10q.htm,https://www.sec.gov/Archives/edgar/data/43920/000119312504099594/d10q.htm,1620592468,16:34:28,20210509
68,2004-01-31,GEF,USD,2004-03-05,2004-03-05 15:40:02,Q1,468860000,399410000,69450000,0.14812523994369323,0.0,51025000.0,0.0,0.0,46916000.0,446326000.0,0.0,26710000.0,49244000.0,0.10502921980975131,22534000.0,0.04806125495883633,-11007000.0,-4750000.0,-0.010130955935673761,-1463000.0,-3366000.0,-0.007179115300942712,-0.06,-0.06,56100000,56100000,https://www.sec.gov/Archives/edgar/data/43920/000119312504035488/d10q.htm,https://www.sec.gov/Archives/edgar/data/43920/000119312504035488/d10q.htm,1620592468,16:34:28,20210509
69,2003-10-31,GEF,USD,2004-01-22,2004-01-22 17:04:29,Q4,654715000,532078000,122637000,0.18731356391712425,0.0,65372000.0,0.0,0.0,65372000.0,597450000.0,0.0,0.0,50607000.0,0.07729622812979693,57265000.0,0.0874655384403901,-25291000.0,25412000.0,0.038813835027454696,7966000.0,7391000.0,0.011288881421687299,0.13641107428325863,0.13641107428325863,54181818,54181818,https://www.sec.gov/Archives/edgar/data/43920/000119312504007442/d10k.htm,https://www.sec.gov/Archives/edgar/data/43920/000119312504007442/d10k.htm,1620592468,16:34:28,20210509
70,2003-07-31,GEF,USD,2003-09-12,2003-09-12 16:01:50,Q3,451740000,370194000,81546000,0.1805153406826936,0.0,50746000.0,0.0,0.0,50746000.0,420940000.0,0.0,22242000.0,53042000.0,0.1174170983308983,30800000.0,0.06818081197148802,-14114000.0,2415000.0,0.005345995484128038,773000.0,2980000.0,0.006596714924514101,0.055,0.055,54181818,54181818,https://www.sec.gov/Archives/edgar/data/43920/000119312503048952/d10q.htm,https://www.sec.gov/Archives/edgar/data/43920/000119312503048952/d10q.htm,1620592468,16:34:28,20210509
71,2003-04-30,GEF,USD,2003-06-10,2003-06-10 16:38:45,Q2,423563000,349552000,74011000,0.1747343370407708,0.0,55838000.0,0.0,0.0,55838000.0,405390000.0,0.0,22287000.0,40460000.0,0.09552298005255416,18173000.0,0.042905069611840506,-11968000.0,-10082000.0,-0.023802834525206405,-3069000.0,-5139000.0,-0.012132787802522884,-0.09,-0.09,57100000,57100000,https://www.sec.gov/Archives/edgar/data/43920/000093066103002209/d10q.htm,https://www.sec.gov/Archives/edgar/data/43920/000093066103002209/d10q.htm,1620592468,16:34:28,20210509
72,2003-01-31,GEF,USD,2003-03-12,2003-03-12 16:17:42,Q1,386423000,319067000,67356000,0.1743063948056922,0.0,56164000.0,0.0,0.0,56164000.0,375231000.0,0.0,21240000.0,32432000.0,0.08392875165298132,11192000.0,0.028963079319812745,592000.0,-3930000.0,-0.010170202084244467,-1415000.0,4264000.0,0.011034539869521224,0.08,0.08,53300000,53300000,https://www.sec.gov/Archives/edgar/data/43920/000102140803004140/d10q.htm,https://www.sec.gov/Archives/edgar/data/43920/000102140803004140/d10q.htm,1620592468,16:34:28,20210509
73,2002-10-31,GEF,USD,2002-10-31,2002-10-31,Q4,421143000,339487000,81656000,0.1938913860612666,0.0,62982000.0,0.0,0.0,62982000.0,402469000.0,0.0,0.0,40938000.0,0.09720688697188366,18674000.0,0.04434123326281097,-8974000.0,14883000.0,0.03533954025117359,5357000.0,12306000.0,0.029220478554790177,0.21668217888739072,0.21668217888739072,56792857,56792857,,,1620592468,16:34:28,20210509
74,2002-07-31,GEF,USD,2002-09-12 00:00:00,2002-09-12 12:50:24,Q3,436934000,344767000,92167000,0.2109403250834222,0.0,64591000.0,0.0,0.0,64591000.0,409358000.0,0.0,26303000.0,53879000.0,0.12331152988780915,27576000.0,0.06311250669437489,-470000.0,9332000.0,0.021357916756306446,3360000.0,7951000.0,0.018197256336197228,0.14,0.14,56792857,56792857,https://www.sec.gov/Archives/edgar/data/43920/000102140802011752/0001021408-02-011752-index.html,https://www.sec.gov/Archives/edgar/data/43920/000102140802011752/d10q.txt,1620592468,16:34:28,20210509
75,2002-04-30,GEF,USD,2002-06-12 00:00:00,2002-06-12 14:47:43,Q2,396913000,315594000,81319000,0.20487865098900768,0.0,66275000.0,0.0,0.0,66275000.0,381869000.0,0.0,24608000.0,39652000.0,0.09990098585836191,15044000.0,0.037902512641309304,8099000.0,7737000.0,0.019492936739285434,2785000.0,6916000.0,0.017424473373258118,0.12,0.12,57633333,57633333,https://www.sec.gov/Archives/edgar/data/43920/000102140802008288/0001021408-02-008288-index.html,https://www.sec.gov/Archives/edgar/data/43920/000102140802008288/d10q.txt,1620592468,16:34:28,20210509
76,2002-01-31,GEF,USD,2002-03-15 00:00:00,2002-03-15 00:00:00,Q1,365190000,297104000,68086000,0.1864399353761056,0.0,56908000.0,0.0,0.0,56908000.0,354012000.0,0.0,23985000.0,35163000.0,0.09628686437197076,11178000.0,0.030608724225745503,8180000.0,3977000.0,0.0108902215285194,1432000.0,3806000.0,0.010421972124099784,0.07,0.07,54371429,54371429,https://www.sec.gov/Archives/edgar/data/43920/000095010902001349/0000950109-02-001349-index.html,https://www.sec.gov/Archives/edgar/data/43920/000095010902001349/d10q.txt,1620592468,16:34:28,20210509
77,2001-10-31,GEF,USD,2002-01-25 00:00:00,2002-01-25 00:00:00,Q4,361791000,349953000,11838000,0.032720548604028295,0.0,63021000.0,0.0,0.0,63021000.0,412974000.0,0.0,0.0,44290000.0,0.12241874452377201,-51183000.0,-0.14147118087514615,-4024000.0,18954000.0,0.05238936291947561,7183000.0,14328000.0,0.03960297519838802,0.25520328469853615,0.25520328469853615,56143478,56143478,https://www.sec.gov/Archives/edgar/data/43920/000102140802000888/0001021408-02-000888-index.html,https://www.sec.gov/Archives/edgar/data/43920/000102140802000888/d10k.txt,1620592468,16:34:28,20210509
78,2001-07-31,GEF,USD,2001-09-13 00:00:00,2001-09-13 00:00:00,Q3,438455000,344524000,93931000,0.21423179117583332,0.0,60196000.0,0.0,0.0,60196000.0,404720000.0,0.0,23450000.0,57185000.0,0.13042387474199177,33735000.0,0.0769406210443489,5443000.0,16687000.0,0.03805863771652735,6303000.0,12913000.0,0.02945114093806662,0.23,0.23,56143478,56143478,https://www.sec.gov/Archives/edgar/data/43920/000095015201504465/0000950152-01-504465-index.html,https://www.sec.gov/Archives/edgar/data/43920/000095015201504465/l90323ae10-q.txt,1620592468,16:34:28,20210509
79,2001-04-30,GEF,USD,2001-06-14 00:00:00,2001-06-14 00:00:00,Q2,388697000,260451000,128246000,0.32993822952068064,0.0,49080000.0,0.0,0.0,71294000.0,331745000.0,0.0,22214000.0,79166000.0,0.20367021098696414,56952000.0,0.1465202973009825,29773000.0,33508000.0,0.08620596505761557,12662000.0,22958000.0,0.059064001008497624,0.405,0.405,56686420,56686420,https://www.sec.gov/Archives/edgar/data/43920/000095015201502578/0000950152-01-502578-index.html,https://www.sec.gov/Archives/edgar/data/43920/000095015201502578/l88915ae10-q.txt,1620592468,16:34:28,20210509
80,2001-01-31,GEF,USD,2001-03-13 00:00:00,2001-03-13 00:00:00,Q1,211641000,149471000,62170000,0.2937521557732197,0.0,32419000.0,0.0,0.0,44217000.0,193688000.0,0.0,11798000.0,29751000.0,0.14057295136575615,17953000.0,0.08482760901715641,46937000.0,60941000.0,0.2879451524043073,22366000.0,38575000.0,0.18226619605841968,0.685,0.68,56313869,56727941,https://www.sec.gov/Archives/edgar/data/43920/000004392001000004/0000043920-01-000004-index.html,https://www.sec.gov/Archives/edgar/data/43920/000004392001000004/0000043920-01-000004-0001.txt,1620592468,16:34:28,20210509
81,2000-10-31,GEF,USD,2001-01-26 00:00:00,2001-01-26 00:00:00,Q4,239401000,211587000,27814000,0.11618163666818435,0.0,35865000.0,0.0,0.0,2350000.0,213937000.0,0.0,0.0,61559000.0,0.25713760594149565,25464000.0,0.10636547048675653,-7622000.0,16012000.0,0.06688359697745623,9392000.0,19987000.0,0.08348753764604158,0.3556027945074162,0.3556027945074162,56205970,56205970,https://www.sec.gov/Archives/edgar/data/43920/000004392001000001/0000043920-01-000001-index.html,https://www.sec.gov/Archives/edgar/data/43920/000004392001000001/0000043920-01-000001-0001.txt,1620592468,16:34:28,20210509
82,2000-07-31,GEF,USD,2000-09-08 00:00:00,2000-09-08 00:00:00,Q3,236249000,169893000,66356000,0.2808731465530013,0.0,31708000.0,0.0,0.0,40934000.0,210827000.0,0.0,9226000.0,34648000.0,0.1466588218362829,25422000.0,0.10760680468488755,6845000.0,28083000.0,0.1188703444247383,9254000.0,18829000.0,0.07969980825315663,0.335,0.33,56205970,57057576,https://www.sec.gov/Archives/edgar/data/43920/000004392000000007/0000043920-00-000007-index.html,https://www.sec.gov/Archives/edgar/data/43920/000004392000000007/0000043920-00-000007-0001.txt,1620592468,16:34:28,20210509
83,2000-04-30,GEF,USD,2000-06-09 00:00:00,2000-06-09 00:00:00,Q2,224902000,164418000,60484000,0.2689349138735983,0.0,29952000.0,0.0,0.0,42181000.0,206599000.0,0.0,12189000.0,30492000.0,0.13557905220940678,18303000.0,0.08138211309814941,6517000.0,20536000.0,0.09131088207308072,6575000.0,13961000.0,0.06207592640350019,0.245,0.245,56983673,56983673,https://www.sec.gov/Archives/edgar/data/43920/000004392000000006/0000043920-00-000006-index.html,https://www.sec.gov/Archives/edgar/data/43920/000004392000000006/0000043920-00-000006-0001.txt,1620592468,16:34:28,20210509
84,2000-01-31,GEF,USD,2000-01-31,2000-01-31,Q1,229300000,157500000,71800000,0.31312690798081116,0.0,30800000.0,0.0,0.0,42900000.0,200400000.0,0.0,12100000.0,41000000.0,0.17880505887483647,28900000.0,0.12603576101177497,11000000.0,35800000.0,0.15612734409071086,12800000.0,23000000.0,0.1003052769297863,0.405,0.405,56790123,56790123,,,1620592468,16:34:28,20210509
85,1999-10-31,GEF,USD,1999-10-31,1999-10-31,Q4,246327000,201373000,44954000,0.18249724959099084,0.0,32395000.0,0.0,0.0,-405000.0,200968000.0,0.0,0.0,75019000.0,0.30455045528910757,45359000.0,0.18414140553004746,-2266000.0,29658000.0,0.12040093047047218,14440000.0,25973000.0,0.10544114124720393,0.4527403673878352,0.4527403673878352,57368421,57368421,,,1620592468,16:34:28,20210509
86,1999-07-31,GEF,USD,1999-09-13 00:00:00,1999-09-13 00:00:00,Q3,200000000,152900000,47100000,0.2355,0.0,26600000.0,0.0,0.0,37500000.0,190400000.0,0.0,10900000.0,20500000.0,0.1025,9600000.0,0.048,7500000.0,16600000.0,0.083,5700000.0,10900000.0,0.0545,0.19,0.19,57368421,57368421,https://www.sec.gov/Archives/edgar/data/43920/000004392099000008/0000043920-99-000008-index.html,https://www.sec.gov/Archives/edgar/data/43920/0000043920-99-000008.txt,1620592468,16:34:28,20210509
87,1999-04-30,GEF,USD,1999-06-10 00:00:00,1999-06-10 00:00:00,Q2,195000000,148700000,46300000,0.23743589743589744,0.0,27500000.0,0.0,0.0,38300000.0,187000000.0,0.0,10800000.0,18800000.0,0.09641025641025641,8000000.0,0.041025641025641026,12100000.0,16300000.0,0.0835897435897436,5400000.0,10900000.0,0.0558974358974359,0.19,0.19,57368421,57368421,https://www.sec.gov/Archives/edgar/data/43920/000004392099000007/0000043920-99-000007-index.html,https://www.sec.gov/Archives/edgar/data/43920/0000043920-99-000007.txt,1620592468,16:34:28,20210509
88,1999-01-31,GEF,USD,1999-01-31,1999-01-31,Q1,177600000,137500000,40100000,0.22578828828828829,0.0,26500000.0,0.0,0.0,37600000.0,175100000.0,0.0,11100000.0,13600000.0,0.07657657657657657,2500000.0,0.014076576576576577,6200000.0,4800000.0,0.02702702702702703,1100000.0,3700000.0,0.020833333333333332,0.065,0.065,56923077,56923077,,,1620592468,16:34:28,20210509
89,1998-10-31,GEF,USD,1998-10-31,1998-10-31,Q4,221500000,164400000,57100000,0.25778781038374715,0.0,24500000.0,0.0,0.0,32900000.0,197300000.0,0.0,8400000.0,32600000.0,0.1471783295711061,24200000.0,0.109255079006772,6200000.0,26400000.0,0.11918735891647855,11000000.0,15400000.0,0.06952595936794582,0.2705405401749452,0.2705405401749452,56923077,56923077,,,1620592468,16:34:28,20210509
90,1998-07-31,GEF,USD,1998-09-14 00:00:00,1998-09-14 00:00:00,Q3,218600000,167400000,51200000,0.2342177493138152,0.0,24200000.0,0.0,0.0,37000000.0,204400000.0,0.0,12800000.0,27000000.0,0.12351326623970722,14200000.0,0.06495882891125343,-15600000.0,-5900000.0,-0.026989935956084173,-1400000.0,-4500000.0,-0.02058554437328454,-0.07905405394722426,-0.07804054008354638,56923077,57662338,https://www.sec.gov/Archives/edgar/data/43920/000004392098000010/0000043920-98-000010-index.html,https://www.sec.gov/Archives/edgar/data/43920/0000043920-98-000010.txt,1620592468,16:34:28,20210509
91,1998-04-30,GEF,USD,1998-06-12 00:00:00,1998-06-12 00:00:00,Q2,191300000,143800000,47500000,0.24830109775222164,0.0,21300000.0,0.0,0.0,31100000.0,174900000.0,0.0,9800000.0,26200000.0,0.13695765812859384,16400000.0,0.08572922111866178,5700000.0,19900000.0,0.10402509147935181,7300000.0,12600000.0,0.06586513329848406,0.22,0.215,57272727,58604651,https://www.sec.gov/Archives/edgar/data/43920/000004392098000009/0000043920-98-000009-index.html,https://www.sec.gov/Archives/edgar/data/43920/0000043920-98-000009.txt,1620592468,16:34:28,20210509
92,1998-01-31,GEF,USD,1998-01-31,1998-01-31,Q1,169700000,129500000,40200000,0.23688862698880378,0.0,20300000.0,0.0,0.0,29000000.0,158500000.0,0.0,8700000.0,19900000.0,0.11726576311137302,11200000.0,0.06599882144961697,5300000.0,15200000.0,0.08956982911019445,5600000.0,9600000.0,0.05657041838538598,0.17,0.17,56470588,56470588,,,1620592468,16:34:28,20210509
93,1997-10-31,GEF,USD,1997-10-31,1997-10-31,Q4,177000000,144500000,32500000,0.18361581920903955,0.0,24400000.0,0.0,0.0,32500000.0,177000000.0,0.0,8100000.0,-1300000.0,-0.007344632768361582,0.0,0.05367231638418079,9400000.0,9500000.0,0.05367231638418079,4100000.0,5400000.0,0.030508474576271188,0.09191489361702128,0.09191489361702128,58750000,58750000,,,1620592468,16:34:28,20210509
94,1997-07-31,GEF,USD,1997-09-11 00:00:00,1997-09-11 00:00:00,Q3,167100000,136000000,31100000,0.18611609814482347,0.0,19300000.0,0.0,0.0,28200000.0,164200000.0,0.0,8900000.0,11800000.0,0.0706163973668462,2900000.0,0.017354877318970677,5500000.0,7400000.0,0.04428485936564931,2700000.0,4700000.0,0.028126870137642132,0.08,0.08,58750000,58750000,https://www.sec.gov/Archives/edgar/data/43920/000004392097000010/0000043920-97-000010-index.html,https://www.sec.gov/Archives/edgar/data/43920/0000043920-97-000010.txt,1620592468,16:34:28,20210509
95,1997-04-30,GEF,USD,1997-06-11 00:00:00,1997-06-11 00:00:00,Q2,152500000,128000000,24500000,0.16065573770491803,0.0,17800000.0,0.0,0.0,24700000.0,152700000.0,0.0,6900000.0,6700000.0,0.043934426229508196,-200000.0,-0.0013114754098360656,6700000.0,5600000.0,0.036721311475409836,2000000.0,3600000.0,0.02360655737704918,0.06,0.06,56250000,56250000,https://www.sec.gov/Archives/edgar/data/43920/000004392097000009/0000043920-97-000009-index.html,https://www.sec.gov/Archives/edgar/data/43920/0000043920-97-000009.txt,1620592468,16:34:28,20210509
96,1997-01-31,GEF,USD,1997-03-13 00:00:00,1997-03-13 00:00:00,Q1,152400000,123300000,29100000,0.19094488188976377,0.0,17200000.0,0.0,0.0,25200000.0,148500000.0,0.0,8000000.0,11900000.0,0.07808398950131233,3900000.0,0.025590551181102362,4000000.0,7100000.0,0.046587926509186355,2600000.0,4500000.0,0.02952755905511811,0.08,0.08,56250000,56250000,https://www.sec.gov/Archives/edgar/data/43920/000004392097000004/0000043920-97-000004-index.html,https://www.sec.gov/Archives/edgar/data/43920/0000043920-97-000004.txt,1620592468,16:34:28,20210509
97,1996-10-31,GEF,USD,1997-01-27 00:00:00,1997-01-27 00:00:00,Q4,162500000,119300000,43200000,0.26584615384615384,0.0,17300000.0,0.0,0.0,24300000.0,143600000.0,0.0,7000000.0,25900000.0,0.15938461538461537,18900000.0,0.1163076923076923,5200000.0,24100000.0,0.1483076923076923,8400000.0,15700000.0,0.09661538461538462,0.2943750018398438,0.2943750018398438,53333333,53333333,https://www.sec.gov/Archives/edgar/data/43920/000004392097000001/0000043920-97-000001-index.html,https://www.sec.gov/Archives/edgar/data/43920/0000043920-97-000001.txt,1620592468,16:34:28,20210509
98,1996-07-31,GEF,USD,1996-09-09 00:00:00,1996-09-09 00:00:00,Q3,156000000,122600000,33400000,0.2141025641025641,0.0,16100000.0,0.0,0.0,22400000.0,145000000.0,0.0,6300000.0,17300000.0,0.11089743589743589,11000000.0,0.07051282051282051,4600000.0,15400000.0,0.09871794871794871,5800000.0,9600000.0,0.06153846153846154,0.18,0.18,53333333,53333333,https://www.sec.gov/Archives/edgar/data/43920/000004392096000006/0000043920-96-000006-index.html,https://www.sec.gov/Archives/edgar/data/43920/0000043920-96-000006.txt,1620592468,16:34:28,20210509
99,1996-04-30,GEF,USD,1996-06-07 00:00:00,1996-06-07 00:00:00,Q2,159200000,126600000,32600000,0.20477386934673367,0.0,17500000.0,0.0,0.0,24100000.0,150700000.0,0.0,6600000.0,15100000.0,0.09484924623115577,8500000.0,0.05339195979899498,2300000.0,10600000.0,0.06658291457286432,4000000.0,6600000.0,0.0414572864321608,0.135,0.135,48888889,48888889,https://www.sec.gov/Archives/edgar/data/43920/000004392096000005/0000043920-96-000005-index.html,https://www.sec.gov/Archives/edgar/data/43920/0000043920-96-000005.txt,1620592468,16:34:28,20210509
100,1996-01-31,GEF,USD,1996-03-08 00:00:00,1996-03-08 00:00:00,Q1,159700000,120900000,38800000,0.2429555416405761,0.0,17300000.0,0.0,0.0,23800000.0,144700000.0,0.0,6500000.0,21500000.0,0.13462742642454603,15000000.0,0.09392611145898559,2800000.0,17500000.0,0.10958046336881654,6700000.0,10800000.0,0.06762680025046963,0.205,0.205,52682927,52682927,https://www.sec.gov/Archives/edgar/data/43920/000004392096000004/0000043920-96-000004-index.html,https://www.sec.gov/Archives/edgar/data/43920/0000043920-96-000004.txt,1620592468,16:34:28,20210509
101,1995-10-31,GEF,USD,1996-01-10 00:00:00,1996-01-10 00:00:00,Q4,181900000,143500000,38300000,0.21055525013743814,0.0,19600000.0,0.0,0.0,17699999.99999999,161200000.0,300000.0,5899999.999999999,26600000.0,0.1462341946124244,20700000.0,0.11379879054425508,0.0,21100000.0,0.1159978009895547,8800000.0,12300000.0,0.06761957119296316,0.25572,0.25572,48100000,48100000,https://www.sec.gov/Archives/edgar/data/43920/000004392096000001/0000043920-96-000001-index.html,https://www.sec.gov/Archives/edgar/data/43920/0000043920-96-000001.txt,1620592468,16:34:28,20210509
102,1995-07-31,GEF,USD,1995-09-11 00:00:00,1995-09-11 00:00:00,Q3,185700000,138000000,47700000,0.2568659127625202,0.0,19900000.0,0.0,0.0,18500000.0,156500000.0,-100000.0,5700000.000000001,34900000.0,0.18793753365643512,29200000.0,0.15724286483575659,0.0,29100000.0,0.1567043618739903,11500000.0,17600000.0,0.09477652127086698,0.3659,0.3659,48100000,48100000,https://www.sec.gov/Archives/edgar/data/43920/000004392095000008/0000043920-95-000008-index.html,https://www.sec.gov/Archives/edgar/data/43920/0000043920-95-000008.txt,1620592468,16:34:28,20210509
103,1995-04-30,GEF,USD,1995-06-12 00:00:00,1995-06-12 00:00:00,Q2,186200000,146900000,39300000,0.21106337271750805,0.0,17600000.0,0.0,0.0,15900000.000000006,162800000.0,-300000.0,5700000.0,29100000.0,0.15628356605800214,23400000.0,0.12567132116004295,0.0,23100000.0,0.12406015037593984,8200000.0,14900000.0,0.08002148227712137,0.30849,0.30849,48300000,48300000,https://www.sec.gov/Archives/edgar/data/43920/000004392095000007/0000043920-95-000007-index.html,https://www.sec.gov/Archives/edgar/data/43920/0000043920-95-000007.txt,1620592468,16:34:28,20210509
104,1995-01-31,GEF,USD,1995-03-16 00:00:00,1995-03-16 00:00:00,Q1,171400000,132700000,38700000,0.22578763127187865,0.0,16700000.0,0.0,0.0,13600000.000000022,146300000.00000003,-400000.0,5700000.0,30800000.0,0.17969661610268378,25100000.0,0.14644107351225205,0.0,24700000.0,0.1441073512252042,9300000.0,15400000.0,0.08984830805134189,0.31818,0.31818,48400000,48400000,https://www.sec.gov/Archives/edgar/data/43920/000004392095000006/0000043920-95-000006-index.html,https://www.sec.gov/Archives/edgar/data/43920/0000043920-95-000006.txt,1620592468,16:34:28,20210509
105,1994-10-31,GEF,USD,1995-01-18 00:00:00,1995-01-18 00:00:00,Q4,169200000,132700000,36500000,0.2157210401891253,0.0,17600000.0,0.0,0.0,15900000.000000006,148600000.0,-300000.0,6000000.0,26600000.0,0.15721040189125296,20600000.0,0.12174940898345153,0.0,20200000.0,0.11938534278959811,6100000.0,14100000.0,0.08333333333333333,0.29314,0.29314,48100000,48100000,https://www.sec.gov/Archives/edgar/data/43920/000004392095000002/0000043920-95-000002-index.html,https://www.sec.gov/Archives/edgar/data/43920/0000043920-95-000002.txt,1620592468,16:34:28,20210509
106,1994-07-31,GEF,USD,1994-09-12 00:00:00,1994-09-12 00:00:00,Q3,149200000,121600000,27600000,0.18498659517426275,0.0,14200000.0,0.0,0.0,13200000.000000017,134800000.00000003,-500000.0,5400000.0,19800000.0,0.13270777479892762,14400000.0,0.09651474530831099,0.0,14000000.0,0.0938337801608579,5300000.0,8700000.0,0.058310991957104555,0.17975,0.17975,48400000,48400000,https://www.sec.gov/Archives/edgar/data/43920/000004392094000004/0000043920-94-000004-index.html,https://www.sec.gov/Archives/edgar/data/43920/0000043920-94-000004.txt,1620592468,16:34:28,20210509
107,1994-04-30,GEF,USD,1994-06-09 00:00:00,1994-06-09 00:00:00,Q2,141200000,117200000,24000000,0.16997167138810199,0.0,14400000.0,0.0,0.0,13399999.99999999,130599999.99999999,-400000.0,5200000.0,15800000.0,0.11189801699716714,10600000.0,0.07507082152974505,0.0,10200000.0,0.07223796033994334,3800000.0,6400000.0,0.0453257790368272,0.13196,0.13196,48500000,48500000,https://www.sec.gov/Archives/edgar/data/43920/000004392094000002/0000043920-94-000002-index.html,https://www.sec.gov/Archives/edgar/data/43920/0000043920-94-000002.txt,1620592468,16:34:28,20210509
