,date,symbol,reportedCurrency,fillingDate,acceptedDate,period,revenue,costOfRevenue,grossProfit,grossProfitRatio,researchAndDevelopmentExpenses,generalAndAdministrativeExpenses,sellingAndMarketingExpenses,otherExpenses,operatingExpenses,costAndExpenses,interestExpense,depreciationAndAmortization,ebitda,ebitdaratio,operatingIncome,operatingIncomeRatio,totalOtherIncomeExpensesNet,incomeBeforeTax,incomeBeforeTaxRatio,incomeTaxExpense,netIncome,netIncomeRatio,eps,epsdiluted,weightedAverageShsOut,weightedAverageShsOutDil,link,finalLink,timestamp,est_time,est_date
0,2019-06-30,FOUR.L,USD,2019-06-30,2019-06-30,Q2,215211000.0,134320500.0,80890500.0,0.3758660105663744,0.0,0.0,36699500.0,0.0,13111750.0,201582500.0,16750.0,1071000.0,14699500.0,0.06830273545497209,13628500.0,0.06332622403129952,0.0,13498250.0,0.0627210040378977,2819000.0,10679250.0,0.04962223120565398,0.38105,0.379675,28026000.0,28128000.0,https://find-and-update.company-information.service.gov.uk/search/companies?q=4imprint+Group+PLC,https://find-and-update.company-information.service.gov.uk/search/companies?q=4imprint+Group+PLC,1620592204,16:30:04,20210509
1,2019-03-31,FOUR.L,USD,2019-03-31,2019-03-31,Q1,215211000.0,134320500.0,80890500.0,0.3758660105663744,0.0,0.0,36699500.0,0.0,13111750.0,201582500.0,16750.0,1071000.0,14699500.0,0.06830273545497209,13628500.0,0.06332622403129952,0.0,13498250.0,0.0627210040378977,2819000.0,10679250.0,0.04962223120565398,0.38105,0.379675,28026000.0,28128000.0,https://find-and-update.company-information.service.gov.uk/search/companies?q=4imprint+Group+PLC,https://find-and-update.company-information.service.gov.uk/search/companies?q=4imprint+Group+PLC,1620592204,16:30:04,20210509
2,2019-01-31,FOUR.L,USD,2019-01-31,2019-01-31,Q1,215211000.0,134320500.0,80890500.0,0.3758660105663744,0.0,0.0,36699500.0,0.0,13111750.0,201582500.0,16750.0,1071000.0,14699500.0,0.06830273545497209,13628500.0,0.06332622403129952,0.0,13498250.0,0.0627210040378977,2819000.0,10679250.0,0.04962223120565398,0.38105,0.379675,28026000.0,28128000.0,https://find-and-update.company-information.service.gov.uk/search/companies?q=4imprint+Group+PLC,https://find-and-update.company-information.service.gov.uk/search/companies?q=4imprint+Group+PLC,1620592204,16:30:04,20210509
3,2018-06-30,FOUR.L,USD,2018-06-30,2018-06-30,Q2,184604500.0,115456750.0,69147750.0,0.37457239666422,0.0,0.0,30966500.0,0.0,11146250.0,173169750.0,5750.0,661250.0,12096000.0,0.06552386317776653,11434750.0,0.0619418811567432,0.0,11036500.0,0.059784566465064505,2238000.0,8798500.0,0.04766135170052734,0.314025,0.31305,28018000.0,28106000.0,https://find-and-update.company-information.service.gov.uk/search/companies?q=4imprint+Group+PLC,https://find-and-update.company-information.service.gov.uk/search/companies?q=4imprint+Group+PLC,1620592204,16:30:04,20210509
4,2018-03-31,FOUR.L,USD,2018-03-31,2018-03-31,Q1,184604500.0,115456750.0,69147750.0,0.37457239666422,0.0,0.0,30966500.0,0.0,11146250.0,173169750.0,5750.0,661250.0,12096000.0,0.06552386317776653,11434750.0,0.0619418811567432,0.0,11036500.0,0.059784566465064505,2238000.0,8798500.0,0.04766135170052734,0.314025,0.31305,28018000.0,28106000.0,https://find-and-update.company-information.service.gov.uk/search/companies?q=4imprint+Group+PLC,https://find-and-update.company-information.service.gov.uk/search/companies?q=4imprint+Group+PLC,1620592204,16:30:04,20210509
5,2018-01-31,FOUR.L,USD,2018-01-31,2018-01-31,Q1,184604500.0,115456750.0,69147750.0,0.37457239666422,0.0,0.0,30966500.0,0.0,11146250.0,173169750.0,5750.0,661250.0,12096000.0,0.06552386317776653,11434750.0,0.0619418811567432,0.0,11036500.0,0.059784566465064505,2238000.0,8798500.0,0.04766135170052734,0.314025,0.31305,28018000.0,28106000.0,https://find-and-update.company-information.service.gov.uk/search/companies?q=4imprint+Group+PLC,https://find-and-update.company-information.service.gov.uk/search/companies?q=4imprint+Group+PLC,1620592204,16:30:04,20210509
6,2017-06-30,FOUR.L,USD,2017-06-30,2017-06-30,Q2,156879500.0,97196500.0,59683000.0,0.3804384894138495,0.0,0.0,25865000.0,0.0,9926000.0,146400250.0,31250.0,628000.0,11107250.0,0.07080115630149254,10479250.0,0.0667980838796656,0.0,10164750.0,0.06479336050918061,2933500.0,7231250.0,0.04609429530308294,0.2578721203908423,0.25710196970774374,28042000.0,28126000.0,https://find-and-update.company-information.service.gov.uk/search/companies?q=4imprint+Group+PLC,https://find-and-update.company-information.service.gov.uk/search/companies?q=4imprint+Group+PLC,1620592204,16:30:04,20210509
7,2017-03-31,FOUR.L,USD,2017-03-31,2017-03-31,Q1,156879500.0,97196500.0,59683000.0,0.3804384894138495,0.0,0.0,25865000.0,0.0,9926000.0,146400250.0,31250.0,628000.0,11107250.0,0.07080115630149254,10479250.0,0.0667980838796656,0.0,10164750.0,0.06479336050918061,2933500.0,7231250.0,0.04609429530308294,0.2578721203908423,0.25710196970774374,28042000.0,28126000.0,https://find-and-update.company-information.service.gov.uk/search/companies?q=4imprint+Group+PLC,https://find-and-update.company-information.service.gov.uk/search/companies?q=4imprint+Group+PLC,1620592204,16:30:04,20210509
8,2017-01-31,FOUR.L,USD,2017-01-31,2017-01-31,Q1,156879500.0,97196500.0,59683000.0,0.3804384894138495,0.0,0.0,25865000.0,0.0,9926000.0,146400250.0,31250.0,628000.0,11107250.0,0.07080115630149254,10479250.0,0.0667980838796656,0.0,10164750.0,0.06479336050918061,2933500.0,7231250.0,0.04609429530308294,0.2578721203908423,0.25710196970774374,28042000.0,28126000.0,https://find-and-update.company-information.service.gov.uk/search/companies?q=4imprint+Group+PLC,https://find-and-update.company-information.service.gov.uk/search/companies?q=4imprint+Group+PLC,1620592204,16:30:04,20210509
9,2016-06-30,FOUR.L,USD,2016-06-30,2016-06-30,Q2,139555750.0,86222500.0,53333250.0,0.38216447548739485,0.0,0.0,22584500.0,0.0,8902250.0,130051500.0,11500.0,597250.0,10101500.0,0.0723832590201407,9504250.0,0.06810360733971907,0.0,8537750.0,0.0611780596643277,2418000.0,6119750.0,0.0438516506844039,0.218175,0.21755,28050000.0,28131000.0,https://find-and-update.company-information.service.gov.uk/search/companies?q=4imprint+Group+PLC,https://find-and-update.company-information.service.gov.uk/search/companies?q=4imprint+Group+PLC,1620592204,16:30:04,20210509
10,2016-03-31,FOUR.L,USD,2016-03-31,2016-03-31,Q1,139555750.0,86222500.0,53333250.0,0.38216447548739485,0.0,0.0,22584500.0,0.0,8902250.0,130051500.0,11500.0,597250.0,10101500.0,0.0723832590201407,9504250.0,0.06810360733971907,0.0,8537750.0,0.0611780596643277,2418000.0,6119750.0,0.0438516506844039,0.218175,0.21755,28050000.0,28131000.0,https://find-and-update.company-information.service.gov.uk/search/companies?q=4imprint+Group+PLC,https://find-and-update.company-information.service.gov.uk/search/companies?q=4imprint+Group+PLC,1620592204,16:30:04,20210509
11,2016-01-31,FOUR.L,USD,2016-01-31,2016-01-31,Q1,139555750.0,86222500.0,53333250.0,0.38216447548739485,0.0,0.0,22584500.0,0.0,8902250.0,130051500.0,11500.0,597250.0,10101500.0,0.0723832590201407,9504250.0,0.06810360733971907,0.0,8537750.0,0.0611780596643277,2418000.0,6119750.0,0.0438516506844039,0.218175,0.21755,28050000.0,28131000.0,https://find-and-update.company-information.service.gov.uk/search/companies?q=4imprint+Group+PLC,https://find-and-update.company-information.service.gov.uk/search/companies?q=4imprint+Group+PLC,1620592204,16:30:04,20210509
12,2015-09-30,FOUR.L,USD,2015-09-30,2015-09-30,Q3,124304750.0,77006500.0,47298250.0,0.3805023540934679,0.0,0.0,19581000.0,0.0,7823250.0,115990500.0,1750.0,489750.0,8804000.0,0.07082593384404055,8314250.0,0.06688602004348185,0.0,7789250.0,0.06266252898622136,2115500.0,5673750.0,0.045643871211679364,0.20315,0.2019,27928000.0,28101000.0,https://find-and-update.company-information.service.gov.uk/search/companies?q=4imprint+Group+PLC,https://find-and-update.company-information.service.gov.uk/search/companies?q=4imprint+Group+PLC,1620592204,16:30:04,20210509
13,2015-06-30,FOUR.L,USD,2015-06-30,2015-06-30,Q2,124304750.0,77006500.0,47298250.0,0.3805023540934679,0.0,0.0,19581000.0,0.0,7823250.0,115990500.0,1750.0,489750.0,8804000.0,0.07082593384404055,8314250.0,0.06688602004348185,0.0,7789250.0,0.06266252898622136,2115500.0,5673750.0,0.045643871211679364,0.20315,0.2019,27928000.0,28101000.0,https://find-and-update.company-information.service.gov.uk/search/companies?q=4imprint+Group+PLC,https://find-and-update.company-information.service.gov.uk/search/companies?q=4imprint+Group+PLC,1620592204,16:30:04,20210509
14,2015-03-31,FOUR.L,USD,2015-03-31,2015-03-31,Q1,124304750.0,77006500.0,47298250.0,0.3805023540934679,0.0,0.0,19581000.0,0.0,7823250.0,115990500.0,1750.0,489750.0,8804000.0,0.07082593384404055,8314250.0,0.06688602004348185,0.0,7789250.0,0.06266252898622136,2115500.0,5673750.0,0.045643871211679364,0.20315,0.2019,27928000.0,28101000.0,https://find-and-update.company-information.service.gov.uk/search/companies?q=4imprint+Group+PLC,https://find-and-update.company-information.service.gov.uk/search/companies?q=4imprint+Group+PLC,1620592204,16:30:04,20210509
15,2015-01-31,FOUR.L,USD,2015-01-31,2015-01-31,Q1,124304750.0,77006500.0,47298250.0,0.3805023540934679,0.0,0.0,19581000.0,0.0,7823250.0,115990500.0,1750.0,489750.0,8804000.0,0.07082593384404055,8314250.0,0.06688602004348185,0.0,7789250.0,0.06266252898622136,2115500.0,5673750.0,0.045643871211679364,0.20315,0.2019,27928000.0,28101000.0,https://find-and-update.company-information.service.gov.uk/search/companies?q=4imprint+Group+PLC,https://find-and-update.company-information.service.gov.uk/search/companies?q=4imprint+Group+PLC,1620592204,16:30:04,20210509
16,2014-09-30,FOUR.L,USD,2014-09-30,2014-09-30,Q3,103943250.0,64148500.0,39794750.0,0.3828507382634274,0.0,0.0,15939000.0,0.0,6876500.0,97233000.0,1750.0,426000.0,7136250.0,0.06865525178402639,6710250.0,0.06455686155666673,0.0,5834750.0,0.05613399619503912,1745500.0,4434500.0,0.042662702965320015,0.16195,0.1577,27383000.0,28122000.0,https://find-and-update.company-information.service.gov.uk/search/companies?q=4imprint+Group+PLC,https://find-and-update.company-information.service.gov.uk/search/companies?q=4imprint+Group+PLC,1620592204,16:30:04,20210509
17,2014-06-30,FOUR.L,USD,2014-06-30,2014-06-30,Q2,103943250.0,64148500.0,39794750.0,0.3828507382634274,0.0,0.0,15939000.0,0.0,6876500.0,97233000.0,1750.0,426000.0,7136250.0,0.06865525178402639,6710250.0,0.06455686155666673,0.0,5834750.0,0.05613399619503912,1745500.0,4434500.0,0.042662702965320015,0.16195,0.1577,27383000.0,28122000.0,https://find-and-update.company-information.service.gov.uk/search/companies?q=4imprint+Group+PLC,https://find-and-update.company-information.service.gov.uk/search/companies?q=4imprint+Group+PLC,1620592204,16:30:04,20210509
18,2014-03-31,FOUR.L,USD,2014-03-31,2014-03-31,Q1,103943250.0,64148500.0,39794750.0,0.3828507382634274,0.0,0.0,15939000.0,0.0,6876500.0,97233000.0,1750.0,426000.0,7136250.0,0.06865525178402639,6710250.0,0.06455686155666673,0.0,5834750.0,0.05613399619503912,1745500.0,4434500.0,0.042662702965320015,0.16195,0.1577,27383000.0,28122000.0,https://find-and-update.company-information.service.gov.uk/search/companies?q=4imprint+Group+PLC,https://find-and-update.company-information.service.gov.uk/search/companies?q=4imprint+Group+PLC,1620592204,16:30:04,20210509
19,2014-01-31,FOUR.L,USD,2014-01-31,2014-01-31,Q1,103943250.0,64148500.0,39794750.0,0.3828507382634274,0.0,0.0,15939000.0,0.0,6876500.0,97233000.0,1750.0,426000.0,7136250.0,0.06865525178402639,6710250.0,0.06455686155666673,0.0,5834750.0,0.05613399619503912,1745500.0,4434500.0,0.042662702965320015,0.16195,0.1577,27383000.0,28122000.0,https://find-and-update.company-information.service.gov.uk/search/companies?q=4imprint+Group+PLC,https://find-and-update.company-information.service.gov.uk/search/companies?q=4imprint+Group+PLC,1620592204,16:30:04,20210509
20,2013-09-30,FOUR.L,USD,2013-09-30,2013-09-30,Q3,87751677.852349,50063486.305097,37688191.547252,0.42948684822489847,0.0,0.0,0.0,0.0,23260310.34084725,83412347.67409275,7008.22848475,473261.547087,4812591.72534325,0.054843301497219436,4339330.17825625,0.049450110635577915,0.0,3814125.29063525,0.0434649841915604,1016605.3790215,1607770.064146,0.018321815644952503,0.0607655,0.057756,26463000.0,27835000.0,https://find-and-update.company-information.service.gov.uk/search/companies?q=4imprint+Group+PLC,https://find-and-update.company-information.service.gov.uk/search/companies?q=4imprint+Group+PLC,1620592204,16:30:04,20210509
21,2013-06-30,FOUR.L,USD,2013-06-30,2013-06-30,Q2,87751677.852349,50063486.305097,37688191.547252,0.42948684822489847,0.0,0.0,0.0,0.0,23260310.34084725,83412347.67409275,7008.22848475,473261.547087,4812591.72534325,0.054843301497219436,4339330.17825625,0.049450110635577915,0.0,3814125.29063525,0.0434649841915604,1016605.3790215,1607770.064146,0.018321815644952503,0.0607655,0.057756,26463000.0,27835000.0,https://find-and-update.company-information.service.gov.uk/search/companies?q=4imprint+Group+PLC,https://find-and-update.company-information.service.gov.uk/search/companies?q=4imprint+Group+PLC,1620592204,16:30:04,20210509
22,2013-03-31,FOUR.L,USD,2013-03-31,2013-03-31,Q1,87751677.852349,50063486.305097,37688191.547252,0.42948684822489847,0.0,0.0,0.0,0.0,23260310.34084725,83412347.67409275,7008.22848475,473261.547087,4812591.72534325,0.054843301497219436,4339330.17825625,0.049450110635577915,0.0,3814125.29063525,0.0434649841915604,1016605.3790215,1607770.064146,0.018321815644952503,0.0607655,0.057756,26463000.0,27835000.0,https://find-and-update.company-information.service.gov.uk/search/companies?q=4imprint+Group+PLC,https://find-and-update.company-information.service.gov.uk/search/companies?q=4imprint+Group+PLC,1620592204,16:30:04,20210509
23,2013-01-31,FOUR.L,USD,2013-01-31,2013-01-31,Q1,87751677.852349,50063486.305097,37688191.547252,0.42948684822489847,0.0,0.0,0.0,0.0,23260310.34084725,83412347.67409275,7008.22848475,473261.547087,4812591.72534325,0.054843301497219436,4339330.17825625,0.049450110635577915,0.0,3814125.29063525,0.0434649841915604,1016605.3790215,1607770.064146,0.018321815644952503,0.0607655,0.057756,26463000.0,27835000.0,https://find-and-update.company-information.service.gov.uk/search/companies?q=4imprint+Group+PLC,https://find-and-update.company-information.service.gov.uk/search/companies?q=4imprint+Group+PLC,1620592204,16:30:04,20210509
24,2012-09-30,FOUR.L,USD,2012-09-30,2012-09-30,Q3,73901116.65939476,45333785.814709,28567330.84468575,0.3865615586886277,0.0,0.0,0.0,0.0,14586464.3428515,70171781.32221524,63428.19282175,659330.00436325,4388665.341542751,0.059385643139464483,3729335.3371795,0.05046385637672776,0.0,3112829.4630015,0.042121548411079096,852442.5914255,5685509.28394825,0.0769340104852864,0.2164235,0.21327225,26271000.0,26659000.0,https://find-and-update.company-information.service.gov.uk/search/companies?q=4imprint+Group+PLC,https://find-and-update.company-information.service.gov.uk/search/companies?q=4imprint+Group+PLC,1620592204,16:30:04,20210509
25,2012-06-30,FOUR.L,USD,2012-06-30,2012-06-30,Q2,73901116.65939476,45333785.814709,28567330.84468575,0.3865615586886277,0.0,0.0,0.0,0.0,14586464.3428515,70171781.32221524,63428.19282175,659330.00436325,4388665.341542751,0.059385643139464483,3729335.3371795,0.05046385637672776,0.0,3112829.4630015,0.042121548411079096,852442.5914255,5685509.28394825,0.0769340104852864,0.2164235,0.21327225,26271000.0,26659000.0,https://find-and-update.company-information.service.gov.uk/search/companies?q=4imprint+Group+PLC,https://find-and-update.company-information.service.gov.uk/search/companies?q=4imprint+Group+PLC,1620592204,16:30:04,20210509
26,2012-03-31,FOUR.L,USD,2012-03-31,2012-03-31,Q1,73901116.65939476,45333785.814709,28567330.84468575,0.3865615586886277,0.0,0.0,0.0,0.0,14586464.3428515,70171781.32221524,63428.19282175,659330.00436325,4388665.341542751,0.059385643139464483,3729335.3371795,0.05046385637672776,0.0,3112829.4630015,0.042121548411079096,852442.5914255,5685509.28394825,0.0769340104852864,0.2164235,0.21327225,26271000.0,26659000.0,https://find-and-update.company-information.service.gov.uk/search/companies?q=4imprint+Group+PLC,https://find-and-update.company-information.service.gov.uk/search/companies?q=4imprint+Group+PLC,1620592204,16:30:04,20210509
27,2012-01-31,FOUR.L,USD,2012-01-31,2012-01-31,Q1,73901116.65939476,45333785.814709,28567330.84468575,0.3865615586886277,0.0,0.0,0.0,0.0,14586464.3428515,70171781.32221524,63428.19282175,659330.00436325,4388665.341542751,0.059385643139464483,3729335.3371795,0.05046385637672776,0.0,3112829.4630015,0.042121548411079096,852442.5914255,5685509.28394825,0.0769340104852864,0.2164235,0.21327225,26271000.0,26659000.0,https://find-and-update.company-information.service.gov.uk/search/companies?q=4imprint+Group+PLC,https://find-and-update.company-information.service.gov.uk/search/companies?q=4imprint+Group+PLC,1620592204,16:30:04,20210509
28,2011-09-30,FOUR.L,USD,2011-09-30,2011-09-30,Q3,61647621.413489,0.0,0.0,0.0,0.0,0.0,0.0,0.0,57617454.3534965,58575798.03751075,362144.454105,610560.79990075,3682384.175879,0.059732785976934134,3071823.37597825,0.049828741248175885,0.0,138957.8934295,0.0022540673953576882,756893.55359575,848108.93056775,0.013757366644841498,0.03291525,0.03213875,25760000.0,26386000.0,https://find-and-update.company-information.service.gov.uk/search/companies?q=4imprint+Group+PLC,https://find-and-update.company-information.service.gov.uk/search/companies?q=4imprint+Group+PLC,1620592204,16:30:04,20210509
29,2011-06-30,FOUR.L,USD,2011-06-30,2011-06-30,Q2,61647621.413489,0.0,0.0,0.0,0.0,0.0,0.0,0.0,57617454.3534965,58575798.03751075,362144.454105,610560.79990075,3682384.175879,0.059732785976934134,3071823.37597825,0.049828741248175885,0.0,138957.8934295,0.0022540673953576882,756893.55359575,848108.93056775,0.013757366644841498,0.03291525,0.03213875,25760000.0,26386000.0,https://find-and-update.company-information.service.gov.uk/search/companies?q=4imprint+Group+PLC,https://find-and-update.company-information.service.gov.uk/search/companies?q=4imprint+Group+PLC,1620592204,16:30:04,20210509
30,2011-03-31,FOUR.L,USD,2011-03-31,2011-03-31,Q1,61647621.413489,0.0,0.0,0.0,0.0,0.0,0.0,0.0,57617454.3534965,58575798.03751075,362144.454105,610560.79990075,3682384.175879,0.059732785976934134,3071823.37597825,0.049828741248175885,0.0,138957.8934295,0.0022540673953576882,756893.55359575,848108.93056775,0.013757366644841498,0.03291525,0.03213875,25760000.0,26386000.0,https://find-and-update.company-information.service.gov.uk/search/companies?q=4imprint+Group+PLC,https://find-and-update.company-information.service.gov.uk/search/companies?q=4imprint+Group+PLC,1620592204,16:30:04,20210509
31,2011-01-31,FOUR.L,USD,2011-01-31,2011-01-31,Q1,61647621.413489,0.0,0.0,0.0,0.0,0.0,0.0,0.0,57617454.3534965,58575798.03751075,362144.454105,610560.79990075,3682384.175879,0.059732785976934134,3071823.37597825,0.049828741248175885,0.0,138957.8934295,0.0022540673953576882,756893.55359575,848108.93056775,0.013757366644841498,0.03291525,0.03213875,25760000.0,26386000.0,https://find-and-update.company-information.service.gov.uk/search/companies?q=4imprint+Group+PLC,https://find-and-update.company-information.service.gov.uk/search/companies?q=4imprint+Group+PLC,1620592204,16:30:04,20210509
32,2010-09-30,FOUR.L,USD,2010-09-30,2010-09-30,Q3,56860549.76183325,0.0,0.0,0.0,0.0,0.0,0.0,0.0,53394470.7315915,54465430.20366825,415407.2573625,656343.466633,3051463.0247979998,0.05366573199836078,2395119.558165,0.04212269434954859,0.0,1532259.340729,0.026947670171094704,358437.11921,2714785.3333545,0.0477446198590355,0.10543425,0.1030605,25750000.0,26343000.0,https://find-and-update.company-information.service.gov.uk/search/companies?q=4imprint+Group+PLC,https://find-and-update.company-information.service.gov.uk/search/companies?q=4imprint+Group+PLC,1620592204,16:30:04,20210509
33,2010-06-30,FOUR.L,USD,2010-06-30,2010-06-30,Q2,56860549.76183325,0.0,0.0,0.0,0.0,0.0,0.0,0.0,53394470.7315915,54465430.20366825,415407.2573625,656343.466633,3051463.0247979998,0.05366573199836078,2395119.558165,0.04212269434954859,0.0,1532259.340729,0.026947670171094704,358437.11921,2714785.3333545,0.0477446198590355,0.10543425,0.1030605,25750000.0,26343000.0,https://find-and-update.company-information.service.gov.uk/search/companies?q=4imprint+Group+PLC,https://find-and-update.company-information.service.gov.uk/search/companies?q=4imprint+Group+PLC,1620592204,16:30:04,20210509
34,2010-03-31,FOUR.L,USD,2010-03-31,2010-03-31,Q1,56860549.76183325,0.0,0.0,0.0,0.0,0.0,0.0,0.0,53394470.7315915,54465430.20366825,415407.2573625,656343.466633,3051463.0247979998,0.05366573199836078,2395119.558165,0.04212269434954859,0.0,1532259.340729,0.026947670171094704,358437.11921,2714785.3333545,0.0477446198590355,0.10543425,0.1030605,25750000.0,26343000.0,https://find-and-update.company-information.service.gov.uk/search/companies?q=4imprint+Group+PLC,https://find-and-update.company-information.service.gov.uk/search/companies?q=4imprint+Group+PLC,1620592204,16:30:04,20210509
35,2010-01-31,FOUR.L,USD,2010-01-31,2010-01-31,Q1,56860549.76183325,0.0,0.0,0.0,0.0,0.0,0.0,0.0,53394470.7315915,54465430.20366825,415407.2573625,656343.466633,3051463.0247979998,0.05366573199836078,2395119.558165,0.04212269434954859,0.0,1532259.340729,0.026947670171094704,358437.11921,2714785.3333545,0.0477446198590355,0.10543425,0.1030605,25750000.0,26343000.0,https://find-and-update.company-information.service.gov.uk/search/companies?q=4imprint+Group+PLC,https://find-and-update.company-information.service.gov.uk/search/companies?q=4imprint+Group+PLC,1620592204,16:30:04,20210509
36,2009-09-30,FOUR.L,USD,2009-09-30,2009-09-30,Q3,67533629.42135026,0.0,0.0,0.0,0.0,0.0,0.0,0.0,64558504.009969,66039077.22784925,136993.9610825,835143.943509,2329696.13701,0.03449683005299111,1494552.193501,0.022130488266465187,0.0,1128303.0322395,0.016707276684329888,169345.30466175,958957.72757775,0.01419970666162039,0.0375035,0.03710425,25574000.0,25835000.0,https://find-and-update.company-information.service.gov.uk/search/companies?q=4imprint+Group+PLC,https://find-and-update.company-information.service.gov.uk/search/companies?q=4imprint+Group+PLC,1620592204,16:30:04,20210509
37,2009-06-30,FOUR.L,USD,2009-06-30,2009-06-30,Q2,67533629.42135026,0.0,0.0,0.0,0.0,0.0,0.0,0.0,64558504.009969,66039077.22784925,136993.9610825,835143.943509,2329696.13701,0.03449683005299111,1494552.193501,0.022130488266465187,0.0,1128303.0322395,0.016707276684329888,169345.30466175,958957.72757775,0.01419970666162039,0.0375035,0.03710425,25574000.0,25835000.0,https://find-and-update.company-information.service.gov.uk/search/companies?q=4imprint+Group+PLC,https://find-and-update.company-information.service.gov.uk/search/companies?q=4imprint+Group+PLC,1620592204,16:30:04,20210509
38,2009-03-31,FOUR.L,USD,2009-03-31,2009-03-31,Q1,67533629.42135026,0.0,0.0,0.0,0.0,0.0,0.0,0.0,64558504.009969,66039077.22784925,136993.9610825,835143.943509,2329696.13701,0.03449683005299111,1494552.193501,0.022130488266465187,0.0,1128303.0322395,0.016707276684329888,169345.30466175,958957.72757775,0.01419970666162039,0.0375035,0.03710425,25574000.0,25835000.0,https://find-and-update.company-information.service.gov.uk/search/companies?q=4imprint+Group+PLC,https://find-and-update.company-information.service.gov.uk/search/companies?q=4imprint+Group+PLC,1620592204,16:30:04,20210509
39,2009-01-31,FOUR.L,USD,2009-01-31,2009-01-31,Q1,67533629.42135026,0.0,0.0,0.0,0.0,0.0,0.0,0.0,64558504.009969,66039077.22784925,136993.9610825,835143.943509,2329696.13701,0.03449683005299111,1494552.193501,0.022130488266465187,0.0,1128303.0322395,0.016707276684329888,169345.30466175,958957.72757775,0.01419970666162039,0.0375035,0.03710425,25574000.0,25835000.0,https://find-and-update.company-information.service.gov.uk/search/companies?q=4imprint+Group+PLC,https://find-and-update.company-information.service.gov.uk/search/companies?q=4imprint+Group+PLC,1620592204,16:30:04,20210509
40,2008-09-30,FOUR.L,USD,2008-09-30,2008-09-30,Q3,61536236.7654165,0.0,0.0,0.0,0.0,0.0,0.0,0.0,57060275.0157425,58339435.031558,276773.03147,717193.60932525,3913995.3431837503,0.06360472380045548,3196801.7338585,0.05194990629740799,0.0,1856136.5999385,0.03016331022994329,556474.878088,1299661.7218505,0.02112026653181549,0.051474,0.05004625,25251000.0,25966000.0,https://find-and-update.company-information.service.gov.uk/search/companies?q=4imprint+Group+PLC,https://find-and-update.company-information.service.gov.uk/search/companies?q=4imprint+Group+PLC,1620592204,16:30:04,20210509
41,2008-06-30,FOUR.L,USD,2008-06-30,2008-06-30,Q2,61536236.7654165,0.0,0.0,0.0,0.0,0.0,0.0,0.0,57060275.0157425,58339435.031558,276773.03147,717193.60932525,3913995.3431837503,0.06360472380045548,3196801.7338585,0.05194990629740799,0.0,1856136.5999385,0.03016331022994329,556474.878088,1299661.7218505,0.02112026653181549,0.051474,0.05004625,25251000.0,25966000.0,https://find-and-update.company-information.service.gov.uk/search/companies?q=4imprint+Group+PLC,https://find-and-update.company-information.service.gov.uk/search/companies?q=4imprint+Group+PLC,1620592204,16:30:04,20210509
42,2008-03-31,FOUR.L,USD,2008-03-31,2008-03-31,Q1,61536236.7654165,0.0,0.0,0.0,0.0,0.0,0.0,0.0,57060275.0157425,58339435.031558,276773.03147,717193.60932525,3913995.3431837503,0.06360472380045548,3196801.7338585,0.05194990629740799,0.0,1856136.5999385,0.03016331022994329,556474.878088,1299661.7218505,0.02112026653181549,0.051474,0.05004625,25251000.0,25966000.0,https://find-and-update.company-information.service.gov.uk/search/companies?q=4imprint+Group+PLC,https://find-and-update.company-information.service.gov.uk/search/companies?q=4imprint+Group+PLC,1620592204,16:30:04,20210509
43,2008-01-31,FOUR.L,USD,2008-01-31,2008-01-31,Q1,61536236.7654165,0.0,0.0,0.0,0.0,0.0,0.0,0.0,57060275.0157425,58339435.031558,276773.03147,717193.60932525,3913995.3431837503,0.06360472380045548,3196801.7338585,0.05194990629740799,0.0,1856136.5999385,0.03016331022994329,556474.878088,1299661.7218505,0.02112026653181549,0.051474,0.05004625,25251000.0,25966000.0,https://find-and-update.company-information.service.gov.uk/search/companies?q=4imprint+Group+PLC,https://find-and-update.company-information.service.gov.uk/search/companies?q=4imprint+Group+PLC,1620592204,16:30:04,20210509
44,2007-09-30,FOUR.L,USD,2007-09-30,2007-09-30,Q3,72792761.52702025,0.0,0.0,0.0,0.0,0.0,0.0,0.0,66728309.370352,68348041.646009,227069.90580075,939018.34407525,5383738.22508675,0.07395980193838832,4444719.8810115,0.06105991568078711,0.0,1637084.77937525,0.022489664425872535,531482.39960325,1105602.379772,0.015188356047759047,0.04427375,0.0428855,24969000.0,25771000.0,https://find-and-update.company-information.service.gov.uk/search/companies?q=4imprint+Group+PLC,https://find-and-update.company-information.service.gov.uk/search/companies?q=4imprint+Group+PLC,1620592204,16:30:04,20210509
45,2007-06-30,FOUR.L,USD,2007-06-30,2007-06-30,Q2,72792761.52702025,0.0,0.0,0.0,0.0,0.0,0.0,0.0,66728309.370352,68348041.646009,227069.90580075,939018.34407525,5383738.22508675,0.07395980193838832,4444719.8810115,0.06105991568078711,0.0,1637084.77937525,0.022489664425872535,531482.39960325,1105602.379772,0.015188356047759047,0.04427375,0.0428855,24969000.0,25771000.0,https://find-and-update.company-information.service.gov.uk/search/companies?q=4imprint+Group+PLC,https://find-and-update.company-information.service.gov.uk/search/companies?q=4imprint+Group+PLC,1620592204,16:30:04,20210509
46,2007-03-31,FOUR.L,USD,2007-03-31,2007-03-31,Q1,72792761.52702025,0.0,0.0,0.0,0.0,0.0,0.0,0.0,66728309.370352,68348041.646009,227069.90580075,939018.34407525,5383738.22508675,0.07395980193838832,4444719.8810115,0.06105991568078711,0.0,1637084.77937525,0.022489664425872535,531482.39960325,1105602.379772,0.015188356047759047,0.04427375,0.0428855,24969000.0,25771000.0,https://find-and-update.company-information.service.gov.uk/search/companies?q=4imprint+Group+PLC,https://find-and-update.company-information.service.gov.uk/search/companies?q=4imprint+Group+PLC,1620592204,16:30:04,20210509
47,2007-01-31,FOUR.L,USD,2007-01-31,2007-01-31,Q1,72792761.52702025,0.0,0.0,0.0,0.0,0.0,0.0,0.0,66728309.370352,68348041.646009,227069.90580075,939018.34407525,5383738.22508675,0.07395980193838832,4444719.8810115,0.06105991568078711,0.0,1637084.77937525,0.022489664425872535,531482.39960325,1105602.379772,0.015188356047759047,0.04427375,0.0428855,24969000.0,25771000.0,https://find-and-update.company-information.service.gov.uk/search/companies?q=4imprint+Group+PLC,https://find-and-update.company-information.service.gov.uk/search/companies?q=4imprint+Group+PLC,1620592204,16:30:04,20210509
48,2006-09-30,FOUR.L,USD,2006-09-30,2006-09-30,Q3,58540682.98034925,0.0,0.0,0.0,0.0,0.0,0.0,0.0,53483474.0698655,54847573.5193275,21551.3018945,676906.80041525,4370016.26143675,0.07464921895263271,3693109.4610215,0.0630862038671669,0.0,3594169.393233,0.06139609601820804,1150055.837464,2444113.555769,0.04175068399166837,0.099381,0.0952175,24589000.0,25673000.0,https://find-and-update.company-information.service.gov.uk/search/companies?q=4imprint+Group+PLC,https://find-and-update.company-information.service.gov.uk/search/companies?q=4imprint+Group+PLC,1620592204,16:30:04,20210509
49,2006-06-30,FOUR.L,USD,2006-06-30,2006-06-30,Q2,58540682.98034925,0.0,0.0,0.0,0.0,0.0,0.0,0.0,53483474.0698655,54847573.5193275,21551.3018945,676906.80041525,4370016.26143675,0.07464921895263271,3693109.4610215,0.0630862038671669,0.0,3594169.393233,0.06139609601820804,1150055.837464,2444113.555769,0.04175068399166837,0.099381,0.0952175,24589000.0,25673000.0,https://find-and-update.company-information.service.gov.uk/search/companies?q=4imprint+Group+PLC,https://find-and-update.company-information.service.gov.uk/search/companies?q=4imprint+Group+PLC,1620592204,16:30:04,20210509
50,2006-03-31,FOUR.L,USD,2006-03-31,2006-03-31,Q1,58540682.98034925,0.0,0.0,0.0,0.0,0.0,0.0,0.0,53483474.0698655,54847573.5193275,21551.3018945,676906.80041525,4370016.26143675,0.07464921895263271,3693109.4610215,0.0630862038671669,0.0,3594169.393233,0.06139609601820804,1150055.837464,2444113.555769,0.04175068399166837,0.099381,0.0952175,24589000.0,25673000.0,https://find-and-update.company-information.service.gov.uk/search/companies?q=4imprint+Group+PLC,https://find-and-update.company-information.service.gov.uk/search/companies?q=4imprint+Group+PLC,1620592204,16:30:04,20210509
51,2006-01-31,FOUR.L,USD,2006-01-31,2006-01-31,Q1,58540682.98034925,0.0,0.0,0.0,0.0,0.0,0.0,0.0,53483474.0698655,54847573.5193275,21551.3018945,676906.80041525,4370016.26143675,0.07464921895263271,3693109.4610215,0.0630862038671669,0.0,3594169.393233,0.06139609601820804,1150055.837464,2444113.555769,0.04175068399166837,0.099381,0.0952175,24589000.0,25673000.0,https://find-and-update.company-information.service.gov.uk/search/companies?q=4imprint+Group+PLC,https://find-and-update.company-information.service.gov.uk/search/companies?q=4imprint+Group+PLC,1620592204,16:30:04,20210509
52,2005-09-30,FOUR.L,USD,2005-09-30,2005-09-30,Q3,41503630.669695,0.0,0.0,0.0,0.0,0.0,0.0,0.0,37834245.3024985,39055939.844449,20218.184321,609556.74857175,3057247.5738177504,0.07366217182657427,2447690.825246,0.05897534229537292,0.0,2426612.292656,0.058467470279120824,727424.461422,3425046.4588065,0.08252402027342129,0.133096,0.12672925,25736000.0,27027000.0,https://find-and-update.company-information.service.gov.uk/search/companies?q=4imprint+Group+PLC,https://find-and-update.company-information.service.gov.uk/search/companies?q=4imprint+Group+PLC,1620592204,16:30:04,20210509
53,2005-06-30,FOUR.L,USD,2005-06-30,2005-06-30,Q2,41503630.669695,0.0,0.0,0.0,0.0,0.0,0.0,0.0,37834245.3024985,39055939.844449,20218.184321,609556.74857175,3057247.5738177504,0.07366217182657427,2447690.825246,0.05897534229537292,0.0,2426612.292656,0.058467470279120824,727424.461422,3425046.4588065,0.08252402027342129,0.133096,0.12672925,25736000.0,27027000.0,https://find-and-update.company-information.service.gov.uk/search/companies?q=4imprint+Group+PLC,https://find-and-update.company-information.service.gov.uk/search/companies?q=4imprint+Group+PLC,1620592204,16:30:04,20210509
54,2005-03-31,FOUR.L,USD,2005-03-31,2005-03-31,Q1,41503630.669695,0.0,0.0,0.0,0.0,0.0,0.0,0.0,37834245.3024985,39055939.844449,20218.184321,609556.74857175,3057247.5738177504,0.07366217182657427,2447690.825246,0.05897534229537292,0.0,2426612.292656,0.058467470279120824,727424.461422,3425046.4588065,0.08252402027342129,0.133096,0.12672925,25736000.0,27027000.0,https://find-and-update.company-information.service.gov.uk/search/companies?q=4imprint+Group+PLC,https://find-and-update.company-information.service.gov.uk/search/companies?q=4imprint+Group+PLC,1620592204,16:30:04,20210509
55,2005-01-31,FOUR.L,USD,2005-01-31,2005-01-31,Q1,41503630.669695,0.0,0.0,0.0,0.0,0.0,0.0,0.0,37834245.3024985,39055939.844449,20218.184321,609556.74857175,3057247.5738177504,0.07366217182657427,2447690.825246,0.05897534229537292,0.0,2426612.292656,0.058467470279120824,727424.461422,3425046.4588065,0.08252402027342129,0.133096,0.12672925,25736000.0,27027000.0,https://find-and-update.company-information.service.gov.uk/search/companies?q=4imprint+Group+PLC,https://find-and-update.company-information.service.gov.uk/search/companies?q=4imprint+Group+PLC,1620592204,16:30:04,20210509
56,2004-09-30,FOUR.L,USD,2004-09-30,2004-09-30,Q3,42660062.14515875,0.0,0.0,0.0,0.0,0.0,0.0,15344.483658,39533144.0847015,41159179.8373485,67132.11600425,904365.50560075,2405247.813411,0.056381723149551435,1500882.30781025,0.03518237509132594,0.0,1347437.471229,0.031585454954193334,-235921.43624375,3151373.3312875,0.07387174731636277,0.1101445,0.10650025,28607000.0,29587000.0,https://find-and-update.company-information.service.gov.uk/search/companies?q=4imprint+Group+PLC,https://find-and-update.company-information.service.gov.uk/search/companies?q=4imprint+Group+PLC,1620592204,16:30:04,20210509
57,2004-06-30,FOUR.L,USD,2004-06-30,2004-06-30,Q2,42660062.14515875,0.0,0.0,0.0,0.0,0.0,0.0,15344.483658,39533144.0847015,41159179.8373485,67132.11600425,904365.50560075,2405247.813411,0.056381723149551435,1500882.30781025,0.03518237509132594,0.0,1347437.471229,0.031585454954193334,-235921.43624375,3151373.3312875,0.07387174731636277,0.1101445,0.10650025,28607000.0,29587000.0,https://find-and-update.company-information.service.gov.uk/search/companies?q=4imprint+Group+PLC,https://find-and-update.company-information.service.gov.uk/search/companies?q=4imprint+Group+PLC,1620592204,16:30:04,20210509
58,2004-03-31,FOUR.L,USD,2004-03-31,2004-03-31,Q1,42660062.14515875,0.0,0.0,0.0,0.0,0.0,0.0,15344.483658,39533144.0847015,41159179.8373485,67132.11600425,904365.50560075,2405247.813411,0.056381723149551435,1500882.30781025,0.03518237509132594,0.0,1347437.471229,0.031585454954193334,-235921.43624375,3151373.3312875,0.07387174731636277,0.1101445,0.10650025,28607000.0,29587000.0,https://find-and-update.company-information.service.gov.uk/search/companies?q=4imprint+Group+PLC,https://find-and-update.company-information.service.gov.uk/search/companies?q=4imprint+Group+PLC,1620592204,16:30:04,20210509
59,2004-01-31,FOUR.L,USD,2004-01-31,2004-01-31,Q1,42660062.14515875,0.0,0.0,0.0,0.0,0.0,0.0,15344.483658,39533144.0847015,41159179.8373485,67132.11600425,904365.50560075,2405247.813411,0.056381723149551435,1500882.30781025,0.03518237509132594,0.0,1347437.471229,0.031585454954193334,-235921.43624375,3151373.3312875,0.07387174731636277,0.1101445,0.10650025,28607000.0,29587000.0,https://find-and-update.company-information.service.gov.uk/search/companies?q=4imprint+Group+PLC,https://find-and-update.company-information.service.gov.uk/search/companies?q=4imprint+Group+PLC,1620592204,16:30:04,20210509
60,2003-09-30,FOUR.L,USD,2003-09-30,2003-09-30,Q3,42354017.85714275,0.0,0.0,0.0,0.0,0.0,0.0,16071.4285715,41840625.0,43562946.4285715,104464.28571425,991517.85714275,-217410.71428575006,-0.005133178038009565,-1208928.5714285,-0.028543421205188487,0.0,-4835714.28571425,-0.11417368482075985,-1203571.4285715,-3632142.85714275,-0.08575674849535465,-0.1264982014119998,-0.12544642707581236,28713000.0,28953737.0,https://find-and-update.company-information.service.gov.uk/search/companies?q=4imprint+Group+PLC,https://find-and-update.company-information.service.gov.uk/search/companies?q=4imprint+Group+PLC,1620592204,16:30:04,20210509
61,2003-06-30,FOUR.L,USD,2003-06-30,2003-06-30,Q2,42354017.85714275,0.0,0.0,0.0,0.0,0.0,0.0,16071.4285715,41840625.0,43562946.4285715,104464.28571425,991517.85714275,-217410.71428575006,-0.005133178038009565,-1208928.5714285,-0.028543421205188487,0.0,-4835714.28571425,-0.11417368482075985,-1203571.4285715,-3632142.85714275,-0.08575674849535465,-0.1264982014119998,-0.12544642707581236,28713000.0,28953737.0,https://find-and-update.company-information.service.gov.uk/search/companies?q=4imprint+Group+PLC,https://find-and-update.company-information.service.gov.uk/search/companies?q=4imprint+Group+PLC,1620592204,16:30:04,20210509
62,2003-03-31,FOUR.L,USD,2003-03-31,2003-03-31,Q1,42354017.85714275,0.0,0.0,0.0,0.0,0.0,0.0,16071.4285715,41840625.0,43562946.4285715,104464.28571425,991517.85714275,-217410.71428575006,-0.005133178038009565,-1208928.5714285,-0.028543421205188487,0.0,-4835714.28571425,-0.11417368482075985,-1203571.4285715,-3632142.85714275,-0.08575674849535465,-0.1264982014119998,-0.12544642707581236,28713000.0,28953737.0,https://find-and-update.company-information.service.gov.uk/search/companies?q=4imprint+Group+PLC,https://find-and-update.company-information.service.gov.uk/search/companies?q=4imprint+Group+PLC,1620592204,16:30:04,20210509
63,2003-01-31,FOUR.L,USD,2003-01-31,2003-01-31,Q1,42354017.85714275,0.0,0.0,0.0,0.0,0.0,0.0,16071.4285715,41840625.0,43562946.4285715,104464.28571425,991517.85714275,-217410.71428575006,-0.005133178038009565,-1208928.5714285,-0.028543421205188487,0.0,-4835714.28571425,-0.11417368482075985,-1203571.4285715,-3632142.85714275,-0.08575674849535465,-0.1264982014119998,-0.12544642707581236,28713000.0,28953737.0,https://find-and-update.company-information.service.gov.uk/search/companies?q=4imprint+Group+PLC,https://find-and-update.company-information.service.gov.uk/search/companies?q=4imprint+Group+PLC,1620592204,16:30:04,20210509
64,2002-09-30,FOUR.L,USD,2002-09-30,2002-09-30,Q3,37405975.67850525,0.0,0.0,0.0,0.0,0.0,0.0,20133.68768625,35106708.544737,36694048.48192,227913.34460825,966014.33518575,1677941.531771,0.04485757960686486,711927.19658525,0.019032445583135736,0.0,-43488.76540225,-0.0011626154541730114,-150197.31013925,106708.544737,0.0028527138458874198,0.0003705,0.0003705,28709000.0,28709000.0,https://find-and-update.company-information.service.gov.uk/search/companies?q=4imprint+Group+PLC,https://find-and-update.company-information.service.gov.uk/search/companies?q=4imprint+Group+PLC,1620592204,16:30:04,20210509
65,2002-06-30,FOUR.L,USD,2002-06-30,2002-06-30,Q2,37405975.67850525,0.0,0.0,0.0,0.0,0.0,0.0,20133.68768625,35106708.544737,36694048.48192,227913.34460825,966014.33518575,1677941.531771,0.04485757960686486,711927.19658525,0.019032445583135736,0.0,-43488.76540225,-0.0011626154541730114,-150197.31013925,106708.544737,0.0028527138458874198,0.0003705,0.0003705,28709000.0,28709000.0,https://find-and-update.company-information.service.gov.uk/search/companies?q=4imprint+Group+PLC,https://find-and-update.company-information.service.gov.uk/search/companies?q=4imprint+Group+PLC,1620592204,16:30:04,20210509
66,2002-03-31,FOUR.L,USD,2002-03-31,2002-03-31,Q1,37405975.67850525,0.0,0.0,0.0,0.0,0.0,0.0,20133.68768625,35106708.544737,36694048.48192,227913.34460825,966014.33518575,1677941.531771,0.04485757960686486,711927.19658525,0.019032445583135736,0.0,-43488.76540225,-0.0011626154541730114,-150197.31013925,106708.544737,0.0028527138458874198,0.0003705,0.0003705,28709000.0,28709000.0,https://find-and-update.company-information.service.gov.uk/search/companies?q=4imprint+Group+PLC,https://find-and-update.company-information.service.gov.uk/search/companies?q=4imprint+Group+PLC,1620592204,16:30:04,20210509
67,2002-01-31,FOUR.L,USD,2002-01-31,2002-01-31,Q1,37405975.67850525,0.0,0.0,0.0,0.0,0.0,0.0,20133.68768625,35106708.544737,36694048.48192,227913.34460825,966014.33518575,1677941.531771,0.04485757960686486,711927.19658525,0.019032445583135736,0.0,-43488.76540225,-0.0011626154541730114,-150197.31013925,106708.544737,0.0028527138458874198,0.0003705,0.0003705,28709000.0,28709000.0,https://find-and-update.company-information.service.gov.uk/search/companies?q=4imprint+Group+PLC,https://find-and-update.company-information.service.gov.uk/search/companies?q=4imprint+Group+PLC,1620592204,16:30:04,20210509
68,2001-09-30,FOUR.L,USD,2001-09-30,2001-09-30,Q3,34135754.03571475,0.0,0.0,0.0,0.0,0.0,0.0,36325.06574825,31615157.7234355,32897795.7950105,263719.97733325,698167.76368375,1936126.00438825,0.05671841912039106,1237958.2407045,0.036265735902868246,0.0,-12713.773012,-0.0003724474051077979,15256.52761425,-27970.30062625,-0.0008193842912327611,-0.00108975,-0.00108975,28709000.0,28709000.0,https://find-and-update.company-information.service.gov.uk/search/companies?q=4imprint+Group+PLC,https://find-and-update.company-information.service.gov.uk/search/companies?q=4imprint+Group+PLC,1620592204,16:30:04,20210509
69,2001-06-30,FOUR.L,USD,2001-06-30,2001-06-30,Q2,34135754.03571475,0.0,0.0,0.0,0.0,0.0,0.0,36325.06574825,31615157.7234355,32897795.7950105,263719.97733325,698167.76368375,1936126.00438825,0.05671841912039106,1237958.2407045,0.036265735902868246,0.0,-12713.773012,-0.0003724474051077979,15256.52761425,-27970.30062625,-0.0008193842912327611,-0.00108975,-0.00108975,28709000.0,28709000.0,https://find-and-update.company-information.service.gov.uk/search/companies?q=4imprint+Group+PLC,https://find-and-update.company-information.service.gov.uk/search/companies?q=4imprint+Group+PLC,1620592204,16:30:04,20210509
70,2001-03-31,FOUR.L,USD,2001-03-31,2001-03-31,Q1,34135754.03571475,0.0,0.0,0.0,0.0,0.0,0.0,36325.06574825,31615157.7234355,32897795.7950105,263719.97733325,698167.76368375,1936126.00438825,0.05671841912039106,1237958.2407045,0.036265735902868246,0.0,-12713.773012,-0.0003724474051077979,15256.52761425,-27970.30062625,-0.0008193842912327611,-0.00108975,-0.00108975,28709000.0,28709000.0,https://find-and-update.company-information.service.gov.uk/search/companies?q=4imprint+Group+PLC,https://find-and-update.company-information.service.gov.uk/search/companies?q=4imprint+Group+PLC,1620592204,16:30:04,20210509
71,2001-01-31,FOUR.L,USD,2001-01-31,2001-01-31,Q1,34135754.03571475,0.0,0.0,0.0,0.0,0.0,0.0,36325.06574825,31615157.7234355,32897795.7950105,263719.97733325,698167.76368375,1936126.00438825,0.05671841912039106,1237958.2407045,0.036265735902868246,0.0,-12713.773012,-0.0003724474051077979,15256.52761425,-27970.30062625,-0.0008193842912327611,-0.00108975,-0.00108975,28709000.0,28709000.0,https://find-and-update.company-information.service.gov.uk/search/companies?q=4imprint+Group+PLC,https://find-and-update.company-information.service.gov.uk/search/companies?q=4imprint+Group+PLC,1620592204,16:30:04,20210509
72,2000-09-30,FOUR.L,USD,2000-09-30,2000-09-30,Q3,43567779.90201925,0.0,0.0,0.0,0.0,0.0,0.0,139278.88636625,23986960.80774275,25198649.778946,198649.778946,486542.597682,18855672.72075525,0.4327893861739175,18369130.12307325,0.42162189958689844,0.0,-16835568.765683,-0.3864224618179986,102685.50603425,-16938254.271717,-0.38877937571778726,-0.6005408357283106,-0.600498254749424,28205000.0,28207000.0,https://find-and-update.company-information.service.gov.uk/search/companies?q=4imprint+Group+PLC,https://find-and-update.company-information.service.gov.uk/search/companies?q=4imprint+Group+PLC,1620592204,16:30:04,20210509
73,2000-06-30,FOUR.L,USD,2000-06-30,2000-06-30,Q2,43567779.90201925,0.0,0.0,0.0,0.0,0.0,0.0,139278.88636625,23986960.80774275,25198649.778946,198649.778946,486542.597682,18855672.72075525,0.4327893861739175,18369130.12307325,0.42162189958689844,0.0,-16835568.765683,-0.3864224618179986,102685.50603425,-16938254.271717,-0.38877937571778726,-0.6005408357283106,-0.600498254749424,28205000.0,28207000.0,https://find-and-update.company-information.service.gov.uk/search/companies?q=4imprint+Group+PLC,https://find-and-update.company-information.service.gov.uk/search/companies?q=4imprint+Group+PLC,1620592204,16:30:04,20210509
74,2000-03-31,FOUR.L,USD,2000-03-31,2000-03-31,Q1,43567779.90201925,0.0,0.0,0.0,0.0,0.0,0.0,139278.88636625,23986960.80774275,25198649.778946,198649.778946,486542.597682,18855672.72075525,0.4327893861739175,18369130.12307325,0.42162189958689844,0.0,-16835568.765683,-0.3864224618179986,102685.50603425,-16938254.271717,-0.38877937571778726,-0.6005408357283106,-0.600498254749424,28205000.0,28207000.0,https://find-and-update.company-information.service.gov.uk/search/companies?q=4imprint+Group+PLC,https://find-and-update.company-information.service.gov.uk/search/companies?q=4imprint+Group+PLC,1620592204,16:30:04,20210509
75,2000-01-31,FOUR.L,USD,2000-01-31,2000-01-31,Q1,43567779.90201925,0.0,0.0,0.0,0.0,0.0,0.0,139278.88636625,23986960.80774275,25198649.778946,198649.778946,486542.597682,18855672.72075525,0.4327893861739175,18369130.12307325,0.42162189958689844,0.0,-16835568.765683,-0.3864224618179986,102685.50603425,-16938254.271717,-0.38877937571778726,-0.6005408357283106,-0.600498254749424,28205000.0,28207000.0,https://find-and-update.company-information.service.gov.uk/search/companies?q=4imprint+Group+PLC,https://find-and-update.company-information.service.gov.uk/search/companies?q=4imprint+Group+PLC,1620592204,16:30:04,20210509
76,1999-09-30,FOUR.L,USD,1999-09-30,1999-09-30,Q3,72825279.11072326,0.0,0.0,0.0,0.0,0.0,0.0,78361.04244425,64701177.839174,68378087.99056426,446334.80361275,2427980.54707325,6875171.667232251,0.09440638952827449,4447191.120159,0.061066585318506075,0.0,5113663.903834,0.07021825341800897,1551871.778715,3561792.12511925,0.04890873290995446,0.10623175,0.10582775,33493000.0,33586000.0,https://find-and-update.company-information.service.gov.uk/search/companies?q=4imprint+Group+PLC,https://find-and-update.company-information.service.gov.uk/search/companies?q=4imprint+Group+PLC,1620592204,16:30:04,20210509
77,1999-06-30,FOUR.L,USD,1999-06-30,1999-06-30,Q2,72825279.11072326,0.0,0.0,0.0,0.0,0.0,0.0,78361.04244425,64701177.839174,68378087.99056426,446334.80361275,2427980.54707325,6875171.667232251,0.09440638952827449,4447191.120159,0.061066585318506075,0.0,5113663.903834,0.07021825341800897,1551871.778715,3561792.12511925,0.04890873290995446,0.10623175,0.10582775,33493000.0,33586000.0,https://find-and-update.company-information.service.gov.uk/search/companies?q=4imprint+Group+PLC,https://find-and-update.company-information.service.gov.uk/search/companies?q=4imprint+Group+PLC,1620592204,16:30:04,20210509
78,1999-03-31,FOUR.L,USD,1999-03-31,1999-03-31,Q1,72825279.11072326,0.0,0.0,0.0,0.0,0.0,0.0,78361.04244425,64701177.839174,68378087.99056426,446334.80361275,2427980.54707325,6875171.667232251,0.09440638952827449,4447191.120159,0.061066585318506075,0.0,5113663.903834,0.07021825341800897,1551871.778715,3561792.12511925,0.04890873290995446,0.10623175,0.10582775,33493000.0,33586000.0,https://find-and-update.company-information.service.gov.uk/search/companies?q=4imprint+Group+PLC,https://find-and-update.company-information.service.gov.uk/search/companies?q=4imprint+Group+PLC,1620592204,16:30:04,20210509
79,1999-01-31,FOUR.L,USD,1999-01-31,1999-01-31,Q1,72825279.11072326,0.0,0.0,0.0,0.0,0.0,0.0,78361.04244425,64701177.839174,68378087.99056426,446334.80361275,2427980.54707325,6875171.667232251,0.09440638952827449,4447191.120159,0.061066585318506075,0.0,5113663.903834,0.07021825341800897,1551871.778715,3561792.12511925,0.04890873290995446,0.10623175,0.10582775,33493000.0,33586000.0,https://find-and-update.company-information.service.gov.uk/search/companies?q=4imprint+Group+PLC,https://find-and-update.company-information.service.gov.uk/search/companies?q=4imprint+Group+PLC,1620592204,16:30:04,20210509
80,1998-09-30,FOUR.L,USD,1998-09-30,1998-09-30,Q3,89202589.40190075,0.0,0.0,0.0,0.0,0.0,0.0,66711.69019425,72149516.54614624,76062857.236983,836778.73132475,2917195.14404775,16056927.30896575,0.18000517043985725,13139732.164918,0.14730213834619935,0.0,4786769.6717125,0.053661779369943964,2859954.866659,1926814.8050535,0.021600435794215216,0.06925843950639184,0.06900371212814724,27820650.0,27923350.0,https://find-and-update.company-information.service.gov.uk/search/companies?q=4imprint+Group+PLC,https://find-and-update.company-information.service.gov.uk/search/companies?q=4imprint+Group+PLC,1620592204,16:30:04,20210509
81,1998-06-30,FOUR.L,USD,1998-06-30,1998-06-30,Q2,89202589.40190075,0.0,0.0,0.0,0.0,0.0,0.0,66711.69019425,72149516.54614624,76062857.236983,836778.73132475,2917195.14404775,16056927.30896575,0.18000517043985725,13139732.164918,0.14730213834619935,0.0,4786769.6717125,0.053661779369943964,2859954.866659,1926814.8050535,0.021600435794215216,0.06925843950639184,0.06900371212814724,27820650.0,27923350.0,https://find-and-update.company-information.service.gov.uk/search/companies?q=4imprint+Group+PLC,https://find-and-update.company-information.service.gov.uk/search/companies?q=4imprint+Group+PLC,1620592204,16:30:04,20210509
82,1998-03-31,FOUR.L,USD,1998-03-31,1998-03-31,Q1,89202589.40190075,0.0,0.0,0.0,0.0,0.0,0.0,66711.69019425,72149516.54614624,76062857.236983,836778.73132475,2917195.14404775,16056927.30896575,0.18000517043985725,13139732.164918,0.14730213834619935,0.0,4786769.6717125,0.053661779369943964,2859954.866659,1926814.8050535,0.021600435794215216,0.06925843950639184,0.06900371212814724,27820650.0,27923350.0,https://find-and-update.company-information.service.gov.uk/search/companies?q=4imprint+Group+PLC,https://find-and-update.company-information.service.gov.uk/search/companies?q=4imprint+Group+PLC,1620592204,16:30:04,20210509
83,1998-01-31,FOUR.L,USD,1998-01-31,1998-01-31,Q1,89202589.40190075,0.0,0.0,0.0,0.0,0.0,0.0,66711.69019425,72149516.54614624,76062857.236983,836778.73132475,2917195.14404775,16056927.30896575,0.18000517043985725,13139732.164918,0.14730213834619935,0.0,4786769.6717125,0.053661779369943964,2859954.866659,1926814.8050535,0.021600435794215216,0.06925843950639184,0.06900371212814724,27820650.0,27923350.0,https://find-and-update.company-information.service.gov.uk/search/companies?q=4imprint+Group+PLC,https://find-and-update.company-information.service.gov.uk/search/companies?q=4imprint+Group+PLC,1620592204,16:30:04,20210509
84,1997-09-30,FOUR.L,USD,1997-09-30,1997-09-30,Q3,84033012.62976925,0.0,0.0,0.0,0.0,0.0,0.0,70670.5018845,69072769.95305175,73022465.780599,895159.6905375,2902449.910732,13912996.75990225,0.16556584518991146,11010546.84917025,0.1310264443056477,0.0,9508282.0868875,0.11314936581863218,3049576.80354425,6458705.28334325,0.07685914239203666,0.233343,0.23079975,27630200.0,27918800.0,https://find-and-update.company-information.service.gov.uk/search/companies?q=4imprint+Group+PLC,https://find-and-update.company-information.service.gov.uk/search/companies?q=4imprint+Group+PLC,1620592204,16:30:04,20210509
85,1997-06-30,FOUR.L,USD,1997-06-30,1997-06-30,Q2,84033012.62976925,0.0,0.0,0.0,0.0,0.0,0.0,70670.5018845,69072769.95305175,73022465.780599,895159.6905375,2902449.910732,13912996.75990225,0.16556584518991146,11010546.84917025,0.1310264443056477,0.0,9508282.0868875,0.11314936581863218,3049576.80354425,6458705.28334325,0.07685914239203666,0.233343,0.23079975,27630200.0,27918800.0,https://find-and-update.company-information.service.gov.uk/search/companies?q=4imprint+Group+PLC,https://find-and-update.company-information.service.gov.uk/search/companies?q=4imprint+Group+PLC,1620592204,16:30:04,20210509
86,1997-03-31,FOUR.L,USD,1997-03-31,1997-03-31,Q1,84033012.62976925,0.0,0.0,0.0,0.0,0.0,0.0,70670.5018845,69072769.95305175,73022465.780599,895159.6905375,2902449.910732,13912996.75990225,0.16556584518991146,11010546.84917025,0.1310264443056477,0.0,9508282.0868875,0.11314936581863218,3049576.80354425,6458705.28334325,0.07685914239203666,0.233343,0.23079975,27630200.0,27918800.0,https://find-and-update.company-information.service.gov.uk/search/companies?q=4imprint+Group+PLC,https://find-and-update.company-information.service.gov.uk/search/companies?q=4imprint+Group+PLC,1620592204,16:30:04,20210509
87,1997-01-31,FOUR.L,USD,1997-01-31,1997-01-31,Q1,84033012.62976925,0.0,0.0,0.0,0.0,0.0,0.0,70670.5018845,69072769.95305175,73022465.780599,895159.6905375,2902449.910732,13912996.75990225,0.16556584518991146,11010546.84917025,0.1310264443056477,0.0,9508282.0868875,0.11314936581863218,3049576.80354425,6458705.28334325,0.07685914239203666,0.233343,0.23079975,27630200.0,27918800.0,https://find-and-update.company-information.service.gov.uk/search/companies?q=4imprint+Group+PLC,https://find-and-update.company-information.service.gov.uk/search/companies?q=4imprint+Group+PLC,1620592204,16:30:04,20210509
88,1996-09-30,FOUR.L,USD,1996-09-30,1996-09-30,Q3,83500017.125047,0.0,0.0,0.0,0.0,0.0,0.0,205500.5651265,68706545.19299924,72888053.56714725,1040774.7371305,3034558.3450355,13646521.902935252,0.16343136651695112,10611963.55789975,0.127089357862138,0.0,9865739.630784,0.11815254619659991,3403603.1099085,6462136.5208755,0.07739084066531396,0.24699575,0.24699575,26134550.0,26134550.0,https://find-and-update.company-information.service.gov.uk/search/companies?q=4imprint+Group+PLC,https://find-and-update.company-information.service.gov.uk/search/companies?q=4imprint+Group+PLC,1620592204,16:30:04,20210509
89,1996-06-30,FOUR.L,USD,1996-06-30,1996-06-30,Q2,83500017.125047,0.0,0.0,0.0,0.0,0.0,0.0,205500.5651265,68706545.19299924,72888053.56714725,1040774.7371305,3034558.3450355,13646521.902935252,0.16343136651695112,10611963.55789975,0.127089357862138,0.0,9865739.630784,0.11815254619659991,3403603.1099085,6462136.5208755,0.07739084066531396,0.24699575,0.24699575,26134550.0,26134550.0,https://find-and-update.company-information.service.gov.uk/search/companies?q=4imprint+Group+PLC,https://find-and-update.company-information.service.gov.uk/search/companies?q=4imprint+Group+PLC,1620592204,16:30:04,20210509
90,1996-03-31,FOUR.L,USD,1996-03-31,1996-03-31,Q1,83500017.125047,0.0,0.0,0.0,0.0,0.0,0.0,205500.5651265,68706545.19299924,72888053.56714725,1040774.7371305,3034558.3450355,13646521.902935252,0.16343136651695112,10611963.55789975,0.127089357862138,0.0,9865739.630784,0.11815254619659991,3403603.1099085,6462136.5208755,0.07739084066531396,0.24699575,0.24699575,26134550.0,26134550.0,https://find-and-update.company-information.service.gov.uk/search/companies?q=4imprint+Group+PLC,https://find-and-update.company-information.service.gov.uk/search/companies?q=4imprint+Group+PLC,1620592204,16:30:04,20210509
91,1996-01-31,FOUR.L,USD,1996-01-31,1996-01-31,Q1,83500017.125047,0.0,0.0,0.0,0.0,0.0,0.0,205500.5651265,68706545.19299924,72888053.56714725,1040774.7371305,3034558.3450355,13646521.902935252,0.16343136651695112,10611963.55789975,0.127089357862138,0.0,9865739.630784,0.11815254619659991,3403603.1099085,6462136.5208755,0.07739084066531396,0.24699575,0.24699575,26134550.0,26134550.0,https://find-and-update.company-information.service.gov.uk/search/companies?q=4imprint+Group+PLC,https://find-and-update.company-information.service.gov.uk/search/companies?q=4imprint+Group+PLC,1620592204,16:30:04,20210509
92,1995-09-30,FOUR.L,USD,1995-09-30,1995-09-30,Q3,57472263.42790025,0.0,0.0,0.0,0.0,0.0,0.0,77260.646517,47781074.23202925,50419911.6138205,907426.29334325,2103807.40466025,9156159.21874025,0.15931440094101704,7052351.81408,0.12270878843891843,0.0,6480236.726621,0.11275415896488133,2267986.27850925,4212250.44811175,0.0732918837170225,0.19595825,0.19595825,21446325.0,21446325.0,https://find-and-update.company-information.service.gov.uk/search/companies?q=4imprint+Group+PLC,https://find-and-update.company-information.service.gov.uk/search/companies?q=4imprint+Group+PLC,1620592204,16:30:04,20210509
93,1995-06-30,FOUR.L,USD,1995-06-30,1995-06-30,Q2,57472263.42790025,0.0,0.0,0.0,0.0,0.0,0.0,77260.646517,47781074.23202925,50419911.6138205,907426.29334325,2103807.40466025,9156159.21874025,0.15931440094101704,7052351.81408,0.12270878843891843,0.0,6480236.726621,0.11275415896488133,2267986.27850925,4212250.44811175,0.0732918837170225,0.19595825,0.19595825,21446325.0,21446325.0,https://find-and-update.company-information.service.gov.uk/search/companies?q=4imprint+Group+PLC,https://find-and-update.company-information.service.gov.uk/search/companies?q=4imprint+Group+PLC,1620592204,16:30:04,20210509
94,1995-03-31,FOUR.L,USD,1995-03-31,1995-03-31,Q1,57472263.42790025,0.0,0.0,0.0,0.0,0.0,0.0,77260.646517,47781074.23202925,50419911.6138205,907426.29334325,2103807.40466025,9156159.21874025,0.15931440094101704,7052351.81408,0.12270878843891843,0.0,6480236.726621,0.11275415896488133,2267986.27850925,4212250.44811175,0.0732918837170225,0.19595825,0.19595825,21446325.0,21446325.0,https://find-and-update.company-information.service.gov.uk/search/companies?q=4imprint+Group+PLC,https://find-and-update.company-information.service.gov.uk/search/companies?q=4imprint+Group+PLC,1620592204,16:30:04,20210509
95,1995-01-31,FOUR.L,USD,1995-01-31,1995-01-31,Q1,57472263.42790025,0.0,0.0,0.0,0.0,0.0,0.0,77260.646517,47781074.23202925,50419911.6138205,907426.29334325,2103807.40466025,9156159.21874025,0.15931440094101704,7052351.81408,0.12270878843891843,0.0,6480236.726621,0.11275415896488133,2267986.27850925,4212250.44811175,0.0732918837170225,0.19595825,0.19595825,21446325.0,21446325.0,https://find-and-update.company-information.service.gov.uk/search/companies?q=4imprint+Group+PLC,https://find-and-update.company-information.service.gov.uk/search/companies?q=4imprint+Group+PLC,1620592204,16:30:04,20210509
96,1994-09-30,FOUR.L,USD,1994-09-30,1994-09-30,Q3,49141691.29027725,0.0,0.0,0.0,0.0,0.0,0.0,78170.19214225,40702828.19755175,43185513.49999225,484655.1912825,1992167.34674725,7948345.13703225,0.16174341843632967,5956177.790285,0.12120416766086024,0.0,6189515.81382975,0.12595243776345877,2199709.20688525,3989806.60694475,0.08118985126859357,0.18951825,0.18951825,21062265.0,21062265.0,https://find-and-update.company-information.service.gov.uk/search/companies?q=4imprint+Group+PLC,https://find-and-update.company-information.service.gov.uk/search/companies?q=4imprint+Group+PLC,1620592204,16:30:04,20210509
97,1994-06-30,FOUR.L,USD,1994-06-30,1994-06-30,Q2,49141691.29027725,0.0,0.0,0.0,0.0,0.0,0.0,78170.19214225,40702828.19755175,43185513.49999225,484655.1912825,1992167.34674725,7948345.13703225,0.16174341843632967,5956177.790285,0.12120416766086024,0.0,6189515.81382975,0.12595243776345877,2199709.20688525,3989806.60694475,0.08118985126859357,0.18951825,0.18951825,21062265.0,21062265.0,https://find-and-update.company-information.service.gov.uk/search/companies?q=4imprint+Group+PLC,https://find-and-update.company-information.service.gov.uk/search/companies?q=4imprint+Group+PLC,1620592204,16:30:04,20210509
98,1994-03-31,FOUR.L,USD,1994-03-31,1994-03-31,Q1,49141691.29027725,0.0,0.0,0.0,0.0,0.0,0.0,78170.19214225,40702828.19755175,43185513.49999225,484655.1912825,1992167.34674725,7948345.13703225,0.16174341843632967,5956177.790285,0.12120416766086024,0.0,6189515.81382975,0.12595243776345877,2199709.20688525,3989806.60694475,0.08118985126859357,0.18951825,0.18951825,21062265.0,21062265.0,https://find-and-update.company-information.service.gov.uk/search/companies?q=4imprint+Group+PLC,https://find-and-update.company-information.service.gov.uk/search/companies?q=4imprint+Group+PLC,1620592204,16:30:04,20210509
99,1994-01-31,FOUR.L,USD,1994-01-31,1994-01-31,Q1,49141691.29027725,0.0,0.0,0.0,0.0,0.0,0.0,78170.19214225,40702828.19755175,43185513.49999225,484655.1912825,1992167.34674725,7948345.13703225,0.16174341843632967,5956177.790285,0.12120416766086024,0.0,6189515.81382975,0.12595243776345877,2199709.20688525,3989806.60694475,0.08118985126859357,0.18951825,0.18951825,21062265.0,21062265.0,https://find-and-update.company-information.service.gov.uk/search/companies?q=4imprint+Group+PLC,https://find-and-update.company-information.service.gov.uk/search/companies?q=4imprint+Group+PLC,1620592204,16:30:04,20210509
100,1993-09-30,FOUR.L,USD,1993-09-30,1993-09-30,Q3,33708529.9183705,0.0,0.0,0.0,0.0,0.0,0.0,66277.2410695,27866022.6166405,29865947.7271025,517112.25941725,1528495.469183,5371077.660451,0.1593388282864233,3842582.191268,0.11399435693497469,0.0,4046656.18213125,0.12004843260535963,1424773.45914775,2621882.7229835,0.07778098686987309,0.17039125,0.17039125,15379797.0,15379797.0,https://find-and-update.company-information.service.gov.uk/search/companies?q=4imprint+Group+PLC,https://find-and-update.company-information.service.gov.uk/search/companies?q=4imprint+Group+PLC,1620592204,16:30:04,20210509
101,1993-06-30,FOUR.L,USD,1993-06-30,1993-06-30,Q2,33708529.9183705,0.0,0.0,0.0,0.0,0.0,0.0,66277.2410695,27866022.6166405,29865947.7271025,517112.25941725,1528495.469183,5371077.660451,0.1593388282864233,3842582.191268,0.11399435693497469,0.0,4046656.18213125,0.12004843260535963,1424773.45914775,2621882.7229835,0.07778098686987309,0.17039125,0.17039125,15379797.0,15379797.0,https://find-and-update.company-information.service.gov.uk/search/companies?q=4imprint+Group+PLC,https://find-and-update.company-information.service.gov.uk/search/companies?q=4imprint+Group+PLC,1620592204,16:30:04,20210509
102,1993-03-31,FOUR.L,USD,1993-03-31,1993-03-31,Q1,33708529.9183705,0.0,0.0,0.0,0.0,0.0,0.0,66277.2410695,27866022.6166405,29865947.7271025,517112.25941725,1528495.469183,5371077.660451,0.1593388282864233,3842582.191268,0.11399435693497469,0.0,4046656.18213125,0.12004843260535963,1424773.45914775,2621882.7229835,0.07778098686987309,0.17039125,0.17039125,15379797.0,15379797.0,https://find-and-update.company-information.service.gov.uk/search/companies?q=4imprint+Group+PLC,https://find-and-update.company-information.service.gov.uk/search/companies?q=4imprint+Group+PLC,1620592204,16:30:04,20210509
103,1993-01-31,FOUR.L,USD,1993-01-31,1993-01-31,Q1,33708529.9183705,0.0,0.0,0.0,0.0,0.0,0.0,66277.2410695,27866022.6166405,29865947.7271025,517112.25941725,1528495.469183,5371077.660451,0.1593388282864233,3842582.191268,0.11399435693497469,0.0,4046656.18213125,0.12004843260535963,1424773.45914775,2621882.7229835,0.07778098686987309,0.17039125,0.17039125,15379797.0,15379797.0,https://find-and-update.company-information.service.gov.uk/search/companies?q=4imprint+Group+PLC,https://find-and-update.company-information.service.gov.uk/search/companies?q=4imprint+Group+PLC,1620592204,16:30:04,20210509
104,1992-09-30,FOUR.L,USD,1992-09-30,1992-09-30,Q3,18660766.563077,0.0,0.0,0.0,0.0,0.0,0.0,53671.42578325,15397318.68065875,16716209.52123575,381705.17497625,931931.12041925,2876488.1622605,0.15414630221847606,1944557.04184125,0.10420563567248275,0.0,2348781.69616725,0.12586737464551168,825714.24282,1523067.45334725,0.08161869707758186,0.11826275,0.11826275,12853530.0,12853530.0,https://find-and-update.company-information.service.gov.uk/search/companies?q=4imprint+Group+PLC,https://find-and-update.company-information.service.gov.uk/search/companies?q=4imprint+Group+PLC,1620592204,16:30:04,20210509
105,1992-06-30,FOUR.L,USD,1992-06-30,1992-06-30,Q2,18660766.563077,0.0,0.0,0.0,0.0,0.0,0.0,53671.42578325,15397318.68065875,16716209.52123575,381705.17497625,931931.12041925,2876488.1622605,0.15414630221847606,1944557.04184125,0.10420563567248275,0.0,2348781.69616725,0.12586737464551168,825714.24282,1523067.45334725,0.08161869707758186,0.11826275,0.11826275,12853530.0,12853530.0,https://find-and-update.company-information.service.gov.uk/search/companies?q=4imprint+Group+PLC,https://find-and-update.company-information.service.gov.uk/search/companies?q=4imprint+Group+PLC,1620592204,16:30:04,20210509
106,1992-03-31,FOUR.L,USD,1992-03-31,1992-03-31,Q1,18660766.563077,0.0,0.0,0.0,0.0,0.0,0.0,53671.42578325,15397318.68065875,16716209.52123575,381705.17497625,931931.12041925,2876488.1622605,0.15414630221847606,1944557.04184125,0.10420563567248275,0.0,2348781.69616725,0.12586737464551168,825714.24282,1523067.45334725,0.08161869707758186,0.11826275,0.11826275,12853530.0,12853530.0,https://find-and-update.company-information.service.gov.uk/search/companies?q=4imprint+Group+PLC,https://find-and-update.company-information.service.gov.uk/search/companies?q=4imprint+Group+PLC,1620592204,16:30:04,20210509
107,1992-01-31,FOUR.L,USD,1992-01-31,1992-01-31,Q1,18660766.563077,0.0,0.0,0.0,0.0,0.0,0.0,53671.42578325,15397318.68065875,16716209.52123575,381705.17497625,931931.12041925,2876488.1622605,0.15414630221847606,1944557.04184125,0.10420563567248275,0.0,2348781.69616725,0.12586737464551168,825714.24282,1523067.45334725,0.08161869707758186,0.11826275,0.11826275,12853530.0,12853530.0,https://find-and-update.company-information.service.gov.uk/search/companies?q=4imprint+Group+PLC,https://find-and-update.company-information.service.gov.uk/search/companies?q=4imprint+Group+PLC,1620592204,16:30:04,20210509
108,1991-09-30,FOUR.L,USD,1991-09-30,1991-09-30,Q3,22752703.86587325,0.0,0.0,0.0,0.0,0.0,0.0,41166.12402225,21446615.021893,22835036.113918,537498.5966095,976759.851802,894427.6037575,0.03931082692545613,-82332.2480445,-0.003618569842505181,0.0,2366584.3344185,0.10401332291623311,829871.6365405,882732.68216,0.03879682552736115,0.06945975,0.06945975,12708545.0,12708545.0,https://find-and-update.company-information.service.gov.uk/search/companies?q=4imprint+Group+PLC,https://find-and-update.company-information.service.gov.uk/search/companies?q=4imprint+Group+PLC,1620592204,16:30:04,20210509
109,1991-06-30,FOUR.L,USD,1991-06-30,1991-06-30,Q2,22752703.86587325,0.0,0.0,0.0,0.0,0.0,0.0,41166.12402225,21446615.021893,22835036.113918,537498.5966095,976759.851802,894427.6037575,0.03931082692545613,-82332.2480445,-0.003618569842505181,0.0,2366584.3344185,0.10401332291623311,829871.6365405,882732.68216,0.03879682552736115,0.06945975,0.06945975,12708545.0,12708545.0,https://find-and-update.company-information.service.gov.uk/search/companies?q=4imprint+Group+PLC,https://find-and-update.company-information.service.gov.uk/search/companies?q=4imprint+Group+PLC,1620592204,16:30:04,20210509
110,1991-03-31,FOUR.L,USD,1991-03-31,1991-03-31,Q1,22752703.86587325,0.0,0.0,0.0,0.0,0.0,0.0,41166.12402225,21446615.021893,22835036.113918,537498.5966095,976759.851802,894427.6037575,0.03931082692545613,-82332.2480445,-0.003618569842505181,0.0,2366584.3344185,0.10401332291623311,829871.6365405,882732.68216,0.03879682552736115,0.06945975,0.06945975,12708545.0,12708545.0,https://find-and-update.company-information.service.gov.uk/search/companies?q=4imprint+Group+PLC,https://find-and-update.company-information.service.gov.uk/search/companies?q=4imprint+Group+PLC,1620592204,16:30:04,20210509
111,1991-01-31,FOUR.L,USD,1991-01-31,1991-01-31,Q1,22752703.86587325,0.0,0.0,0.0,0.0,0.0,0.0,41166.12402225,21446615.021893,22835036.113918,537498.5966095,976759.851802,894427.6037575,0.03931082692545613,-82332.2480445,-0.003618569842505181,0.0,2366584.3344185,0.10401332291623311,829871.6365405,882732.68216,0.03879682552736115,0.06945975,0.06945975,12708545.0,12708545.0,https://find-and-update.company-information.service.gov.uk/search/companies?q=4imprint+Group+PLC,https://find-and-update.company-information.service.gov.uk/search/companies?q=4imprint+Group+PLC,1620592204,16:30:04,20210509
112,1990-09-30,FOUR.L,USD,1990-09-30,1990-09-30,Q3,24413120.635778,0.0,0.0,0.0,0.0,0.0,0.0,0.0,22954843.56313425,24413120.635778,324061.5716985,1069596.08039825,3761428.95721625,6.49038461538447,0.0,0.0,0.0,2367771.3051195,0.09698765432099148,520813.24023,1846958.0648895,0.07565432098765529,0.1455705,0.1455705,12687723.0,12687723.0,https://find-and-update.company-information.service.gov.uk/search/companies?q=4imprint+Group+PLC,https://find-and-update.company-information.service.gov.uk/search/companies?q=4imprint+Group+PLC,1620592204,16:30:04,20210509
113,1990-06-30,FOUR.L,USD,1990-06-30,1990-06-30,Q2,24413120.635778,0.0,0.0,0.0,0.0,0.0,0.0,0.0,22954843.56313425,24413120.635778,324061.5716985,1069596.08039825,3761428.95721625,6.49038461538447,0.0,0.0,0.0,2367771.3051195,0.09698765432099148,520813.24023,1846958.0648895,0.07565432098765529,0.1455705,0.1455705,12687723.0,12687723.0,https://find-and-update.company-information.service.gov.uk/search/companies?q=4imprint+Group+PLC,https://find-and-update.company-information.service.gov.uk/search/companies?q=4imprint+Group+PLC,1620592204,16:30:04,20210509
114,1990-03-31,FOUR.L,USD,1990-03-31,1990-03-31,Q1,24413120.635778,0.0,0.0,0.0,0.0,0.0,0.0,0.0,22954843.56313425,24413120.635778,324061.5716985,1069596.08039825,3761428.95721625,6.49038461538447,0.0,0.0,0.0,2367771.3051195,0.09698765432099148,520813.24023,1846958.0648895,0.07565432098765529,0.1455705,0.1455705,12687723.0,12687723.0,https://find-and-update.company-information.service.gov.uk/search/companies?q=4imprint+Group+PLC,https://find-and-update.company-information.service.gov.uk/search/companies?q=4imprint+Group+PLC,1620592204,16:30:04,20210509
115,1990-01-31,FOUR.L,USD,1990-01-31,1990-01-31,Q1,24413120.635778,0.0,0.0,0.0,0.0,0.0,0.0,0.0,22954843.56313425,24413120.635778,324061.5716985,1069596.08039825,3761428.95721625,6.49038461538447,0.0,0.0,0.0,2367771.3051195,0.09698765432099148,520813.24023,1846958.0648895,0.07565432098765529,0.1455705,0.1455705,12687723.0,12687723.0,https://find-and-update.company-information.service.gov.uk/search/companies?q=4imprint+Group+PLC,https://find-and-update.company-information.service.gov.uk/search/companies?q=4imprint+Group+PLC,1620592204,16:30:04,20210509
116,1989-09-30,FOUR.L,USD,1989-09-30,1989-09-30,Q3,19268693.83825425,0.0,0.0,0.0,0.0,0.0,0.0,0.0,18152679.71758675,19268693.83825425,166880.6161745,827182.28498075,2534900.51347875,7.601360974838029,0.0,0.0,0.0,1540837.6123235,0.07996585680677878,633023.10654675,809130.29525025,0.04199196385817698,0.06378825,0.06378825,12684638.0,12684638.0,https://find-and-update.company-information.service.gov.uk/search/companies?q=4imprint+Group+PLC,https://find-and-update.company-information.service.gov.uk/search/companies?q=4imprint+Group+PLC,1620592204,16:30:04,20210509
117,1989-06-30,FOUR.L,USD,1989-06-30,1989-06-30,Q2,19268693.83825425,0.0,0.0,0.0,0.0,0.0,0.0,0.0,18152679.71758675,19268693.83825425,166880.6161745,827182.28498075,2534900.51347875,7.601360974838029,0.0,0.0,0.0,1540837.6123235,0.07996585680677878,633023.10654675,809130.29525025,0.04199196385817698,0.06378825,0.06378825,12684638.0,12684638.0,https://find-and-update.company-information.service.gov.uk/search/companies?q=4imprint+Group+PLC,https://find-and-update.company-information.service.gov.uk/search/companies?q=4imprint+Group+PLC,1620592204,16:30:04,20210509
118,1989-03-31,FOUR.L,USD,1989-03-31,1989-03-31,Q1,19268693.83825425,0.0,0.0,0.0,0.0,0.0,0.0,0.0,18152679.71758675,19268693.83825425,166880.6161745,827182.28498075,2534900.51347875,7.601360974838029,0.0,0.0,0.0,1540837.6123235,0.07996585680677878,633023.10654675,809130.29525025,0.04199196385817698,0.06378825,0.06378825,12684638.0,12684638.0,https://find-and-update.company-information.service.gov.uk/search/companies?q=4imprint+Group+PLC,https://find-and-update.company-information.service.gov.uk/search/companies?q=4imprint+Group+PLC,1620592204,16:30:04,20210509
119,1989-01-31,FOUR.L,USD,1989-01-31,1989-01-31,Q1,19268693.83825425,0.0,0.0,0.0,0.0,0.0,0.0,0.0,18152679.71758675,19268693.83825425,166880.6161745,827182.28498075,2534900.51347875,7.601360974838029,0.0,0.0,0.0,1540837.6123235,0.07996585680677878,633023.10654675,809130.29525025,0.04199196385817698,0.06378825,0.06378825,12684638.0,12684638.0,https://find-and-update.company-information.service.gov.uk/search/companies?q=4imprint+Group+PLC,https://find-and-update.company-information.service.gov.uk/search/companies?q=4imprint+Group+PLC,1620592204,16:30:04,20210509
120,1988-09-30,FOUR.L,USD,1988-09-30,1988-09-30,Q3,21288471.2411705,0.0,0.0,0.0,0.0,0.0,0.0,0.0,20100998.2701455,21288471.2411705,228845.3221855,959528.614675,3655218.3941185,5.824131131377848,0.0,0.0,0.0,2466844.45725825,0.11587701292930493,890154.245351,4447167.3634135,0.20890026874325157,0.37670375,0.37670375,11805474.0,11805474.0,https://find-and-update.company-information.service.gov.uk/search/companies?q=4imprint+Group+PLC,https://find-and-update.company-information.service.gov.uk/search/companies?q=4imprint+Group+PLC,1620592204,16:30:04,20210509
121,1988-06-30,FOUR.L,USD,1988-06-30,1988-06-30,Q2,21288471.2411705,0.0,0.0,0.0,0.0,0.0,0.0,0.0,20100998.2701455,21288471.2411705,228845.3221855,959528.614675,3655218.3941185,5.824131131377848,0.0,0.0,0.0,2466844.45725825,0.11587701292930493,890154.245351,4447167.3634135,0.20890026874325157,0.37670375,0.37670375,11805474.0,11805474.0,https://find-and-update.company-information.service.gov.uk/search/companies?q=4imprint+Group+PLC,https://find-and-update.company-information.service.gov.uk/search/companies?q=4imprint+Group+PLC,1620592204,16:30:04,20210509
122,1988-03-31,FOUR.L,USD,1988-03-31,1988-03-31,Q1,21288471.2411705,0.0,0.0,0.0,0.0,0.0,0.0,0.0,20100998.2701455,21288471.2411705,228845.3221855,959528.614675,3655218.3941185,5.824131131377848,0.0,0.0,0.0,2466844.45725825,0.11587701292930493,890154.245351,4447167.3634135,0.20890026874325157,0.37670375,0.37670375,11805474.0,11805474.0,https://find-and-update.company-information.service.gov.uk/search/companies?q=4imprint+Group+PLC,https://find-and-update.company-information.service.gov.uk/search/companies?q=4imprint+Group+PLC,1620592204,16:30:04,20210509
123,1988-01-31,FOUR.L,USD,1988-01-31,1988-01-31,Q1,21288471.2411705,0.0,0.0,0.0,0.0,0.0,0.0,0.0,20100998.2701455,21288471.2411705,228845.3221855,959528.614675,3655218.3941185,5.824131131377848,0.0,0.0,0.0,2466844.45725825,0.11587701292930493,890154.245351,4447167.3634135,0.20890026874325157,0.37670375,0.37670375,11805474.0,11805474.0,https://find-and-update.company-information.service.gov.uk/search/companies?q=4imprint+Group+PLC,https://find-and-update.company-information.service.gov.uk/search/companies?q=4imprint+Group+PLC,1620592204,16:30:04,20210509
124,1987-09-30,FOUR.L,USD,1987-09-30,1987-09-30,Q3,20512712.4201375,0.0,0.0,0.0,0.0,0.0,0.0,0.0,19159031.72015825,20348771.85093575,544282.6897495,972401.776179,1136342.34538075,0.05539698125271787,163940.56920175,0.007992144863338902,0.0,2040825.8857475,0.09949078619870888,680587.563,1436587.78783275,0.07003402370241588,0.1314425,0.1314425,10929395.0,10929395.0,https://find-and-update.company-information.service.gov.uk/search/companies?q=4imprint+Group+PLC,https://find-and-update.company-information.service.gov.uk/search/companies?q=4imprint+Group+PLC,1620592204,16:30:04,20210509
125,1987-06-30,FOUR.L,USD,1987-06-30,1987-06-30,Q2,20512712.4201375,0.0,0.0,0.0,0.0,0.0,0.0,0.0,19159031.72015825,20348771.85093575,544282.6897495,972401.776179,1136342.34538075,0.05539698125271787,163940.56920175,0.007992144863338902,0.0,2040825.8857475,0.09949078619870888,680587.563,1436587.78783275,0.07003402370241588,0.1314425,0.1314425,10929395.0,10929395.0,https://find-and-update.company-information.service.gov.uk/search/companies?q=4imprint+Group+PLC,https://find-and-update.company-information.service.gov.uk/search/companies?q=4imprint+Group+PLC,1620592204,16:30:04,20210509
126,1987-03-31,FOUR.L,USD,1987-03-31,1987-03-31,Q1,20512712.4201375,0.0,0.0,0.0,0.0,0.0,0.0,0.0,19159031.72015825,20348771.85093575,544282.6897495,972401.776179,1136342.34538075,0.05539698125271787,163940.56920175,0.007992144863338902,0.0,2040825.8857475,0.09949078619870888,680587.563,1436587.78783275,0.07003402370241588,0.1314425,0.1314425,10929395.0,10929395.0,https://find-and-update.company-information.service.gov.uk/search/companies?q=4imprint+Group+PLC,https://find-and-update.company-information.service.gov.uk/search/companies?q=4imprint+Group+PLC,1620592204,16:30:04,20210509
127,1987-01-31,FOUR.L,USD,1987-01-31,1987-01-31,Q1,20512712.4201375,0.0,0.0,0.0,0.0,0.0,0.0,0.0,19159031.72015825,20348771.85093575,544282.6897495,972401.776179,1136342.34538075,0.05539698125271787,163940.56920175,0.007992144863338902,0.0,2040825.8857475,0.09949078619870888,680587.563,1436587.78783275,0.07003402370241588,0.1314425,0.1314425,10929395.0,10929395.0,https://find-and-update.company-information.service.gov.uk/search/companies?q=4imprint+Group+PLC,https://find-and-update.company-information.service.gov.uk/search/companies?q=4imprint+Group+PLC,1620592204,16:30:04,20210509
128,1986-09-30,FOUR.L,USD,1986-09-30,1986-09-30,Q3,15039102.92421875,0.0,0.0,0.0,0.0,0.0,0.0,0.0,14419665.29670925,14935986.5172525,433162.82782875,432793.23497225,535909.64193825,0.03563441547269612,103116.406966,0.0068565530461223755,0.0,1297640.519204,0.08628443636184568,335220.720854,995313.5625795,0.06618171094345407,0.100499,0.100499,9903704.0,9903704.0,https://find-and-update.company-information.service.gov.uk/search/companies?q=4imprint+Group+PLC,https://find-and-update.company-information.service.gov.uk/search/companies?q=4imprint+Group+PLC,1620592204,16:30:04,20210509
129,1986-06-30,FOUR.L,USD,1986-06-30,1986-06-30,Q2,15039102.92421875,0.0,0.0,0.0,0.0,0.0,0.0,0.0,14419665.29670925,14935986.5172525,433162.82782875,432793.23497225,535909.64193825,0.03563441547269612,103116.406966,0.0068565530461223755,0.0,1297640.519204,0.08628443636184568,335220.720854,995313.5625795,0.06618171094345407,0.100499,0.100499,9903704.0,9903704.0,https://find-and-update.company-information.service.gov.uk/search/companies?q=4imprint+Group+PLC,https://find-and-update.company-information.service.gov.uk/search/companies?q=4imprint+Group+PLC,1620592204,16:30:04,20210509
130,1986-03-31,FOUR.L,USD,1986-03-31,1986-03-31,Q1,15039102.92421875,0.0,0.0,0.0,0.0,0.0,0.0,0.0,14419665.29670925,14935986.5172525,433162.82782875,432793.23497225,535909.64193825,0.03563441547269612,103116.406966,0.0068565530461223755,0.0,1297640.519204,0.08628443636184568,335220.720854,995313.5625795,0.06618171094345407,0.100499,0.100499,9903704.0,9903704.0,https://find-and-update.company-information.service.gov.uk/search/companies?q=4imprint+Group+PLC,https://find-and-update.company-information.service.gov.uk/search/companies?q=4imprint+Group+PLC,1620592204,16:30:04,20210509
131,1986-01-31,FOUR.L,USD,1986-01-31,1986-01-31,Q1,15039102.92421875,0.0,0.0,0.0,0.0,0.0,0.0,0.0,14419665.29670925,14935986.5172525,433162.82782875,432793.23497225,535909.64193825,0.03563441547269612,103116.406966,0.0068565530461223755,0.0,1297640.519204,0.08628443636184568,335220.720854,995313.5625795,0.06618171094345407,0.100499,0.100499,9903704.0,9903704.0,https://find-and-update.company-information.service.gov.uk/search/companies?q=4imprint+Group+PLC,https://find-and-update.company-information.service.gov.uk/search/companies?q=4imprint+Group+PLC,1620592204,16:30:04,20210509
132,1985-09-30,FOUR.L,USD,1985-09-30,1985-09-30,Q3,22699638.39626575,0.0,0.0,0.0,0.0,0.0,0.0,0.0,21224410.413035,22465532.3930675,601112.18359675,675305.7784565,909411.78165475,0.04006283121251635,234106.00319825,0.01031320407450905,0.0,582023.540259,0.025640211976008704,363044.38649825,-506749.45615375,-0.022324120204360344,-0.05707925,-0.05707925,8878013.0,8878013.0,https://find-and-update.company-information.service.gov.uk/search/companies?q=4imprint+Group+PLC,https://find-and-update.company-information.service.gov.uk/search/companies?q=4imprint+Group+PLC,1620592204,16:30:04,20210509
133,1985-06-30,FOUR.L,USD,1985-06-30,1985-06-30,Q2,22699638.39626575,0.0,0.0,0.0,0.0,0.0,0.0,0.0,21224410.413035,22465532.3930675,601112.18359675,675305.7784565,909411.78165475,0.04006283121251635,234106.00319825,0.01031320407450905,0.0,582023.540259,0.025640211976008704,363044.38649825,-506749.45615375,-0.022324120204360344,-0.05707925,-0.05707925,8878013.0,8878013.0,https://find-and-update.company-information.service.gov.uk/search/companies?q=4imprint+Group+PLC,https://find-and-update.company-information.service.gov.uk/search/companies?q=4imprint+Group+PLC,1620592204,16:30:04,20210509
134,1985-03-31,FOUR.L,USD,1985-03-31,1985-03-31,Q1,22699638.39626575,0.0,0.0,0.0,0.0,0.0,0.0,0.0,21224410.413035,22465532.3930675,601112.18359675,675305.7784565,909411.78165475,0.04006283121251635,234106.00319825,0.01031320407450905,0.0,582023.540259,0.025640211976008704,363044.38649825,-506749.45615375,-0.022324120204360344,-0.05707925,-0.05707925,8878013.0,8878013.0,https://find-and-update.company-information.service.gov.uk/search/companies?q=4imprint+Group+PLC,https://find-and-update.company-information.service.gov.uk/search/companies?q=4imprint+Group+PLC,1620592204,16:30:04,20210509
135,1985-01-31,FOUR.L,USD,1985-01-31,1985-01-31,Q1,22699638.39626575,0.0,0.0,0.0,0.0,0.0,0.0,0.0,21224410.413035,22465532.3930675,601112.18359675,675305.7784565,909411.78165475,0.04006283121251635,234106.00319825,0.01031320407450905,0.0,582023.540259,0.025640211976008704,363044.38649825,-506749.45615375,-0.022324120204360344,-0.05707925,-0.05707925,8878013.0,8878013.0,https://find-and-update.company-information.service.gov.uk/search/companies?q=4imprint+Group+PLC,https://find-and-update.company-information.service.gov.uk/search/companies?q=4imprint+Group+PLC,1620592204,16:30:04,20210509
