,date,symbol,reportedCurrency,fillingDate,acceptedDate,period,revenue,costOfRevenue,grossProfit,grossProfitRatio,researchAndDevelopmentExpenses,generalAndAdministrativeExpenses,sellingAndMarketingExpenses,otherExpenses,operatingExpenses,costAndExpenses,interestExpense,depreciationAndAmortization,ebitda,ebitdaratio,operatingIncome,operatingIncomeRatio,totalOtherIncomeExpensesNet,incomeBeforeTax,incomeBeforeTaxRatio,incomeTaxExpense,netIncome,netIncomeRatio,eps,epsdiluted,weightedAverageShsOut,weightedAverageShsOutDil,link,finalLink,timestamp,est_time,est_date
0,2020-09-30,TV2.AX,AUD,2020-09-30,2020-09-30,Q3,12426.25,0.0,12426.25,1.0,0.0,67116.0,0.0,276788.5,133256.0,0.0,2036.0,245342.5,-187945.75,-15.124896891660798,-433288.25,-34.86878583643497,276788.5,-158535.75,-12.758132984609194,0.0,-158535.75,-12.758132984609194,5e-05,5e-05,1961585000.0,1961585000.0,,,1620599133,18:25:33,20210509
1,2020-06-30,TV2.AX,AUD,2020-06-30,2020-06-30,Q2,12426.25,0.0,12426.25,1.0,0.0,67116.0,0.0,276788.5,133256.0,0.0,2036.0,245342.5,-187945.75,-15.124896891660798,-433288.25,-34.86878583643497,276788.5,-158535.75,-12.758132984609194,0.0,-158535.75,-12.758132984609194,5e-05,5e-05,1961585000.0,1961585000.0,,,1620599133,18:25:33,20210509
2,2020-03-31,TV2.AX,AUD,2020-03-31,2020-03-31,Q1,12426.25,0.0,12426.25,1.0,0.0,67116.0,0.0,276788.5,133256.0,0.0,2036.0,245342.5,-187945.75,-15.124896891660798,-433288.25,-34.86878583643497,276788.5,-158535.75,-12.758132984609194,0.0,-158535.75,-12.758132984609194,5e-05,5e-05,1961585000.0,1961585000.0,,,1620599133,18:25:33,20210509
3,2020-01-31,TV2.AX,AUD,2020-01-31,2020-01-31,Q1,12426.25,0.0,12426.25,1.0,0.0,67116.0,0.0,276788.5,133256.0,0.0,2036.0,245342.5,-187945.75,-15.124896891660798,-433288.25,-34.86878583643497,276788.5,-158535.75,-12.758132984609194,0.0,-158535.75,-12.758132984609194,5e-05,5e-05,1961585000.0,1961585000.0,,,1620599133,18:25:33,20210509
4,2019-06-30,TV2.AX,AUD,2019-06-30,2019-06-30,Q2,34013.0,16181.5,17831.5,0.5242554317466851,0.0,337135.0,0.0,-119617.0,618919.25,0.0,217.75,23511.5,-938222.75,-27.58423984946932,-961734.25,-28.275490253726517,-119617.0,-1081569.0,-31.798694616764177,0.0,-1081569.0,-31.798694616764177,-0.0005,-0.0005,2010002500.0,2010002500.0,,,1620599133,18:25:33,20210509
5,2019-03-31,TV2.AX,AUD,2019-03-31,2019-03-31,Q1,34013.0,16181.5,17831.5,0.5242554317466851,0.0,337135.0,0.0,-119617.0,618919.25,0.0,217.75,23511.5,-938222.75,-27.58423984946932,-961734.25,-28.275490253726517,-119617.0,-1081569.0,-31.798694616764177,0.0,-1081569.0,-31.798694616764177,-0.0005,-0.0005,2010002500.0,2010002500.0,,,1620599133,18:25:33,20210509
6,2019-01-31,TV2.AX,AUD,2019-01-31,2019-01-31,Q1,34013.0,16181.5,17831.5,0.5242554317466851,0.0,337135.0,0.0,-119617.0,618919.25,0.0,217.75,23511.5,-938222.75,-27.58423984946932,-961734.25,-28.275490253726517,-119617.0,-1081569.0,-31.798694616764177,0.0,-1081569.0,-31.798694616764177,-0.0005,-0.0005,2010002500.0,2010002500.0,,,1620599133,18:25:33,20210509
7,2018-06-30,TV2.AX,AUD,2018-06-30,2018-06-30,Q2,159641.5,56021.5,103620.0,0.6490793434038141,0.0,1126705.0,0.0,-11775.25,75059.25,0.0,763.5,21644.5,-1098144.25,-6.878814406028508,-1119788.75,-7.014396319252826,-11775.25,-1132327.5,-7.092939492550496,0.0,-1132327.5,-7.092939492550496,-0.000625,-0.000625,1729594000.0,1729594000.0,,,1620599133,18:25:33,20210509
8,2018-03-31,TV2.AX,AUD,2018-03-31,2018-03-31,Q1,159641.5,56021.5,103620.0,0.6490793434038141,0.0,1126705.0,0.0,-11775.25,75059.25,0.0,763.5,21644.5,-1098144.25,-6.878814406028508,-1119788.75,-7.014396319252826,-11775.25,-1132327.5,-7.092939492550496,0.0,-1132327.5,-7.092939492550496,-0.000625,-0.000625,1729594000.0,1729594000.0,,,1620599133,18:25:33,20210509
9,2018-01-31,TV2.AX,AUD,2018-01-31,2018-01-31,Q1,159641.5,56021.5,103620.0,0.6490793434038141,0.0,1126705.0,0.0,-11775.25,75059.25,0.0,763.5,21644.5,-1098144.25,-6.878814406028508,-1119788.75,-7.014396319252826,-11775.25,-1132327.5,-7.092939492550496,0.0,-1132327.5,-7.092939492550496,-0.000625,-0.000625,1729594000.0,1729594000.0,,,1620599133,18:25:33,20210509
10,2017-06-30,TV2.AX,AUD,2017-06-30,2017-06-30,Q2,2561.0,0.0,2561.0,1.0,0.0,2411869.0,0.0,-24735.75,0.0,0.0,1339.75,17383.0,-2411869.0,-941.7684498242874,-2429252.0,-948.5560327996876,-24735.75,-2452766.5,-957.7377977352596,0.0,-2452766.5,-957.7377977352596,-0.00205,-0.00205,1126443004.0,1126443004.0,,,1620599133,18:25:33,20210509
11,2017-03-31,TV2.AX,AUD,2017-03-31,2017-03-31,Q1,2561.0,0.0,2561.0,1.0,0.0,2411869.0,0.0,-24735.75,0.0,0.0,1339.75,17383.0,-2411869.0,-941.7684498242874,-2429252.0,-948.5560327996876,-24735.75,-2452766.5,-957.7377977352596,0.0,-2452766.5,-957.7377977352596,-0.00205,-0.00205,1126443004.0,1126443004.0,,,1620599133,18:25:33,20210509
12,2017-01-31,TV2.AX,AUD,2017-01-31,2017-01-31,Q1,2561.0,0.0,2561.0,1.0,0.0,2411869.0,0.0,-24735.75,0.0,0.0,1339.75,17383.0,-2411869.0,-941.7684498242874,-2429252.0,-948.5560327996876,-24735.75,-2452766.5,-957.7377977352596,0.0,-2452766.5,-957.7377977352596,-0.00205,-0.00205,1126443004.0,1126443004.0,,,1620599133,18:25:33,20210509
13,2016-06-30,TV2.AX,AUD,2016-06-30,2016-06-30,Q2,8274.5,0.0,8274.5,1.0,0.0,138228.5,806977.0,29429.5,806977.0,0.0,194919.0,16885.25,-1752182.5,-211.75690374040727,-1769067.75,-213.79754063689649,-1578516.25,-3540037.75,-427.82497431868995,0.0,-3540037.75,-427.82497431868995,-0.005575,-0.005575,1034425022.0,1034425022.0,,,1620599133,18:25:33,20210509
14,2016-03-31,TV2.AX,AUD,2016-03-31,2016-03-31,Q1,8274.5,0.0,8274.5,1.0,0.0,138228.5,806977.0,29429.5,806977.0,0.0,194919.0,16885.25,-1752182.5,-211.75690374040727,-1769067.75,-213.79754063689649,-1578516.25,-3540037.75,-427.82497431868995,0.0,-3540037.75,-427.82497431868995,-0.005575,-0.005575,1034425022.0,1034425022.0,,,1620599133,18:25:33,20210509
15,2016-01-31,TV2.AX,AUD,2016-01-31,2016-01-31,Q1,8274.5,0.0,8274.5,1.0,0.0,138228.5,806977.0,29429.5,806977.0,0.0,194919.0,16885.25,-1752182.5,-211.75690374040727,-1769067.75,-213.79754063689649,-1578516.25,-3540037.75,-427.82497431868995,0.0,-3540037.75,-427.82497431868995,-0.005575,-0.005575,1034425022.0,1034425022.0,,,1620599133,18:25:33,20210509
16,2015-09-30,TV2.AX,AUD,2015-09-30,2015-09-30,Q3,0.0,0.0,0.0,0.0,0.0,45334.25,168191.5,175.25,3243397.0,0.0,0.0,503.25,-3456922.75,0.0,-3457426.0,0.0,-109981.75,-3561357.5,0.0,125.75,-3561483.25,0.0,-0.02275,-0.02275,156425196.0,156425196.0,,,1620599133,18:25:33,20210509
17,2015-06-30,TV2.AX,AUD,2015-06-30,2015-06-30,Q2,0.0,0.0,0.0,0.0,0.0,45334.25,168191.5,175.25,3243397.0,0.0,0.0,503.25,-3456922.75,0.0,-3457426.0,0.0,-109981.75,-3561357.5,0.0,125.75,-3561483.25,0.0,-0.02275,-0.02275,156425196.0,156425196.0,,,1620599133,18:25:33,20210509
18,2015-03-31,TV2.AX,AUD,2015-03-31,2015-03-31,Q1,0.0,0.0,0.0,0.0,0.0,45334.25,168191.5,175.25,3243397.0,0.0,0.0,503.25,-3456922.75,0.0,-3457426.0,0.0,-109981.75,-3561357.5,0.0,125.75,-3561483.25,0.0,-0.02275,-0.02275,156425196.0,156425196.0,,,1620599133,18:25:33,20210509
19,2015-01-31,TV2.AX,AUD,2015-01-31,2015-01-31,Q1,0.0,0.0,0.0,0.0,0.0,45334.25,168191.5,175.25,3243397.0,0.0,0.0,503.25,-3456922.75,0.0,-3457426.0,0.0,-109981.75,-3561357.5,0.0,125.75,-3561483.25,0.0,-0.02275,-0.02275,156425196.0,156425196.0,,,1620599133,18:25:33,20210509
20,2014-09-30,TV2.AX,AUD,2014-09-30,2014-09-30,Q3,0.0,0.0,0.0,0.0,0.0,61578.75,313628.0,5202.75,284878.0,0.0,250.25,101.0,-660084.75,0.0,-660185.75,0.0,5202.75,-605731.75,0.0,9932.25,-615664.0,0.0,-0.019,-0.019,32372205.0,32372205.0,,,1620599133,18:25:33,20210509
21,2014-06-30,TV2.AX,AUD,2014-06-30,2014-06-30,Q2,0.0,0.0,0.0,0.0,0.0,61578.75,313628.0,5202.75,284878.0,0.0,250.25,101.0,-660084.75,0.0,-660185.75,0.0,5202.75,-605731.75,0.0,9932.25,-615664.0,0.0,-0.019,-0.019,32372205.0,32372205.0,,,1620599133,18:25:33,20210509
22,2014-03-31,TV2.AX,AUD,2014-03-31,2014-03-31,Q1,0.0,0.0,0.0,0.0,0.0,61578.75,313628.0,5202.75,284878.0,0.0,250.25,101.0,-660084.75,0.0,-660185.75,0.0,5202.75,-605731.75,0.0,9932.25,-615664.0,0.0,-0.019,-0.019,32372205.0,32372205.0,,,1620599133,18:25:33,20210509
23,2014-01-31,TV2.AX,AUD,2014-01-31,2014-01-31,Q1,0.0,0.0,0.0,0.0,0.0,61578.75,313628.0,5202.75,284878.0,0.0,250.25,101.0,-660084.75,0.0,-660185.75,0.0,5202.75,-605731.75,0.0,9932.25,-615664.0,0.0,-0.019,-0.019,32372205.0,32372205.0,,,1620599133,18:25:33,20210509
24,2013-09-30,TV2.AX,AUD,2013-09-30,2013-09-30,Q3,0.0,0.0,0.0,0.0,0.0,95513.25,0.0,0.0,0.0,0.0,0.0,93.0,-95513.25,0.0,-95606.25,0.0,0.0,-85246.5,0.0,0.0,-85246.5,0.0,-0.00935,-0.00935,9584531.0,9584531.0,,,1620599133,18:25:33,20210509
25,2013-06-30,TV2.AX,AUD,2013-06-30,2013-06-30,Q2,0.0,0.0,0.0,0.0,0.0,95513.25,0.0,0.0,0.0,0.0,0.0,93.0,-95513.25,0.0,-95606.25,0.0,0.0,-85246.5,0.0,0.0,-85246.5,0.0,-0.00935,-0.00935,9584531.0,9584531.0,,,1620599133,18:25:33,20210509
26,2013-03-31,TV2.AX,AUD,2013-03-31,2013-03-31,Q1,0.0,0.0,0.0,0.0,0.0,95513.25,0.0,0.0,0.0,0.0,0.0,93.0,-95513.25,0.0,-95606.25,0.0,0.0,-85246.5,0.0,0.0,-85246.5,0.0,-0.00935,-0.00935,9584531.0,9584531.0,,,1620599133,18:25:33,20210509
27,2013-01-31,TV2.AX,AUD,2013-01-31,2013-01-31,Q1,0.0,0.0,0.0,0.0,0.0,95513.25,0.0,0.0,0.0,0.0,0.0,93.0,-95513.25,0.0,-95606.25,0.0,0.0,-85246.5,0.0,0.0,-85246.5,0.0,-0.00935,-0.00935,9584531.0,9584531.0,,,1620599133,18:25:33,20210509
28,2012-09-30,TV2.AX,AUD,2012-09-30,2012-09-30,Q3,310451.25,264866.5,45584.75,0.1468338426725613,0.0,247543.0,0.0,276413.5,0.0,0.0,19078.0,76171.5,-201958.25,-0.6505312830919509,-278129.75,-0.8958886459629329,222227.75,-67233.0,-0.2165654027806298,0.0,-67233.0,-0.2165654027806298,-0.01870025,-0.01870025,3540546.0,3540546.0,,,1620599133,18:25:33,20210509
29,2012-06-30,TV2.AX,AUD,2012-06-30,2012-06-30,Q2,310451.25,264866.5,45584.75,0.1468338426725613,0.0,247543.0,0.0,276413.5,0.0,0.0,19078.0,76171.5,-201958.25,-0.6505312830919509,-278129.75,-0.8958886459629329,222227.75,-67233.0,-0.2165654027806298,0.0,-67233.0,-0.2165654027806298,-0.01870025,-0.01870025,3540546.0,3540546.0,,,1620599133,18:25:33,20210509
30,2012-03-31,TV2.AX,AUD,2012-03-31,2012-03-31,Q1,310451.25,264866.5,45584.75,0.1468338426725613,0.0,247543.0,0.0,276413.5,0.0,0.0,19078.0,76171.5,-201958.25,-0.6505312830919509,-278129.75,-0.8958886459629329,222227.75,-67233.0,-0.2165654027806298,0.0,-67233.0,-0.2165654027806298,-0.01870025,-0.01870025,3540546.0,3540546.0,,,1620599133,18:25:33,20210509
31,2012-01-31,TV2.AX,AUD,2012-01-31,2012-01-31,Q1,310451.25,264866.5,45584.75,0.1468338426725613,0.0,247543.0,0.0,276413.5,0.0,0.0,19078.0,76171.5,-201958.25,-0.6505312830919509,-278129.75,-0.8958886459629329,222227.75,-67233.0,-0.2165654027806298,0.0,-67233.0,-0.2165654027806298,-0.01870025,-0.01870025,3540546.0,3540546.0,,,1620599133,18:25:33,20210509
32,2011-09-30,TV2.AX,AUD,2011-09-30,2011-09-30,Q3,663551.5,609444.0,54107.5,0.08154227667332528,0.0,372755.75,0.0,5842.25,0.0,0.0,15515.75,183827.75,-318648.25,-0.480216305742659,-502476.0,-0.7572524513922431,-169157.75,-685863.75,-1.0336254985483417,0.0,-685863.75,-1.0336254985483417,-1.19001075,-1.19001075,564021.0,564021.0,,,1620599133,18:25:33,20210509
33,2011-06-30,TV2.AX,AUD,2011-06-30,2011-06-30,Q2,663551.5,609444.0,54107.5,0.08154227667332528,0.0,372755.75,0.0,5842.25,0.0,0.0,15515.75,183827.75,-318648.25,-0.480216305742659,-502476.0,-0.7572524513922431,-169157.75,-685863.75,-1.0336254985483417,0.0,-685863.75,-1.0336254985483417,-1.19001075,-1.19001075,564021.0,564021.0,,,1620599133,18:25:33,20210509
34,2011-03-31,TV2.AX,AUD,2011-03-31,2011-03-31,Q1,663551.5,609444.0,54107.5,0.08154227667332528,0.0,372755.75,0.0,5842.25,0.0,0.0,15515.75,183827.75,-318648.25,-0.480216305742659,-502476.0,-0.7572524513922431,-169157.75,-685863.75,-1.0336254985483417,0.0,-685863.75,-1.0336254985483417,-1.19001075,-1.19001075,564021.0,564021.0,,,1620599133,18:25:33,20210509
35,2011-01-31,TV2.AX,AUD,2011-01-31,2011-01-31,Q1,663551.5,609444.0,54107.5,0.08154227667332528,0.0,372755.75,0.0,5842.25,0.0,0.0,15515.75,183827.75,-318648.25,-0.480216305742659,-502476.0,-0.7572524513922431,-169157.75,-685863.75,-1.0336254985483417,0.0,-685863.75,-1.0336254985483417,-1.19001075,-1.19001075,564021.0,564021.0,,,1620599133,18:25:33,20210509
36,2010-09-30,TV2.AX,AUD,2010-09-30,2010-09-30,Q3,790330.5,650189.0,140141.5,0.1773201211391943,0.0,319533.75,0.0,166536.75,0.0,0.0,38319.25,195522.5,-179392.25,-0.226983837774197,-374914.75,-0.4743771751185106,156065.75,-257168.25,-0.3253933006508037,0.0,-257168.25,-0.3253933006508037,-1.19001075,-1.19001075,209413.0,209413.0,,,1620599133,18:25:33,20210509
37,2010-06-30,TV2.AX,AUD,2010-06-30,2010-06-30,Q2,790330.5,650189.0,140141.5,0.1773201211391943,0.0,319533.75,0.0,166536.75,0.0,0.0,38319.25,195522.5,-179392.25,-0.226983837774197,-374914.75,-0.4743771751185106,156065.75,-257168.25,-0.3253933006508037,0.0,-257168.25,-0.3253933006508037,-1.19001075,-1.19001075,209413.0,209413.0,,,1620599133,18:25:33,20210509
38,2010-03-31,TV2.AX,AUD,2010-03-31,2010-03-31,Q1,790330.5,650189.0,140141.5,0.1773201211391943,0.0,319533.75,0.0,166536.75,0.0,0.0,38319.25,195522.5,-179392.25,-0.226983837774197,-374914.75,-0.4743771751185106,156065.75,-257168.25,-0.3253933006508037,0.0,-257168.25,-0.3253933006508037,-1.19001075,-1.19001075,209413.0,209413.0,,,1620599133,18:25:33,20210509
39,2010-01-31,TV2.AX,AUD,2010-01-31,2010-01-31,Q1,790330.5,650189.0,140141.5,0.1773201211391943,0.0,319533.75,0.0,166536.75,0.0,0.0,38319.25,195522.5,-179392.25,-0.226983837774197,-374914.75,-0.4743771751185106,156065.75,-257168.25,-0.3253933006508037,0.0,-257168.25,-0.3253933006508037,-1.19001075,-1.19001075,209413.0,209413.0,,,1620599133,18:25:33,20210509
40,2009-09-30,TV2.AX,AUD,2009-09-30,2009-09-30,Q3,759546.75,683691.25,75855.5,0.09986942870863445,0.0,386063.5,0.0,8680.5,0.0,0.0,42493.25,179934.0,-310208.0,-0.4084119904403514,-490142.0,-0.6453085343331402,8680.5,-522115.25,-0.6874037049069066,0.0,-522115.25,-0.6874037049069066,-2.50624675,-2.50624675,209022.0,209022.0,,,1620599133,18:25:33,20210509
41,2009-06-30,TV2.AX,AUD,2009-06-30,2009-06-30,Q2,759546.75,683691.25,75855.5,0.09986942870863445,0.0,386063.5,0.0,8680.5,0.0,0.0,42493.25,179934.0,-310208.0,-0.4084119904403514,-490142.0,-0.6453085343331402,8680.5,-522115.25,-0.6874037049069066,0.0,-522115.25,-0.6874037049069066,-2.50624675,-2.50624675,209022.0,209022.0,,,1620599133,18:25:33,20210509
42,2009-03-31,TV2.AX,AUD,2009-03-31,2009-03-31,Q1,759546.75,683691.25,75855.5,0.09986942870863445,0.0,386063.5,0.0,8680.5,0.0,0.0,42493.25,179934.0,-310208.0,-0.4084119904403514,-490142.0,-0.6453085343331402,8680.5,-522115.25,-0.6874037049069066,0.0,-522115.25,-0.6874037049069066,-2.50624675,-2.50624675,209022.0,209022.0,,,1620599133,18:25:33,20210509
43,2009-01-31,TV2.AX,AUD,2009-01-31,2009-01-31,Q1,759546.75,683691.25,75855.5,0.09986942870863445,0.0,386063.5,0.0,8680.5,0.0,0.0,42493.25,179934.0,-310208.0,-0.4084119904403514,-490142.0,-0.6453085343331402,8680.5,-522115.25,-0.6874037049069066,0.0,-522115.25,-0.6874037049069066,-2.50624675,-2.50624675,209022.0,209022.0,,,1620599133,18:25:33,20210509
44,2008-09-30,TV2.AX,AUD,2008-09-30,2008-09-30,Q3,534539.25,498874.0,35665.25,0.06672148022806557,0.0,258759.0,0.0,88209.0,0.0,0.0,57763.0,122698.0,-223093.75,-0.4173570977248163,-345791.75,-0.6468968368552918,18209.0,-377168.75,-0.7055959875724748,0.0,-377168.75,-0.7055959875724748,-2.405997,-2.405997,156318.0,156318.0,,,1620599133,18:25:33,20210509
45,2008-06-30,TV2.AX,AUD,2008-06-30,2008-06-30,Q2,534539.25,498874.0,35665.25,0.06672148022806557,0.0,258759.0,0.0,88209.0,0.0,0.0,57763.0,122698.0,-223093.75,-0.4173570977248163,-345791.75,-0.6468968368552918,18209.0,-377168.75,-0.7055959875724748,0.0,-377168.75,-0.7055959875724748,-2.405997,-2.405997,156318.0,156318.0,,,1620599133,18:25:33,20210509
46,2008-03-31,TV2.AX,AUD,2008-03-31,2008-03-31,Q1,534539.25,498874.0,35665.25,0.06672148022806557,0.0,258759.0,0.0,88209.0,0.0,0.0,57763.0,122698.0,-223093.75,-0.4173570977248163,-345791.75,-0.6468968368552918,18209.0,-377168.75,-0.7055959875724748,0.0,-377168.75,-0.7055959875724748,-2.405997,-2.405997,156318.0,156318.0,,,1620599133,18:25:33,20210509
47,2008-01-31,TV2.AX,AUD,2008-01-31,2008-01-31,Q1,534539.25,498874.0,35665.25,0.06672148022806557,0.0,258759.0,0.0,88209.0,0.0,0.0,57763.0,122698.0,-223093.75,-0.4173570977248163,-345791.75,-0.6468968368552918,18209.0,-377168.75,-0.7055959875724748,0.0,-377168.75,-0.7055959875724748,-2.405997,-2.405997,156318.0,156318.0,,,1620599133,18:25:33,20210509
48,2007-09-30,TV2.AX,AUD,2007-09-30,2007-09-30,Q3,511874.0,407541.0,104333.0,0.2038255508191469,0.0,5719.75,0.0,0.0,151418.0,0.0,42132.75,113622.75,-52804.75,-0.10315966429238445,-166427.5,-0.3251337243149681,0.0,-223042.5,-0.4357371149931428,0.0,-223042.5,-0.4357371149931428,-2.6967215,-2.6967215,82771.0,82771.0,,,1620599133,18:25:33,20210509
49,2007-06-30,TV2.AX,AUD,2007-06-30,2007-06-30,Q2,511874.0,407541.0,104333.0,0.2038255508191469,0.0,5719.75,0.0,0.0,151418.0,0.0,42132.75,113622.75,-52804.75,-0.10315966429238445,-166427.5,-0.3251337243149681,0.0,-223042.5,-0.4357371149931428,0.0,-223042.5,-0.4357371149931428,-2.6967215,-2.6967215,82771.0,82771.0,,,1620599133,18:25:33,20210509
50,2007-03-31,TV2.AX,AUD,2007-03-31,2007-03-31,Q1,511874.0,407541.0,104333.0,0.2038255508191469,0.0,5719.75,0.0,0.0,151418.0,0.0,42132.75,113622.75,-52804.75,-0.10315966429238445,-166427.5,-0.3251337243149681,0.0,-223042.5,-0.4357371149931428,0.0,-223042.5,-0.4357371149931428,-2.6967215,-2.6967215,82771.0,82771.0,,,1620599133,18:25:33,20210509
51,2007-01-31,TV2.AX,AUD,2007-01-31,2007-01-31,Q1,511874.0,407541.0,104333.0,0.2038255508191469,0.0,5719.75,0.0,0.0,151418.0,0.0,42132.75,113622.75,-52804.75,-0.10315966429238445,-166427.5,-0.3251337243149681,0.0,-223042.5,-0.4357371149931428,0.0,-223042.5,-0.4357371149931428,-2.6967215,-2.6967215,82771.0,82771.0,,,1620599133,18:25:33,20210509
