,date,symbol,reportedCurrency,fillingDate,acceptedDate,period,revenue,costOfRevenue,grossProfit,grossProfitRatio,researchAndDevelopmentExpenses,generalAndAdministrativeExpenses,sellingAndMarketingExpenses,otherExpenses,operatingExpenses,costAndExpenses,interestExpense,depreciationAndAmortization,ebitda,ebitdaratio,operatingIncome,operatingIncomeRatio,totalOtherIncomeExpensesNet,incomeBeforeTax,incomeBeforeTaxRatio,incomeTaxExpense,netIncome,netIncomeRatio,eps,epsdiluted,weightedAverageShsOut,weightedAverageShsOutDil,link,finalLink,timestamp,est_time,est_date
0,2020-12-31,ZODIACLOTH.NS,INR,2020-12-31,2020-12-31,Q4,273000000,123800000,149200000,0.5465201465201465,0.0,0.0,0.0,51100000.0,252800000,376600000,19600000.0,48100000.0,-55500000.0,-0.2032967032967033,-103600000.0,-0.37948717948717947,0.0,-72100000.0,-0.2641025641025641,-800000.0,-71300000.0,-0.2611721611721612,-3.17,-3.17,22492114,22492114,https://www.nseindia.com/companies-listing/corporate-filings-annual-reports,https://www.nseindia.com/companies-listing/corporate-filings-annual-reports,1620600170,18:42:50,20210509
1,2020-09-30,ZODIACLOTH.NS,INR,2020-09-30,2020-09-30,Q3,267500000,124000000,143500000,0.5364485981308411,0.0,0.0,0.0,115700000.0,261800000,385800000,22500000.0,55700000.0,-62600000.0,-0.23401869158878505,-118300000.0,-0.4422429906542056,0.0,-25100000.0,-0.09383177570093458,-700000.0,-24400000.0,-0.09121495327102803,-1.09,-1.09,22385321,22385321,https://www.nseindia.com/companies-listing/corporate-filings-annual-reports,https://www.nseindia.com/companies-listing/corporate-filings-annual-reports,1620600170,18:42:50,20210509
2,2020-06-30,ZODIACLOTH.NS,INR,2020-06-30,2020-06-30,Q2,119200000,46500000,72700000,0.6098993288590604,0.0,0.0,0.0,61400000.0,250600000,297100000,27800000.0,81100000.0,-96800000.0,-0.8120805369127517,-177900000.0,-1.4924496644295302,0.0,-144300000.0,-1.2105704697986577,800000.0,-145100000.0,-1.217281879194631,-6.46,-6.46,22461300,22461300,https://www.nseindia.com/companies-listing/corporate-filings-annual-reports,https://www.nseindia.com/companies-listing/corporate-filings-annual-reports,1620600170,18:42:50,20210509
3,2020-03-31,ZODIACLOTH.NS,INR,2020-03-31,2020-03-31,Q1,380793000,195773000,185020000,0.4858807803714879,0.0,0.0,0.0,-24681000.0,237819000,433592000,27775000.0,83426000.0,30627000.0,0.08042952470239736,-52799000.0,-0.13865538494667706,0.0,-71651000.0,-0.18816259752674025,-3597000.0,-68054000.0,-0.17871652052427434,-3.0275992269020437,-3.0275992269020437,22477876,22477876,,,1620600170,18:42:50,20210509
4,2019-12-31,ZODIACLOTH.NS,INR,2019-12-31,2019-12-31,Q4,521000000,170000000,351000000,0.6737044145873321,0.0,0.0,0.0,11700000.0,363100000,533100000,34400000.0,88900000.0,76800000.0,0.1474088291746641,-12100000.0,-0.02322456813819578,0.0,-34800000.0,-0.06679462571976967,-9400000.0,-25400000.0,-0.04875239923224568,-1.13,-1.13,22477876,22477876,https://www.nseindia.com/companies-listing/corporate-filings-annual-reports,https://www.nseindia.com/companies-listing/corporate-filings-annual-reports,1620600170,18:42:50,20210509
5,2019-09-30,ZODIACLOTH.NS,INR,2019-09-30,2019-09-30,Q3,441300000,143900000,297400000,0.6739179696351688,0.0,0.0,0.0,44700000.0,371200000,515100000,34700000.0,82800000.0,9000000.0,0.020394289598912305,-73800000.0,-0.1672331747110809,0.0,-63800000.0,-0.14457285293451166,-2500000.0,-61300000.0,-0.13890777249036937,-2.78,-2.78,22050360,22050360,https://www.nseindia.com/companies-listing/corporate-filings-annual-reports,https://www.nseindia.com/companies-listing/corporate-filings-annual-reports,1620600170,18:42:50,20210509
6,2019-06-30,ZODIACLOTH.NS,INR,2019-06-30,2019-06-30,Q2,516400000,192100000,324300000,0.6280015491866769,0.0,0.0,0.0,23800000.0,441200000,633300000,37200000.0,91900000.0,-25000000.0,-0.04841208365608056,-116900000.0,-0.2263749031758327,0.0,-130300000.0,-0.2523237800154919,4700000.0,-135000000.0,-0.261425251742835,-6.34,-6.34,21293375,21293375,https://www.nseindia.com/companies-listing/corporate-filings-annual-reports,https://www.nseindia.com/companies-listing/corporate-filings-annual-reports,1620600170,18:42:50,20210509
7,2019-03-31,ZODIACLOTH.NS,INR,2019-03-31,2019-03-31,Q1,540955000,210128000,330827000,0.6115610355759721,0.0,0.0,0.0,-8950000.0,259092000,547534000,11012000.0,19929000.0,13350000.0,0.024678577700548106,-6579000.0,-0.01216182492074202,0.0,-71211000.0,-0.13163941547818211,17016000.0,-88227000.0,-0.16309489698773466,-3.9412881325222004,-3.9412881325222004,22385321,22385321,https://www.nseindia.com/companies-listing/corporate-filings-annual-reports,https://www.nseindia.com/companies-listing/corporate-filings-annual-reports,1620600170,18:42:50,20210509
8,2018-12-31,ZODIACLOTH.NS,INR,2018-12-31,2018-12-31,Q4,601200000,172300000,428900000,0.7134065202927479,0.0,0.0,0.0,33100000.0,454600000,626900000,8600000.0,26300000.0,600000.0,0.000998003992015968,-25700000.0,-0.0427478376580173,0.0,-5700000.0,-0.009481037924151697,-2400000.0,-3300000.0,-0.0054890219560878245,-0.16,-0.16,20625000,20625000,https://www.nseindia.com/companies-listing/corporate-filings-annual-reports,https://www.nseindia.com/companies-listing/corporate-filings-annual-reports,1620600170,18:42:50,20210509
9,2018-09-30,ZODIACLOTH.NS,INR,2018-09-30,2018-09-30,Q3,475900000,179800000,296100000,0.6221895356167262,0.0,0.0,0.0,26300000.0,401400000,581200000,10200000.0,26600000.0,-78700000.0,-0.16537087623450306,-105300000.0,-0.22126497163269596,0.0,-89200000.0,-0.18743433494431602,-9600000.0,-79600000.0,-0.1672620298382013,-4.04,-4.04,19702970,19702970,https://www.nseindia.com/companies-listing/corporate-filings-annual-reports,https://www.nseindia.com/companies-listing/corporate-filings-annual-reports,1620600170,18:42:50,20210509
10,2018-06-30,ZODIACLOTH.NS,INR,2018-06-30,2018-06-30,Q2,540300000,199100000,341200000,0.6315010179529891,0.0,0.0,0.0,-800000.0,416800000,615900000,7800000.0,27100000.0,-48500000.0,-0.08976494540070332,-75600000.0,-0.1399222654081066,0.0,-84200000.0,-0.155839348510087,12500000.0,-96700000.0,-0.17897464371645383,-4.96,-4.96,19495968,19495968,https://www.nseindia.com/companies-listing/corporate-filings-annual-reports,https://www.nseindia.com/companies-listing/corporate-filings-annual-reports,1620600170,18:42:50,20210509
11,2016-03-31,ZODIACLOTH.NS,INR,2016-03-31,2016-03-31,Q1,908359074,450065664,458293410,0.5045289061536914,0.0,0.0,0.0,0.0,447904859,897970523,0.0,27356393.0,37744944.0,0.041552889248728964,10388551.0,0.011436612786013739,0.0,-39653226.0,-0.04365369063291814,-11406012.0,-28247214.0,-0.0310969690384796,-1.2618632540493835,-1.2618632540493835,22385321,22385321,https://www.nseindia.com/companies-listing/corporate-filings-annual-reports,https://www.nseindia.com/companies-listing/corporate-filings-annual-reports,1620600170,18:42:50,20210509
12,2015-12-31,ZODIACLOTH.NS,INR,2015-12-31,2015-12-31,Q4,886900000,368900000,518000000,0.5840568271507498,0.0,0.0,0.0,0.0,495900000,864800000,0.0,29000000.0,51100000.0,0.05761641673243883,22100000.0,0.02491825459465554,0.0,14500000.0,0.016349081068891644,3300000.0,11200000.0,0.012628255722178374,0.57,0.57,19649123,19649123,https://www.nseindia.com/companies-listing/corporate-filings-annual-reports,https://www.nseindia.com/companies-listing/corporate-filings-annual-reports,1620600170,18:42:50,20210509
13,2015-09-30,ZODIACLOTH.NS,INR,2015-09-30,2015-09-30,Q3,857500000,365300000,492200000,0.5739941690962099,0.0,0.0,0.0,0.0,495500000,860800000,0.0,29800000.0,26500000.0,0.030903790087463558,-3300000.0,-0.003848396501457726,0.0,-9500000.0,-0.011078717201166181,2200000.0,-11700000.0,-0.013644314868804665,-0.6,-0.6,19500000,19500000,https://www.nseindia.com/companies-listing/corporate-filings-annual-reports,https://www.nseindia.com/companies-listing/corporate-filings-annual-reports,1620600170,18:42:50,20210509
14,2015-06-30,ZODIACLOTH.NS,INR,2015-06-30,2015-06-30,Q2,870900000,386000000,484900000,0.5567803421747617,0.0,0.0,0.0,0.0,528500000,914500000,0.0,26500000.0,-17100000.0,-0.019634860489149156,-43600000.0,-0.050063153060052816,0.0,-49000000.0,-0.05626363531978413,4400000.0,-53400000.0,-0.061315880124009646,-2.74,-2.74,19489051,19489051,https://www.nseindia.com/companies-listing/corporate-filings-annual-reports,https://www.nseindia.com/companies-listing/corporate-filings-annual-reports,1620600170,18:42:50,20210509
15,2015-03-31,ZODIACLOTH.NS,INR,2015-03-31,2015-03-31,Q1,1046378724,526816056,519562668,0.4965340522348006,0.0,0.0,0.0,0.0,543292404,1070108460,0.0,25846180.0,2116444.0,0.0020226366911489306,-23729736.0,-0.0226779611012045,0.0,21324480.0,0.0203793134463617,4724645.0,16599835.0,0.015864079247085303,0.7415500094905944,0.7415500094905944,22385321,22385321,https://www.nseindia.com/companies-listing/corporate-filings-annual-reports,https://www.nseindia.com/companies-listing/corporate-filings-annual-reports,1620600170,18:42:50,20210509
16,2014-12-31,ZODIACLOTH.NS,INR,2014-12-31,2014-12-31,Q4,947200000,404200000,543000000,0.573268581081081,0.0,0.0,0.0,0.0,507800000,912000000,0.0,28800000.0,64000000.0,0.06756756756756757,35200000.0,0.037162162162162164,0.0,27300000.0,0.02882179054054054,5300000.0,22000000.0,0.02322635135135135,1.13,1.13,19469027,19469027,https://www.nseindia.com/companies-listing/corporate-filings-annual-reports,https://www.nseindia.com/companies-listing/corporate-filings-annual-reports,1620600170,18:42:50,20210509
17,2014-09-30,ZODIACLOTH.NS,INR,2014-09-30,2014-09-30,Q3,957600000,442000000,515600000,0.5384294068504595,0.0,0.0,0.0,0.0,483400000,925400000,0.0,3900000.0,36100000.0,0.037698412698412696,32200000.0,0.033625730994152045,0.0,27000000.0,0.02819548872180451,15700000.0,11300000.0,0.01180033416875522,0.58,0.57,19482759,19824561,https://www.nseindia.com/companies-listing/corporate-filings-annual-reports,https://www.nseindia.com/companies-listing/corporate-filings-annual-reports,1620600170,18:42:50,20210509
18,2014-06-30,ZODIACLOTH.NS,INR,2014-06-30,2014-06-30,Q2,988400000,393800000,594600000,0.6015783083771752,0.0,0.0,0.0,0.0,539100000,932900000,0.0,46100000.0,101600000.0,0.1027923917442331,55500000.0,0.05615135572642655,0.0,51100000.0,0.051699716713881017,10800000.0,40300000.0,0.04077296641036018,2.08,2.07,19375000,19468599,https://www.nseindia.com/companies-listing/corporate-filings-annual-reports,https://www.nseindia.com/companies-listing/corporate-filings-annual-reports,1620600170,18:42:50,20210509
19,2014-03-31,ZODIACLOTH.NS,INR,2014-03-31,2014-03-31,Q1,1105192183,523272113,581920070,0.5265329224645809,0.0,0.0,0.0,0.0,499983145,1023255258,0.0,28432015.0,110368940.0,0.09986402518737322,81936925.0,0.07413816914410803,0.0,96742847.0,0.08753486360842275,27533318.0,69209529.0,0.06262216659199805,3.0917371700857004,3.0917371700857004,22385321,22385321,https://www.nseindia.com/companies-listing/corporate-filings-annual-reports,https://www.nseindia.com/companies-listing/corporate-filings-annual-reports,1620600170,18:42:50,20210509
20,2013-12-31,ZODIACLOTH.NS,INR,2013-12-31,2013-12-31,Q4,1057100000,441900000,615200000,0.5819695393056475,0.0,0.0,0.0,0.0,536800000,978700000,0.0,26800000.0,105200000.0,0.09951754800870305,78400000.0,0.07416516885819695,0.0,70200000.0,0.06640809762557942,20700000.0,49500000.0,0.046826222684703434,2.55,2.55,19411765,19411765,https://www.nseindia.com/companies-listing/corporate-filings-annual-reports,https://www.nseindia.com/companies-listing/corporate-filings-annual-reports,1620600170,18:42:50,20210509
21,2013-09-30,ZODIACLOTH.NS,INR,2013-09-30,2013-09-30,Q3,1023200000,446200000,577000000,0.5639171227521501,0.0,0.0,0.0,0.0,492700000,938900000,0.0,25000000.0,109300000.0,0.10682173573103987,84300000.0,0.08238858483189992,0.0,78800000.0,0.07701329163408913,24600000.0,54200000.0,0.05297107114933542,2.8,2.8,19389998,19389998,https://www.nseindia.com/companies-listing/corporate-filings-annual-reports,https://www.nseindia.com/companies-listing/corporate-filings-annual-reports,1620600170,18:42:50,20210509
22,2013-06-30,ZODIACLOTH.NS,INR,2013-06-30,2013-06-30,Q2,865600000,384200000,481400000,0.5561460258780037,0.0,0.0,0.0,0.0,416300000,800500000,0.0,24800000.0,89900000.0,0.10385859519408502,65100000.0,0.0752079482439926,0.0,59600000.0,0.0688539741219963,12500000.0,47100000.0,0.05441312384473198,2.43,2.43,19382716,19382716,https://www.nseindia.com/companies-listing/corporate-filings-annual-reports,https://www.nseindia.com/companies-listing/corporate-filings-annual-reports,1620600170,18:42:50,20210509
23,2013-03-31,ZODIACLOTH.NS,INR,2013-03-31,2013-03-31,Q1,978402406,476113341,502289065,0.513376768004391,0.0,0.0,0.0,0.0,481820607,957933948,0.0,26640437.0,47108895.0,0.04814879308463189,20468458.0,0.02092028583993486,0.0,60555662.0,0.061892388682453836,23031980.0,37523682.0,0.03835199276891394,1.6762628509995456,1.6762628509995456,22385321,22385321,https://www.nseindia.com/companies-listing/corporate-filings-annual-reports,https://www.nseindia.com/companies-listing/corporate-filings-annual-reports,1620600170,18:42:50,20210509
24,2012-12-31,ZODIACLOTH.NS,INR,2012-12-31,2012-12-31,Q4,1026300000,456800000,569500000,0.5549059729124037,0.0,0.0,0.0,0.0,483400000,940200000,0.0,25100000.0,111200000.0,0.10835038487771606,86100000.0,0.08389359836305174,0.0,73800000.0,0.0719087985969015,22000000.0,51800000.0,0.05047257137289292,2.69,2.69,19389998,19389998,https://www.nseindia.com/companies-listing/corporate-filings-annual-reports,https://www.nseindia.com/companies-listing/corporate-filings-annual-reports,1620600170,18:42:50,20210509
25,2012-09-30,ZODIACLOTH.NS,INR,2012-09-30,2012-09-30,Q3,782100000,340500000,441600000,0.5646336785577292,0.0,0.0,0.0,0.0,384500000,725000000,0.0,25000000.0,82100000.0,0.10497378851809232,57100000.0,0.07300856667945275,0.0,52600000.0,0.06725482674849763,12000000.0,40600000.0,0.051911520265950646,2.11,2.1,19270298,19333333,https://www.nseindia.com/companies-listing/corporate-filings-annual-reports,https://www.nseindia.com/companies-listing/corporate-filings-annual-reports,1620600170,18:42:50,20210509
26,2012-06-30,ZODIACLOTH.NS,INR,2012-06-30,2012-06-30,Q2,772300000,329300000,443000000,0.573611290949113,0.0,0.0,0.0,0.0,425200000,754500000,0.0,22300000.0,40100000.0,0.051922827916612714,17800000.0,0.02304803832707497,0.0,14600000.0,0.018904570762657,4400000.0,10200000.0,0.013207302861582287,0.53,0.53,19245283,19245283,https://www.nseindia.com/companies-listing/corporate-filings-annual-reports,https://www.nseindia.com/companies-listing/corporate-filings-annual-reports,1620600170,18:42:50,20210509
27,2012-03-31,ZODIACLOTH.NS,INR,2012-03-31,2012-03-31,Q1,906171949,766306557,139865392,0.1543475188724916,0.0,0.0,0.0,0.0,199576571,965883128,0.0,22406808.0,-37304371.0,-0.04116698937896609,-59711179.0,-0.06589387264292818,0.0,42325360.0,0.046707868243668176,6244249.0,36081111.0,0.03981706897881475,1.6118201298073858,1.6118201298073858,22385321,22385321,https://www.nseindia.com/companies-listing/corporate-filings-annual-reports,https://www.nseindia.com/companies-listing/corporate-filings-annual-reports,1620600170,18:42:50,20210509
28,2011-12-31,ZODIACLOTH.NS,INR,2011-12-31,2011-12-31,Q4,999300000,433600000,565700000,0.566096267387171,0.0,0.0,0.0,0.0,509700000,943300000,0.0,20600000.0,76600000.0,0.0766536575602922,56000000.0,0.056039227459221456,0.0,47700000.0,0.04773341338937256,12100000.0,35600000.0,0.035624937456219356,1.85,1.85,19231596,19231596,https://www.nseindia.com/companies-listing/corporate-filings-annual-reports,https://www.nseindia.com/companies-listing/corporate-filings-annual-reports,1620600170,18:42:50,20210509
