,date,symbol,reportedCurrency,fillingDate,acceptedDate,period,revenue,costOfRevenue,grossProfit,grossProfitRatio,researchAndDevelopmentExpenses,generalAndAdministrativeExpenses,sellingAndMarketingExpenses,otherExpenses,operatingExpenses,costAndExpenses,interestExpense,depreciationAndAmortization,ebitda,ebitdaratio,operatingIncome,operatingIncomeRatio,totalOtherIncomeExpensesNet,incomeBeforeTax,incomeBeforeTaxRatio,incomeTaxExpense,netIncome,netIncomeRatio,eps,epsdiluted,weightedAverageShsOut,weightedAverageShsOutDil,link,finalLink,timestamp,est_time,est_date
0,2021-01-30,AVAV,USD,2021-03-10,2021-03-09 18:32:38,Q3,78782000,50141000.0,28641000.0,0.36354751085273285,13631000.0,0.0,0.0,-37000.0,29283000.0,79424000.0,0.0,2957000.0,2315000.0,0.029384884872178923,-642000.0,-0.007425554060572212,-37000.0,-585000.0,-0.007425554060572212,-924000.0,211000.0,0.002678276763727755,0.01,0.01,23942782.0,24260874.0,https://www.sec.gov/Archives/edgar/data/1368622/000155837021002653/0001558370-21-002653-index.htm,https://www.sec.gov/Archives/edgar/data/1368622/000155837021002653/avav-20210130x10q.htm,1620588954,15:35:54,20210509
1,2020-10-31,AVAV,USD,2020-12-09,2020-12-08 18:19:53,Q2,92665000,51814000.0,40851000.0,0.44084605838234503,11976000.0,14977000.0,0.0,72000.0,26953000.0,78767000.0,0.0,2914000.0,16812000.0,0.1814277235202072,13898000.0,0.14998111476825124,72000.0,14085000.0,0.15199913667512005,2491000.0,2094000.0,0.02259752873253116,0.08747981676863593,0.08653996840588585,23936950.0,24196912.0,https://www.sec.gov/Archives/edgar/data/1368622/000155837020014262/0001558370-20-014262-index.htm,https://www.sec.gov/Archives/edgar/data/1368622/000155837020014262/avav-20201031x10q.htm,1620588954,15:35:54,20210509
2,2020-08-01,AVAV,USD,2020-09-10,2020-09-10,Q1,87450000,52039000.0,35411000.0,0.40492853058890793,11103000.0,12011000.0,0.0,0.0,23114000.000000004,75153000.0,208000.0,2779000.0,15076000.0,0.1723956546598056,12297000.0,0.14061749571183532,33000.0,12538000.0,0.14337335620354488,1207000.0,10080000.0,0.11526586620926244,0.41677,0.41677,24186230.0,24186230.0,https://www.sec.gov/Archives/edgar/data/1368622/000155837020011109/0001558370-20-011109-index.htm,https://www.sec.gov/ix?doc=/Archives/edgar/data/1368622/000155837020011109/avav-20200801x10q.htm,1620588954,15:35:54,20210509
3,2020-04-30,AVAV,USD,2020-06-24,2020-06-23 18:36:32,Q4,135223000,82055000.0,53168000.0,0.3931875494553441,15529000.0,16344000.0,0.0,75000.0,31873000.0,113928000.0,0.0,2781000.0,24076000.0,0.17804663407852214,21295000.0,0.15748060610990733,75000.0,22481000.0,0.16625130340252767,2645000.0,17471000.0,0.12920139325410618,0.7334238691247064,0.7334238691247064,23821150.0,23821150.0,https://www.sec.gov/Archives/edgar/data/1368622/000155837020007720/0001558370-20-007720-index.htm,https://www.sec.gov/Archives/edgar/data/1368622/000155837020007720/avav-20200623x10k.htm,1620588954,15:35:54,20210509
4,2020-01-25,AVAV,USD,2020-03-04 00:00:00,2020-03-03 18:32:45,Q3,61891000,38395000.0,23496000.0,0.37963516504822997,11381000.0,13223000.0,0.0,0.0,24604000.0,62999000.0,1122000.0,2621000.0000000005,1513000.0000000005,0.024446203809923905,-1108000.0,-0.017902441388893377,120000.0,134000.0,0.0021650967022668888,-38000.0,-1008000.0,-0.01628669758123152,-0.04232,-0.04232,23821150.0,23821150.0,https://www.sec.gov/Archives/edgar/data/1368622/000155837020001981/0001558370-20-001981-index.html,https://www.sec.gov/Archives/edgar/data/1368622/000155837020001981/avav-20200125x10q780b63.htm,1620588954,15:35:54,20210509
5,2019-10-26,AVAV,USD,2019-12-04 00:00:00,2019-12-03 19:03:40,Q2,83271000,48105000.0,35166000.0,0.4223078862989516,10858000.0,16255000.0,0.0,0.0,27113000.000000007,75218000.0,1266000.0,2406999.9999999995,10460000.0,0.12561395924151264,8053000.0,0.09670833783670185,157000.0,9476000.0,0.11379712024594396,1108000.0,7501000.0,0.09007937937577308,0.31174,0.31174,24061810.0,24061810.0,https://www.sec.gov/Archives/edgar/data/1368622/000155837019011303/0001558370-19-011303-index.html,https://www.sec.gov/Archives/edgar/data/1368622/000155837019011303/avav-20191026x10qabdf66.htm,1620588954,15:35:54,20210509
6,2019-07-27,AVAV,USD,2019-09-05,2019-09-04 19:44:05,Q1,86911000,45639000.0,41272000.0,0.4748765978990001,8709000.0,13668000.0,0.0,0.0,22377000.000000004,68016000.0,1329000.0,2079000.0,20974000.0,0.2413273348597991,18895000.0,0.217406312204439,355000.0,20579000.0,0.23678245561551473,2133000.0,17110000.0,0.19686806042963492,0.71085,0.71085,24069930.0,24069930.0,https://www.sec.gov/Archives/edgar/data/1368622/000155837019005898/avav-20190430x10k.htm,https://www.sec.gov/Archives/edgar/data/1368622/000155837019005898/avav-20190430x10k.htm,1620588954,15:35:54,20210509
7,2019-04-30,AVAV,USD,2019-06-26 00:00:00,2019-06-25 20:11:25,Q4,87930000,50907000.0,37023000.0,0.42105083589218695,11603000.0,20277000.0,0.0,1339000.0,31880000.0,82787000.0,0.0,2139000.0,7282000.0,0.08281587626521096,5143000.0,0.05848970772205163,1339000.0,7908000.0,0.08993517570794951,-83000.0,5682000.0,0.06461958375980893,0.2395645844110999,0.2358193291915402,23718030.0,24094717.0,https://www.sec.gov/Archives/edgar/data/1368622/000155837019005898/0001558370-19-005898-index.html,https://www.sec.gov/Archives/edgar/data/1368622/000155837019005898/avav-20190430x10k.htm,1620588954,15:35:54,20210509
8,2019-01-26,AVAV,USD,2019-03-06 00:00:00,2019-03-05 18:21:42,Q3,75322000,44930000.0,30392000.0,0.4034943310055495,8087000.0,14464000.0,0.0,962000.0,22550999.999999996,67481000.0,1272000.0,1950000.0000000002,9791000.0,0.12998858235309738,7841000.0,0.10409973181806112,962000.0,10075000.0,0.13375906109768726,946000.0,8369000.0,0.11110963596293248,0.34752,0.34752,24081820.0,24081820.0,https://www.sec.gov/Archives/edgar/data/1368622/000155837019001518/0001558370-19-001518-index.html,https://www.sec.gov/Archives/edgar/data/1368622/000155837019001518/avav-20190126x10q.htm,1620588954,15:35:54,20210509
9,2018-10-27,AVAV,USD,2018-11-30 00:00:00,2018-11-29 18:10:05,Q2,73000000,44600000.0,28400000.0,0.38904109589041097,8100000.0,13600000.0,0.0,9679000.0,21699999.999999996,66299999.99999999,1100000.0,1830000.0,8430000.0,0.11547945205479453,6600000.0,0.09041095890410959,1300000.0,9000000.0,0.1232876712328767,1200000.0,6100000.0,0.08356164383561644,0.25311,0.25311,24100000.0,24100000.0,https://www.sec.gov/Archives/edgar/data/1368622/000155837018009506/0001558370-18-009506-index.html,https://www.sec.gov/Archives/edgar/data/1368622/000155837018009506/avav-20181027x10q.htm,1620588954,15:35:54,20210509
10,2018-07-28,AVAV,USD,2018-09-06 00:00:00,2018-09-05 18:16:41,Q1,78000000,45500000.0,32600000.0,0.41794871794871796,6400000.0,12000000.0,0.0,8388000.0,18299999.999999996,63800000.0,900000.0,1750000.0,15950000.0,0.20448717948717948,14200000.0,0.18205128205128204,8400000.0,23500000.0,0.30128205128205127,2600000.0,27300000.0,0.35,1.1375,1.1375,24000000.0,24000000.0,https://www.sec.gov/Archives/edgar/data/1368622/000155837018007382/0001558370-18-007382-index.html,https://www.sec.gov/Archives/edgar/data/1368622/000155837018007382/avav-20180728x10q.htm,1620588954,15:35:54,20210509
11,2018-04-30,AVAV,USD,2018-06-27 00:00:00,2018-06-26 21:30:48,Q4,89526000,43854000.0,45672000.0,0.5101534749681657,5386000.0,9531000.0,0.0,110000.0,14917000.0,58771000.0,0.0,377000.0,31132000.0,0.34774255523535064,30755000.0,0.3435314880593347,110000.0,31616000.0,0.35314880593347187,9900000.0,18321000.0,0.2046444608270223,0.78,0.77,23551871.0,23916898.0,https://www.sec.gov/Archives/edgar/data/1368622/000155837018005457/0001558370-18-005457-index.html,https://www.sec.gov/Archives/edgar/data/1368622/000155837018005457/avav-20180430x10k.htm,1620588954,15:35:54,20210509
12,2018-01-27,AVAV,USD,2018-03-07 00:00:00,2018-03-06 18:36:43,Q3,54600000,36400000.0,18300000.0,0.33516483516483514,6600000.0,11500000.0,0.0,-159000.0,18100000.0,54500000.0,500000.0,1500000.0000000005,1700000.0000000005,0.031135531135531143,200000.0,0.003663003663003663,-100000.0,600000.0,0.01098901098901099,-2300000.0,-800000.0,-0.014652014652014652,-0.03404,-0.03404,23500000.0,23500000.0,https://www.sec.gov/Archives/edgar/data/1368622/000155837018001580/0001558370-18-001580-index.html,https://www.sec.gov/Archives/edgar/data/1368622/000155837018001580/avav-20180127x10q.htm,1620588954,15:35:54,20210509
13,2017-10-28,AVAV,USD,2017-12-06 00:00:00,2017-12-05 18:47:57,Q2,65800000,35700000.0,30100000.0,0.4574468085106383,6800000.0,12800000.0,0.0,-51000.0,19599999.999999993,55299999.99999999,400000.0,1370000.0,11870000.0,0.1803951367781155,10500000.0,0.1595744680851064,-100000.0,10900000.0,0.1656534954407295,3400000.0,7700000.0,0.11702127659574468,0.32353,0.32353,23800000.0,23800000.0,https://www.sec.gov/Archives/edgar/data/1368622/000155837017009190/0001558370-17-009190-index.html,https://www.sec.gov/Archives/edgar/data/1368622/000155837017009190/avav-20171028x10q.htm,1620588954,15:35:54,20210509
14,2017-07-29,AVAV,USD,2017-08-30 00:00:00,2017-08-29 18:22:41,Q1,34400000,25700000.0,8700000.0,0.25290697674418605,5500000.0,11300000.0,0.0,4000.0,16800000.0,42500000.0,500000.0,1410000.0,-6690000.0,-0.19447674418604652,-8100000.0,-0.23546511627906977,0.0,-7600000.0,-0.22093023255813954,-3200000.0,-5900000.0,-0.17151162790697674,-0.25322,-0.25322,23300000.0,23300000.0,https://www.sec.gov/Archives/edgar/data/1368622/000155837017006847/0001558370-17-006847-index.html,https://www.sec.gov/Archives/edgar/data/1368622/000155837017006847/avav-20170729x10q.htm,1620588954,15:35:54,20210509
15,2017-04-30,AVAV,USD,2017-06-28 00:00:00,2017-06-27 19:23:52,Q4,125376000,66717000.0,58659000.0,0.467864663093415,7937000.0,16699000.0,0.0,536000.0,24636000.0,91353000.0,0.0,1866000.0,35889000.0,0.2862509571209801,34023000.0,0.2713677258805513,536000.0,35015000.0,0.27927992598264423,4561000.0,30476000.0,0.2430768249106687,1.32,1.3,23146580.0,23371432.0,https://www.sec.gov/Archives/edgar/data/1368622/000155837017004963/0001558370-17-004963-index.html,https://www.sec.gov/Archives/edgar/data/1368622/000155837017004963/avav-20170430x10k.htm,1620588954,15:35:54,20210509
16,2017-01-28,AVAV,USD,2017-03-08 00:00:00,2017-03-07 18:05:50,Q3,53200000,33800000.0,19400000.0,0.36466165413533835,8000000.0,12800000.0,0.0,-476000.0,20800000.000000004,54600000.00000001,400000.0,1790000.0000000005,390000.00000000047,0.007330827067669182,-1400000.0,-0.02631578947368421,0.0,-1100000.0,-0.020676691729323307,1100000.0,-2200000.0,-0.041353383458646614,-0.09524,-0.09524,23100000.0,23100000.0,https://www.sec.gov/Archives/edgar/data/1368622/000155837017001434/0001558370-17-001434-index.html,https://www.sec.gov/Archives/edgar/data/1368622/000155837017001434/avav-20170128x10q.htm,1620588954,15:35:54,20210509
17,2016-10-29,AVAV,USD,2016-12-07 00:00:00,2016-12-06 20:38:13,Q2,50100000,32700000.0,17400000.0,0.3473053892215569,8500000.0,13400000.0,0.0,-430000.0,21900000.0,54600000.0,400000.0,1750000.0,-2750000.0,-0.054890219560878244,-4500000.0,-0.08982035928143713,-100000.0,-4200000.0,-0.08383233532934131,0.0,-4200000.0,-0.08383233532934131,-0.18261,-0.18261,23000000.0,23000000.0,https://www.sec.gov/Archives/edgar/data/1368622/000155837016010418/0001558370-16-010418-index.html,https://www.sec.gov/Archives/edgar/data/1368622/000155837016010418/avav-20161029x10q.htm,1620588954,15:35:54,20210509
18,2016-07-30,AVAV,USD,2016-08-31,2016-08-30 18:05:27,Q1,36200000,29500000.0,6700000.0,0.1850828729281768,8600000.0,13700000.0,0.0,-300000.0,22299999.999999996,51800000.0,400000.0,1650000.0,-13950000.0,-0.38535911602209943,-15600000.0,-0.430939226519337,-300000.0,-15500000.0,-0.4281767955801105,-3900000.0,-11600000.0,-0.32044198895027626,-0.50435,-0.50435,23000000.0,23000000.0,https://www.sec.gov/Archives/edgar/data/1368622/000155837016006514/avav-20160430x10k.htm,https://www.sec.gov/Archives/edgar/data/1368622/000155837016006514/avav-20160430x10k.htm,1620588954,15:35:54,20210509
19,2016-04-30,AVAV,USD,2016-06-29 00:00:00,2016-06-28 18:17:06,Q4,84757000,46835000.0,37922000.0,0.44742027207192325,14316000.0,16775000.0,0.0,97000.0,31091000.0,77926000.0,0.0,1527000.0,8358000.0,0.09861132413841925,6831000.0,0.08059511308800453,97000.0,7287000.0,0.0859751996885213,1923000.0,5364000.0,0.06328680816923676,0.23401630261222225,0.2317712996268845,22921480.0,23143504.0,https://www.sec.gov/Archives/edgar/data/1368622/000155837016006514/0001558370-16-006514-index.html,https://www.sec.gov/Archives/edgar/data/1368622/000155837016006514/avav-20160430x10k.htm,1620588954,15:35:54,20210509
20,2016-01-30,AVAV,USD,2016-03-09 00:00:00,2016-03-08 17:53:24,Q3,67600000,40900000.0,26600000.0,0.39349112426035504,8200000.0,13300000.0,0.0,-2796000.0,21600000.0,62500000.0,200000.0,1779999.9999999998,6880000.0,0.10177514792899409,5100000.0,0.07544378698224852,-200000.0,5000000.0,0.07396449704142012,-1100000.0,6200000.0,0.09171597633136094,0.2684,0.2684,23100000.0,23100000.0,https://www.sec.gov/Archives/edgar/data/1368622/000110465916103402/0001104659-16-103402-index.html,https://www.sec.gov/Archives/edgar/data/1368622/000110465916103402/a16-3826_110q.htm,1620588954,15:35:54,20210509
21,2015-10-31,AVAV,USD,2015-12-09 00:00:00,2015-12-08 17:44:53,Q2,64731000,33198000.0,31533000.0,0.48713908328312555,9897000.0,14733000.0,0.0,-192000.0,24630000.0,57828000.0,0.0,1363000.0,8266000.0,0.12769770280082185,6903000.0,0.10664133104694815,-192000.0,6979000.0,0.10781542074122136,2560000.0,4419000.0,0.06826713630254437,0.19224782297503745,0.19089826120584458,22985956.0,23148456.0,https://www.sec.gov/Archives/edgar/data/1368622/000110465915083670/0001104659-15-083670-index.html,https://www.sec.gov/Archives/edgar/data/1368622/000110465915083670/a15-20340_110q.htm,1620588954,15:35:54,20210509
22,2015-08-01,AVAV,USD,2015-09-02 00:00:00,2015-09-01 17:45:03,Q1,47100000,31000000.0,16000000.0,0.33970276008492567,9800000.0,15300000.0,0.0,-2389000.0,25100000.0,56100000.0,200000.0,1400000.0,-7700000.0,-0.16348195329087048,-9100000.0,-0.1932059447983015,-2400000.0,-11200000.0,-0.23779193205944799,-4200000.0,-7000000.0,-0.14861995753715498,-0.30568,-0.30568,22900000.0,22900000.0,https://www.sec.gov/Archives/edgar/data/1368622/000110465915063086/0001104659-15-063086-index.html,https://www.sec.gov/Archives/edgar/data/1368622/000110465915063086/a15-17229_110q.htm,1620588954,15:35:54,20210509
23,2015-04-30,AVAV,USD,2015-07-01 00:00:00,2015-06-30 17:48:33,Q4,86471000,41121000.0,45350000.0,0.5244532849163304,22259000.0,15622000.0,0.0,-727000.0,37881000.0,79002000.0,0.0,1998000.0,9467000.0,0.10948179158330539,7469000.0,0.08637577916295637,-727000.0,6995000.0,0.08089417261278348,-85000.0,7080000.0,0.0818771611291647,0.3090996446882121,0.30585457496236435,22905235.0,23148256.0,https://www.sec.gov/Archives/edgar/data/1368622/000104746915005880/0001047469-15-005880-index.html,https://www.sec.gov/Archives/edgar/data/1368622/000104746915005880/a2225241z10-k.htm,1620588954,15:35:54,20210509
24,2015-01-31,AVAV,USD,2015-03-04,2015-03-03 17:39:46,Q3,68397000,41404000.0,26993000.0,0.394651812213986,8577000.0,13268000.0,0.0,-284000.0,21845000.0,63249000.0,0.0,2065000.0,7213000.0,0.10545784171820402,5148000.0,0.07526645905522172,-284000.0,5088000.0,0.07438922759770165,2763000.0,2325000.0,0.03399271897890258,0.10157051164714517,0.10060861069504583,22890502.0,23109354.0,https://www.sec.gov/Archives/edgar/data/1368622/000110465915016318/a14-25560_110q.htm,https://www.sec.gov/Archives/edgar/data/1368622/000110465915016318/a14-25560_110q.htm,1620588954,15:35:54,20210509
25,2014-11-01,AVAV,USD,2014-11-26 00:00:00,2014-11-25 18:42:32,Q2,52700000,34800000.0,17900000.0,0.3396584440227704,8500000.0,13500000.0,0.0,8000.0,22000000.0,56800000.0,200000.0,2110000.0,-1990000.0,-0.037760910815939276,-4100000.0,-0.0777988614800759,-600000.0,-4500000.0,-0.08538899430740038,-1600000.0,-2900000.0,-0.05502846299810247,-0.12664,-0.12664,22900000.0,22900000.0,https://www.sec.gov/Archives/edgar/data/1368622/000110465914083394/0001104659-14-083394-index.html,https://www.sec.gov/Archives/edgar/data/1368622/000110465914083394/a14-24573_110q.htm,1620588954,15:35:54,20210509
26,2014-08-02,AVAV,USD,2014-09-04 00:00:00,2014-09-03 17:51:03,Q1,51900000,37800000.0,14100000.0,0.27167630057803466,7100000.0,13400000.0,0.0,591000.0,20500000.0,58300000.0,200000.0,2190000.0,-4310000.0,-0.08304431599229287,-6500000.0,-0.1252408477842004,600000.0,-5700000.0,-0.10982658959537572,-2100000.0,-3600000.0,-0.06936416184971098,-0.15789,-0.15789,22800000.0,22800000.0,https://www.sec.gov/Archives/edgar/data/1368622/000110465914064587/0001104659-14-064587-index.html,https://www.sec.gov/Archives/edgar/data/1368622/000110465914064587/a14-19315_110q.htm,1620588954,15:35:54,20210509
27,2014-04-30,AVAV,USD,2014-07-09 00:00:00,2014-07-08 17:55:16,Q4,73498000,43360000.0,30138000.0,0.4100519742033797,6223000.0,16968000.0,0.0,2648000.0,23191000.0,66551000.0,0.0,2356000.0,9303000.0,0.12657487278565402,6947000.0,0.094519578764048,2648000.0,9853000.0,0.13405806960733627,1796000.0,8057000.0,0.10962203053144304,0.36,0.35,22571067.0,22986167.0,https://www.sec.gov/Archives/edgar/data/1368622/000104746914006076/0001047469-14-006076-index.html,https://www.sec.gov/Archives/edgar/data/1368622/000104746914006076/a2220674z10-k.htm,1620588954,15:35:54,20210509
28,2014-01-25,AVAV,USD,2014-03-05,2014-03-04 19:06:27,Q3,69200000,42200000.0,27100000.0,0.3916184971098266,5200000.0,13200000.0,0.0,-1026000.0,18400000.0,60600000.0,200000.0,2300000.0,10900000.0,0.157514450867052,8600000.0,0.12427745664739884,4700000.0,13500000.0,0.19508670520231214,2300000.0,11200000.0,0.16184971098265896,0.48908,0.48908,22900000.0,22900000.0,https://www.sec.gov/Archives/edgar/data/1368622/000110465914016020/a14-4402_110q.htm,https://www.sec.gov/Archives/edgar/data/1368622/000110465914016020/a14-4402_110q.htm,1620588954,15:35:54,20210509
29,2013-10-26,AVAV,USD,2013-11-27 00:00:00,2013-11-26 18:01:11,Q2,64900000,41000000.0,23900000.0,0.3682588597842835,6900000.0,13100000.0,0.0,-5701000.0,19900000.0,60900000.0,200000.0,2310000.0,6210000.0,0.09568567026194146,3900000.0,0.060092449922958396,-2300000.0,1800000.0,0.02773497688751926,200000.0,1700000.0,0.026194144838212634,0.07489,0.07489,22700000.0,22700000.0,https://www.sec.gov/Archives/edgar/data/1368622/000110465913087280/0001104659-13-087280-index.html,https://www.sec.gov/Archives/edgar/data/1368622/000110465913087280/a13-24083_110q.htm,1620588954,15:35:54,20210509
30,2013-07-27,AVAV,USD,2013-08-28 00:00:00,2013-08-27 17:44:14,Q1,44100000,31600000.0,12500000.0,0.2834467120181406,7200000.0,12500000.0,0.0,-3394000.0,19600000.0,51200000.0,200000.0,2190000.0,-4910000.0,-0.11133786848072562,-7100000.0,-0.16099773242630386,-3400000.0,-10300000.0,-0.23356009070294784,-3100000.0,-7200000.0,-0.16326530612244897,-0.32432,-0.32432,22200000.0,22200000.0,https://www.sec.gov/Archives/edgar/data/1368622/000110465913066396/0001104659-13-066396-index.html,https://www.sec.gov/Archives/edgar/data/1368622/000110465913066396/a13-17530_110q.htm,1620588954,15:35:54,20210509
31,2013-04-30,AVAV,USD,2013-06-26 00:00:00,2013-06-25 18:56:57,Q4,54110000,36388000.0,17722000.0,0.32751801885048976,9386000.0,14290000.0,0.0,6196000.0,23676000.0,60064000.0,0.0,2597000.0,-3357000.0,-0.062040288301607835,-5954000.0,-0.11003511365736462,6196000.0,470000.0,0.00868600997967104,1265000.0,-795000.0,-0.01469229347625208,-0.04,-0.04,22170268.0,22170268.0,https://www.sec.gov/Archives/edgar/data/1368622/000104746913007199/0001047469-13-007199-index.html,https://www.sec.gov/Archives/edgar/data/1368622/000104746913007199/a2215730z10-k.htm,1620588954,15:35:54,20210509
32,2013-01-26,AVAV,USD,2013-03-06 00:00:00,2013-03-05 17:45:34,Q3,47100000,27400000.0,19700000.0,0.4182590233545648,10300000.0,10400000.0,0.0,0.0,20800000.000000004,48200000.00000001,200000.0,2399999.9999999995,1299999.9999999995,0.027600849256900203,-1100000.0,-0.02335456475583864,0.0,-900000.0,-0.01910828025477707,-4700000.0,3900000.0,0.08280254777070063,0.17411,0.17411,22400000.0,22400000.0,https://www.sec.gov/Archives/edgar/data/1368622/000110465913017621/0001104659-13-017621-index.html,https://www.sec.gov/Archives/edgar/data/1368622/000110465913017621/a13-4758_110q.htm,1620588954,15:35:54,20210509
33,2012-10-27,AVAV,USD,2012-12-05 00:00:00,2012-12-04 20:36:23,Q2,80300000,44600000.0,35600000.0,0.44333748443337484,9400000.0,13200000.0,0.0,0.0,22600000.0,67200000.0,200000.0,3010000.0,16110000.0,0.20062266500622666,13100000.0,0.16313823163138233,0.0,13200000.0,0.1643835616438356,4500000.0,8700000.0,0.10834371108343711,0.38839,0.38839,22400000.0,22400000.0,https://www.sec.gov/Archives/edgar/data/1368622/000110465912081922/0001104659-12-081922-index.html,https://www.sec.gov/Archives/edgar/data/1368622/000110465912081922/a12-24379_110q.htm,1620588954,15:35:54,20210509
34,2012-07-28,AVAV,USD,2012-09-06 00:00:00,2012-09-05 19:26:13,Q1,58700000,39200000.0,19500000.0,0.3321976149914821,8100000.0,13600000.0,0.0,0.0,21699999.999999996,60899999.99999999,200000.0,2930000.0,630000.0,0.010732538330494038,-2300000.0,-0.039182282793867124,0.0,-2100000.0,-0.03577512776831346,-700000.0,-1400000.0,-0.02385008517887564,-0.06393,-0.06393,21900000.0,21900000.0,https://www.sec.gov/Archives/edgar/data/1368622/000110465912061759/0001104659-12-061759-index.html,https://www.sec.gov/Archives/edgar/data/1368622/000110465912061759/a12-16566_110q.htm,1620588954,15:35:54,20210509
35,2012-04-30,AVAV,USD,2012-06-27,2012-06-26 17:49:56,Q4,110675000,61120000.0,49555000.0,0.4477524282810029,7337000.0,16474000.0,0.0,0.0,23811000.0,84931000.0,0.0,2555000.0,28299000.0,0.2556946013101423,25744000.0,0.23260899028687598,0.0,25893000.0,0.23395527445222497,8099000.0,17794000.0,0.1607770499209397,0.81,0.8,21846811.0,22348454.0,https://www.sec.gov/Archives/edgar/data/1368622/000104746912006915/a2210001z10-k.htm,https://www.sec.gov/Archives/edgar/data/1368622/000104746912006915/a2210001z10-k.htm,1620588954,15:35:54,20210509
36,2012-01-28,AVAV,USD,2012-03-07 00:00:00,2012-03-06 18:42:18,Q3,72000000,44500000.0,27400000.0,0.38055555555555554,7200000.0,12900000.0,0.0,0.0,20099999.999999993,64599999.99999999,100000.0,2280000.0,9580000.0,0.13305555555555557,7300000.0,0.10138888888888889,0.0,7500000.0,0.10416666666666667,1700000.0,5700000.0,0.07916666666666666,0.25561,0.25561,22300000.0,22300000.0,https://www.sec.gov/Archives/edgar/data/1368622/000110465912015981/0001104659-12-015981-index.html,https://www.sec.gov/Archives/edgar/data/1368622/000110465912015981/a12-2826_110q.htm,1620588954,15:35:54,20210509
37,2011-10-29,AVAV,USD,2011-12-07 00:00:00,2011-12-06 17:45:36,Q2,80400000,49700000.0,30600000.0,0.3805970149253731,8800000.0,12200000.0,0.0,0.0,21099999.999999993,70800000.0,100000.0,2170000.0,11770000.0,0.14639303482587065,9600000.0,0.11940298507462686,0.0,9700000.0,0.12064676616915423,3100000.0,6600000.0,0.08208955223880597,0.29596,0.29596,22300000.0,22300000.0,https://www.sec.gov/Archives/edgar/data/1368622/000110465911067920/0001104659-11-067920-index.html,https://www.sec.gov/Archives/edgar/data/1368622/000110465911067920/a11-28288_110q.htm,1620588954,15:35:54,20210509
38,2011-07-30,AVAV,USD,2011-09-08 00:00:00,2011-09-07 20:04:37,Q1,62000000,40300000.0,21700000.0,0.35,7600000.0,13700000.0,0.0,0.0,21300000.000000004,61600000.00000001,100000.0,1970000.0,2370000.0,0.0382258064516129,400000.0,0.0064516129032258064,0.0,500000.0,0.008064516129032258,200000.0,300000.0,0.004838709677419355,0.01351,0.01351,22200000.0,22200000.0,https://www.sec.gov/Archives/edgar/data/1368622/000110465911050628/0001104659-11-050628-index.html,https://www.sec.gov/Archives/edgar/data/1368622/000110465911050628/a11-24134_110q.htm,1620588954,15:35:54,20210509
39,2011-04-30,AVAV,USD,2011-06-22 00:00:00,2011-06-21 20:35:31,Q4,106060000,56849000.0,49211000.0,0.4639920799547426,11236000.0,12797000.0,0.0,0.0,24033000.0,80882000.0,0.0,2494000.0,27672000.0,0.26090891947953987,25178000.0,0.23739392796530265,0.0,25240000.0,0.23797850273430135,7604000.0,17636000.0,0.16628323590420516,0.81,0.79,21659960.0,22190196.0,https://www.sec.gov/Archives/edgar/data/1368622/000104746911005974/0001047469-11-005974-index.html,https://www.sec.gov/Archives/edgar/data/1368622/000104746911005974/a2204500z10-k.htm,1620588954,15:35:54,20210509
40,2011-01-29,AVAV,USD,2011-03-09,2011-03-08 20:49:41,Q3,84400000,50300000.0,34100000.0,0.4040284360189573,7900000.0,10600000.0,0.0,0.0,18500000.0,68800000.0,0.0,2619999.999999999,18320000.0,0.21706161137440758,15700000.0,0.18601895734597157,0.0,15700000.0,0.18601895734597157,4300000.0,11500000.0,0.1362559241706161,0.52036,0.52036,22100000.0,22100000.0,https://www.sec.gov/Archives/edgar/data/1368622/000110465911013082/a11-7443_110q.htm,https://www.sec.gov/Archives/edgar/data/1368622/000110465911013082/a11-7443_110q.htm,1620588954,15:35:54,20210509
41,2010-10-30,AVAV,USD,2010-12-08 00:00:00,2010-12-07 18:03:25,Q2,63800000,42000000.0,21800000.0,0.34169278996865204,8700000.0,12700000.0,0.0,0.0,21400000.0,63400000.0,0.0,2810000.0,3210000.0,0.05031347962382445,400000.0,0.006269592476489028,0.0,400000.0,0.006269592476489028,200000.0,300000.0,0.004702194357366771,0.01364,0.01364,22000000.0,22000000.0,https://www.sec.gov/Archives/edgar/data/1368622/000110465910061603/0001104659-10-061603-index.html,https://www.sec.gov/Archives/edgar/data/1368622/000110465910061603/a10-19994_110q.htm,1620588954,15:35:54,20210509
42,2010-07-31,AVAV,USD,2010-09-09 00:00:00,2010-09-08 19:03:55,Q1,38228000,26192000.0,12036000.0,0.31484775557183214,7972000.0,11371000.0,0.0,0.0,19343000.0,45535000.0,0.0,2683000.0,-4624000.0,-0.12095845976770954,-7307000.0,-0.1911426179763524,0.0,-7186000.0,-0.18797739876530292,-3743000.0,-3443000.0,-0.09006487391440829,-0.16,-0.16,21545870.0,21545870.0,https://www.sec.gov/Archives/edgar/data/1368622/000110465910047780/0001104659-10-047780-index.html,https://www.sec.gov/Archives/edgar/data/1368622/000110465910047780/a10-16996_110q.htm,1620588954,15:35:54,20210509
43,2010-04-30,AVAV,USD,2010-06-25 00:00:00,2010-06-24 21:24:12,Q4,99350000,56369000.0,42981000.0,0.43262204328132864,7894000.0,11601000.0,0.0,0.0,19495000.0,75864000.0,0.0,2517000.0,26003000.0,0.2617312531454454,23486000.0,0.23639657775541018,0.0,23534000.0,0.2368797181680926,7962000.0,15572000.0,0.15673880221439357,0.7227371185289803,0.7227371185289803,21545870.0,21545870.0,https://www.sec.gov/Archives/edgar/data/1368622/000104746910006115/0001047469-10-006115-index.html,https://www.sec.gov/Archives/edgar/data/1368622/000104746910006115/a2199189z10-k.htm,1620588954,15:35:54,20210509
44,2010-01-30,AVAV,USD,2010-03-10 00:00:00,2010-03-10 06:11:18,Q3,60900000,37400000.0,23500000.0,0.38587848932676516,5200000.0,9800000.0,0.0,0.0,15000000.0,52400000.0,0.0,2309999.9999999995,10810000.0,0.17750410509031198,8500000.0,0.13957307060755336,0.0,8500000.0,0.13957307060755336,2000000.0,6500000.0,0.10673234811165845,0.29545,0.29545,22000000.0,22000000.0,https://www.sec.gov/Archives/edgar/data/1368622/000110465910013255/0001104659-10-013255-index.html,https://www.sec.gov/Archives/edgar/data/1368622/000110465910013255/a10-5413_110q.htm,1620588954,15:35:54,20210509
45,2009-10-31,AVAV,USD,2009-12-09 00:00:00,2009-12-08 19:25:08,Q2,51367000,31718000.0,19649000.0,0.3825218525512489,5776000.0,10500000.0,0.0,0.0,16276000.0,47994000.0,0.0,2206000.0,5579000.0,0.1086105865633578,3373000.0,0.06566472638075029,0.0,3423000.0,0.06663811396421827,1207000.0,2216000.0,0.04314053769930111,0.10380205472794704,0.10101293731399671,21348325.0,21937784.0,https://www.sec.gov/Archives/edgar/data/1368622/000110465909069058/0001104659-09-069058-index.html,https://www.sec.gov/Archives/edgar/data/1368622/000110465909069058/a09-34964_110q.htm,1620588954,15:35:54,20210509
46,2009-08-01,AVAV,USD,2009-09-09 00:00:00,2009-09-08 19:55:15,Q1,37900000,27200000.0,10700000.0,0.28232189973614774,5700000.0,10500000.0,0.0,0.0,16200000.0,43400000.0,100000.0,1950000.0,-3550000.0,-0.09366754617414248,-5500000.0,-0.14511873350923482,0.0,-5400000.0,-0.1424802110817942,-1800000.0,-3600000.0,-0.09498680738786279,-0.16901,-0.16901,21300000.0,21300000.0,https://www.sec.gov/Archives/edgar/data/1368622/000110465909053694/0001104659-09-053694-index.html,https://www.sec.gov/Archives/edgar/data/1368622/000110465909053694/a09-25520_110q.htm,1620588954,15:35:54,20210509
47,2009-04-30,AVAV,USD,2009-06-24 00:00:00,2009-06-23 21:20:34,Q4,76045000,49695000.0,26350000.0,0.346505358669209,7017000.0,10346000.0,0.0,0.0,17363000.0,67058000.0,0.0,1733000.0,10720000.0,0.14096916299559473,8987000.0,0.11818002498520613,0.0,9124000.0,0.11998158984811624,3288000.0,5836000.0,0.0767440331382734,0.27596118045184814,0.27596118045184814,21147902.0,21147902.0,https://www.sec.gov/Archives/edgar/data/1368622/000104746909006487/0001047469-09-006487-index.html,https://www.sec.gov/Archives/edgar/data/1368622/000104746909006487/a2193500z10-k.htm,1620588954,15:35:54,20210509
48,2009-01-31,AVAV,USD,2009-03-10 00:00:00,2009-03-09 18:42:08,Q3,52225000,35548000.0,16677000.0,0.3193298228817616,4625000.0,7950000.0,0.0,0.0,12575000.0,48123000.0,0.0,1439000.0,5541000.0,0.10609861177596937,4102000.0,0.0785447582575395,0.0,4299000.0,0.08231689803733844,-242000.0,4541000.0,0.08695069411201532,0.2147257917121046,0.20612236532971884,21147902.0,22030603.0,https://www.sec.gov/Archives/edgar/data/1368622/000110465909015639/0001104659-09-015639-index.html,https://www.sec.gov/Archives/edgar/data/1368622/000110465909015639/a09-6891_110q.htm,1620588954,15:35:54,20210509
49,2008-11-01,AVAV,USD,2008-12-04 00:00:00,2008-12-03 19:05:09,Q2,65800000,40800000.0,25000000.0,0.3799392097264438,4900000.0,7900000.0,0.0,0.0,12700000.000000004,53500000.0,400000.0,1110000.0,13310000.0,0.20227963525835865,12200000.0,0.18541033434650456,0.0,12600000.0,0.19148936170212766,3500000.0,9100000.0,0.13829787234042554,0.41553,0.41553,21900000.0,21900000.0,https://www.sec.gov/Archives/edgar/data/1368622/000110465908074470/0001104659-08-074470-index.html,https://www.sec.gov/Archives/edgar/data/1368622/000110465908074470/a08-29565_110q.htm,1620588954,15:35:54,20210509
50,2008-08-02,AVAV,USD,2008-09-10 00:00:00,2008-09-10 06:01:12,Q1,53600000,33000000.0,20600000.0,0.3843283582089552,5300000.0,8100000.0,0.0,0.0,13399999.999999998,46400000.0,500000.0,1070000.0,8270000.0,0.1542910447761194,7200000.0,0.13432835820895522,0.0,7800000.0,0.1455223880597015,3000000.0,4800000.0,0.08955223880597014,0.2212,0.2212,21700000.0,21700000.0,https://www.sec.gov/Archives/edgar/data/1368622/000110465908057797/0001104659-08-057797-index.html,https://www.sec.gov/Archives/edgar/data/1368622/000110465908057797/a08-23096_110q.htm,1620588954,15:35:54,20210509
51,2008-04-30,AVAV,USD,2008-06-26 00:00:00,2008-06-26 06:16:04,Q4,64306000,41356000.0,22950000.0,0.3568873822038379,4675000.0,9147000.0,0.0,0.0,13822000.0,55178000.0,0.0,1237000.0,10365000.0,0.16118247130905358,9128000.0,0.14194631916150904,0.0,9790000.0,0.1522408484433801,3377000.0,6413000.0,0.09972630858706807,0.29827906976744184,0.29827906976744184,21500000.0,21500000.0,https://www.sec.gov/Archives/edgar/data/1368622/000104746908007752/0001047469-08-007752-index.html,https://www.sec.gov/Archives/edgar/data/1368622/000104746908007752/a2186536z10-k.htm,1620588954,15:35:54,20210509
52,2008-01-26,AVAV,USD,2008-03-04,2008-03-04 16:52:37,Q3,48500000,28700000.0,19800000.0,0.40824742268041236,3700000.0,8200000.0,0.0,0.0,11900000.000000002,40600000.0,1000000.0,1009999.9999999998,9010000.0,0.18577319587628865,8000000.0,0.16494845360824742,0.0,9000000.0,0.18556701030927836,3000000.0,6000000.0,0.12371134020618557,0.27907,0.27907,21500000.0,21500000.0,https://www.sec.gov/Archives/edgar/data/1368622/000114036108005826/form10q.htm,https://www.sec.gov/Archives/edgar/data/1368622/000114036108005826/form10q.htm,1620588954,15:35:54,20210509
53,2007-10-27,AVAV,USD,2007-12-06 00:00:00,2007-12-06 12:43:39,Q2,53700000,34800000.0,18900000.0,0.35195530726256985,3800000.0,8600000.0,0.0,0.0,12300000.000000004,47100000.00000001,1100000.0,790000.0,7390000.0,0.13761638733705772,6600000.0,0.12290502793296089,0.0,7700000.0,0.14338919925512103,2500000.0,5200000.0,0.09683426443202979,0.24413,0.24413,21300000.0,21300000.0,https://www.sec.gov/Archives/edgar/data/1368622/000114036107023615/0001140361-07-023615-index.html,https://www.sec.gov/Archives/edgar/data/1368622/000114036107023615/form10q.htm,1620588954,15:35:54,20210509
54,2007-07-28,AVAV,USD,2007-09-06 00:00:00,2007-09-06 16:27:53,Q1,49200000,32400000.0,16800000.0,0.34146341463414637,4300000.0,7700000.0,0.0,0.0,12000000.0,44400000.0,1000000.0,810000.0,5610000.0,0.11402439024390244,4800000.0,0.0975609756097561,0.0,5800000.0,0.11788617886178862,1900000.0,3800000.0,0.07723577235772358,0.18009,0.18009,21100000.0,21100000.0,https://www.sec.gov/Archives/edgar/data/1368622/000114036107017817/0001140361-07-017817-index.html,https://www.sec.gov/Archives/edgar/data/1368622/000114036107017817/form10q.htm,1620588954,15:35:54,20210509
55,2007-04-30,AVAV,USD,2007-06-29 00:00:00,2007-06-29 15:09:16,Q4,50700000,31610000.0,19090000.0,0.3765285996055227,4679000.0,6950000.0,0.0,0.0,11629000.0,43239000.0,0.0,779000.0,8240000.0,0.16252465483234713,7461000.0,0.14715976331360947,0.0,8642000.0,0.17045364891518738,3072000.0,5570000.0,0.10986193293885602,0.26398104265402844,0.26398104265402844,21100000.0,21100000.0,https://www.sec.gov/Archives/edgar/data/1368622/000114036107013143/0001140361-07-013143-index.html,https://www.sec.gov/Archives/edgar/data/1368622/000114036107013143/form10-k.htm,1620588954,15:35:54,20210509
56,2007-01-31,AVAV,USD,2007-01-31,2007-01-31,Q4,46275000,26639000.0,19636000.0,0.424332793084819,2240000.0,4224000.0,0.0,0.0,6464000.0,33103000.0,0.0,0.0,13172000.0,0.28464613722312265,13172000.0,0.28464613722312265,0.0,13345000.0,0.2883846569421934,4456000.0,8889000.0,0.19209076175040518,0.65,0.57,13679665.0,15691256.0,,,1620588954,15:35:54,20210509
57,2006-10-31,AVAV,USD,2006-10-31,2006-10-31,Q2,45189000,27419000.0,17770000.0,0.39323729226139104,3180000.0,0.0,0.0,0.0,3180000.0,30599000.0,0.0,0.0,14590000.0,0.32286618424837904,14590000.0,0.32286618424837904,0.0,7996000.0,0.17694571687800129,3102000.0,4894000.0,0.1083006926464405,0.27,0.27,18156483.0,18156483.0,,,1620588954,15:35:54,20210509
58,2006-07-31,AVAV,USD,2006-07-31,2006-07-31,Q4,31557000,19571000.0,11986000.0,0.3798206420128656,3841000.0,6132000.0,0.0,0.0,9973000.0,29544000.0,0.0,667000.0,2680000.0,0.08492569002123142,2013000.0,0.06378933358684286,206000.0,2219000.0,0.07031720378996736,854000.0,1365000.0,0.043255062268276454,0.71,0.63,1919361.0,2154890.0,,,1620588954,15:35:54,20210509
59,2006-04-30,AVAV,USD,2006-04-30,2006-04-30,Q4,36202000,0.0,0.0,0.0,0.0,0.0,0.0,0.0,0.0,0.0,0.0,0.0,-86830000.0,-2.398486271476714,-86830000.0,-2.398486271476714,0.0,0.0,0.0,0.0,3357000.0,0.09272968344290371,1.8157507861762787,1.8157507861762787,1848822.0,1848822.0,,,1620588954,15:35:54,20210509
60,2006-01-31,AVAV,USD,2006-01-31,2006-01-31,Q4,36202000,0.0,0.0,0.0,0.0,0.0,0.0,0.0,29000000.0,0.0,0.0,0.0,36202000.0,1.0,36202000.0,1.0,0.0,0.0,0.0,0.0,3357000.0,0.09272968344290371,1.8133,1.5833,1848822.0,2113395.0,,,1620588954,15:35:54,20210509
61,2005-10-31,AVAV,USD,2005-10-31,2005-10-31,Q2,36202000,0.0,0.0,0.0,0.0,0.0,0.0,0.0,0.0,0.0,0.0,0.0,36202000.0,1.0,36202000.0,1.0,0.0,0.0,0.0,0.0,3357000.0,0.09272968344290371,1.8133,1.5833,1848822.0,2113395.0,,,1620588954,15:35:54,20210509
62,2005-07-31,AVAV,USD,2005-07-31,2005-07-31,Q4,30752000,0.0,0.0,0.0,0.0,0.0,0.0,0.0,0.0,0.0,0.0,0.0,30752000.0,1.0,30752000.0,1.0,0.0,0.0,0.0,0.0,1338000.0,0.04350936524453694,0.73,0.65,1838339.0,2050620.0,,,1620588954,15:35:54,20210509
63,2005-04-30,AVAV,USD,2005-04-30,2005-04-30,Q4,26289000,0.0,0.0,0.0,0.0,0.0,0.0,0.0,0.0,0.0,0.0,0.0,-58609000.0,-2.2294115409486857,-58609000.0,-2.2294115409486857,0.0,0.0,0.0,0.0,3670000.0,0.1396021149530222,2.037836006951964,2.037836006951964,1800930.0,1800930.0,,,1620588954,15:35:54,20210509
64,2005-01-31,AVAV,USD,2005-01-31,2005-01-31,Q4,26289000,0.0,0.0,0.0,0.0,0.0,0.0,0.0,0.0,0.0,0.0,0.0,26289000.0,1.0,26289000.0,1.0,0.0,0.0,0.0,0.0,3671000.0,0.1396401536764426,2.0375,1.865,1800930.0,1967550.0,,,1620588954,15:35:54,20210509
65,2004-10-31,AVAV,USD,2004-10-31,2004-10-31,Q2,26289000,0.0,0.0,0.0,0.0,0.0,0.0,0.0,0.0,0.0,0.0,0.0,26289000.0,1.0,26289000.0,1.0,0.0,0.0,0.0,0.0,3671000.0,0.1396401536764426,2.0375,1.865,1800930.0,1967550.0,,,1620588954,15:35:54,20210509
66,2004-07-31,AVAV,USD,2004-07-31,2004-07-31,Q4,26289000,0.0,0.0,0.0,0.0,0.0,0.0,0.0,0.0,0.0,0.0,0.0,26289000.0,1.0,26289000.0,1.0,0.0,0.0,0.0,0.0,3671000.0,0.1396401536764426,2.0375,1.865,1800930.0,1967550.0,,,1620588954,15:35:54,20210509
