,date,symbol,reportedCurrency,fillingDate,acceptedDate,period,revenue,costOfRevenue,grossProfit,grossProfitRatio,researchAndDevelopmentExpenses,generalAndAdministrativeExpenses,sellingAndMarketingExpenses,otherExpenses,operatingExpenses,costAndExpenses,interestExpense,depreciationAndAmortization,ebitda,ebitdaratio,operatingIncome,operatingIncomeRatio,totalOtherIncomeExpensesNet,incomeBeforeTax,incomeBeforeTaxRatio,incomeTaxExpense,netIncome,netIncomeRatio,eps,epsdiluted,weightedAverageShsOut,weightedAverageShsOutDil,link,finalLink,timestamp,est_time,est_date
0,2019-11-30,EMMSP,USD,2020-01-09,2020-01-09 09:18:38,Q3,10737000.0,0.0,10737000.0,1.0,0.0,0.0,0.0,16746000,16746000,16746000.0,869000.0,263000.0,-5746000.0,-0.5351587966843625,-6009000.0,-0.5596535345068455,121000.0,-7267000.0,-0.6768184781596349,-950000.0,-6317000.0,-0.588339387165875,-0.49343852523043275,-0.49343852523043275,12802000,12802000,https://www.sec.gov/Archives/edgar/data/783005/000156459020000555/0001564590-20-000555-index.htm,https://www.sec.gov/Archives/edgar/data/783005/000156459020000555/emms-10q_20191130.htm,1620591616,16:20:16,20210509
1,2019-08-31,EMMSP,USD,2019-10-10,2019-10-09 18:16:54,Q2,18529000.0,31000.0,18498000.0,0.9983269469480274,0.0,0.0,0.0,24898000,24898000,1813000.0,690000.0,-49000.0,-6418000.0,-0.34637595121161424,-6369000.0,-0.34373144800043176,26000.0,-8514000.0,-0.45949592530627664,-583000.0,7013000.0,0.3784877759188299,0.54781,0.54781,12802000,12802000,https://www.sec.gov/Archives/edgar/data/783005/000156459019036725/0001564590-19-036725-index.htm,https://www.sec.gov/Archives/edgar/data/783005/000156459019036725/emms-10q_20190831.htm,1620591616,16:20:16,20210509
2,2019-05-31,EMMSP,USD,2019-07-11,2019-07-10 18:36:59,Q1,27771000.0,0.0,27771000.0,1.0,0.0,0.0,0.0,23085000,23085000,23085000.0,1481000.0,889000.0,5575000.0,0.20074898275179143,4686000.0,0.16873717186993625,12000.0,3217000.0,0.11584026502466602,701000.0,1670000.0,0.06013467286017788,0.13074453926250684,0.125630030843301,12773000,13293000,https://www.sec.gov/Archives/edgar/data/783005/000156459019024775/0001564590-19-024775-index.htm,https://www.sec.gov/Archives/edgar/data/783005/000156459019024775/emms-10q_20190531.htm,1620591616,16:20:16,20210509
3,2019-02-28,EMMSP,USD,2019-05-09,2019-05-08 18:50:41,Q4,23746000.0,3500000.0,20246000.0,0.8526067548218648,0.0,0.0,0.0,19850000,19850000,23406000.0,2201000.0,1109000.0,1449000.0,0.061020803503748,340000.0,0.014318200960161712,47000.0,-1822000.0,-0.0767287122041607,-1681000.0,-141000.0,-0.005937842162890592,-0.011185149928605425,-0.010484830458060678,12606000,13448000,https://www.sec.gov/Archives/edgar/data/783005/000156459019017430/0001564590-19-017430-index.htm,https://www.sec.gov/Archives/edgar/data/783005/000156459019017430/emms-10k_20190228.htm,1620591616,16:20:16,20210509
4,2018-11-30,EMMSP,USD,2019-01-10,2019-01-09 17:47:13,Q3,30323000.0,235000.0,30088000.0,0.9922501071793688,0.0,0.0,0.0,27074000,27074000,27366000.0,1546000.0,1006000.0,3963000.0,0.13069287339643176,2957000.0,0.09751673647066583,40000.0,1451000.0,0.04785146588398245,-98000.0,712000.0,0.023480526333146456,0.05666534023079984,0.05279549162094024,12565000,13486000,https://www.sec.gov/Archives/edgar/data/783005/000078300519000006/0000783005-19-000006-index.htm,https://www.sec.gov/Archives/edgar/data/783005/000078300519000006/emms2019q310-q.htm,1620591616,16:20:16,20210509
5,2018-08-31,EMMSP,USD,2018-10-11,2018-10-10 17:47:07,Q2,32056000.0,15000.0,32041000.0,0.9995320688794609,0.0,0.0,0.0,29584000,29584000,29599000.0,1715000.0,1114000.0,3571000.0,0.11139880209633142,2457000.0,0.07664711754429748,36000.0,778000.0,0.02427002745195907,346000.0,432000.0,0.013476416271524832,0.03450203657854804,0.032011856243052986,12521000,13495000,https://www.sec.gov/Archives/edgar/data/783005/000078300518000054/0000783005-18-000054-index.htm,https://www.sec.gov/Archives/edgar/data/783005/000078300518000054/emms2019q210-q.htm,1620591616,16:20:16,20210509
6,2018-05-31,EMMSP,USD,2018-07-12,2018-07-11 17:44:59,Q1,28006000.0,32067000.0,-4061000.0,-0.14500464186245804,0.0,0.0,0.0,24838000,24838000,53598000.0,2641000.0,1264000.0,36499000.0,1.3032564450474897,35235000.0,1.2581232593015783,16000.0,31839000.0,1.1368635292437335,7600000.0,23485000.0,0.8385703063629222,1.881358647760955,1.7511744090671837,12483000,13411000,https://www.sec.gov/Archives/edgar/data/783005/000078300518000039/0000783005-18-000039-index.htm,https://www.sec.gov/Archives/edgar/data/783005/000078300518000039/emms2019q110-q.htm,1620591616,16:20:16,20210509
7,2018-02-28,EMMSP,USD,2018-05-10,2018-05-09 17:38:41,Q4,30130000.0,56000.0,30074000.0,0.9981413873216064,0.0,0.0,0.0,34558000,34558000,30697000.0,2929000.0,1414000.0,847000.0,0.028111516760703618,-567000.0,-0.01881845336873548,11000.0,-3485000.0,-0.11566544971788914,-16475000.0,12718000.0,0.4221042150680385,1.030047784887017,1.0072865515602725,12347000,12626000,https://www.sec.gov/Archives/edgar/data/783005/000078300518000023/0000783005-18-000023-index.htm,https://www.sec.gov/Archives/edgar/data/783005/000078300518000023/emms10k-2018.htm,1620591616,16:20:16,20210509
8,2017-11-30,EMMSP,USD,2018-01-11,2018-01-10 17:47:42,Q3,35345000.0,46000.0,35299000.0,0.9986985429339369,0.0,0.0,0.0,31366000,31366000,31413000.0,3000000.0,1425000.0,5357000.0,0.15156316310652143,3932000.0,0.11124628660347999,10000.0,803000.0,0.022718913566275287,371000.0,432000.0,0.012222379403027303,0.03506208911614317,0.03441134299824757,12321000,12554000,https://www.sec.gov/Archives/edgar/data/783005/000078300518000005/0000783005-18-000005-index.htm,https://www.sec.gov/Archives/edgar/data/783005/000078300518000005/emms2018q310-q.htm,1620591616,16:20:16,20210509
9,2017-08-31,EMMSP,USD,2017-10-12,2017-10-11 17:49:23,Q2,42848000.0,76706000.0,-33858000.0,-0.7901885735623599,0.0,0.0,0.0,37323000,37323000,106889000.0,4548000.0,1696000.0,83915000.0,1.9584344660194175,82219000.0,1.9188526885735624,11000.0,75159000.0,1.754084204630321,4394000.0,69957000.0,1.6326783047050037,5.69357857898592,5.613174997994062,12287000,12463000,https://www.sec.gov/Archives/edgar/data/783005/000078300517000056/0000783005-17-000056-index.htm,https://www.sec.gov/Archives/edgar/data/783005/000078300517000056/emms2018q210-q.htm,1620591616,16:20:16,20210509
10,2017-05-31,EMMSP,USD,2017-07-13,2017-07-12 17:50:53,Q1,40164000.0,0.0,40164000.0,1.0,0.0,0.0,0.0,34951000,34951000,34951000.0,4666000.0,1629000.0,6842000.0,0.17035155860970022,5213000.0,0.12979284931779703,3000.0,550000.0,0.013693855193705806,-22000.0,572000.0,0.014241609401454039,0.04667,0.04667,12257000,12257000,https://www.sec.gov/Archives/edgar/data/783005/000078300517000038/0000783005-17-000038-index.htm,https://www.sec.gov/Archives/edgar/data/783005/000078300517000038/emms2018q110-q.htm,1620591616,16:20:16,20210509
11,2017-02-28,EMMSP,USD,2017-05-11,2017-05-10 17:44:47,Q4,43493000.0,6066000.0,37427000.0,0.8605292805738854,0.0,0.0,0.0,49336000,49336000,48992000.0,4089000.0,1451000.0,-4048000.0,-0.09307244843997885,-5499000.0,-0.12643413882693766,-302000.0,-10032000.0,-0.23065780700342584,-2078000.0,-7954000.0,-0.1828800036787529,-0.6606312292358804,-0.6504211301005806,12040000,12229000,https://www.sec.gov/Archives/edgar/data/783005/000078300517000022/0000783005-17-000022-index.htm,https://www.sec.gov/Archives/edgar/data/783005/000078300517000022/emms10k-2017.htm,1620591616,16:20:16,20210509
12,2016-11-30,EMMSP,USD,2017-01-05,2017-01-04 17:50:14,Q3,56299000.0,17491000.0,38808000.0,0.689319526101707,0.0,0.0,0.0,48823000,48823000,32464000.0,4481000.0,1548000.0,25383000.0,0.45086058366933696,23835000.0,0.4233645357821631,10000.0,18886000.0,0.3354588891454555,629000.0,17676000.0,0.31396650029307804,1.4743514888647928,1.4532598865411495,11989000,12163000,https://www.sec.gov/Archives/edgar/data/783005/000078300517000005/0000783005-17-000005-index.htm,https://www.sec.gov/Archives/edgar/data/783005/000078300517000005/emms2017q310-q.htm,1620591616,16:20:16,20210509
13,2016-08-31,EMMSP,USD,2016-10-06,2016-10-05 18:13:38,Q2,58774000.0,0.0,58774000.0,1.0,0.0,0.0,0.0,50726000,50726000,53839000.0,4758000.0,1709000.0,6644000.0,0.11304318235954673,4935000.0,0.08396569911865791,89000.0,266000.0,0.00452581073263688,664000.0,335000.0,0.005699799230952462,0.02809931219594028,0.027816989122311717,11922000,12043000,https://www.sec.gov/Archives/edgar/data/783005/000078300516000110/0000783005-16-000110-index.htm,https://www.sec.gov/Archives/edgar/data/783005/000078300516000110/emms2017q210-q.htm,1620591616,16:20:16,20210509
14,2016-05-31,EMMSP,USD,2016-07-07,2016-07-06 18:04:25,Q1,56002000.0,0.0,56002000.0,1.0,0.0,0.0,0.0,47365000,47365000,47365000.0,4690000.0,1759000.0,10396000.0,0.18563622727759724,8637000.0,0.15422663476304418,43000.0,3990000.0,0.07124745544801972,675000.0,2686000.0,0.047962572765258386,0.057063947312513276,0.05679247277724918,47070000,47295000,https://www.sec.gov/Archives/edgar/data/783005/000078300516000083/0000783005-16-000083-index.htm,https://www.sec.gov/Archives/edgar/data/783005/000078300516000083/emms2017q110-q.htm,1620591616,16:20:16,20210509
15,2016-02-29,EMMSP,USD,2016-05-05,2016-05-04 18:02:12,Q4,50884000.0,0.0,50884000.0,1.0,0.0,0.0,0.0,49851000,49851000,60337000.0,4697000.0,1834000.0,-7619000.0,-0.14973272541466867,-9453000.0,-0.18577548934832167,212000.0,-13938000.0,-0.2739171448785473,-593000.0,-13345000.0,-0.2622631868563792,-0.3023608845386986,-0.2948259102156239,44136000,45264000,https://www.sec.gov/Archives/edgar/data/783005/000078300516000072/0000783005-16-000072-index.htm,https://www.sec.gov/Archives/edgar/data/783005/000078300516000072/emms10k-2016.htm,1620591616,16:20:16,20210509
16,2015-11-30,EMMSP,USD,2016-01-07,2016-01-06 17:55:05,Q3,59614000.0,0.0,59614000.0,1.0,0.0,0.0,0.0,47996000,47996000,47996000.0,4768000.0,1955000.0,13573000.0,0.22768141711678463,11618000.0,0.19488710705538967,7000.0,6857000.0,0.11502331667058073,889000.0,5548000.0,0.09306538732512497,0.12653954931119424,0.11692061284272197,43844000,47451000,https://www.sec.gov/Archives/edgar/data/783005/000078300516000061/0000783005-16-000061-index.htm,https://www.sec.gov/Archives/edgar/data/783005/000078300516000061/emms2016q310-q.htm,1620591616,16:20:16,20210509
17,2015-08-31,EMMSP,USD,2015-10-08,2015-10-07 17:53:48,Q2,62482000.0,0.0,62482000.0,1.0,0.0,0.0,0.0,52624000,52624000,52624000.0,4945000.0,1830000.0,11688000.0,0.18706187381966005,9858000.0,0.1577734387503601,828000.0,5741000.0,0.09188246214909894,826000.0,4394000.0,0.07032425338497487,0.1009256494475963,0.09272780990165871,43537000,47386000,https://www.sec.gov/Archives/edgar/data/783005/000078300515000046/0000783005-15-000046-index.htm,https://www.sec.gov/Archives/edgar/data/783005/000078300515000046/emms2016q210-q.htm,1620591616,16:20:16,20210509
18,2015-05-31,EMMSP,USD,2015-07-09,2015-07-08 17:38:26,Q1,58453000.0,0.0,58453000.0,1.0,0.0,0.0,0.0,50812000,50812000,50812000.0,4546000.0,1845000.0,9486000.0,0.1622842283544044,7641000.0,0.1307204078490411,10000.0,3105000.0,0.05311960036268455,947000.0,1525000.0,0.026089336732075342,0.03528703982229215,0.032191332615624936,43217000,47373000,https://www.sec.gov/Archives/edgar/data/783005/000078300515000029/0000783005-15-000029-index.htm,https://www.sec.gov/Archives/edgar/data/783005/000078300515000029/emms2016q110-q.htm,1620591616,16:20:16,20210509
19,2015-02-28,EMMSP,USD,2015-05-07,2015-05-06 17:44:25,Q4,53430000.0,0.0,53430000.0,1.0,0.0,0.0,0.0,51849000,51849000,119764000.0,5228000.0,1869000.0,-64465000.0,-1.206531910911473,-66334000.0,-1.2415122590305072,-6648000.0,-78210000.0,-1.46378439079169,27868000.0,-106078000.0,-1.9853640276997941,-2.49378,-2.49378,42537000,42537000,https://www.sec.gov/Archives/edgar/data/783005/000078300515000023/0000783005-15-000023-index.htm,https://www.sec.gov/Archives/edgar/data/783005/000078300515000023/emms10k-2015.htm,1620591616,16:20:16,20210509
20,2014-11-30,EMMSP,USD,2015-01-08,2015-01-07 18:10:10,Q3,62960000.0,0.0,62960000.0,1.0,0.0,0.0,0.0,49851000,49851000,49854000.0,5395000.0,1826000.0,14932000.0,0.23716645489199492,13106000.0,0.20816391359593392,51000.0,7762000.0,0.123284625158831,4528000.0,2823000.0,0.044837992376111815,0.0665002002308544,0.059487935939310926,42451000,47455000,https://www.sec.gov/Archives/edgar/data/783005/000078300515000006/0000783005-15-000006-index.htm,https://www.sec.gov/Archives/edgar/data/783005/000078300515000006/emms2015q310-q.htm,1620591616,16:20:16,20210509
21,2014-08-31,EMMSP,USD,2014-10-09,2014-10-08 17:54:54,Q2,61824000.0,0.0,61824000.0,1.0,0.0,0.0,0.0,51800000,51800000,49300000.0,4878000.0,1914000.0,14438000.0,0.2335339026915114,12524000.0,0.20257505175983437,168000.0,6359000.0,0.10285649585921325,2167000.0,2760000.0,0.044642857142857144,0.06519120391147223,0.058130963162661385,42337000,47479000,https://www.sec.gov/Archives/edgar/data/783005/000078300514000063/0000783005-14-000063-index.htm,https://www.sec.gov/Archives/edgar/data/783005/000078300514000063/emms2015q210-q.htm,1620591616,16:20:16,20210509
22,2014-05-31,EMMSP,USD,2014-07-09,2014-07-08 18:13:23,Q1,59724000.0,0.0,59724000.0,1.0,0.0,0.0,0.0,53086000,53086000,53083000.0,1600000.0,1544000.0,8185000.0,0.1370470832496149,6641000.0,0.11119482954925992,11000.0,5052000.0,0.0845891099055656,2385000.0,956000.0,0.01600696537405398,0.022711614757798208,0.020191353200836377,42093000,47347000,https://www.sec.gov/Archives/edgar/data/783005/000078300514000045/0000783005-14-000045-index.htm,https://www.sec.gov/Archives/edgar/data/783005/000078300514000045/emms2015q110-q.htm,1620591616,16:20:16,20210509
23,2014-02-28,EMMSP,USD,2014-05-08,2014-05-07 17:33:50,Q4,46972000.0,0.0,46972000.0,1.0,0.0,0.0,0.0,46234000,46234000,46236000.0,1627000.0,1446000.0,2182000.0,0.04645320616537512,736000.0,0.015668909137358425,22000.0,33194000.0,0.7066763178063528,-911000.0,33161000.0,0.7059737716086179,0.8186688391843183,0.7202336996655228,40506000,46042000,https://www.sec.gov/Archives/edgar/data/783005/000078300514000029/0000783005-14-000029-index.htm,https://www.sec.gov/Archives/edgar/data/783005/000078300514000029/emms10k-2014.htm,1620591616,16:20:16,20210509
24,2013-11-30,EMMSP,USD,2014-01-09,2014-01-08 17:40:14,Q3,52621000.0,0.0,52621000.0,1.0,0.0,0.0,0.0,43919000,43919000,43910000.0,1712000.0,1869000.0,10580000.0,0.20106041314304174,8711000.0,0.1655422739970734,54000.0,6400000.0,0.12162444651374926,732000.0,4273000.0,0.08120332186769541,0.10591676375083657,0.09358915390849158,40343000,45657000,https://www.sec.gov/Archives/edgar/data/783005/000078300514000007/0000783005-14-000007-index.htm,https://www.sec.gov/Archives/edgar/data/783005/000078300514000007/emms10-q3.htm,1620591616,16:20:16,20210509
25,2013-08-31,EMMSP,USD,2013-10-10,2013-10-09 18:44:26,Q2,54967000.0,0.0,54967000.0,1.0,0.0,0.0,0.0,49264000,49264000,49263000.0,1808000.0,988000.0,6692000.0,0.12174577473756981,5704000.0,0.1037713537213237,33000.0,3929000.0,0.07147925118707588,4000.0,2571000.0,0.046773518656648534,0.06223222714399826,0.055456094562239815,41313000,46361000,https://www.sec.gov/Archives/edgar/data/783005/000078300513000007/0000783005-13-000007-index.htm,https://www.sec.gov/Archives/edgar/data/783005/000078300513000007/emms10-q2.htm,1620591616,16:20:16,20210509
26,2013-05-31,EMMSP,USD,2013-06-28,2013-06-28 06:08:52,Q1,50586000.0,0.0,50586000.0,1.0,0.0,0.0,0.0,43540000,43540000,43540000.0,1921000.0,1401000.0,8447000.0,0.16698295971217333,7046000.0,0.13928754991499626,7000.0,5132000.0,0.10145099434626181,175000.0,3476000.0,0.06871466413632231,0.08442220818963424,0.0763888888888889,41174000,45504000,https://www.sec.gov/Archives/edgar/data/783005/000119312513275631/0001193125-13-275631-index.htm,https://www.sec.gov/Archives/edgar/data/783005/000119312513275631/d539936d10q.htm,1620591616,16:20:16,20210509
27,2013-02-28,EMMSP,USD,2013-05-08,2013-05-08 06:17:32,Q4,196084000.0,0.0,196084000.0,1.0,0.0,0.0,0.0,177993000,177993000,179535000.0,1701000.0,5675000.0,22224000.0,0.11333918116725485,16549000.0,0.08439750311091165,-211000.0,-7126000.0,-0.036341567899471655,-2592000.0,4468000.0,0.0227861528732584,0.11446,0.11446,39034000,39034000,https://www.sec.gov/Archives/edgar/data/783005/000119312513205848/0001193125-13-205848-index.htm,https://www.sec.gov/Archives/edgar/data/783005/000119312513205848/d444067d10k.htm,1620591616,16:20:16,20210509
28,2012-11-30,EMMSP,USD,2013-01-10,2013-01-10 06:08:18,Q3,51031000.0,0.0,51031000.0,1.0,0.0,0.0,0.0,40176000,40176000,40176000.0,5754000.0,1344000.0,12199000.0,0.23905077305951283,10855000.0,0.21271384060669005,102000.0,5738000.0,0.11244145715349493,-181000.0,4700000.0,0.09210087985734161,0.12041,0.12041,39034000,39034000,https://www.sec.gov/Archives/edgar/data/783005/000119312513008679/0001193125-13-008679-index.htm,https://www.sec.gov/Archives/edgar/data/783005/000119312513008679/d398935d10q.htm,1620591616,16:20:16,20210509
29,2012-08-31,EMMSP,USD,2012-10-11,2012-10-11 06:05:14,Q2,53500000.0,0.0,53500000.0,1.0,0.0,0.0,0.0,48291000,48291000,48291000.0,13444000.0,1639000.0,6848000.0,0.128,5209000.0,0.09736448598130841,-195000.0,37024000.0,0.6920373831775701,-4266000.0,34604000.0,0.6468037383177571,0.88651,0.88651,39034000,39034000,https://www.sec.gov/Archives/edgar/data/783005/000119312512420370/0001193125-12-420370-index.htm,https://www.sec.gov/Archives/edgar/data/783005/000119312512420370/d356613d10q.htm,1620591616,16:20:16,20210509
30,2012-05-31,EMMSP,USD,2012-07-12,2012-07-12 06:04:36,Q1,56787000.0,0.0,56787000.0,1.0,0.0,0.0,0.0,54465000,54465000,54465000.0,0.0,1973000.0,4295000.0,0.07563350766900875,2322000.0,0.04088964023456073,304000.0,-5981000.0,-0.10532340148273373,0.0,-5981000.0,-0.10532340148273373,-0.15322539324691295,-0.15322539324691295,39034000,39034000,https://www.sec.gov/Archives/edgar/data/783005/000119312512300248/0001193125-12-300248-index.htm,https://www.sec.gov/Archives/edgar/data/783005/000119312512300248/d371904d10q.htm,1620591616,16:20:16,20210509
31,2012-02-29,EMMSP,USD,2012-05-10,2012-05-10 06:09:05,Q4,50921000.0,0.0,50921000.0,1.0,0.0,0.0,0.0,50421000,50421000,50421000.0,0.0,1956000.0,2456000.0,0.0482315743995601,500000.0,0.009819131596001649,-23808000.0,-22293000.0,-0.43779580133932955,-485000.0,-21808000.0,-0.42827124369120795,-0.55869,-0.55869,39034000,39034000,https://www.sec.gov/Archives/edgar/data/783005/000119312512223521/0001193125-12-223521-index.htm,https://www.sec.gov/Archives/edgar/data/783005/000119312512223521/d335769d10k.htm,1620591616,16:20:16,20210509
32,2011-11-30,EMMSP,USD,2012-01-12,2012-01-12 06:02:38,Q3,59319000.0,0.0,59319000.0,1.0,0.0,0.0,0.0,54626000,54626000,54626000.0,0.0,1905000.0,6598000.0,0.11122911714627691,4693000.0,0.07911461757615604,7727000.0,29322000.0,0.49431042330450614,-27477000.0,56799000.0,0.9575178273403125,1.45512,1.45512,39034000,39034000,https://www.sec.gov/Archives/edgar/data/783005/000095012312000685/0000950123-12-000685-index.htm,https://www.sec.gov/Archives/edgar/data/783005/000095012312000685/c26335e10vq.htm,1620591616,16:20:16,20210509
33,2011-08-31,EMMSP,USD,2011-10-13,2011-10-13 06:02:18,Q2,64621000.0,573000.0,64048000.0,0.9911329134491883,-1778000.0,-9346000.0,-5177000.0,58045000,58045000,58045000.0,-22757000.0,-19533000.0,-14742000.0,-0.22813017440151034,4791000.0,0.0741399854536451,54530000.0,59321000.0,0.9179833181164018,490000.0,58943000.0,0.912133826465081,1.51004,1.51004,39034000,39034000,https://www.sec.gov/Archives/edgar/data/783005/000095012311089752/0000950123-11-089752-index.htm,https://www.sec.gov/Archives/edgar/data/783005/000095012311089752/c22804e10vq.htm,1620591616,16:20:16,20210509
34,2011-05-31,EMMSP,USD,2011-07-13,2011-07-13 06:01:12,Q1,61146000.0,0.0,61146000.0,1.0,0.0,0.0,0.0,58777000,58777000,58777000.0,7214000.0,2322000.0,4691000.0,0.07671801916723907,2369000.0,0.03874333562293527,0.0,-6329000.0,-0.10350636182252314,0.0,-6329000.0,-0.10350636182252314,-0.16214069785315366,-0.16214069785315366,39034000,39034000,https://www.sec.gov/Archives/edgar/data/783005/000095012311065308/0000950123-11-065308-index.htm,https://www.sec.gov/Archives/edgar/data/783005/000095012311065308/c19819e10vq.htm,1620591616,16:20:16,20210509
35,2011-02-28,EMMSP,USD,2011-05-10,2011-05-10 06:01:16,Q4,57663000.0,0.0,57663000.0,1.0,0.0,0.0,0.0,62233000,62233000,62233000.0,5015000.0,2675000.0,-1895000.0,-0.03286336125418379,-4570000.0,-0.07925359415916619,-231000.0,-9816000.0,-0.17023047708235783,2026000.0,-11842000.0,-0.2053656590881501,-0.3033765435261567,-0.3033765435261567,39034000,39034000,https://www.sec.gov/Archives/edgar/data/783005/000095012311047715/0000950123-11-047715-index.htm,https://www.sec.gov/Archives/edgar/data/783005/000095012311047715/c16797e10vk.htm,1620591616,16:20:16,20210509
36,2010-11-30,EMMSP,USD,2011-01-11,2011-01-11 06:01:05,Q3,66465000.0,0.0,66465000.0,1.0,0.0,0.0,0.0,54875000,54875000,54875000.0,5195000.0,2611000.0,14201000.0,0.21366132550966674,11590000.0,0.17437749191303695,-132000.0,6263000.0,0.09423004588881366,4108000.0,2155000.0,0.032423079816444746,0.05520827996105959,0.05520827996105959,39034000,39034000,https://www.sec.gov/Archives/edgar/data/783005/000095012311001892/0000950123-11-001892-index.htm,https://www.sec.gov/Archives/edgar/data/783005/000095012311001892/c10773e10vq.htm,1620591616,16:20:16,20210509
37,2010-08-31,EMMSP,USD,2010-10-15,2010-10-15 06:01:31,Q2,66846000.0,0.0,66846000.0,1.0,0.0,0.0,0.0,58483000,58483000,58483000.0,5209000.0,2679000.0,11042000.0,0.1651856505998863,8363000.0,0.12510845824731473,-93000.0,3061000.0,0.04579182000418873,1726000.0,1335000.0,0.019971277264159412,0.03420095301531998,0.03420095301531998,39034000,39034000,https://www.sec.gov/Archives/edgar/data/783005/000095012310093325/0000950123-10-093325-index.htm,https://www.sec.gov/Archives/edgar/data/783005/000095012310093325/c06873e10vq.htm,1620591616,16:20:16,20210509
38,2010-05-31,EMMSP,USD,2010-07-15,2010-07-15 06:01:27,Q1,60340000.0,0.0,60340000.0,1.0,0.0,0.0,0.0,56502000,56502000,56502000.0,5680000.0,2717000.0,6555000.0,0.10863440503811733,3838000.0,0.06360623135565131,-13000.0,-1855000.0,-0.03074245939675174,-1408000.0,-447000.0,-0.007408021213125621,-0.011451555054567812,-0.011451555054567812,39034000,39034000,https://www.sec.gov/Archives/edgar/data/783005/000095012310065619/0000950123-10-065619-index.htm,https://www.sec.gov/Archives/edgar/data/783005/000095012310065619/c03442e10vq.htm,1620591616,16:20:16,20210509
39,2010-02-28,EMMSP,USD,2010-05-07,2010-05-06 21:01:48,Q4,53979000.0,0.0,53979000.0,1.0,0.0,0.0,0.0,56967000,56967000,56967000.0,6659000.0,2733000.0,-255000.0,-0.004724059356416384,-2988000.0,-0.05535486022342022,-132000.0,-9779000.0,-0.18116304488782675,0.0,-9779000.0,-0.18116304488782675,-0.2505251831736435,-0.2505251831736435,39034000,39034000,https://www.sec.gov/Archives/edgar/data/783005/000095012310045834/0000950123-10-045834-index.htm,https://www.sec.gov/Archives/edgar/data/783005/000095012310045834/c00173e10vk.htm,1620591616,16:20:16,20210509
40,2009-11-30,EMMSP,USD,2010-01-08,2010-01-08 06:01:43,Q3,58188000.0,0.0,58188000.0,1.0,0.0,0.0,0.0,50541000,50541000,50541000.0,7206000.0,1938000.0,9585000.0,0.1647246855021654,7647000.0,0.1314188492472675,-787000.0,-346000.0,-0.005946243211658761,32814000.0,-33160000.0,-0.5698769505740016,-0.8495158067325921,-0.8495158067325921,39034000,39034000,https://www.sec.gov/Archives/edgar/data/783005/000095012310001089/0000950123-10-001089-index.htm,https://www.sec.gov/Archives/edgar/data/783005/000095012310001089/c94414e10vq.htm,1620591616,16:20:16,20210509
41,2009-08-31,EMMSP,USD,2009-10-09,2009-10-09 06:05:52,Q2,67970000.0,0.0,67970000.0,1.0,0.0,0.0,0.0,232118000,232118000,232118000.0,5336000.0,3301000.0,-160847000.0,-2.366441076945711,-164148000.0,-2.4150066205678975,-516000.0,-170543000.0,-2.5090922465793732,-42897000.0,-127646000.0,-1.8779755774606444,-3.2701234820925347,-3.2701234820925347,39034000,39034000,https://www.sec.gov/Archives/edgar/data/783005/000095012309049382/0000950123-09-049382-index.htm,https://www.sec.gov/Archives/edgar/data/783005/000095012309049382/c53841e10vq.htm,1620591616,16:20:16,20210509
42,2009-05-31,EMMSP,USD,2009-07-10,2009-07-10 06:00:59,Q1,62429000.0,0.0,62429000.0,1.0,0.0,0.0,0.0,68426000,68426000,68426000.0,5619000.0,3283000.0,-2714000.0,-0.04347338576623044,-5997000.0,-0.09606112543849814,1605000.0,21894000.0,0.35070239792404173,10083000.0,11811000.0,0.18919092088612663,0.3025823640928421,0.3025823640928421,39034000,39034000,https://www.sec.gov/Archives/edgar/data/783005/000095012309021356/0000950123-09-021356-index.htm,https://www.sec.gov/Archives/edgar/data/783005/000095012309021356/c52200e10vq.htm,1620591616,16:20:16,20210509
43,2009-02-28,EMMSP,USD,2009-05-14,2009-05-14 06:02:28,Q4,68483000.0,0.0,68483000.0,1.0,0.0,0.0,0.0,235164000,235164000,235164000.0,5198000.0,244514000.0,77833000.0,1.1365302337806462,-166681000.0,-2.4339033044697223,459000.0,-171083000.0,-2.4981820305769316,-17030000.0,-156251000.0,-2.2816027335251086,-4.002946149510683,-4.002946149510683,39034000,39034000,https://www.sec.gov/Archives/edgar/data/783005/000095012309008795/0000950123-09-008795-index.htm,https://www.sec.gov/Archives/edgar/data/783005/000095012309008795/c51249e10vk.htm,1620591616,16:20:16,20210509
44,2008-11-30,EMMSP,USD,2009-01-09,2009-01-09 06:03:16,Q3,85140000.0,0.0,85140000.0,1.0,0.0,0.0,0.0,282448000,282448000,282448000.0,6732000.0,4256000.0,-193052000.0,-2.2674653511862815,-197308000.0,-2.317453605825699,751000.0,-201140000.0,-2.3624618275781066,-80780000.0,-123411000.0,-1.449506694855532,-3.1616283240252088,-3.1616283240252088,39034000,39034000,https://www.sec.gov/Archives/edgar/data/783005/000095012309000391/0000950123-09-000391-index.htm,https://www.sec.gov/Archives/edgar/data/783005/000095012309000391/c48595e10vq.htm,1620591616,16:20:16,20210509
45,2008-08-31,EMMSP,USD,2008-10-10,2008-10-10 06:01:13,Q2,93403000.0,0.0,93403000.0,1.0,0.0,0.0,0.0,75728000,75728000,75728000.0,6564000.0,4196000.0,21871000.0,0.2341573611125981,17675000.0,0.18923375052193184,-1374000.0,7738000.0,0.08284530475466527,4807000.0,3482000.0,0.03727931651017633,0.08920428344520162,0.08920428344520162,39034000,39034000,https://www.sec.gov/Archives/edgar/data/783005/000095013408017805/0000950134-08-017805-index.htm,https://www.sec.gov/Archives/edgar/data/783005/000095013408017805/c46843e10vq.htm,1620591616,16:20:16,20210509
46,2008-05-31,EMMSP,USD,2008-07-10,2008-07-10 06:01:14,Q1,86847000.0,0.0,86847000.0,1.0,0.0,0.0,0.0,74202000,74202000,74202000.0,7057000.0,4105000.0,16750000.0,0.1928679171416399,12645000.0,0.14560088431379323,0.0,5438000.0,0.06261586468156644,3691000.0,1196000.0,0.013771345009038885,0.03063995491110314,0.03063995491110314,39034000,39034000,https://www.sec.gov/Archives/edgar/data/783005/000095013408012540/0000950134-08-012540-index.htm,https://www.sec.gov/Archives/edgar/data/783005/000095013408012540/c28099e10vq.htm,1620591616,16:20:16,20210509
47,2008-02-29,EMMSP,USD,2008-05-12,2008-05-12 06:10:36,Q4,85837000.0,0.0,85837000.0,1.0,0.0,0.0,0.0,98794000,98794000,98794000.0,8159000.0,258478000.0,245521000.0,2.860316646667521,-12957000.0,-0.15094889150366392,-1412000.0,-34870000.0,-0.4062350734531729,-6450000.0,-15821000.0,-0.1843144564698207,-0.4053133165957883,-0.4053133165957883,39034000,39034000,https://www.sec.gov/Archives/edgar/data/783005/000095013408009149/0000950134-08-009149-index.htm,https://www.sec.gov/Archives/edgar/data/783005/000095013408009149/c26340e10vk.htm,1620591616,16:20:16,20210509
48,2007-11-30,EMMSP,USD,2008-01-09,2008-01-09 06:04:02,Q3,91713000.0,0.0,91713000.0,1.0,0.0,0.0,0.0,89759000,89759000,89759000.0,8692000.0,3859000.0,5813000.0,0.06338250847753317,1954000.0,0.02130559462671595,217000.0,-2133000.0,-0.023257335383206307,-2237000.0,104000.0,0.001133972283100542,0.0026643439053133165,0.0026643439053133165,39034000,39034000,https://www.sec.gov/Archives/edgar/data/783005/000095012408000067/0000950124-08-000067-index.htm,https://www.sec.gov/Archives/edgar/data/783005/000095012408000067/c22802e10vq.htm,1620591616,16:20:16,20210509
49,2007-08-31,EMMSP,USD,2007-10-09,2007-10-09 06:20:21,Q2,96399000.0,0.0,96399000.0,1.0,0.0,0.0,0.0,79904000,79904000,79904000.0,8654000.0,3798000.0,20293000.0,0.2105104824738846,16495000.0,0.1711117335242067,289000.0,17427000.0,0.18077988360875114,3371000.0,14056000.0,0.14581064118922396,0.36009632627965366,0.36009632627965366,39034000,39034000,https://www.sec.gov/Archives/edgar/data/783005/000095012407005041/0000950124-07-005041-index.htm,https://www.sec.gov/Archives/edgar/data/783005/000095012407005041/c18919e10vq.htm,1620591616,16:20:16,20210509
50,2007-05-31,EMMSP,USD,2007-07-10,2007-07-10 06:02:11,Q1,87263000.0,0.0,87263000.0,1.0,0.0,0.0,0.0,75191000,75191000,75191000.0,9332000.0,3616000.0,15688000.0,0.17977837113094897,12072000.0,0.13834041919255582,-64000.0,2303000.0,0.02639148321740027,1992000.0,311000.0,0.003563938897356268,0.007967413024542706,0.007967413024542706,39034000,39034000,https://www.sec.gov/Archives/edgar/data/783005/000095013407014898/0000950134-07-014898-index.htm,https://www.sec.gov/Archives/edgar/data/783005/000095013407014898/c16511e10vq.htm,1620591616,16:20:16,20210509
51,2007-02-28,EMMSP,USD,2007-05-11,2007-05-11 06:01:47,Q4,78634000.0,0.0,78634000.0,1.0,0.0,0.0,0.0,74377000,74377000,74377000.0,9539000.0,2397000.0,6654000.0,0.08461988452832109,4257000.0,0.05413688735152733,-2282000.0,-8006000.0,-0.10181346491339624,-5019000.0,-10485000.0,-0.13333926800111912,-0.26861197930009734,-0.26861197930009734,39034000,39034000,https://www.sec.gov/Archives/edgar/data/783005/000095012407002816/0000950124-07-002816-index.htm,https://www.sec.gov/Archives/edgar/data/783005/000095012407002816/c14872e10vk.htm,1620591616,16:20:16,20210509
52,2006-11-30,EMMSP,USD,2007-01-09,2007-01-09 06:02:12,Q3,91205000.0,0.0,91205000.0,1.0,0.0,0.0,0.0,73717000,73717000,73717000.0,9505000.0,3676000.0,21164000.0,0.23204868154158215,17488000.0,0.19174387369113535,1885000.0,-155000.0,-0.001699468230908393,461000.0,3130000.0,0.034318293953182394,0.08018650407337193,0.08018650407337193,39034000,39034000,https://www.sec.gov/Archives/edgar/data/783005/000095012407000185/0000950124-07-000185-index.htm,https://www.sec.gov/Archives/edgar/data/783005/000095012407000185/c11243e10vq.htm,1620591616,16:20:16,20210509
53,2006-08-31,EMMSP,USD,2006-10-10,2006-10-10 06:05:00,Q2,99909000.0,0.0,99909000.0,1.0,0.0,0.0,0.0,77901000,77901000,77901000.0,11554000.0,3595000.0,25603000.0,0.2562631995115555,22008000.0,0.22028045521424497,442000.0,10359000.0,0.10368435276101252,4533000.0,112282000.0,1.1238426968541373,2.8765179074652867,2.8765179074652867,39034000,39034000,https://www.sec.gov/Archives/edgar/data/783005/000095013406018809/0000950134-06-018809-index.htm,https://www.sec.gov/Archives/edgar/data/783005/000095013406018809/c08972e10vq.htm,1620591616,16:20:16,20210509
54,2006-05-31,EMMSP,USD,2006-07-07,2006-07-07 16:31:32,Q1,89787000.0,0.0,89787000.0,1.0,0.0,0.0,0.0,73798000,73798000,73798000.0,12562000.0,3670000.0,19659000.0,0.2189515185940058,15989000.0,0.1780770044661254,343000.0,927000.0,0.010324434494971432,25000.0,8654000.0,0.09638366355931259,0.22170415535174462,0.22170415535174462,39034000,39034000,https://www.sec.gov/Archives/edgar/data/783005/000095013706007650/0000950137-06-007650-index.htm,https://www.sec.gov/Archives/edgar/data/783005/000095013706007650/c06583e10vq.htm,1620591616,16:20:16,20210509
55,2006-02-28,EMMSP,USD,2006-05-12,2006-05-12 07:45:32,Q4,84485000.0,0.0,84485000.0,1.0,0.0,0.0,0.0,121272000,121272000,121272000.0,21513000.0,-8629000.0,-45416000.0,-0.5375628809847902,-36787000.0,-0.4354264070545067,-530000.0,-62242000.0,-0.7367224951174765,-25748000.0,138942000.0,1.6445759602296266,3.5595122201157965,3.5595122201157965,39034000,39034000,https://www.sec.gov/Archives/edgar/data/783005/000095013406009726/0000950134-06-009726-index.htm,https://www.sec.gov/Archives/edgar/data/783005/000095013406009726/c05253e10vk.htm,1620591616,16:20:16,20210509
56,2005-11-30,EMMSP,USD,2006-01-09,2006-01-09 08:01:03,Q3,99802000.0,0.0,99802000.0,1.0,0.0,0.0,0.0,73434000,73434000,73434000.0,20487000.0,4996000.0,31364000.0,0.3142622392336827,26368000.0,0.2642031221819202,-88000.0,5793000.0,0.05804492895933949,1658000.0,200021000.0,2.0041782729805013,5.124276271968028,5.124276271968028,39034000,39034000,https://www.sec.gov/Archives/edgar/data/783005/000095013706000184/0000950137-06-000184-index.htm,https://www.sec.gov/Archives/edgar/data/783005/000095013706000184/c01300e10vq.htm,1620591616,16:20:16,20210509
57,2005-08-31,EMMSP,USD,2005-10-11,2005-10-11 06:01:19,Q2,41320000.0,0.0,41320000.0,1.0,0.0,0.0,0.0,29810000,29810000,29810000.0,11556000.0,-9629000.0,1881000.0,0.04552274927395934,11510000.0,0.2785575992255566,520000.0,474000.0,0.011471442400774443,491000.0,8430000.0,0.20401742497579864,0.2159655684787621,0.2159655684787621,39034000,39034000,https://www.sec.gov/Archives/edgar/data/783005/000095013405018952/0000950134-05-018952-index.htm,https://www.sec.gov/Archives/edgar/data/783005/000095013405018952/c98947e10vq.htm,1620591616,16:20:16,20210509
58,2005-05-31,EMMSP,USD,2005-07-11,2005-07-11 14:55:40,Q1,161774000.0,0.0,161774000.0,1.0,0.0,0.0,0.0,125035000,125035000,125035000.0,17030000.0,18969000.0,55708000.0,0.3443569424011275,36739000.0,0.22710077021029337,-402000.0,19307000.0,0.11934550669452446,8144000.0,10378000.0,0.06415122331153338,0.2658707793205923,0.2658707793205923,39034000,39034000,https://www.sec.gov/Archives/edgar/data/783005/000095013705008542/0000950137-05-008542-index.htm,https://www.sec.gov/Archives/edgar/data/783005/000095013705008542/c96603e10vq.htm,1620591616,16:20:16,20210509
59,2005-02-28,EMMSP,USD,2005-05-16,2005-05-16 15:34:39,Q4,137850000.0,0.0,137850000.0,1.0,0.0,0.0,0.0,120387000,120387000,120387000.0,16247000.0,19070000.0,36533000.0,0.26501994922016686,17463000.0,0.12668117519042438,1863000.0,-216000.0,-0.0015669205658324266,719000.0,-265899000.0,-1.9289009793253535,-6.81198442383563,-6.81198442383563,39034000,39034000,https://www.sec.gov/Archives/edgar/data/783005/000095013705006059/0000950137-05-006059-index.htm,https://www.sec.gov/Archives/edgar/data/783005/000095013705006059/c95331e10vk.htm,1620591616,16:20:16,20210509
60,2004-11-30,EMMSP,USD,2005-01-10,2005-01-10 11:10:44,Q3,152796000.0,0.0,152796000.0,1.0,0.0,0.0,0.0,108667000,108667000,108667000.0,15628000.0,19253000.0,63382000.0,0.4148145239404173,44129000.0,0.28880991648996046,675000.0,28606000.0,0.18721694285190713,12486000.0,19805000.0,0.12961726746773475,0.5073781831224061,0.5073781831224061,39034000,39034000,https://www.sec.gov/Archives/edgar/data/783005/000095013705000222/0000950137-05-000222-index.htm,https://www.sec.gov/Archives/edgar/data/783005/000095013705000222/c91026e10vq.htm,1620591616,16:20:16,20210509
61,2004-08-31,EMMSP,USD,2004-10-12,2004-10-12 08:06:27,Q2,327814000.0,0.0,327814000.0,1.0,0.0,0.0,0.0,320925000,1515319000,1515319000.0,29186000.0,17874000.0,163917000.0,0.5000305051035038,146043000.0,0.44550568310078276,71475000.0,18228000.0,0.05560470266675615,7370000.0,8986000.0,0.027411886008529226,0.23020956089562944,0.23020956089562944,39034000,39034000,https://www.sec.gov/Archives/edgar/data/783005/000095013404014853/0000950134-04-014853-index.htm,https://www.sec.gov/Archives/edgar/data/783005/000095013404014853/c88633e10vq.htm,1620591616,16:20:16,20210509
62,2004-05-31,EMMSP,USD,2004-07-12,2004-07-12 08:01:22,Q1,0.0,0.0,0.0,0.0,0.0,0.0,0.0,-71894000,-1266288000,-1266288000.0,5596000.0,19777000.0,-47483000.0,0.0,-67260000.0,0.0,-71894000.0,-71894000.0,0.0,-4634000.0,-67260000.0,0.0,-1.723113183378593,-1.723113183378593,39034000,39034000,https://www.sec.gov/Archives/edgar/data/783005/000095013704005551/0000950137-04-005551-index.htm,https://www.sec.gov/Archives/edgar/data/783005/000095013704005551/c86665e10vq.htm,1620591616,16:20:16,20210509
63,2004-02-29,EMMSP,USD,2004-05-14,2004-05-14 17:01:06,Q4,133753000.0,0.0,133753000.0,1.0,0.0,0.0,0.0,127407000,127407000,127407000.0,21095000.0,3919000.0,10265000.0,0.07674594214709203,6346000.0,0.047445664770135995,-833000.0,-16249000.0,-0.121485125567277,-4852000.0,-21416000.0,-0.1601160347805283,-0.5486498949633652,-0.5486498949633652,39034000,39034000,https://www.sec.gov/Archives/edgar/data/783005/000095013704004133/0000950137-04-004133-index.htm,https://www.sec.gov/Archives/edgar/data/783005/000095013704004133/c85541e10vk.htm,1620591616,16:20:16,20210509
64,2003-11-30,EMMSP,USD,2004-01-14,2004-01-14 08:02:04,Q3,314893000.0,0.0,314893000.0,1.0,0.0,0.0,0.0,243060000,243060000,243060000.0,38667000.0,-26717000.0,45116000.0,0.1432740645235048,71833000.0,0.22811875780026866,-805000.0,43637000.0,0.1385772309959256,15409000.0,28228000.0,0.08964314862508853,0.7231644207613875,0.7231644207613875,39034000,39034000,https://www.sec.gov/Archives/edgar/data/783005/000095013704000148/0000950137-04-000148-index.htm,https://www.sec.gov/Archives/edgar/data/783005/000095013704000148/c82015e10vq.htm,1620591616,16:20:16,20210509
65,2003-08-31,EMMSP,USD,2003-10-15,2003-10-15 17:25:36,Q1,143222000.0,0.0,143222000.0,1.0,0.0,0.0,0.0,107379000,107379000,107379000.0,26196000.0,32580000.0,68423000.0,0.4777408498694335,35843000.0,0.25026183128290347,573000.0,-2663000.0,-0.01859351216991803,1893000.0,-4556000.0,-0.03181075533088492,-0.11671875800584106,-0.11671875800584106,39034000,39034000,https://www.sec.gov/Archives/edgar/data/783005/000078300503000044/0000783005-03-000044-index.htm,https://www.sec.gov/Archives/edgar/data/783005/000078300503000044/qtr2-fy2004_10q.htm,1620591616,16:20:16,20210509
