,date,symbol,reportedCurrency,fillingDate,acceptedDate,period,revenue,costOfRevenue,grossProfit,grossProfitRatio,researchAndDevelopmentExpenses,generalAndAdministrativeExpenses,sellingAndMarketingExpenses,otherExpenses,operatingExpenses,costAndExpenses,interestExpense,depreciationAndAmortization,ebitda,ebitdaratio,operatingIncome,operatingIncomeRatio,totalOtherIncomeExpensesNet,incomeBeforeTax,incomeBeforeTaxRatio,incomeTaxExpense,netIncome,netIncomeRatio,eps,epsdiluted,weightedAverageShsOut,weightedAverageShsOutDil,link,finalLink,timestamp,est_time,est_date
0,2020-12-31,TRTK,USD,2021-02-16,2021-02-16 13:24:43,Q3,0.0,0.0,0.0,0.0,1786.0,32274.0,0.0,0.0,34060.0,34060.0,0.0,0.0,-79060.0,0.0,-79060.0,0.0,0.0,-79060.0,0.0,0.0,-79060.0,0.0,-0.0007900086785041396,-0.0007900086785041396,100074850.0,100074850.0,https://www.sec.gov/Archives/edgar/data/1560905/000154812321000008/0001548123-21-000008-index.htm,https://www.sec.gov/Archives/edgar/data/1560905/000154812321000008/f2021110tgc10q123120v21020.htm,1620599051,18:24:11,20210509
1,2020-09-30,TRTK,USD,2020-11-23,2020-11-23 14:55:37,Q2,0.0,0.0,0.0,0.0,17823.0,62548.0,0.0,0.0,80371.0,80371.0,0.0,0.0,-80371.0,0.0,-80.371,0.0,0.0,-80.371,0.0,0.0,-80.371,0.0,-0.0008031088730085531,-0.0008031088730085531,100074850.0,100074850.0,https://www.sec.gov/Archives/edgar/data/1560905/000154812320000158/0001548123-20-000158-index.htm,https://www.sec.gov/Archives/edgar/data/1560905/000154812320000158/f202011-21tgc10-q9-30-20-dra.htm,1620599051,18:24:11,20210509
2,2020-06-30,TRTK,USD,2020-08-14,2020-08-14 12:08:17,Q1,0.0,0.0,0.0,0.0,26360.0,36770.0,0.0,0.0,63130.0,63130.0,0.0,0.0,-42310.0,0.0,-63130.0,0.0,0.0,-63130.0,0.0,0.0,-42310.0,0.0,-0.00042,-0.00042,100074850.0,100074850.0,https://www.sec.gov/Archives/edgar/data/1560905/000154812320000111/0001548123-20-000111-index.htm,https://www.sec.gov/Archives/edgar/data/1560905/000154812320000111/f1299110-qtortecgroupcorp6-3.htm,1620599051,18:24:11,20210509
3,2020-03-31,TRTK,USD,2020-07-13,2020-07-13,Q4,0.0,0.0,0.0,0.0,242020.0,23660.0,0.0,389000.0,654680.0,654680.0,0.0,0.0,-654680.0,0.0,-654680.0,0.0,0.0,-654680.0,0.0,0.0,-654680.0,0.0,-0.00655,-0.00655,100000000.0,100000000.0,https://www.sec.gov/Archives/edgar/data/1560905/000154812320000089/0001548123-20-000089-index.htm,https://www.sec.gov/Archives/edgar/data/1560905/000154812320000089/f12973tortec10-k3-31-20v7-8-.htm,1620599051,18:24:11,20210509
4,2019-12-31,TRTK,USD,2020-02-14,2020-02-14,Q3,0.0,0.0,0.0,0.0,48180.0,25180.0,0.0,0.0,73360.0,73360.0,0.0,0.0,-66500.0,0.0,-73360.0,0.0,0.0,-73360.0,0.0,0.0,-66500.0,0.0,-0.00067,-0.00067,100000000.0,100000000.0,https://www.sec.gov/Archives/edgar/data/1560905/000154812320000008/0001548123-20-000008-index.htm,https://www.sec.gov/Archives/edgar/data/1560905/000154812320000008/f10-qgeopointresources12-31-.htm,1620599051,18:24:11,20210509
5,2019-09-30,TRTK,USD,2019-11-14,2019-11-14,Q2,0.0,0.0,0.0,0.0,7890.0,32680.0,0.0,0.0,40570.0,40570.0,0.0,0.0,-40570.0,0.0,-40570.0,0.0,0.0,-40570.0,0.0,0.0,-40570.0,0.0,-0.00041,-0.00041,100000000.0,100000000.0,https://www.sec.gov/Archives/edgar/data/1560905/000154812319000214/0001548123-19-000214-index.htm,https://www.sec.gov/Archives/edgar/data/1560905/000154812319000214/f1281110-qgeopointresources9.htm,1620599051,18:24:11,20210509
6,2019-06-30,TRTK,USD,2019-08-14,2019-08-14,Q1,0.0,0.0,0.0,0.0,4240.0,29030.0,0.0,0.0,33270.0,33270.0,0.0,0.0,-33270.0,0.0,-33270.0,0.0,0.0,-33270.0,0.0,0.0,-33270.0,0.0,-0.00033,-0.00033,100000000.0,100000000.0,https://www.sec.gov/Archives/edgar/data/1560905/000154812319000174/0001548123-19-000174-index.htm,https://www.sec.gov/Archives/edgar/data/1560905/000154812319000174/f10-qgeopointresources6-30-1.htm,1620599051,18:24:11,20210509
7,2019-03-31,TRTK,USD,2019-07-16,2019-07-16,Q4,0.0,0.0,0.0,0.0,60330.0,30000.0,0.0,0.0,90330.0,90330.0,0.0,0.0,-90330.0,0.0,-90330.0,0.0,0.0,-90330.0,0.0,0.0,-90330.0,0.0,-0.0009,-0.0009,100000000.0,100000000.0,https://www.sec.gov/Archives/edgar/data/1560905/000154812319000131/0001548123-19-000131-index.htm,https://www.sec.gov/Archives/edgar/data/1560905/000154812319000131/f1269710-kgeopointresourcesc.htm,1620599051,18:24:11,20210509
8,2018-12-31,TRTK,USD,2019-02-14,2019-02-14,Q3,0.0,0.0,0.0,0.0,0.0,33060.0,0.0,0.0,33060.0,33060.0,120.0,0.0,-33060.0,0.0,-33060.0,0.0,0.0,-33180.0,0.0,0.0,-33180.0,0.0,-0.00033,-0.00033,100000000.0,100000000.0,https://www.sec.gov/Archives/edgar/data/1560905/000154812319000032/0001548123-19-000032-index.htm,https://www.sec.gov/Archives/edgar/data/1560905/000154812319000032/f10-qgeopointresources12-31-.htm,1620599051,18:24:11,20210509
9,2018-09-30,TRTK,USD,2018-11-14,2018-11-14,Q2,0.0,0.0,0.0,0.0,0.0,40000.0,0.0,0.0,40000.0,40000.0,0.0,0.0,-40000.0,0.0,-40000.0,0.0,0.0,-40000.0,0.0,0.0,-40000.0,0.0,-0.0004,-0.0004,100000000.0,100000000.0,https://www.sec.gov/Archives/edgar/data/1560905/000154812318000295/0001548123-18-000295-index.htm,https://www.sec.gov/Archives/edgar/data/1560905/000154812318000295/f10-qgeopointresources9-30-1.htm,1620599051,18:24:11,20210509
10,2018-06-30,TRTK,USD,2018-08-20,2018-08-20,Q1,0.0,0.0,0.0,0.0,0.0,30000.0,0.0,0.0,30000.0,30000.0,0.0,0.0,-30000.0,0.0,-30000.0,0.0,0.0,-30000.0,0.0,0.0,-30000.0,0.0,-0.0003,-0.0003,100000000.0,100000000.0,https://www.sec.gov/Archives/edgar/data/1560905/000154812318000233/0001548123-18-000233-index.htm,https://www.sec.gov/Archives/edgar/data/1560905/000154812318000233/f10q63018.htm,1620599051,18:24:11,20210509
11,2018-03-31,TRTK,USD,2018-07-12,2018-07-12,Q4,0.0,0.0,0.0,1.0,0.0,40000.0,0.0,-4949.0,60000.0,60000.0,0.0,0.0,-80000.0,0.0282467479609,-60000.0,0.0282467479609,0.0,-40000.0,0.0282467479609,0.0,-80000.0,1.37269426762,-0.00036,-0.00036,221550000.0,221550000.0,https://www.sec.gov/Archives/edgar/data/1560905/000154812318000164/0001548123-18-000164-index.htm,https://www.sec.gov/Archives/edgar/data/1560905/000154812318000164/f10kgeopointresourcesinc3311.htm,1620599051,18:24:11,20210509
12,2017-12-31,TRTK,USD,2018-02-20,2018-02-20,Q3,0.0,0.0,0.0,1.0,0.0,30000.0,0.0,4690000.0,4700000.0,4700000.0,0.0,0.0,-4710000.0,-0.907631645892,-4700000.0,-120.293996439,4690000.0,-4700000.0,-119.785220046,0.0,-4710000.0,-119.785220046,-0.1273,-0.1273,37000000.0,37000000.0,https://www.sec.gov/Archives/edgar/data/1560905/000154812318000022/0001548123-18-000022-index.htm,https://www.sec.gov/Archives/edgar/data/1560905/000154812318000022/f10qgeopointresources123117v.htm,1620599051,18:24:11,20210509
13,2017-09-30,TRTK,USD,2017-11-13,2017-11-13,Q2,0.0,0.0,0.0,1.0,0.0,30000.0,0.0,151.0,10000.0,10000.0,10384.0,10000.0,0.0,-2.10924259344,-10000.0,-2.38671746699,0.0,-20000.0,-2.01320370492,0.0,-30000.0,-2.01320370492,-0.00625,-0.00625,4800000.0,4800000.0,https://www.sec.gov/Archives/edgar/data/1560905/000101041217000066/0001010412-17-000066-index.htm,https://www.sec.gov/Archives/edgar/data/1560905/000101041217000066/qtr293017lwbcleanv511817rb2.htm,1620599051,18:24:11,20210509
14,2017-06-30,TRTK,USD,2017-08-21,2017-08-21,Q1,0.0,0.0,0.0,1.0,0.0,10000.0,0.0,2492.0,10000.0,10000.0,16298.0,0.0,-33702.0,-4.82989840348,-10000.0,-5.33788098694,0.0,-30000.0,-7.70333817126,0.0,-50000.0,-7.70333817126,-0.05,-0.05,1000000.0,1000000.0,https://www.sec.gov/Archives/edgar/data/1560905/000101041217000054/0001010412-17-000054-index.htm,https://www.sec.gov/Archives/edgar/data/1560905/000101041217000054/qtr1063017rbclean3v82117.htm,1620599051,18:24:11,20210509
15,2017-03-31,TRTK,USD,2017-08-21,2017-08-21,Q4,-220000.0,0.0,0.0,1.0,0.0,70000.0,0.0,-2152.0,10000.0,10000.0,15658.0,20000.0,-200000.0,0.9090909090909091,-220000.0,1.0,0.0,-240000.0,1.0909090909090908,0.0,-190000.0,0.8636363636363636,-0.18627,-0.18627,1020000.0,1020000.0,https://www.sec.gov/Archives/edgar/data/1560905/000101041217000052/0001010412-17-000052-index.htm,https://www.sec.gov/Archives/edgar/data/1560905/000101041217000052/f10k033117rb3v082117lwbclean.htm,1620599051,18:24:11,20210509
16,2016-12-31,TRTK,USD,2016-12-31,2016-12-31,Q3,90000.0,10000.0,80000.0,0.8888888888888888,0.0,30000.0,0.0,10401.0,30000.0,40000.0,15307.0,0.0,45307.0,0.503411,50000.0,0.5555555555555556,0.0,30000.0,0.3333333333333333,0.0,30000.0,0.3333333333333333,0.03,0.03,1000000.0,1000000.0,,,1620599051,18:24:11,20210509
17,2016-09-30,TRTK,USD,2016-09-30,2016-09-30,Q2,80000.0,40000.0,40000.0,0.5,0.0,60000.0,0.0,37900.0,60000.00000000001,100000.0,15075.0,0.0,-24925.0,-0.311563,-20000.0,-0.25,0.0,-40000.0,-0.5,0.0,-40000.0,-0.5,-0.04,-0.04,1000000.0,1000000.0,,,1620599051,18:24:11,20210509
18,2016-06-30,TRTK,USD,2016-06-30,2016-06-30,Q1,50000.0,20000.0,30000.0,0.6,0.0,60000.0,0.0,17669.0,60000.0,80000.0,13461.0,0.0,-26539.0,-0.53078,-30000.0,-0.6,0.0,-40000.0,-0.8,0.0,-40000.0,-0.8,-0.04,-0.04,1000000.0,1000000.0,,,1620599051,18:24:11,20210509
19,2016-03-31,TRTK,USD,2016-03-31,2016-03-31,Q4,10000.0,0.0,10000.0,1.0,0.0,30000.0,0.0,4091.0,30000.0,30000.0,13088.0,0.0,-16912.0,-1.6912,-20000.0,-2.0,0.0,-30000.0,-3.0,0.0,-30000.0,-3.0,-0.03,-0.03,1000000.0,1000000.0,,,1620599051,18:24:11,20210509
20,2015-12-31,TRTK,USD,2016-02-22,2016-02-22,Q3,80000.0,20000.0,60000.0,0.75,0.0,40000.0,0.0,17091.0,39999.99999999999,59999.99999999999,12615.0,0.0,22615.0,0.282688,20000.0,0.25,0.0,10000.0,0.125,0.0,10000.0,0.125,0.01,0.01,1000000.0,1000000.0,https://www.sec.gov/Archives/edgar/data/1560905/000101041216000217/0001010412-16-000217-index.htm,https://www.sec.gov/Archives/edgar/data/1560905/000101041216000217/f10qqtr3123115v21416rbsglwbc.htm,1620599051,18:24:11,20210509
21,2015-09-30,TRTK,USD,2015-09-30,2015-09-30,Q2,30000.0,10000.0,20000.0,0.6666666666666666,0.0,40000.0,0.0,7100.0,30000.0,40000.0,12314.0,0.0,-17686.0,-0.589533,-20000.0,-0.6666666666666666,0.0,-30000.0,-1.0,0.0,-30000.0,-1.0,-0.03,-0.03,1000000.0,1000000.0,,,1620599051,18:24:11,20210509
22,2015-06-30,TRTK,USD,2015-06-30,2015-06-30,Q1,30000.0,10000.0,20000.0,0.6666666666666666,0.0,30000.0,0.0,5511.0,30000.0,40000.0,10837.0,0.0,-9163.0,-0.305433,-10000.0,-0.3333333333333333,0.0,-20000.0,-0.6666666666666666,0.0,-20000.0,-0.6666666666666666,-0.02,-0.02,1000000.0,1000000.0,,,1620599051,18:24:11,20210509
23,2015-03-31,TRTK,USD,2015-03-31,2015-03-31,Q4,60000.0,10000.0,50000.0,0.8333333333333334,0.0,30000.0,0.0,7667.0,30000.0,40000.0,9738.0,0.0,19738.0,0.328967,20000.0,0.3333333333333333,0.0,10000.0,0.16666666666666666,0.0,10000.0,0.16666666666666666,0.01,0.01,1000000.0,1000000.0,,,1620599051,18:24:11,20210509
24,2014-12-31,TRTK,USD,2014-12-31,2014-12-31,Q3,80000.0,20000.0,50000.0,0.625,0.0,40000.0,0.0,20822.0,39999.99999999999,59999.99999999999,9955.0,0.0,19955.0,0.249438,20000.0,0.25,0.0,10000.0,0.125,0.0,10000.0,0.125,0.01,0.01,1000000.0,1000000.0,,,1620599051,18:24:11,20210509
25,2014-09-30,TRTK,USD,2014-09-30,2014-09-30,Q2,60000.0,20000.0,40000.0,0.6666666666666666,0.0,40000.0,0.0,24037.0,50000.0,70000.0,15406.0,0.0,-4594.0,-0.076567,-10000.0,-0.16666666666666666,0.0,-20000.0,-0.3333333333333333,0.0,-20000.0,-0.3333333333333333,-0.02,-0.02,1000000.0,1000000.0,,,1620599051,18:24:11,20210509
26,2014-06-30,TRTK,USD,2014-06-30,2014-06-30,Q1,40000.0,10000.0,30000.0,0.75,0.0,40000.0,0.0,7808.0,30000.0,40000.0,0.0,0.0,-10000.0,-0.25,-10000.0,-0.25,-10000.0,-10000.0,-0.25,0.0,-10000.0,-0.25,-0.01,-0.01,1000000.0,1000000.0,,,1620599051,18:24:11,20210509
27,2014-03-31,TRTK,USD,2014-03-31,2014-03-31,Q4,20000.0,10000.0,10000.0,0.5,0.0,60000.0,0.0,10080.0,60000.00000000001,70000.0,16801.0,0.0,-33199.0,-1.65995,-50000.0,-2.5,-10000.0,-50000.0,-2.5,0.0,-50000.0,-2.5,-0.05,-0.05,1000000.0,1000000.0,,,1620599051,18:24:11,20210509
28,2013-12-31,TRTK,USD,2013-12-31,2013-12-31,Q3,70000.0,20000.0,50000.0,0.7142857142857143,0.0,30000.0,0.0,47947.0,30000.000000000004,50000.0,-24601.0,0.0,-4601.0,-0.065729,20000.0,0.2857142857142857,0.0,20000.0,0.2857142857142857,0.0,20000.0,0.2857142857142857,0.02,0.02,1000000.0,1000000.0,,,1620599051,18:24:11,20210509
29,2013-09-30,TRTK,USD,2013-09-30,2013-09-30,Q2,100000.0,30000.0,70000.0,0.7,0.0,70000.0,0.0,0.0,70000.0,100000.0,-10000.0,0.0,-20000.0,-0.2,0.0,0.0,0.0,-10000.0,-0.1,0.0,-10000.0,-0.1,-0.01,-0.01,1000000.0,1000000.0,,,1620599051,18:24:11,20210509
30,2013-06-30,TRTK,USD,2013-06-30,2013-06-30,Q1,20000.0,10000.0,20000.0,1.0,0.0,50000.0,0.0,5156.0,40000.0,50000.0,7800.0,0.0,-32200.0,-1.61,-30000.0,-1.5,0.0,-40000.0,-2.0,0.0,-40000.0,-2.0,-0.04,-0.04,1000000.0,1000000.0,,,1620599051,18:24:11,20210509
31,2013-03-31,TRTK,USD,2013-03-31,2013-03-31,Q4,40000.0,0.0,40000.0,1.0,0.0,40000.0,0.0,24874.0,40000.0,40000.0,0.0,0.0,0.0,0.0,0.0,0.0,0.0,0.0,0.0,0.0,0.0,0.0,0.0,0.0,1000000.0,1000000.0,,,1620599051,18:24:11,20210509
32,2012-12-31,TRTK,USD,2012-12-31,2012-12-31,Q3,40000.0,0.0,40000.0,1.0,0.0,80000.0,0.0,-21235.0,80000.0,80000.0,3600.0,0.0,-36400.0,-0.91,-40000.0,-1.0,0.0,-40000.0,-1.0,0.0,-40000.0,-1.0,-0.04,-0.04,1000000.0,1000000.0,,,1620599051,18:24:11,20210509
33,2012-09-30,TRTK,USD,2012-09-30,2012-09-30,Q2,90000.0,10000.0,80000.0,0.8888888888888888,0.0,40000.0,0.0,13621.0,40000.0,50000.0,-3600.0,0.0,36400.0,0.404444,40000.0,0.4444444444444444,0.0,40000.0,0.4444444444444444,0.0,40000.0,0.4444444444444444,0.04,0.04,1000000.0,1000000.0,,,1620599051,18:24:11,20210509
34,2012-06-30,TRTK,USD,2012-06-30,2012-06-30,Q1,30000.0,10000.0,20000.0,0.6666666666666666,0.0,60000.0,0.0,7614.0,60000.00000000001,70000.0,0.0,0.0,-40000.0,-1.333333,-40000.0,-1.3333333333333333,0.0,-40000.0,-1.3333333333333333,0.0,-40000.0,-1.3333333333333333,-0.04,-0.04,1000000.0,1000000.0,,,1620599051,18:24:11,20210509
35,2012-03-31,TRTK,USD,2012-03-31,2012-03-31,Q4,30000.0,10000.0,20000.0,0.6666666666666666,0.0,10000.0,0.0,0.0,19999.999999999996,29999.999999999996,0.0,0.0,10000.0,0.333333,10000.0,0.3333333333333333,0.0,10000.0,0.3333333333333333,0.0,10000.0,0.3333333333333333,0.01,0.01,1000000.0,1000000.0,,,1620599051,18:24:11,20210509
36,2011-12-31,TRTK,USD,2011-12-31,2011-12-31,Q3,30000.0,10000.0,20000.0,0.6666666666666666,0.0,40000.0,0.0,0.0,49999.99999999999,59999.99999999999,0.0,0.0,-30000.0,-1.0,-20000.0,-0.6666666666666666,0.0,-30000.0,-1.0,0.0,-30000.0,-1.0,-0.03,-0.03,1000000.0,1000000.0,,,1620599051,18:24:11,20210509
37,2011-09-30,TRTK,USD,2011-09-30,2011-09-30,Q2,30000.0,0.0,30000.0,1.0,0.0,50000.0,0.0,0.0,60000.0,60000.0,0.0,0.0,-20000.0,-0.666667,-20000.0,-0.6666666666666666,0.0,-20000.0,-0.6666666666666666,0.0,-20000.0,-0.6666666666666666,-0.02,-0.02,1000000.0,1000000.0,,,1620599051,18:24:11,20210509
38,2011-06-30,TRTK,USD,2011-06-30,2011-06-30,Q1,30000.0,10000.0,20000.0,0.6666666666666666,0.0,60000.0,0.0,0.0,49999.99999999999,59999.99999999999,0.0,0.0,-40000.0,-1.333333,-40000.0,-1.3333333333333333,0.0,-40000.0,-1.3333333333333333,0.0,-40000.0,-1.3333333333333333,-0.04,-0.04,1000000.0,1000000.0,,,1620599051,18:24:11,20210509
