,date,symbol,reportedCurrency,fillingDate,acceptedDate,period,revenue,costOfRevenue,grossProfit,grossProfitRatio,researchAndDevelopmentExpenses,generalAndAdministrativeExpenses,sellingAndMarketingExpenses,otherExpenses,operatingExpenses,costAndExpenses,interestExpense,depreciationAndAmortization,ebitda,ebitdaratio,operatingIncome,operatingIncomeRatio,totalOtherIncomeExpensesNet,incomeBeforeTax,incomeBeforeTaxRatio,incomeTaxExpense,netIncome,netIncomeRatio,eps,epsdiluted,weightedAverageShsOut,weightedAverageShsOutDil,link,finalLink,timestamp,est_time,est_date
0,2020-12-31,ELST,USD,2021-03-09,2021-03-08 18:01:40,Q4,503039.0,221619.0,281420.0,0.5594397253493268,-99952.0,-125718.0,-176524.0,839.173,198472.0,420091.0,0.0,1739.0,84687.0,0.16835076405606722,82948.0,0.16489377563171045,19.733556,85288.0,0.16954550243619282,0.0,85288.0,0.16954550243619282,0.017242083395498476,0.017242083395498476,4946502.0,4946502.0,https://www.sec.gov/Archives/edgar/data/752294/000105291821000070/0001052918-21-000070-index.htm,https://www.sec.gov/Archives/edgar/data/752294/000105291821000070/elst10kmar2-21.htm,1620591583,16:19:43,20210509
1,2020-09-30,ELST,USD,2020-10-26,2020-10-26 16:44:48,Q3,202869.0,105410.0,97459.0,0.4804036102115158,49739.0,55761.0,90229.0,0.0,195729.0,301139.0,0.0,1738.0,-96532.0,-0.47583415898929854,-98270.0,-0.4844012638697879,2.444,-95826.0,-0.4723540807121837,0.0,-95826.0,-0.4723540807121837,-0.02,-0.02,4946502.0,4946502.0,https://www.sec.gov/Archives/edgar/data/752294/000105291820000270/0001052918-20-000270-index.htm,https://www.sec.gov/Archives/edgar/data/752294/000105291820000270/est10qoct24-20.htm,1620591583,16:19:43,20210509
2,2020-06-30,ELST,USD,2020-07-31,2020-07-31 16:08:58,Q2,245497.0,132395.0,113102.0,0.46070624080946,50213.0,69957.0,86295.0,0.0,197465.0,329860.0,0.0,1738.0,-82625.0,-0.33656215758237373,-84363.0,-0.3436416738290081,0.0,-81875.0,-0.3335071304333658,0.0,-81875.0,-0.3335071304333658,-0.02,-0.02,4946502.0,4946502.0,https://www.sec.gov/Archives/edgar/data/752294/000105291820000185/0001052918-20-000185-index.htm,https://www.sec.gov/Archives/edgar/data/752294/000105291820000185/elst10qjul27-20.htm,1620591583,16:19:43,20210509
3,2020-03-31,ELST,USD,2020-04-23,2020-04-23 13:52:19,Q1,273968.0,149231.0,124737.0,0.4552976990013432,54897.0,95713.0,87896.0,0.0,238506.0,387737.0,0.0,1738.0,-112031.0,-0.4089200198563336,-113769.0,-0.41526382643228404,0.0,-110306.0,-0.4026236640775565,0.0,-110306.0,-0.4026236640775565,-0.02,-0.02,4946502.0,4946502.0,https://www.sec.gov/Archives/edgar/data/752294/000105291820000090/0001052918-20-000090-index.htm,https://www.sec.gov/Archives/edgar/data/752294/000105291820000034/est10kfeb21-20final.htm,1620591583,16:19:43,20210509
4,2019-12-31,ELST,USD,2020-02-25,2020-02-25 15:18:46,Q4,267205.0,135850.0,131355.0,0.4915888549989708,0.0,0.0,0.0,0.0,277970.0,413820.0,0.0,1992.0,-144623.0,-0.5412436144533224,-146615.0,-0.5486985647723658,0.0,-141682.0,-0.5302370838869033,0.0,-141682.0,-0.5302370838869033,-0.0286428672221299,-0.0286428672221299,4946502.0,4946502.0,https://www.sec.gov/Archives/edgar/data/752294/000105291820000034/0001052918-20-000034-index.htm,https://www.sec.gov/Archives/edgar/data/752294/000105291820000034/est10kfeb21-20final.htm,1620591583,16:19:43,20210509
5,2019-09-30,ELST,USD,2019-10-25,2019-10-25 15:46:59,Q3,371915.0,163041.0,208874.0,0.5616175739080166,48445.0,64756.0,89414.0,0.0,202615.0,365656.0,0.0,1993.0,8252.0,0.022187865506903458,6259.0,0.016829114179315166,0.0,11769.0,0.03164432733285832,0.0,11769.0,0.03164432733285832,0.002379,0.002377,4946502.0,4951273.0,https://www.sec.gov/Archives/edgar/data/752294/000105291819000291/0001052918-19-000291-index.htm,https://www.sec.gov/Archives/edgar/data/752294/000105291819000291/elst10qoct22-19.htm,1620591583,16:19:43,20210509
6,2019-06-30,ELST,USD,2019-07-30,2019-07-29 17:55:15,Q2,395262.0,189458.0,205804.0,0.5206774240883262,51478.0,69188.0,97224.0,0.0,217890.0,407348.0,0.0,1992.0,-10094.0,-0.02553749158785818,-12086.0,-0.030577186777378043,0.0,-6219.0,-0.015733867662461862,0.0,-6219.0,-0.015733867662461862,-0.001257,-0.001257,4946502.0,4946502.0,https://www.sec.gov/Archives/edgar/data/752294/000105291819000226/0001052918-19-000226-index.htm,https://www.sec.gov/Archives/edgar/data/752294/000105291819000226/elst10qjuly26-19final.htm,1620591583,16:19:43,20210509
7,2019-03-31,ELST,USD,2019-04-29,2019-04-26 18:08:42,Q1,374166.0,175915.0,198251.0,0.5298477146507166,65474.0,93506.0,99984.0,0.0,258964.0,434879.0,0.0,1993.0,-58720.0,-0.15693569164488488,-60713.0,-0.16226220447608816,0.0,-54826.0,-0.14652854615331162,0.0,-54826.0,-0.14652854615331162,-0.01,-0.01,4953043.0,4953043.0,https://www.sec.gov/Archives/edgar/data/752294/000105291819000105/0001052918-19-000105-index.htm,https://www.sec.gov/Archives/edgar/data/752294/000105291819000044/est10kfeb25-19.htm,1620591583,16:19:43,20210509
8,2018-12-31,ELST,USD,2019-03-01,2019-03-01 16:55:36,Q4,316286.0,155263.0,161023.0,0.5091056828313615,0.0,0.0,0.0,0.0,213781.0,369044.0,0.0,2769.0,-49989.0,-0.15804999272810052,-52758.0,-0.16680472736700327,0.0,-47649.0,-0.1506516254276193,0.0,-47649.0,-0.1506516254276193,-0.009556466363741384,-0.009556466363741384,4986048.0,4986048.0,https://www.sec.gov/Archives/edgar/data/752294/000105291819000044/0001052918-19-000044-index.htm,https://www.sec.gov/Archives/edgar/data/752294/000105291819000044/est10kfeb25-19.htm,1620591583,16:19:43,20210509
9,2018-09-30,ELST,USD,2018-11-05,2018-11-05 16:09:51,Q3,299003.0,142138.0,156865.0,0.524626843208931,42965.0,67171.0,85121.0,0.0,195257.0,337395.0,0.0,2769.0,-35623.0,-0.11913927285010519,-38392.0,-0.12840004949783113,0.0,-33535.0,-0.1121560653237593,0.0,-33535.0,-0.1121560653237593,-0.01,-0.01,4986048.0,4986048.0,https://www.sec.gov/Archives/edgar/data/752294/000105291818000405/0001052918-18-000405-index.htm,https://www.sec.gov/Archives/edgar/data/752294/000105291818000405/est10qoct25-18.htm,1620591583,16:19:43,20210509
10,2018-06-30,ELST,USD,2018-07-13,2018-07-13 16:55:56,Q2,471914.0,214615.0,257299.0,0.54522434172328,30791.0,65347.0,96684.0,0.0,192822.0,407437.0,0.0,2769.0,67246.0,0.14249630229236682,64477.0,0.13662870777302644,0.0,68878.0,0.14595455951720016,0.0,68878.0,0.14595455951720016,0.013814,0.013814,4986048.0,4986048.0,https://www.sec.gov/Archives/edgar/data/752294/000105291818000272/0001052918-18-000272-index.htm,https://www.sec.gov/Archives/edgar/data/752294/000105291818000272/est10qjul13-18.htm,1620591583,16:19:43,20210509
11,2018-03-31,ELST,USD,2018-05-03,2018-05-03 10:45:56,Q1,307828.0,163583.0,144245.0,0.4685896019855244,60637.0,82811.0,108320.0,0.0,251768.0,415351.0,0.0,2769.0,-104754.0,-0.34030042751146744,-107523.0,-0.3492957105916291,0.0,-103792.0,-0.3371753056901906,0.0,-103792.0,-0.3371753056901906,-0.02,-0.02,4986048.0,4986048.0,https://www.sec.gov/Archives/edgar/data/752294/000105291818000151/0001052918-18-000151-index.htm,https://www.sec.gov/Archives/edgar/data/752294/000105291818000046/elst10kfeb21-18final.htm,1620591583,16:19:43,20210509
12,2017-12-31,ELST,USD,2018-02-23,2018-02-23 12:54:52,Q4,342967.0,161483.0,181484.0,0.5291587820402546,0.0,813481.0,-328248.0,0.0,495485.0,656968.0,0.0,4985.0,-309016.0,-0.9010079686966967,-314001.0,-0.9155428947974587,0.0,-69771.0,-0.20343356649473565,244092.0,-313863.0,-0.9151405237238568,-0.06253028264867984,-0.06253028264867984,5019376.0,5019376.0,https://www.sec.gov/Archives/edgar/data/752294/000105291818000046/0001052918-18-000046-index.htm,https://www.sec.gov/Archives/edgar/data/752294/000105291818000046/elst10kfeb21-18final.htm,1620591583,16:19:43,20210509
13,2017-09-30,ELST,USD,2017-10-27,2017-10-27 17:26:10,Q3,322762.0,133721.0,189041.0,0.5856978206852108,55511.0,59367.0,114902.0,0.0,229780.0,363501.0,0.0,4985.0,-35754.0,-0.11077512222628438,-40739.0,-0.12621993915020976,0.0,-37781.0,-0.11705529151511021,0.0,-37781.0,-0.11705529151511021,-0.01,-0.01,5019376.0,5019376.0,https://www.sec.gov/Archives/edgar/data/752294/000105291817000524/0001052918-17-000524-index.htm,https://www.sec.gov/Archives/edgar/data/752294/000105291817000524/est10qoct2117.htm,1620591583,16:19:43,20210509
14,2017-06-30,ELST,USD,2017-07-21,2017-07-21 12:35:12,Q2,380613.0,164895.0,215718.0,0.5667646664722434,56310.0,65302.0,108678.0,0.0,230290.0,395185.0,0.0,4984.0,-9588.0,-0.02519094198043682,-14572.0,-0.0382856076907515,0.0,-11724.0,-0.030802941570571684,0.0,-11724.0,-0.030802941570571684,-0.002326,-0.002326,5040803.0,5040803.0,https://www.sec.gov/Archives/edgar/data/752294/000105291817000363/0001052918-17-000363-index.htm,https://www.sec.gov/Archives/edgar/data/752294/000105291817000363/est10qjul1817.htm,1620591583,16:19:43,20210509
15,2017-03-31,ELST,USD,2017-05-08,2017-05-08 16:11:34,Q1,378786.0,183315.0,195471.0,0.516045999588158,80015.0,88134.0,114499.0,0.0,282648.0,465963.0,0.0,4985.0,-82192.0,-0.21698795626026304,-87177.0,-0.23014842153617082,0.0,-84487.0,-0.2230467863120601,0.0,-84487.0,-0.2230467863120601,-0.02,-0.02,5057667.0,5057667.0,https://www.sec.gov/Archives/edgar/data/752294/000105291817000233/0001052918-17-000233-index.htm,https://www.sec.gov/Archives/edgar/data/752294/000105291817000121/est10kfeb2217v3.htm,1620591583,16:19:43,20210509
16,2016-12-31,ELST,USD,2017-02-24,2017-02-24 12:54:39,Q4,239651.0,159192.0,80458.0,0.3357298738582355,0.0,1023219.0,-347762.0,0.0,680955.0,840147.0,0.0,6572.0,-593924.0,-2.4782871759350056,-600496.0,-2.505710387188036,0.0,-161282.0,-0.6729869685501,0.0,-85582.0,-0.35711096552904015,-0.016843176724446716,-0.016843176724446716,5081108.0,5081108.0,https://www.sec.gov/Archives/edgar/data/752294/000105291817000121/0001052918-17-000121-index.htm,https://www.sec.gov/Archives/edgar/data/752294/000105291817000121/est10kfeb2217v3.htm,1620591583,16:19:43,20210509
17,2016-09-30,ELST,USD,2016-10-31,2016-10-31 15:59:03,Q3,321468.0,126374.0,195094.0,0.6068846665920091,59624.0,67792.0,113221.0,0.0,240637.0,367011.0,0.0,6573.0,-38970.0,-0.12122512971742133,-45543.0,-0.14167195490686477,0.0,-42497.0,-0.13219667276369654,0.0,-42497.0,-0.13219667276369654,-0.01,-0.01,5081108.0,5081108.0,https://www.sec.gov/Archives/edgar/data/752294/000105291816001340/0001052918-16-001340-index.htm,https://www.sec.gov/Archives/edgar/data/752294/000105291816001340/est10qoct2616.htm,1620591583,16:19:43,20210509
18,2016-06-30,ELST,USD,2016-07-29,2016-07-29 13:57:00,Q2,461119.0,191463.0,269656.0,0.5847861398033913,76475.0,74285.0,125071.0,0.0,275831.0,467294.0,0.0,6572.0,397.0,0.0008609491259306166,-6175.0,-0.013391337160255812,0.0,-3191.0,-0.006920122571396971,-400.0,-2791.0,-0.006052667532675947,-0.000549,-0.000549,5081108.0,5081108.0,https://www.sec.gov/Archives/edgar/data/752294/000105291816001183/0001052918-16-001183-index.htm,https://www.sec.gov/Archives/edgar/data/752294/000105291816001183/est10qjul2716.htm,1620591583,16:19:43,20210509
19,2016-03-31,ELST,USD,2016-04-28,2016-04-28 11:48:38,Q1,467651.0,200136.0,267515.0,0.572039833123419,69135.0,123565.0,87127.0,0.0,279827.0,479963.0,0.0,6573.0,-5739.0,-0.012271972047531172,-12312.0,-0.026327325291723956,0.0,-9426.0,-0.020156056546441686,400.0,-9826.0,-0.02101139524987651,-0.001918,-0.001918,5124363.0,5124363.0,https://www.sec.gov/Archives/edgar/data/752294/000105291816000987/0001052918-16-000987-index.htm,https://www.sec.gov/Archives/edgar/data/752294/000105291816000840/elst10kmar316.htm,1620591583,16:19:43,20210509
20,2015-12-31,ELST,USD,2016-03-04,2016-03-04 13:36:26,Q4,308158.0,172868.0,135290.0,0.439028031074968,0.0,868794.0,-378899.0,0.0,196812.0,369680.0,0.0,6800.0,-54722.0,-0.17757773609641808,-61522.0,-0.19964433829399203,0.0,-59018.0,-0.19151863654359128,-88470.0,29452.0,0.09557434822396303,0.005709226821580071,0.005709226821580071,5158667.0,5158667.0,https://www.sec.gov/Archives/edgar/data/752294/000105291816000840/0001052918-16-000840-index.htm,https://www.sec.gov/Archives/edgar/data/752294/000105291816000840/elst10kmar316.htm,1620591583,16:19:43,20210509
21,2015-09-30,ELST,USD,2015-10-23,2015-10-23 13:57:56,Q3,439080.0,185725.0,253355.0,0.5770133005374875,72502.0,103849.0,124145.0,0.0,300496.0,486221.0,0.0,6801.0,-40340.0,-0.09187391819258449,-47141.0,-0.10736312289332241,0.0,-44204.0,-0.10067413683155689,0.0,-44204.0,-0.10067413683155689,-0.01,-0.01,5158667.0,5158667.0,https://www.sec.gov/Archives/edgar/data/752294/000105291815000537/0001052918-15-000537-index.htm,https://www.sec.gov/Archives/edgar/data/752294/000105291815000537/est10qsep3015.htm,1620591583,16:19:43,20210509
22,2015-06-30,ELST,USD,2015-08-04,2015-08-04 17:29:19,Q2,353474.0,173842.0,179632.0,0.5081901356252511,74107.0,114224.0,128512.0,0.0,316843.0,490685.0,0.0,6783.0,-130428.0,-0.3689889496822963,-137211.0,-0.3881784798881954,0.0,-134170.0,-0.37957530115369165,-7600.0,-126570.0,-0.35807442697341246,-0.02,-0.02,5158667.0,5158667.0,https://www.sec.gov/Archives/edgar/data/752294/000105291815000351/0001052918-15-000351-index.htm,https://www.sec.gov/Archives/edgar/data/752294/000105291815000351/est10qaug415v2.htm,1620591583,16:19:43,20210509
23,2015-03-31,ELST,USD,2015-04-29,2015-04-28 17:57:34,Q1,449872.0,201597.0,248275.0,0.5518792011950066,73122.0,128948.0,138413.0,0.0,340483.0,542080.0,0.0,8330.0,-83878.0,-0.18644858982110468,-92208.0,-0.20496496781306683,0.0,-89451.0,-0.19883655795426255,7600.0,-97051.0,-0.2157302521606146,-0.02,-0.02,5158667.0,5158667.0,https://www.sec.gov/Archives/edgar/data/752294/000105291815000168/0001052918-15-000168-index.htm,https://www.sec.gov/Archives/edgar/data/752294/000105291815000043/est10kfeb415.htm,1620591583,16:19:43,20210509
24,2014-12-31,ELST,USD,2015-02-06,2015-02-06 13:25:30,Q4,454927.0,202569.0,252358.0,0.5547219663814195,0.0,949524.0,-326290.0,0.0,672243.0,874812.0,0.0,6348.0,-413537.0,-0.9090183699802385,-419885.0,-0.9229722570874008,0.0,-65070.0,-0.14303393731301944,-50122.0,-14948.0,-0.032858018978869134,-0.002897647783817021,-0.002897647783817021,5158667.0,5158667.0,https://www.sec.gov/Archives/edgar/data/752294/000105291815000043/0001052918-15-000043-index.htm,https://www.sec.gov/Archives/edgar/data/752294/000105291815000043/est10kfeb415.htm,1620591583,16:19:43,20210509
25,2014-09-30,ELST,USD,2014-11-03,2014-10-31 18:21:21,Q3,380407.0,190127.0,190280.0,0.5002011004003607,80798.0,96983.0,111456.0,0.0,289236.0,479363.0,0.0,5989.0,-92967.0,-0.24438824732457604,-98956.0,-0.26013191134758296,0.0,-96464.0,-0.25358103294629175,-2660.0,-93806.0,-0.24659377982003486,-0.02,-0.02,5158667.0,5158667.0,https://www.sec.gov/Archives/edgar/data/752294/000105291814000403/0001052918-14-000403-index.htm,https://www.sec.gov/Archives/edgar/data/752294/000105291814000403/est10qoct2814.htm,1620591583,16:19:43,20210509
26,2014-06-30,ELST,USD,2014-08-01,2014-07-31 20:53:08,Q2,532262.0,229986.0,302276.0,0.5679082857690385,65793.0,102962.0,122686.0,0.0,291441.0,521427.0,0.0,2956.0,13791.0,0.025910172058121753,10835.0,0.020356516151819968,0.0,13812.0,0.025949626311853935,900.0,12912.0,0.02425872972333174,0.002503,0.002503,5158667.0,5158667.0,https://www.sec.gov/Archives/edgar/data/752294/000105291814000284/0001052918-14-000284-index.htm,https://www.sec.gov/Archives/edgar/data/752294/000105291814000284/est10qjul2914.htm,1620591583,16:19:43,20210509
27,2014-03-31,ELST,USD,2014-05-08,2014-05-07 19:38:07,Q1,499824.0,227942.0,271882.0,0.5439554723262588,58849.0,113532.0,108240.0,0.0,280621.0,508563.0,0.0,2531.0,-6208.0,-0.012420371970933769,-8739.0,-0.01748415442235667,0.0,-6190.0,-0.012384359294471655,-240.0,-5950.0,-0.011904190274976792,-0.001153,-0.001153,5158667.0,5158667.0,https://www.sec.gov/Archives/edgar/data/752294/000105291814000147/0001052918-14-000147-index.htm,https://www.sec.gov/Archives/edgar/data/752294/000105291814000057/ext10kmar514.htm,1620591583,16:19:43,20210509
28,2013-12-31,ELST,USD,2014-03-05,2014-03-05 15:10:49,Q4,708731.0,305879.0,402852.0,0.5684131214805053,0.0,910872.0,-336036.0,0.0,614393.0,920272.0,0.0,3444.0,-208097.0,-0.2936191587499347,-211541.0,-0.2984785482785429,0.0,123043.0,0.17361029784219964,6900.0,116143.0,0.16387458711415193,0.022514149488617893,0.022514149488617893,5158667.0,5158667.0,https://www.sec.gov/Archives/edgar/data/752294/000105291814000057/0001052918-14-000057-index.htm,https://www.sec.gov/Archives/edgar/data/752294/000105291814000057/ext10kmar514.htm,1620591583,16:19:43,20210509
29,2013-09-30,ELST,USD,2013-10-31,2013-10-31 16:29:38,Q3,574507.0,255174.0,319333.0,0.5558383100641071,64114.0,81777.0,114188.0,0.0,260079.0,515253.0,0.0,3411.0,62665.0,0.10907612962070087,59254.0,0.10313886514872751,0.0,61195.0,0.10651741406109934,9239.0,51956.0,0.0904357997378622,0.01,0.01,5158667.0,5158667.0,https://www.sec.gov/Archives/edgar/data/752294/000105291813000461/0001052918-13-000461-index.htm,https://www.sec.gov/Archives/edgar/data/752294/000105291813000461/est10qoct2413.htm,1620591583,16:19:43,20210509
30,2013-06-30,ELST,USD,2013-08-13,2013-08-13 13:48:04,Q2,493607.0,221032.0,272575.0,0.5522105642748179,68670.0,94410.0,123040.0,0.0,286120.0,507152.0,0.0,3411.0,-10134.0,-0.020530503011505104,-13545.0,-0.02744085882088382,0.0,-11669.0,-0.023640264420885442,-5378.0,-6291.0,-0.012744957020463648,-0.0012195010842917366,-0.0012195010842917366,5158667.0,5158667.0,https://www.sec.gov/Archives/edgar/data/752294/000105291813000330/0001052918-13-000330-index.htm,https://www.sec.gov/Archives/edgar/data/752294/000105291813000330/est10qaug813.htm,1620591583,16:19:43,20210509
31,2013-03-31,ELST,USD,2013-05-14,2013-05-14 13:39:54,Q1,413413.0,189714.0,223699.0,0.5411029648317784,56805.0,117393.0,115863.0,0.0,290061.0,479775.0,0.0,3274.0,-63088.0,-0.15260284509679184,-66362.0,-0.16052228643027674,0.0,-64373.0,-0.15571111697019688,-18761.0,-45612.0,-0.11033034761848322,-0.01,-0.01,5158667.0,5158667.0,https://www.sec.gov/Archives/edgar/data/752294/000105291813000176/0001052918-13-000176-index.htm,https://www.sec.gov/Archives/edgar/data/752294/000105291813000090/est10kmar2713final.htm,1620591583,16:19:43,20210509
32,2012-12-31,ELST,USD,2013-03-28,2013-03-28 17:09:23,Q4,652872.0,267333.0,385539.0,0.5905276991508289,0.0,940299.0,-337211.0,0.0,638419.0,905752.0,0.0,4083.0,-248797.0,-0.38108082441887536,-252880.0,-0.3873347302380865,353391.0,107931.0,0.16531724442157114,42009.0,65922.0,0.10097231922949675,0.012778882606688899,0.012778882606688899,5158667.0,5158667.0,https://www.sec.gov/Archives/edgar/data/752294/000105291813000090/0001052918-13-000090-index.htm,https://www.sec.gov/Archives/edgar/data/752294/000105291813000090/est10kmar2713final.htm,1620591583,16:19:43,20210509
33,2012-09-30,ELST,USD,2012-11-19,2012-11-19 07:14:14,Q3,551205.0,233796.0,317409.0,0.5758456472637222,55210.0,95175.0,110049.0,0.0,260434.0,494230.0,0.0,3748.0,60723.0,0.11016409502816557,56975.0,0.10336444698433432,1830.0,58805.0,0.1066844458958101,22090.0,36715.0,0.06660861204089223,0.01,0.01,5158667.0,5158667.0,https://www.sec.gov/Archives/edgar/data/752294/000105291812000561/0001052918-12-000561-index.htm,https://www.sec.gov/Archives/edgar/data/752294/000105291812000561/est10qnov1312.htm,1620591583,16:19:43,20210509
34,2012-06-30,ELST,USD,2012-08-14,2012-08-14 16:41:00,Q2,416931.0,204613.0,212318.0,0.509240138056417,67278.0,96515.0,130559.0,0.0,294352.0,498965.0,0.0,3827.0,-78207.0,-0.1875778006432719,-82034.0,-0.19675677750035378,0.0,-80291.0,-0.19257622963991644,-26168.0,-54123.0,-0.12981284673003446,-0.01,-0.01,5158667.0,5158667.0,https://www.sec.gov/Archives/edgar/data/752294/000105291812000372/0001052918-12-000372-index.htm,https://www.sec.gov/Archives/edgar/data/752294/000105291812000372/est10q2q12draftv6.htm,1620591583,16:19:43,20210509
35,2012-03-31,ELST,USD,2012-05-15,2012-05-14 18:47:04,Q1,492807.0,215745.0,277062.0,0.5622119815668203,80760.0,120770.0,113184.0,0.0,314714.0,530459.0,0.0,3826.0,-33826.0,-0.06863944708577598,-37652.0,-0.0764031355074096,0.0,-35924.0,-0.072896691808355,-11531.0,-24393.0,-0.049498079369814145,-0.004728547122735389,-0.004728547122735389,5158667.0,5158667.0,https://www.sec.gov/Archives/edgar/data/752294/000105291812000238/0001052918-12-000238-index.htm,https://www.sec.gov/Archives/edgar/data/752294/000105291812000108/est10k2011f.htm,1620591583,16:19:43,20210509
36,2011-12-31,ELST,USD,2012-03-23,2012-03-23 11:58:05,Q4,458976.0,199265.0,259711.0,0.5658487589765042,0.0,949365.0,-394606.0,0.0,274946.0,474211.0,0.0,5706.0,-9529.0,-0.02076143414906226,-15235.0,-0.0331934567384787,0.0,-13107.0,-0.028557048734574358,-8763.0,-4344.0,-0.009464547165864881,-0.0008420780019334452,-0.0008420780019334452,5158667.0,5158667.0,https://www.sec.gov/Archives/edgar/data/752294/000105291812000108/0001052918-12-000108-index.htm,https://www.sec.gov/Archives/edgar/data/752294/000105291812000108/est10k2011f.htm,1620591583,16:19:43,20210509
37,2011-09-30,ELST,USD,2011-11-14,2011-11-10 18:03:03,Q3,487161.0,234236.0,252925.0,0.5191815436785785,70600.0,91437.0,123946.0,0.0,285983.0,520219.0,0.0,5704.0,-27354.0,-0.05614981494824093,-33058.0,-0.0678584697871956,0.0,-30881.0,-0.06338972126258054,-10800.0,-20081.0,-0.04122045894478417,-0.0038926722736706983,-0.0038926722736706983,5158667.0,5158667.0,https://www.sec.gov/Archives/edgar/data/752294/000105291811000614/0001052918-11-000614-index.htm,https://www.sec.gov/Archives/edgar/data/752294/000105291811000614/est10q3q11.htm,1620591583,16:19:43,20210509
38,2011-06-30,ELST,USD,2011-08-15,2011-08-15 13:30:46,Q2,312384.0,147132.0,165252.0,0.5290027658266748,78062.0,94108.0,147480.0,0.0,319650.0,466782.0,0.0,5629.0,-148769.0,-0.47623757938946937,-154398.0,-0.49425706822372467,0.0,-151754.0,-0.48579312640852285,-45700.0,-106054.0,-0.3394988219627126,-0.02,-0.02,5158667.0,5158667.0,https://www.sec.gov/Archives/edgar/data/752294/000105291811000360/0001052918-11-000360-index.htm,https://www.sec.gov/Archives/edgar/data/752294/000105291811000360/est10qaug1211.htm,1620591583,16:19:43,20210509
39,2011-03-31,ELST,USD,2011-05-16,2011-05-13 17:49:11,Q1,533220.0,217339.0,315881.0,0.5924027605866247,58362.0,119712.0,136399.0,0.0,314473.0,531812.0,0.0,4917.0,6325.0,0.011861895652826226,1408.0,0.002640561119237838,4166.0,8289.0,0.01554517835039946,7800.0,489.0,0.0009170698773489366,9.479192977565716e-05,9.242290908761011e-05,5158667.0,5290896.0,https://www.sec.gov/Archives/edgar/data/752294/000105291811000220/0001052918-11-000220-index.htm,https://www.sec.gov/Archives/edgar/data/752294/000105291811000108/estform10kmar2211.htm,1620591583,16:19:43,20210509
40,2010-12-31,ELST,USD,2011-03-23,2011-03-23 16:35:31,Q4,613241.0,238710.0,374531.0,0.6107403125361808,0.0,1148769.0,-349128.0,0.0,336750.0,575460.0,0.0,8335.0,46116.0,0.07520045137229898,37781.0,0.061608731314442444,0.0,40275.0,0.06567564791003863,12971.0,27304.0,0.04452409411634251,0.0052928401852649146,0.0052928401852649146,5158667.0,5158667.0,https://www.sec.gov/Archives/edgar/data/752294/000105291811000108/0001052918-11-000108-index.htm,https://www.sec.gov/Archives/edgar/data/752294/000105291811000108/estform10kmar2211.htm,1620591583,16:19:43,20210509
41,2010-09-30,ELST,USD,2010-11-10,2010-11-09 18:18:01,Q3,587905.0,220416.0,367489.0,0.6250822837022988,56102.0,78819.0,109707.0,0.0,244628.0,465044.0,0.0,8074.0,130935.0,0.22271455422219577,122861.0,0.2089810428555634,0.0,126079.0,0.21445471632321547,43400.0,82679.0,0.1406332655786224,0.016027202376117707,0.0157768724815233,5158667.0,5240519.0,https://www.sec.gov/Archives/edgar/data/752294/000105291810000375/0001052918-10-000375-index.htm,https://www.sec.gov/Archives/edgar/data/752294/000105291810000375/est10q3q10.htm,1620591583,16:19:43,20210509
42,2010-06-30,ELST,USD,2010-08-11,2010-08-10 18:54:42,Q2,472623.0,197445.0,275178.0,0.5822357354593407,86285.0,88055.0,123839.0,0.0,298179.0,495624.0,0.0,7995.0,-15006.0,-0.03175046495832831,-23001.0,-0.04866669628858519,0.0,-19404.0,-0.04105597907846211,-3500.0,-15904.0,-0.03365049944670488,-0.0030829669757710663,-0.0030829669757710663,5158667.0,5158667.0,https://www.sec.gov/Archives/edgar/data/752294/000105291810000271/0001052918-10-000271-index.htm,https://www.sec.gov/Archives/edgar/data/752294/000105291810000271/est10qaug1010.htm,1620591583,16:19:43,20210509
43,2010-03-31,ELST,USD,2010-05-13,2010-05-13 17:04:16,Q1,555029.0,213030.0,341999.0,0.616182217505752,64830.0,109446.0,131198.0,0.0,305474.0,518504.0,0.0,7961.0,44486.0,0.08015076689686484,36525.0,0.06580737222739713,0.0,40072.0,0.07219802929216311,4700.0,35372.0,0.06373000329712501,0.006856810102299683,0.006753625739692138,5158667.0,5237483.0,https://www.sec.gov/Archives/edgar/data/752294/000105291810000176/0001052918-10-000176-index.htm,https://www.sec.gov/Archives/edgar/data/752294/000105291810000090/est10kmar2510s.htm,1620591583,16:19:43,20210509
44,2009-12-31,ELST,USD,2010-03-26,2010-03-26 14:05:11,Q4,515779.0,214698.0,301081.0,0.5837403228902301,0.0,1088071.0,-317545.0,0.0,286898.0,501596.0,0.0,10035.0,24218.0,0.04695421876423817,14183.0,0.027498211443273184,0.0,18124.0,0.03513908088541798,2104.0,16020.0,0.031059814377863388,0.003105453404920302,0.003105453404920302,5158667.0,5158667.0,https://www.sec.gov/Archives/edgar/data/752294/000105291810000090/0001052918-10-000090-index.htm,https://www.sec.gov/Archives/edgar/data/752294/000105291810000090/est10kmar2510s.htm,1620591583,16:19:43,20210509
45,2009-09-30,ELST,USD,2009-11-12,2009-11-12 11:42:49,Q3,379269.0,166814.0,212455.0,0.5601696948603762,67139.0,76670.0,107786.0,0.0,251595.0,418409.0,0.0,10036.0,-29104.0,-0.07673709161571339,-39140.0,-0.10319852136610164,0.0,-35142.0,-0.09265719054286008,-7500.0,-27642.0,-0.0728823078079147,-0.01,-0.01,5158667.0,5158667.0,https://www.sec.gov/Archives/edgar/data/752294/000105291809000478/0001052918-09-000478-index.htm,https://www.sec.gov/Archives/edgar/data/752294/000105291809000478/est10qnov1109.htm,1620591583,16:19:43,20210509
46,2009-06-30,ELST,USD,2009-08-12,2009-08-12 15:48:39,Q2,519899.0,213704.0,306194.0,0.5889490074033611,67189.0,84249.0,116607.0,0.0,268045.0,481749.0,0.0,10035.0,48185.0,0.09268146313033877,38150.0,0.0733796371987636,0.0,44280.0,0.08517038886399089,6600.0,37680.0,0.07247561545607897,0.01,0.01,5158667.0,5158667.0,https://www.sec.gov/Archives/edgar/data/752294/000105291809000355/0001052918-09-000355-index.htm,https://www.sec.gov/Archives/edgar/data/752294/000105291809000355/est10qaug1209.htm,1620591583,16:19:43,20210509
47,2009-03-31,ELST,USD,2009-05-14,2009-05-14 15:06:24,Q1,452130.0,182166.0,269964.0,0.597093756220556,68275.0,108020.0,109186.0,0.0,285481.0,467647.0,0.0,10036.0,-5481.0,-0.012122619600557362,-15517.0,-0.03431977528586911,10853.0,-4664.0,-0.010315617189746312,-3100.0,-1564.0,-0.003459182093645633,-0.00030317909646038405,-0.00030317909646038405,5158667.0,5158667.0,https://www.sec.gov/Archives/edgar/data/752294/000105291809000227/0001052918-09-000227-index.htm,https://www.sec.gov/Archives/edgar/data/752294/000105291809000137/est10kmar2409s.htm,1620591583,16:19:43,20210509
48,2008-12-31,ELST,USD,2009-03-25,2009-03-25 17:20:52,Q4,441095.0,230098.0,210997.0,0.47834820163456854,0.0,1322907.0,0.0,0.0,325635.0,555733.0,0.0,12678.0,-101960.0,-0.23115201940625035,-114638.0,-0.259894127115474,649.0,-102261.0,-0.23183441208809893,-54142.0,-48119.0,-0.10908987859758101,-0.009327797277862673,-0.009327797277862673,5158667.0,5158667.0,https://www.sec.gov/Archives/edgar/data/752294/000105291809000137/0001052918-09-000137-index.htm,https://www.sec.gov/Archives/edgar/data/752294/000105291809000137/est10kmar2409s.htm,1620591583,16:19:43,20210509
49,2008-09-30,ELST,USD,2008-11-13,2008-11-13 13:42:59,Q3,606559.0,248024.0,358535.0,0.5910966616602836,126818.0,153503.0,0.0,0.0,338467.0,586491.0,0.0,12663.0,32731.0,0.05396177453471138,20068.0,0.03308499255637127,0.0,33363.0,0.05500371769275536,7914.0,25449.0,0.04195634719788182,0.01,0.01,5158667.0,5158667.0,https://www.sec.gov/Archives/edgar/data/752294/000105291808000436/0001052918-08-000436-index.htm,https://www.sec.gov/Archives/edgar/data/752294/000105291808000436/f10q308.htm,1620591583,16:19:43,20210509
50,2008-06-30,ELST,USD,2008-08-13,2008-08-12 18:22:41,Q2,480910.0,219967.0,260943.0,0.5426025659686844,132171.0,257573.0,0.0,0.0,389744.0,609711.0,0.0,12563.0,-116238.0,-0.24170426899003972,-128801.0,-0.2678276600611341,525.0,-112277.0,-0.23346780062797612,-15000.0,-97277.0,-0.20227693331392568,-0.02,-0.02,5157156.0,5157156.0,https://www.sec.gov/Archives/edgar/data/752294/000105291808000316/0001052918-08-000316-index.htm,https://www.sec.gov/Archives/edgar/data/752294/000105291808000316/est10qaug1208s.htm,1620591583,16:19:43,20210509
51,2008-03-31,ELST,USD,2008-05-14,2008-05-13 17:34:15,Q1,580137.0,253006.0,327131.0,0.5638857718090727,127836.0,264630.0,0.0,0.0,392466.0,645472.0,0.0,12164.0,-53171.0,-0.09165248898105102,-65335.0,-0.1126199501152314,0.0,-46640.0,-0.08039480329646273,-10400.0,-36240.0,-0.06246800324750878,-0.01,-0.01,3624000.0,3624000.0,https://www.sec.gov/Archives/edgar/data/752294/000105291808000186/0001052918-08-000186-index.htm,https://www.sec.gov/Archives/edgar/data/752294/000105291808000186/est10qmay1308.htm,1620591583,16:19:43,20210509
52,2007-12-31,ELST,USD,2008-03-26,2008-03-26,Q4,971040.0,339465.0,631575.0,0.6504108996539792,0.0,809475.0,0.0,0.0,440386.0,779851.0,0.0,15472.0,206661.0,0.21282439446366783,191189.0,0.19689096226725986,573.0,213294.0,0.21965521502718735,59114.0,154180.0,0.15877821716922064,0.035991409496241654,0.035991409496241654,4283800.0,4283800.0,https://www.sec.gov/Archives/edgar/data/752294/000105291808000111/0001052918-08-000111-index.htm,https://www.sec.gov/Archives/edgar/data/752294/000105291808000111/eft10ksb2007ev2.htm,1620591583,16:19:43,20210509
53,2007-09-30,ELST,USD,2007-11-13,2007-11-13 10:59:02,Q3,982945.0,259904.0,723041.0,0.7355864265040262,131899.0,215112.0,0.0,0.0,347011.0,606915.0,0.0,13597.0,389627.0,0.3963873868832946,376030.0,0.3825544664248763,204.0,97538.0,0.09923037402906572,54700.0,42838.0,0.04358127870837127,0.01,0.01,4283800.0,4283800.0,https://www.sec.gov/Archives/edgar/data/752294/000075229407000030/0000752294-07-000030-index.htm,https://www.sec.gov/Archives/edgar/data/752294/000075229407000030/q307.htm,1620591583,16:19:43,20210509
54,2007-06-30,ELST,USD,2007-08-13,2007-08-13 14:19:48,Q2,673979.0,276498.0,397481.0,0.589752796452115,124774.0,225676.0,0.0,0.0,350450.0,626948.0,0.0,12806.0,59837.0,0.08878169794607844,47031.0,0.06978110593950257,939.0,67835.0,0.10064853652710247,12100.0,55735.0,0.08269545490289756,0.01,0.01,5573500.0,5573500.0,https://www.sec.gov/Archives/edgar/data/752294/000075229407000025/0000752294-07-000025-index.htm,https://www.sec.gov/Archives/edgar/data/752294/000075229407000025/q207.htm,1620591583,16:19:43,20210509
55,2007-03-31,ELST,USD,2007-05-11,2007-05-11 14:03:54,Q1,674557.0,279456.0,395101.0,0.5857192201696817,112416.0,216788.0,0.0,0.0,329204.0,608660.0,0.0,12558.0,78455.0,0.11630596080094047,65897.0,0.09768929830985372,0.0,84469.0,0.12522144162761634,17900.0,66569.0,0.09868550767392525,0.01,0.01,6656900.0,6656900.0,https://www.sec.gov/Archives/edgar/data/752294/000075229407000022/0000752294-07-000022-index.htm,https://www.sec.gov/Archives/edgar/data/752294/000075229407000018/k06.htm,1620591583,16:19:43,20210509
56,2006-12-31,ELST,USD,2007-03-28,2007-03-28 14:33:41,Q4,853476.0,268570.0,584906.0,0.6853221414544756,0.0,636493.0,0.0,0.0,360582.0,629152.0,0.0,15599.0,239923.0,0.2811127670842531,224324.0,0.2628357446489415,-192.0,241527.0,0.2829921403765308,78417.0,163110.0,0.19111257961559552,0.030360732633459907,0.030360732633459907,5372400.0,5372400.0,https://www.sec.gov/Archives/edgar/data/752294/000075229407000018/0000752294-07-000018-index.htm,https://www.sec.gov/Archives/edgar/data/752294/000075229407000018/k06.htm,1620591583,16:19:43,20210509
57,2006-09-30,ELST,USD,2006-11-13,2006-11-13 12:15:23,Q3,635531.0,253710.0,381821.0,0.6007905200533098,100381.0,187588.0,0.0,0.0,287969.0,541679.0,0.0,15459.0,109311.0,0.17199947760219408,93852.0,0.14767493639177318,-17126.0,88863.0,0.13982480791652965,35139.0,53724.0,0.08453403531849744,0.01,0.01,5372400.0,5372400.0,https://www.sec.gov/Archives/edgar/data/752294/000075229406000032/0000752294-06-000032-index.htm,https://www.sec.gov/Archives/edgar/data/752294/000075229406000032/q306.htm,1620591583,16:19:43,20210509
58,2006-06-30,ELST,USD,2006-08-09,2006-08-09 11:28:19,Q2,640970.0,255581.0,385389.0,0.6012590292837419,91409.0,241378.0,0.0,0.0,332787.0,588368.0,0.0,15015.0,67617.0,0.1054916766775356,52602.0,0.08206624334992277,-2320.0,61786.0,0.0963945270449475,26482.0,35304.0,0.05507902085901056,0.01,0.01,5153667.0,5153667.0,https://www.sec.gov/Archives/edgar/data/752294/000075229406000029/0000752294-06-000029-index.htm,https://www.sec.gov/Archives/edgar/data/752294/000075229406000029/q206.htm,1620591583,16:19:43,20210509
59,2006-03-31,ELST,USD,2006-05-11,2006-05-11 13:47:34,Q1,487833.0,240938.0,246895.0,0.5061055730137157,85121.0,217302.0,0.0,0.0,302423.0,543361.0,0.0,14761.0,-40767.0,-0.08356753233176108,-55528.0,-0.11382583794044274,-7893.0,-55148.0,-0.11304688284720386,-25148.0,-30000.0,-0.06149645472938485,-0.01,-0.01,5153667.0,5153667.0,https://www.sec.gov/Archives/edgar/data/752294/000075229406000026/0000752294-06-000026-index.htm,https://www.sec.gov/Archives/edgar/data/752294/000075229406000026/q106.htm,1620591583,16:19:43,20210509
60,2005-12-31,ELST,USD,2005-12-31,2005-12-31,Q4,637322.0,286409.0,350913.0,0.5506055023991012,0.0,516056.0,0.0,0.0,312771.0,599180.0,0.0,18386.0,56528.0,0.08869613790203382,38142.0,0.05984729853982759,-18621.0,34934.0,0.05481373622752706,8064.0,26870.0,0.04216079156219305,0.006638911880613241,0.006638911880613241,4047350.0,4047350.0,,,1620591583,16:19:43,20210509
61,2005-09-30,ELST,USD,2005-11-14,2005-11-14 12:47:07,Q3,650195.0,277890.0,372305.0,0.5726051415344627,66934.0,194425.0,0.0,0.0,261359.0,539249.0,0.0,18642.0,129588.0,0.19930636193757256,110946.0,0.1706349633571467,-2344.0,119861.0,0.18434623459116112,38914.0,80947.0,0.12449649720468475,0.02,0.02,4047350.0,4047350.0,https://www.sec.gov/Archives/edgar/data/752294/000075229405000038/0000752294-05-000038-index.htm,https://www.sec.gov/Archives/edgar/data/752294/000075229405000038/q305.htm,1620591583,16:19:43,20210509
62,2005-06-30,ELST,USD,2005-08-11,2005-08-11 14:30:46,Q2,547178.0,281467.0,265711.0,0.48560249132823324,69659.0,219395.0,0.0,0.0,289054.0,570521.0,0.0,18463.0,-4880.0,-0.008918487219880917,-23343.0,-0.042660706388049224,-3831.0,-17363.0,-0.03173190442598204,-2645.0,-14718.0,-0.02689801125045232,-0.002859,-0.002859,5148667.0,5148667.0,https://www.sec.gov/Archives/edgar/data/752294/000075229405000032/0000752294-05-000032-index.htm,https://www.sec.gov/Archives/edgar/data/752294/000075229405000032/q205.htm,1620591583,16:19:43,20210509
63,2005-03-31,ELST,USD,2005-05-12,2005-05-12 14:55:19,Q1,555248.0,241743.0,313505.0,0.5646215745036453,66692.0,210299.0,0.0,0.0,276990.0,518733.0,0.0,18391.0,54906.0,0.09888554303662507,36515.0,0.06576340662190588,-5513.0,37325.0,0.06722221421779097,12606.0,24719.0,0.044518845632942394,0.01,0.01,5148667.0,5148667.0,https://www.sec.gov/Archives/edgar/data/752294/000075229405000025/0000752294-05-000025-index.htm,https://www.sec.gov/Archives/edgar/data/752294/000075229405000019/k1004.htm,1620591583,16:19:43,20210509
64,2004-12-31,ELST,USD,2005-03-28,2005-03-25 17:32:23,Q4,586642.0,270720.0,315922.0,0.5385260516635358,0.0,524129.0,0.0,0.0,286543.0,557263.0,0.0,25984.0,55363.0,0.09437271794382264,29379.0,0.05007994654320693,3441.0,41725.0,0.0711251495801528,11056.0,30669.0,0.052278902635679,0.006229864510755855,0.006229864510755855,4922900.0,4922900.0,https://www.sec.gov/Archives/edgar/data/752294/000075229405000019/0000752294-05-000019-index.htm,https://www.sec.gov/Archives/edgar/data/752294/000075229405000019/k1004.htm,1620591583,16:19:43,20210509
65,2004-09-30,ELST,USD,2004-11-12,2004-11-12 11:29:36,Q3,429008.0,195338.0,233670.0,0.5446751575728191,85858.0,159963.0,0.0,0.0,245821.0,441159.0,0.0,16679.0,4528.0,0.010554581732741581,-12151.0,-0.028323481147204715,877.0,-5358.0,-0.012489277589229105,-1822.0,-3536.0,-0.008242270540409503,-0.000694,-0.000694,4922900.0,4922900.0,https://www.sec.gov/Archives/edgar/data/752294/000075229404000027/0000752294-04-000027-index.htm,https://www.sec.gov/Archives/edgar/data/752294/000075229404000027/q304.htm,1620591583,16:19:43,20210509
66,2004-06-30,ELST,USD,2004-08-13,2004-08-12 18:45:18,Q2,662726.0,265376.0,397350.0,0.5995690526703343,80273.0,203905.0,0.0,0.0,284178.0,549554.0,0.0,11348.0,124520.0,0.18789062146347058,113172.0,0.17076740613767982,296.0,118915.0,0.17943312922685997,40340.0,78575.0,0.1185633278308079,0.01,0.01,5098667.0,5098667.0,https://www.sec.gov/Archives/edgar/data/752294/000075229404000025/0000752294-04-000025-index.htm,https://www.sec.gov/Archives/edgar/data/752294/000075229404000025/q204.htm,1620591583,16:19:43,20210509
67,2004-03-31,ELST,USD,2004-05-13,2004-05-13 14:28:58,Q1,619569.0,252759.0,366810.0,0.5920405959626773,71454.0,201400.0,0.0,0.0,272854.0,525613.0,0.0,15616.0,109572.0,0.17685197290374438,93956.0,0.1516473548547458,7649.0,104844.0,0.16922086159895025,35732.0,69112.0,0.11154851194943581,0.01,0.01,5098667.0,5098667.0,https://www.sec.gov/Archives/edgar/data/752294/000075229404000023/0000752294-04-000023-index.htm,https://www.sec.gov/Archives/edgar/data/752294/000075229404000023/q104.htm,1620591583,16:19:43,20210509
68,2003-12-31,ELST,USD,2003-12-31,2003-12-31,Q4,507964.0,240584.0,267380.0,0.5263758849052295,0.0,431776.0,0.0,0.0,252612.0,493196.0,0.0,17191.0,31959.0,0.06291587592821539,14768.0,0.029072926427857092,9164.0,40124.0,0.07898984967438637,5411.0,34713.0,0.06833751998173099,0.006235815240373405,0.006235815240373405,5566714.0,5566714.0,,,1620591583,16:19:43,20210509
69,2003-09-30,ELST,USD,2003-11-14,2003-11-13 19:43:45,Q3,645752.0,294304.0,351448.0,0.5442460882815694,72691.0,164209.0,0.0,0.0,136900.0,431204.0,0.0,13668.0,228216.0,0.35341121668999864,214548.0,0.3322451962982693,-844.0,118081.0,0.18285812510065783,40147.0,77934.0,0.12068719880077801,0.014,0.014,5566714.0,5566714.0,https://www.sec.gov/Archives/edgar/data/752294/000075229403000027/0000752294-03-000027-index.htm,https://www.sec.gov/Archives/edgar/data/752294/000075229403000027/q303.htm,1620591583,16:19:43,20210509
70,2003-06-30,ELST,USD,2003-08-14,2003-08-14 14:00:32,Q2,341460.0,157972.0,183488.0,0.5373630879165935,52394.0,184979.0,0.0,0.0,237373.0,395345.0,0.0,11970.0,-41915.0,-0.12275229895156095,-53885.0,-0.15780764950506648,1542.0,-46454.0,-0.1360452175950331,-15794.0,-30660.0,-0.0897908979089791,-0.006,-0.006,5110000.0,5110000.0,https://www.sec.gov/Archives/edgar/data/752294/000075229403000026/0000752294-03-000026-index.htm,https://www.sec.gov/Archives/edgar/data/752294/000075229403000026/q203.htm,1620591583,16:19:43,20210509
71,2003-03-31,ELST,USD,2003-05-15,2003-05-14 19:01:30,Q1,569453.0,245501.0,323952.0,0.5688827699564318,54080.0,109675.0,116034.0,0.0,279789.0,525290.0,0.0,10782.0,54945.0,0.09648733082449298,44163.0,0.07755337139324932,10239.0,62150.0,0.1091398236553324,21131.0,41019.0,0.07203228361251938,0.007,0.007,5859857.0,5859857.0,https://www.sec.gov/Archives/edgar/data/752294/000075229403000024/0000752294-03-000024-index.htm,https://www.sec.gov/Archives/edgar/data/752294/000075229403000021/est10k02.htm,1620591583,16:19:43,20210509
72,2002-12-31,ELST,USD,2003-03-26,2003-03-25 19:01:51,Q4,547756.0,247737.0,300019.0,0.5477238040295314,0.0,182881.0,0.0,0.0,222561.0,470298.0,0.0,13004.0,90462.0,0.16515017635589568,77458.0,0.14140967876207655,73.0,95395.0,0.17415601107062267,36660.0,58735.0,0.10722840096685385,0.010393735622013803,0.010393735622013803,5651000.0,5651000.0,https://www.sec.gov/Archives/edgar/data/752294/000075229403000021/0000752294-03-000021-index.htm,https://www.sec.gov/Archives/edgar/data/752294/000075229403000021/est10k02.htm,1620591583,16:19:43,20210509
73,2002-09-30,ELST,USD,2002-11-13,2002-11-13 14:28:53,Q3,385191.0,184799.0,200392.0,0.5202406079062075,37925.0,154541.0,0.0,0.0,192466.0,377265.0,0.0,11074.0,19000.0,0.04932617844134468,7926.0,0.020576804754005158,2952.0,20554.0,0.05336054061491572,6988.0,13566.0,0.035218891407120104,0.002,0.002,5651000.0,5651000.0,https://www.sec.gov/Archives/edgar/data/752294/000075229402000019/0000752294-02-000019-index.htm,https://www.sec.gov/Archives/edgar/data/752294/000075229402000019/q302.htm,1620591583,16:19:43,20210509
74,2002-06-30,ELST,USD,2002-08-13,2002-08-12 19:02:12,Q2,513952.0,244502.0,269450.0,0.5242707490193637,44556.0,152435.0,0.0,0.0,196991.0,441493.0,0.0,10405.0,82864.0,0.1612290641927651,72459.0,0.14098398294004108,2280.0,81821.0,0.15919969180001245,26245.0,55576.0,0.10813461179254094,0.01,0.01,5557600.0,5557600.0,https://www.sec.gov/Archives/edgar/data/752294/000075229402000018/0000752294-02-000018-index.htm,https://www.sec.gov/Archives/edgar/data/752294/000075229402000018/q202.htm,1620591583,16:19:43,20210509
75,2002-03-31,ELST,USD,2002-05-14,2002-05-14 12:56:01,Q1,485748.0,192223.0,293525.0,0.6042742327297281,39730.0,136883.0,0.0,0.0,176613.0,368836.0,0.0,10790.0,127702.0,0.26289763416421685,116912.0,0.24068447013677874,6324.0,129847.0,0.26731350412147864,44148.0,85699.0,0.17642687154656325,0.015,0.015,5713267.0,5713267.0,https://www.sec.gov/Archives/edgar/data/752294/000075229402000017/0000752294-02-000017-index.htm,https://www.sec.gov/Archives/edgar/data/752294/000075229402000014/k01.htm,1620591583,16:19:43,20210509
76,2001-12-31,ELST,USD,2002-03-27,2002-03-27 00:00:00,Q4,375841.0,203156.0,172685.0,0.4594629111778651,0.0,140831.0,0.0,0.0,180872.0,384028.0,0.0,13634.0,5447.0,0.014492830744916068,-8187.0,-0.021783147660845943,3384.0,4828.0,0.012845857689820961,16150.0,-11322.0,-0.030124440920495633,-0.001943119226376994,-0.001943119226376994,5826714.0,5826714.0,https://www.sec.gov/Archives/edgar/data/752294/000075229402000014/0000752294-02-000014-index.htm,https://www.sec.gov/Archives/edgar/data/752294/000075229402000014/k01.htm,1620591583,16:19:43,20210509
77,2001-09-30,ELST,USD,2001-11-14,2001-11-14 00:00:00,Q3,506242.0,249126.0,257116.0,0.5078914827296036,21536.0,127966.0,0.0,0.0,149502.0,398628.0,0.0,11395.0,119009.0,0.23508322106818477,107614.0,0.21257422339513513,3914.0,123596.0,0.24414410499326408,42022.0,81574.0,0.16113637351306292,0.014,0.014,5826714.0,5826714.0,https://www.sec.gov/Archives/edgar/data/752294/000075229401500007/0000752294-01-500007-index.htm,https://www.sec.gov/Archives/edgar/data/752294/000075229401500007/q013.htm,1620591583,16:19:43,20210509
78,2001-06-30,ELST,USD,2001-08-14,2001-08-14 00:00:00,Q2,211007.0,122988.0,88019.0,0.41713782007231986,45707.0,139851.0,0.0,0.0,185558.0,308546.0,0.0,10664.0,-86875.0,-0.41171619898865913,-97539.0,-0.4622548067125735,7438.0,-75722.0,-0.3588601326022359,-25745.0,-49977.0,-0.23684996232352482,-0.009,-0.009,5553000.0,5553000.0,https://www.sec.gov/Archives/edgar/data/752294/000075229401500006/0000752294-01-500006-index.htm,https://www.sec.gov/Archives/edgar/data/752294/000075229401500006/q201.htm,1620591583,16:19:43,20210509
79,2001-03-31,ELST,USD,2001-03-31,2001-03-31,Q1,237934.0,119123.0,118811.0,0.49934435599788174,37542.0,127899.0,0.0,0.0,165441.0,284564.0,0.0,10319.0,-36311.0,-0.1526095471853539,-46630.0,-0.19597871678700815,8323.0,-46630.0,-0.19597871678700815,-16059.0,-30571.0,-0.12848521018433684,-0.006,-0.006,5095167.0,5095167.0,,,1620591583,16:19:43,20210509
80,2000-12-31,ELST,USD,2000-12-31,2000-12-31,Q4,289159.0,199559.0,89600.0,0.3098641231986554,0.0,166604.0,0.0,0.0,130673.0,330232.0,0.0,11723.0,-29350.0,-0.10150125017723813,-41073.0,-0.14204295906404435,13332.0,-7140.0,-0.024692297317392854,-6960.0,-180.0,-0.0006224948903544417,-3.308443423319931e-05,-3.308443423319931e-05,5440625.0,5440625.0,,,1620591583,16:19:43,20210509
81,2000-09-30,ELST,USD,2000-09-30,2000-09-30,Q3,432439.0,228883.0,203556.0,0.47071610099921607,48964.0,112378.0,0.0,0.0,172679.0,401562.0,0.0,11337.0,42214.0,0.09761839242066511,30877.0,0.07140197808245788,15103.0,65947.0,0.15250012140440616,22422.0,43525.0,0.10065003387761048,0.008,0.008,5440625.0,5440625.0,,,1620591583,16:19:43,20210509
82,2000-06-30,ELST,USD,2000-06-30,2000-06-30,Q2,360513.0,189694.0,170819.0,0.4738220258354068,40470.0,131095.0,0.0,0.0,181568.0,371262.0,0.0,10517.0,-232.0,-0.000643527417873974,-10749.0,-0.029815845753135117,7354.0,16598.0,0.046039948628759576,5643.0,10955.0,0.030387253719005972,0.002,0.002,5477500.0,5477500.0,,,1620591583,16:19:43,20210509
83,2000-03-31,ELST,USD,2000-03-31,2000-03-31,Q1,270535.0,123793.0,146742.0,0.5424141053837765,49912.0,0.0,55560.0,0.0,175852.0,299645.0,0.0,9488.0,-19622.0,-0.07253035651579279,-29110.0,-0.10760160422865803,6654.0,-45996.0,-0.17001866671595173,-15639.0,-30357.0,-0.11221098933594544,-0.005989,-0.005989,5068667.0,5068667.0,,,1620591583,16:19:43,20210509
84,1999-12-31,ELST,USD,1999-12-31,1999-12-31,Q4,450000.0,220000.0,230000.0,0.5111111111111111,0.0,0.0,0.0,170000.0,170000.0,390000.0,20000.0,9999.999999999998,70000.0,0.15555555555555556,60000.0,0.13333333333333333,10000.0,80000.0,0.17777777777777778,20000.0,60000.0,0.13333333333333333,0.01073,0.01073,5590000.0,5590000.0,,,1620591583,16:19:43,20210509
85,1999-09-30,ELST,USD,1999-09-30,1999-09-30,Q3,280000.0,140000.0,140000.0,0.5,40000.0,100000.0,0.0,0.0,130000.0,270000.0,10000.0,0.0,40000.0,0.142857,10000.0,0.03571428571428571,10000.0,30000.0,0.10714285714285714,10000.0,20000.0,0.07142857142857142,0.00358,0.00358,5590000.0,5590000.0,,,1620591583,16:19:43,20210509
86,1999-06-30,ELST,USD,1999-06-30,1999-06-30,Q2,330000.0,180000.0,160000.0,0.48484848484848486,40000.0,120000.0,0.0,0.0,150000.00000000003,330000.0,20000.0,10000.0,50000.0,0.151515,0.0,0.0,0.0,20000.0,0.06060606060606061,10000.0,10000.0,0.030303030303030304,0.00178,0.00178,5610000.0,5610000.0,,,1620591583,16:19:43,20210509
87,1999-03-31,ELST,USD,1999-05-13,1999-05-13,Q1,180000.0,90000.0,90000.0,0.5,40000.0,130000.0,0.0,0.0,180000.00000000003,270000.0,20000.0,10000.0,-80000.0,-0.4444444444444444,-90000.0,-0.5,10000.0,-70000.0,-0.3888888888888889,-20000.0,-50000.0,-0.2777777777777778,-0.00896,-0.00896,5580000.0,5580000.0,https://www.sec.gov/Archives/edgar/data/752294/0000752294-99-000004-index.html,https://www.sec.gov/Archives/edgar/data/752294/,1620591583,16:19:43,20210509
88,1998-12-31,ELST,USD,1998-12-31,1998-12-31,Q4,520000.0,240000.0,280000.0,0.5384615384615384,0.0,0.0,0.0,180000.0,180000.0,420000.0,0.0,9999.999999999998,110000.0,0.21153846153846154,100000.0,0.19230769230769232,20000.0,120000.0,0.23076923076923078,40000.0,80000.0,0.15384615384615385,0.01426,0.01426,5610000.0,5610000.0,,,1620591583,16:19:43,20210509
89,1998-09-30,ELST,USD,1998-11-13,1998-11-13,Q3,250000.0,120000.0,130000.0,0.52,30000.0,110000.0,0.0,0.0,140000.0,260000.0,20000.0,0.0,40000.0,0.16,-10000.0,-0.04,0.0,20000.0,0.08,10000.0,10000.0,0.04,0.00179,0.00179,5580000.0,5580000.0,https://www.sec.gov/Archives/edgar/data/752294/0000752294-98-000013-index.html,https://www.sec.gov/Archives/edgar/data/752294/,1620591583,16:19:43,20210509
90,1998-06-30,ELST,USD,1998-06-30,1998-06-30,Q2,310000.0,160000.0,150000.0,0.4838709677419355,40000.0,110000.0,0.0,0.0,150000.0,310000.0,20000.0,10000.0,50000.0,0.16129,0.0,0.0,0.0,20000.0,0.06451612903225806,10000.0,10000.0,0.03225806451612903,0.00179,0.00179,5590000.0,5590000.0,,,1620591583,16:19:43,20210509
91,1998-03-31,ELST,USD,1998-03-31,1998-03-31,Q1,410000.0,170000.0,240000.0,0.5853658536585366,40000.0,130000.0,0.0,0.0,170000.0,340000.0,20000.0,10000.0,80000.0,0.1951219512195122,70000.0,0.17073170731707318,0.0,90000.0,0.21951219512195122,30000.0,60000.0,0.14634146341463414,0.01075,0.01075,5580000.0,5580000.0,,,1620591583,16:19:43,20210509
92,1997-12-31,ELST,USD,1997-12-31,1997-12-31,Q4,420000.0,180000.0,240000.0,0.5714285714285714,0.0,0.0,0.0,160000.0,160000.00000000003,340000.00000000006,0.0,9999.999999999998,100000.0,0.23809523809523808,90000.0,0.21428571428571427,20000.0,110000.0,0.2619047619047619,30000.0,70000.0,0.16666666666666666,0.0122,0.0122,5740000.0,5740000.0,,,1620591583,16:19:43,20210509
93,1997-09-30,ELST,USD,1997-09-30,1997-09-30,Q3,370000.0,160000.0,210000.0,0.5675675675675675,0.0,0.0,0.0,120000.0,120000.00000000001,280000.0,0.0,0.0,110000.0,0.297297,90000.0,0.24324324324324326,20000.0,110000.0,0.2972972972972973,40000.0,70000.0,0.1891891891891892,0.01277,0.01277,5480000.0,5480000.0,,,1620591583,16:19:43,20210509
94,1997-06-30,ELST,USD,1997-06-30,1997-06-30,Q2,230000.0,120000.0,110000.0,0.4782608695652174,0.0,0.0,0.0,130000.0,120000.0,240000.0,0.0,10000.0,0.0,0.0,-10000.0,-0.043478260869565216,20000.0,10000.0,0.043478260869565216,0.0,0.0,0.0,0.0,0.0,5470000.0,5470000.0,,,1620591583,16:19:43,20210509
95,1997-03-31,ELST,USD,1997-03-31,1997-03-31,Q1,320000.0,120000.0,190000.0,0.59375,0.0,0.0,0.0,180000.0,180000.0,300000.0,0.0,10000.0,20000.0,0.0625,10000.0,0.03125,20000.0,30000.0,0.09375,10000.0,20000.0,0.0625,0.00365,0.00365,5480000.0,5480000.0,,,1620591583,16:19:43,20210509
96,1996-12-31,ELST,USD,1996-12-31,1996-12-31,Q4,280000.0,130000.0,150000.0,0.5357142857142857,0.0,0.0,0.0,160000.0,159999.99999999997,290000.0,0.0,9999.999999999998,29999.999999999996,0.107143,0.0,0.0,20000.0,20000.0,0.07142857142857142,0.0,20000.0,0.07142857142857142,0.00355,0.00355,5630000.0,5630000.0,,,1620591583,16:19:43,20210509
97,1996-09-30,ELST,USD,1996-09-30,1996-09-30,Q3,260000.0,110000.0,150000.0,0.5769230769230769,0.0,0.0,0.0,150000.0,140000.0,250000.0,0.0,0.0,30000.0,0.115385,10000.0,0.038461538461538464,20000.0,30000.0,0.11538461538461539,10000.0,20000.0,0.07692307692307693,0.00365,0.00365,5480000.0,5480000.0,,,1620591583,16:19:43,20210509
98,1996-06-30,ELST,USD,1996-06-30,1996-06-30,Q2,290000.0,130000.0,160000.0,0.5517241379310345,0.0,0.0,0.0,140000.0,150000.00000000003,280000.0,0.0,10000.0,30000.0,0.10344827586206896,20000.0,0.06896551724137931,80000.0,100000.0,0.3448275862068966,30000.0,60000.0,0.20689655172413793,0.01099,0.01099,5460000.0,5460000.0,,,1620591583,16:19:43,20210509
99,1996-03-31,ELST,USD,1996-07-24,1996-07-24,Q1,350000.0,120000.0,230000.0,0.6571428571428571,0.0,0.0,0.0,160000.0,169999.99999999997,290000.0,0.0,10000.0,80000.0,0.22857142857142856,70000.0,0.2,20000.0,90000.0,0.2571428571428571,30000.0,60000.0,0.17142857142857143,0.01099,0.01099,5460000.0,5460000.0,https://www.sec.gov/Archives/edgar/data/752294/0000752294-96-000017-index.html,https://www.sec.gov/Archives/edgar/data/752294/,1620591583,16:19:43,20210509
100,1995-12-31,ELST,USD,1996-03-20,1996-03-20,Q4,380000.0,160000.0,230000.0,0.6052631578947368,0.0,0.0,0.0,190000.0,189999.99999999997,349999.99999999994,0.0,9999.999999999998,40000.0,0.10526315789473684,30000.0,0.07894736842105263,20000.0,50000.0,0.13157894736842105,0.0,50000.0,0.13157894736842105,0.0089,0.0089,5620000.0,5620000.0,https://www.sec.gov/Archives/edgar/data/752294/0000752294-96-000004-index.html,https://www.sec.gov/Archives/edgar/data/752294/,1620591583,16:19:43,20210509
101,1995-09-30,ELST,USD,1995-09-30,1995-09-30,Q3,420000.0,160000.0,250000.0,0.5952380952380952,0.0,0.0,0.0,110000.0,110000.00000000001,270000.0,0.0,10000.0,150000.0,0.35714285714285715,140000.0,0.3333333333333333,20000.0,160000.0,0.38095238095238093,60000.0,110000.0,0.2619047619047619,0.02037,0.02037,5400000.0,5400000.0,,,1620591583,16:19:43,20210509
102,1995-06-30,ELST,USD,1995-06-30,1995-06-30,Q2,480000.0,180000.0,300000.0,0.625,0.0,0.0,0.0,120000.0,120000.0,300000.0,0.0,0.0,160000.0,0.333333,180000.0,0.375,-20000.0,160000.0,0.3333333333333333,70000.0,90000.0,0.1875,0.01679,0.01679,5360000.0,5360000.0,,,1620591583,16:19:43,20210509
103,1995-03-31,ELST,USD,1995-03-31,1995-03-31,Q1,260000.0,110000.0,160000.0,0.6153846153846154,0.0,0.0,0.0,140000.0,130000.0,240000.0,0.0,10000.0,30000.0,0.11538461538461539,20000.0,0.07692307692307693,20000.0,40000.0,0.15384615384615385,10000.0,20000.0,0.07692307692307693,0.00374,0.00374,5350000.0,5350000.0,,,1620591583,16:19:43,20210509
104,1994-12-31,ELST,USD,1994-12-31,1994-12-31,Q4,310000.0,130000.0,180000.0,0.5806451612903226,0.0,0.0,0.0,110000.0,109999.99999999999,240000.0,0.0,10000.0,80000.0,0.25806451612903225,70000.0,0.22580645161290322,20000.0,90000.0,0.2903225806451613,40000.0,50000.0,0.16129032258064516,0.00938,0.00938,5330000.0,5330000.0,,,1620591583,16:19:43,20210509
105,1994-09-30,ELST,USD,1994-09-30,1994-09-30,Q3,320000.0,120000.0,200000.0,0.625,0.0,0.0,0.0,100000.0,100000.0,220000.0,0.0,0.0,120000.0,0.375,110000.0,0.34375,10000.0,120000.0,0.375,40000.0,80000.0,0.25,0.0149,0.0149,5370000.0,5370000.0,,,1620591583,16:19:43,20210509
106,1994-06-30,ELST,USD,1994-06-30,1994-06-30,Q2,310000.0,120000.0,190000.0,0.6129032258064516,0.0,0.0,0.0,130000.0,130000.0,250000.0,0.0,10000.0,70000.0,0.22580645161290322,60000.0,0.1935483870967742,10000.0,70000.0,0.22580645161290322,20000.0,40000.0,0.12903225806451613,0.00745,0.00745,5370000.0,5370000.0,,,1620591583,16:19:43,20210509
107,1994-03-31,ELST,USD,1994-03-31,1994-03-31,Q1,260000.0,100000.0,160000.0,0.6153846153846154,0.0,0.0,0.0,150000.0,150000.0,250000.0,0.0,0.0,20000.0,0.076923,10000.0,0.038461538461538464,10000.0,20000.0,0.07692307692307693,10000.0,10000.0,0.038461538461538464,0.00186,0.00186,5370000.0,5370000.0,,,1620591583,16:19:43,20210509
108,1993-03-31,ELST,USD,1993-03-31,1993-03-31,Q4,310000.0,130000.0,170000.0,0.5483870967741935,0.0,0.0,0.0,110000.0,120000.0,250000.0,0.0,0.0,70000.0,0.225806,60000.0,0.1935483870967742,10000.0,70000.0,0.22580645161290322,30000.0,40000.0,0.12903225806451613,0.00743,0.00743,5380000.0,5380000.0,,,1620591583,16:19:43,20210509
109,1992-12-31,ELST,USD,1992-12-31,1992-12-31,Q3,430000.0,170000.0,260000.0,0.6046511627906976,0.0,0.0,0.0,120000.0,119999.99999999997,289999.99999999994,0.0,0.0,160000.0,0.372093,140000.0,0.32558139534883723,20000.0,160000.0,0.37209302325581395,60000.0,100000.0,0.23255813953488372,0.01776,0.01776,5630000.0,5630000.0,,,1620591583,16:19:43,20210509
110,1992-09-30,ELST,USD,1992-09-30,1992-09-30,Q2,380000.0,140000.0,240000.0,0.631578947368421,0.0,0.0,0.0,110000.0,109999.99999999999,250000.0,0.0,10000.0,150000.0,0.39473684210526316,140000.0,0.3684210526315789,10000.0,150000.0,0.39473684210526316,0.0,150000.0,0.39473684210526316,0.02836,0.02836,5290000.0,5290000.0,,,1620591583,16:19:43,20210509
111,1992-06-30,ELST,USD,1992-06-30,1992-06-30,Q1,170000.0,80000.0,90000.0,0.5294117647058824,0.0,0.0,0.0,110000.0,110000.0,190000.0,0.0,10000.0,-10000.0,-0.058823529411764705,-20000.0,-0.11764705882352941,10000.0,-10000.0,-0.058823529411764705,0.0,-10000.0,-0.058823529411764705,-0.00189,-0.00189,5290000.0,5290000.0,,,1620591583,16:19:43,20210509
112,1992-03-31,ELST,USD,1992-03-31,1992-03-31,Q4,250000.0,110000.0,140000.0,0.56,0.0,0.0,0.0,120000.0,120000.00000000001,230000.0,0.0,0.0,30000.0,0.12,20000.0,0.08,10000.0,30000.0,0.12,0.0,30000.0,0.12,0.00605,0.00605,4960000.0,4960000.0,,,1620591583,16:19:43,20210509
113,1991-12-31,ELST,USD,1991-12-31,1991-12-31,Q3,320000.0,130000.0,190000.0,0.59375,0.0,0.0,0.0,130000.0,120000.0,250000.0,0.0,0.0,80000.0,0.25,70000.0,0.21875,10000.0,80000.0,0.25,0.0,80000.0,0.25,0.01613,0.01613,4960000.0,4960000.0,,,1620591583,16:19:43,20210509
114,1991-09-30,ELST,USD,1991-09-30,1991-09-30,Q2,320000.0,120000.0,200000.0,0.625,0.0,0.0,0.0,110000.0,110000.00000000001,230000.0,0.0,20000.0,110000.0,0.34375,90000.0,0.28125,10000.0,100000.0,0.3125,0.0,100000.0,0.3125,0.02016,0.02016,4960000.0,4960000.0,,,1620591583,16:19:43,20210509
115,1991-06-30,ELST,USD,1991-06-30,1991-06-30,Q1,310000.0,110000.0,200000.0,0.6451612903225806,0.0,0.0,0.0,100000.0,99999.99999999999,210000.0,0.0,0.0,110000.0,0.354839,100000.0,0.3225806451612903,10000.0,110000.0,0.3548387096774194,0.0,110000.0,0.3548387096774194,0.02391,0.02391,4600000.0,4600000.0,,,1620591583,16:19:43,20210509
116,1991-03-31,ELST,USD,1991-03-31,1991-03-31,Q4,180000.0,70000.0,100000.0,0.5555555555555556,0.0,0.0,0.0,90000.0,90000.0,160000.0,0.0,0.0,30000.0,0.166667,10000.0,0.05555555555555555,20000.0,30000.0,0.16666666666666666,0.0,30000.0,0.16666666666666666,0.00652,0.00652,4600000.0,4600000.0,,,1620591583,16:19:43,20210509
117,1990-12-31,ELST,USD,1990-12-31,1990-12-31,Q3,230000.0,90000.0,150000.0,0.6521739130434783,0.0,0.0,0.0,110000.0,110000.00000000001,200000.0,0.0,0.0,40000.0,0.173913,30000.0,0.13043478260869565,0.0,40000.0,0.17391304347826086,0.0,40000.0,0.17391304347826086,0.00806,0.00806,4960000.0,4960000.0,,,1620591583,16:19:43,20210509
118,1990-09-30,ELST,USD,1990-09-30,1990-09-30,Q2,130000.0,60000.0,70000.0,0.5384615384615384,0.0,0.0,0.0,100000.0,100000.0,160000.0,0.0,0.0,-20000.0,-0.153846,-30000.0,-0.23076923076923078,10000.0,-20000.0,-0.15384615384615385,0.0,-20000.0,-0.15384615384615385,-0.00403,-0.00403,4960000.0,4960000.0,,,1620591583,16:19:43,20210509
119,1990-06-30,ELST,USD,1990-06-30,1990-06-30,Q1,290000.0,130000.0,160000.0,0.5517241379310345,0.0,0.0,0.0,120000.0,120000.0,250000.0,0.0,20000.0,60000.0,0.20689655172413793,40000.0,0.13793103448275862,10000.0,50000.0,0.1724137931034483,0.0,50000.0,0.1724137931034483,0.01087,0.01087,4600000.0,4600000.0,,,1620591583,16:19:43,20210509
120,1990-03-31,ELST,USD,1990-03-31,1990-03-31,Q4,260000.0,100000.0,170000.0,0.6538461538461539,0.0,0.0,0.0,120000.0,120000.0,220000.0,0.0,0.0,50000.0,0.192308,40000.0,0.15384615384615385,0.0,50000.0,0.19230769230769232,0.0,50000.0,0.19230769230769232,0.01087,0.01087,4600000.0,4600000.0,,,1620591583,16:19:43,20210509
