,date,symbol,reportedCurrency,fillingDate,acceptedDate,period,revenue,costOfRevenue,grossProfit,grossProfitRatio,researchAndDevelopmentExpenses,generalAndAdministrativeExpenses,sellingAndMarketingExpenses,otherExpenses,operatingExpenses,costAndExpenses,interestExpense,depreciationAndAmortization,ebitda,ebitdaratio,operatingIncome,operatingIncomeRatio,totalOtherIncomeExpensesNet,incomeBeforeTax,incomeBeforeTaxRatio,incomeTaxExpense,netIncome,netIncomeRatio,eps,epsdiluted,weightedAverageShsOut,weightedAverageShsOutDil,link,finalLink,timestamp,est_time,est_date
0,2020-12-31,GSBC,USD,2021-03-05,2021-03-05 16:45:22,Q4,54534000.0,0.0,0.0,0.0,0.0,19723000.0,817000.0,0.0,0.0,0.0,8042000.0,3260000.0,0.0,0.0,0.0,0.40268456375838924,0.0,21960000.0,0.40268456375838924,4172000.0,17788000.0,0.3261818315179521,1.29,1.28,13788372.0,13896094.0,https://www.sec.gov/Archives/edgar/data/854560/000110465921032781/0001104659-21-032781-index.htm,https://www.sec.gov/Archives/edgar/data/854560/000110465921032781/gsbc-20201231x10k.htm,1620592809,16:40:09,20210509
1,2020-09-30,GSBC,USD,2020-11-06,2020-11-06 15:55:41,Q3,53634000.0,0.0,53634000.0,1.0,0.0,21460000.0,757000.0,4691.0,4691.0,4691.0,9431000.0,2993000.0,3044132.0,0.05675750456799791,51132.0,0.0009533504866316143,4606.0,17146000.0,0.3196852742663236,3692000.0,13454000.0,0.25084834246932913,0.96,0.96,14014583.0,14014583.0,https://www.sec.gov/Archives/edgar/data/854560/000092708920000515/0000927089-20-000515-index.htm,https://www.sec.gov/Archives/edgar/data/854560/000092708920000515/gsbc-20200930.htm,1620592809,16:40:09,20210509
2,2020-06-30,GSBC,USD,2020-08-07,2020-08-07 14:43:12,Q2,51716000.0,0.0,0.0,0.0,0.0,19447000.0,437000.0,0.0,46000000.0,0.0,10556000.0,2933000.0,0.0,0.0,0.0,0.316478459277593,0.0,16367000.0,0.316478459277593,3164000.0,13203000.0,0.25529816691159407,0.94,0.93,14045745.0,14196774.0,https://www.sec.gov/Archives/edgar/data/854560/000092708920000421/0000927089-20-000421-index.htm,https://www.sec.gov/Archives/edgar/data/854560/000092708920000421/gsbc-20200630.htm,1620592809,16:40:09,20210509
3,2020-03-31,GSBC,USD,2020-05-08,2020-05-08 15:08:56,Q1,52305000.0,0.0,0.0,0.0,0.0,20467000.0,620000.0,0.0,47000000.0,0.0,12536000.0,2896000.0,0.0,0.0,0.0,0.3368511614568397,0.0,17619000.0,0.3368511614568397,2751000.0,14868000.0,0.28425580728419847,1.05,1.04,14160000.0,14296154.0,https://www.sec.gov/Archives/edgar/data/854560/000092708920000286/0000927089-20-000286-index.htm,https://www.sec.gov/Archives/edgar/data/854560/000092708920000176/gs-10k123119.htm,1620592809,16:40:09,20210509
4,2019-12-31,GSBC,USD,2020-03-06,2020-03-06 16:42:00,Q4,52637000.0,0.0,0.0,0.0,0.0,18802000.0,646000.0,0.0,44000000.0,0.0,13784000.0,2983000.0,0.0,0.0,0.0,0.42652506791800443,0.0,22451000.0,0.42652506791800443,4559000.0,17892000.0,0.3399129889621369,1.26,1.24,14200000.0,14429032.0,https://www.sec.gov/Archives/edgar/data/854560/000092708920000176/0000927089-20-000176-index.htm,https://www.sec.gov/Archives/edgar/data/854560/000092708920000176/gs-10k123119.htm,1620592809,16:40:09,20210509
5,2019-09-30,GSBC,USD,2019-11-06,2019-11-06 16:08:30,Q3,54579000.0,0.0,0.0,0.0,0.0,18120000.0,794000.0,0.0,45000000.0,0.0,14263000.0,2952000.0,0.0,0.0,0.0,0.43797064805144836,0.0,23904000.0,0.43797064805144836,4172000.0,19732000.0,0.3615309917733927,1.39,1.38,14195683.0,14298551.0,https://www.sec.gov/Archives/edgar/data/854560/000092708919000412/0000927089-19-000412-index.htm,https://www.sec.gov/Archives/edgar/data/854560/000092708919000412/gsbc-10q093019.htm,1620592809,16:40:09,20210509
6,2019-06-30,GSBC,USD,2019-08-07,2019-08-07 13:52:03,Q2,52078000.0,0.0,0.0,0.0,0.0,17939000.0,842000.0,0.0,44000000.0,0.0,13802000.0,2874000.0,0.0,0.0,0.0,0.4242674449863666,0.0,22095000.0,0.4242674449863666,3720000.0,18375000.0,0.352836130419755,1.29,1.28,14244186.0,14355469.0,https://www.sec.gov/Archives/edgar/data/854560/000092708919000328/0000927089-19-000328-index.htm,https://www.sec.gov/Archives/edgar/data/854560/000092708919000328/gs-10q063019.htm,1620592809,16:40:09,20210509
7,2019-03-31,GSBC,USD,2019-05-08,2019-05-08 16:36:50,Q1,52055000.0,0.0,0.0,0.0,0.0,18235000.0,527000.0,0.0,43000000.0,0.0,12753000.0,2816000.0,0.0,0.0,0.0,0.41513783498223034,0.0,21610000.0,0.41513783498223034,3998000.0,17612000.0,0.338334453942945,1.24,1.23,14203226.0,14318699.0,https://www.sec.gov/Archives/edgar/data/854560/000092708919000187/0000927089-19-000187-index.htm,https://www.sec.gov/Archives/edgar/data/854560/000092708919000136/gsbc-10k123118.htm,1620592809,16:40:09,20210509
8,2018-12-31,GSBC,USD,2019-03-07,2019-03-07 16:05:39,Q4,51776000.0,0.0,0.0,0.0,0.0,18151000.0,568000.0,0.0,42000000.0,0.0,11585000.0,2730000.0,0.0,0.0,0.0,0.4066169653893696,0.0,21053000.0,0.4066169653893696,3765000.0,17288000.0,0.3338998763906057,1.22,1.21,14170492.0,14287603.0,https://www.sec.gov/Archives/edgar/data/854560/000092708919000136/0000927089-19-000136-index.htm,https://www.sec.gov/Archives/edgar/data/854560/000092708919000136/gsbc-10k123118.htm,1620592809,16:40:09,20210509
9,2018-09-30,GSBC,USD,2018-11-05,2018-11-05 14:21:55,Q3,50175000.0,0.0,0.0,0.0,0.0,17769000.0,589000.0,0.0,40000000.0,0.0,9997000.0,2814000.0,0.0,0.0,0.0,0.5576482311908321,0.0,27980000.0,0.5576482311908321,5464000.0,22516000.0,0.44874937717987046,1.59,1.57,14161006.0,14341401.0,https://www.sec.gov/Archives/edgar/data/854560/000092708918000396/0000927089-18-000396-index.htm,https://www.sec.gov/Archives/edgar/data/854560/000092708918000396/gsbc-10q093018.htm,1620592809,16:40:09,20210509
10,2018-06-30,GSBC,USD,2018-08-03,2018-08-03 16:35:44,Q2,48671000.0,0.0,0.0,0.0,0.0,17524000.0,632000.0,0.0,41000000.0,0.0,8731000.0,2885000.0,0.0,0.0,0.0,0.34529802140905264,0.0,16806000.0,0.34529802140905264,2967000.0,13839000.0,0.28433769595857905,0.98,0.97,14121429.0,14267010.0,https://www.sec.gov/Archives/edgar/data/854560/000092708918000302/0000927089-18-000302-index.htm,https://www.sec.gov/Archives/edgar/data/854560/000092708918000302/greatsouthern10q.htm,1620592809,16:40:09,20210509
11,2018-03-31,GSBC,USD,2018-05-04,2018-05-04 14:45:42,Q1,46373000.0,0.0,0.0,0.0,0.0,17111000.0,671000.0,0.0,38000000.0,0.0,7444000.0,2980000.0,0.0,0.0,0.0,0.3474219912449054,0.0,16111000.0,0.3474219912449054,2645000.0,13466000.0,0.290384490975352,0.95,0.95,14174737.0,14174737.0,https://www.sec.gov/Archives/edgar/data/854560/000092708918000194/0000927089-18-000194-index.htm,https://www.sec.gov/Archives/edgar/data/854560/000092708918000121/gsbc-10k123117.htm,1620592809,16:40:09,20210509
12,2017-12-31,GSBC,USD,2018-03-06,2018-03-06 11:40:03,Q4,46648000.0,0.0,0.0,0.0,0.0,18045000.0,655000.0,0.0,38000000.0,0.0,7263000.0,2886000.0,0.0,0.0,0.0,0.33043217286914767,0.0,15414000.0,0.33043217286914767,3208000.0,12206000.0,0.26166180758017493,0.87,0.86,14029885.0,14193023.0,https://www.sec.gov/Archives/edgar/data/854560/000092708918000121/0000927089-18-000121-index.htm,https://www.sec.gov/Archives/edgar/data/854560/000092708918000121/gsbc-10k123117.htm,1620592809,16:40:09,20210509
13,2017-09-30,GSBC,USD,2017-11-07,2017-11-07 14:41:45,Q3,46936000.0,0.0,0.0,0.0,0.0,17333000.0,587000.0,0.0,38000000.0,0.0,7087000.0,2937000.0,0.0,0.0,0.0,0.3398670530083518,0.0,15952000.0,0.3398670530083518,4289000.0,11663000.0,0.24848730185784898,0.83,0.82,14051807.0,14223171.0,https://www.sec.gov/Archives/edgar/data/854560/000092708917000409/0000927089-17-000409-index.htm,https://www.sec.gov/Archives/edgar/data/854560/000092708917000409/gsbc-10q093017.htm,1620592809,16:40:09,20210509
14,2017-06-30,GSBC,USD,2017-08-04,2017-08-04 16:09:54,Q2,45993000.0,0.0,0.0,0.0,0.0,17141000.0,656000.0,0.0,37000000.0,0.0,6843000.0,2948000.0,0.0,0.0,0.0,0.5083382253821234,0.0,23380000.0,0.5083382253821234,7204000.0,16176000.0,0.3517056943447916,1.15,1.14,14066087.0,14189474.0,https://www.sec.gov/Archives/edgar/data/854560/000092708917000271/0000927089-17-000271-index.htm,https://www.sec.gov/Archives/edgar/data/854560/000092708917000271/gsbc-10q063017.htm,1620592809,16:40:09,20210509
15,2017-03-31,GSBC,USD,2017-05-05,2017-05-05 16:08:32,Q1,46888000.0,0.0,0.0,0.0,0.0,18571000.0,413000.0,0.0,38000000.0,0.0,6712000.0,3080000.0,0.0,0.0,0.0,0.3321958710117727,0.0,15576000.0,0.3321958710117727,4058000.0,11518000.0,0.2456492066200307,0.82,0.81,14046341.0,14219753.0,https://www.sec.gov/Archives/edgar/data/854560/000092708917000178/0000927089-17-000178-index.htm,https://www.sec.gov/Archives/edgar/data/854560/000092708917000123/gsbc-10k123116.htm,1620592809,16:40:09,20210509
16,2016-12-31,GSBC,USD,2017-03-03,2017-03-03 17:25:54,Q4,48625000.0,0.0,0.0,0.0,0.0,17261000.0,461000.0,0.0,38000000.0,0.0,6688000.0,3272000.0,0.0,0.0,0.0,0.33632904884318765,0.0,16354000.0,0.33632904884318765,4560000.0,11794000.0,0.24255012853470437,0.85,0.83,13876471.0,14210843.0,https://www.sec.gov/Archives/edgar/data/854560/000092708917000123/0000927089-17-000123-index.htm,https://www.sec.gov/Archives/edgar/data/854560/000092708917000123/gsbc-10k123116.htm,1620592809,16:40:09,20210509
17,2016-09-30,GSBC,USD,2016-11-04,2016-11-04 16:28:55,Q3,49333000.0,0.0,0.0,0.0,0.0,18344000.0,803000.0,0.0,39000000.0,0.0,5828000.0,3315000.0,0.0,0.0,0.0,0.30326556260515275,0.0,14961000.0,0.30326556260515275,3740000.0,11221000.0,0.22745423955567268,0.81,0.8,13853086.0,14026250.0,https://www.sec.gov/Archives/edgar/data/854560/000092708916000995/0000927089-16-000995-index.htm,https://www.sec.gov/Archives/edgar/data/854560/000092708916000995/gsbc-10q093016.htm,1620592809,16:40:09,20210509
18,2016-06-30,GSBC,USD,2016-08-05,2016-08-05 15:46:45,Q2,51156000.0,0.0,0.0,0.0,0.0,18533000.0,522000.0,0.0,37000000.0,0.0,4974000.0,4586000.0,0.0,0.0,0.0,0.3415239659082024,0.0,17471000.0,0.3415239659082024,4937000.0,12534000.0,0.24501524747830167,0.9,0.89,13926667.0,14083146.0,https://www.sec.gov/Archives/edgar/data/854560/000092708916000905/0000927089-16-000905-index.htm,https://www.sec.gov/Archives/edgar/data/854560/000092708916000905/gsbc-10q063016.htm,1620592809,16:40:09,20210509
19,2016-03-31,GSBC,USD,2016-05-06,2016-05-06 16:54:10,Q1,49386000.0,0.0,0.0,0.0,0.0,18703000.0,441000.0,0.0,38000000.0,0.0,4627000.0,2299000.0,0.0,0.0,0.0,0.2646903980885271,0.0,13072000.0,0.2646903980885271,3279000.0,9793000.0,0.19829506337828534,0.71,0.7,13792958.0,13990000.0,https://www.sec.gov/Archives/edgar/data/854560/000092708916000827/0000927089-16-000827-index.htm,https://www.sec.gov/Archives/edgar/data/854560/000092708916000767/gsbc-10k123115.htm,1620592809,16:40:09,20210509
20,2015-12-31,GSBC,USD,2016-03-03,2016-03-03 16:20:29,Q4,48719000.0,0.0,0.0,0.0,0.0,17446000.0,589000.0,0.0,35000000.0,0.0,4261000.0,3235000.0,0.0,0.0,0.0,0.3159547609762105,0.0,15393000.0,0.3159547609762105,3743000.0,11650000.0,0.23912641885096164,0.83,0.82,13892771.0,14062195.0,https://www.sec.gov/Archives/edgar/data/854560/000092708916000767/0000927089-16-000767-index.htm,https://www.sec.gov/Archives/edgar/data/854560/000092708916000767/gsbc-10k123115.htm,1620592809,16:40:09,20210509
21,2015-09-30,GSBC,USD,2015-11-06,2015-11-06 15:47:27,Q3,49971000.0,0.0,0.0,0.0,0.0,18091000.0,545000.0,0.0,36000000.0,0.0,4230000.0,4349000.0,0.0,0.0,0.0,0.29873326529387045,0.0,14928000.0,0.29873326529387045,3732000.0,11196000.0,0.22404994897040284,0.8,0.79,13813750.0,13988608.0,https://www.sec.gov/Archives/edgar/data/854560/000092708915000547/0000927089-15-000547-index.htm,https://www.sec.gov/Archives/edgar/data/854560/000092708915000547/gsbc-10q093015.htm,1620592809,16:40:09,20210509
22,2015-06-30,GSBC,USD,2015-08-07,2015-08-07 16:21:10,Q2,50624000.0,0.0,0.0,0.0,0.0,17519000.0,750000.0,0.0,33000000.0,0.0,3725000.0,3147000.0,0.0,0.0,0.0,0.3203421302149178,0.0,16217000.0,0.3203421302149178,4214000.0,12003000.0,0.23710097977243996,0.86,0.85,13788372.0,13950588.0,https://www.sec.gov/Archives/edgar/data/854560/000092708915000359/0000927089-15-000359-index.htm,https://www.sec.gov/Archives/edgar/data/854560/000092708915000359/gsbc-10q063015.htm,1620592809,16:40:09,20210509
23,2015-03-31,GSBC,USD,2015-05-08,2015-05-08 17:03:35,Q1,50964000.0,0.0,0.0,0.0,0.0,17547000.0,432000.0,0.0,32000000.0,0.0,3781000.0,3164000.0,0.0,0.0,0.0,0.30466603877246684,0.0,15527000.0,0.30466603877246684,3874000.0,11653000.0,0.2286515972058708,0.84,0.83,13700000.0,13865060.0,https://www.sec.gov/Archives/edgar/data/854560/000092708915000261/0000927089-15-000261-index.htm,https://www.sec.gov/Archives/edgar/data/854560/000092708915000185/gsbc-10k123114.htm,1620592809,16:40:09,20210509
24,2014-12-31,GSBC,USD,2015-03-06,2015-03-06 13:52:44,Q4,54724000.0,0.0,0.0,0.0,0.0,17852000.0,714000.0,0.0,33000000.0,0.0,3558000.0,3194000.0,0.0,0.0,0.0,0.28680286528762516,0.0,15695000.0,0.28680286528762516,3628000.0,12067000.0,0.22050654191945032,0.87,0.86,13703448.0,13862791.0,https://www.sec.gov/Archives/edgar/data/854560/000092708915000185/0000927089-15-000185-index.htm,https://www.sec.gov/Archives/edgar/data/854560/000092708915000185/gsbc-10k123114.htm,1620592809,16:40:09,20210509
25,2014-09-30,GSBC,USD,2014-11-10,2014-11-10 15:41:12,Q3,52347000.0,0.0,0.0,0.0,0.0,17847000.0,522000.0,0.0,34000000.0,0.0,3501000.0,3050000.0,0.0,0.0,0.0,0.29688425315681893,0.0,15541000.0,0.29688425315681893,3951000.0,11590000.0,0.22140714845167822,0.84,0.83,13625000.0,13789157.0,https://www.sec.gov/Archives/edgar/data/854560/000092708914000462/0000927089-14-000462-index.htm,https://www.sec.gov/Archives/edgar/data/854560/000092708914000462/gsbc-10q093014.htm,1620592809,16:40:09,20210509
26,2014-06-30,GSBC,USD,2014-08-11,2014-08-11 15:22:52,Q2,47007000.0,0.0,0.0,0.0,0.0,16315000.0,438000.0,0.0,40000000.0,0.0,4413000.0,2896000.0,0.0,0.0,0.0,0.3135915927415066,0.0,14741000.0,0.3135915927415066,3687000.0,11054000.0,0.23515646605824664,0.8,0.79,13636250.0,13808861.0,https://www.sec.gov/Archives/edgar/data/854560/000092708914000302/0000927089-14-000302-index.htm,https://www.sec.gov/Archives/edgar/data/854560/000092708914000302/gsbc-10q063014.htm,1620592809,16:40:09,20210509
27,2014-03-31,GSBC,USD,2014-05-09,2014-05-09 16:25:17,Q1,45278000.0,0.0,0.0,0.0,0.0,15762000.0,731000.0,0.0,32000000.0,0.0,4328000.0,2849000.0,0.0,0.0,0.0,0.24967975617297583,0.0,11305000.0,0.24967975617297583,2487000.0,8818000.0,0.19475241839303856,0.63,0.63,13766667.0,13766667.0,https://www.sec.gov/Archives/edgar/data/854560/000092708914000149/0000927089-14-000149-index.htm,https://www.sec.gov/Archives/edgar/data/854560/000092708914000068/gsbc-10k123113.htm,1620592809,16:40:09,20210509
28,2013-12-31,GSBC,USD,2014-03-10,2014-03-10 16:41:29,Q4,46990000.0,0.0,0.0,0.0,0.0,16032000.0,566000.0,0.0,34000000.0,0.0,4445000.0,4751000.0,0.0,0.0,0.0,0.17378165567141945,0.0,8166000.0,0.17378165567141945,-507000.0,8673000.0,0.18457118535858694,0.63,0.62,13536508.0,13754839.0,https://www.sec.gov/Archives/edgar/data/854560/000092708914000068/0000927089-14-000068-index.htm,https://www.sec.gov/Archives/edgar/data/854560/000092708914000068/gsbc-10k123113.htm,1620592809,16:40:09,20210509
29,2013-09-30,GSBC,USD,2013-11-08,2013-11-08 16:58:42,Q3,45732000.0,0.0,0.0,0.0,0.0,15906000.0,433000.0,0.0,33000000.0,0.0,4555000.0,3921000.0,0.0,0.0,0.0,0.20856293186390273,0.0,9538000.0,0.20856293186390273,1099000.0,8439000.0,0.18453161899763842,0.61,0.61,13596721.0,13596721.0,https://www.sec.gov/Archives/edgar/data/854560/000092708913000189/0000927089-13-000189-index.htm,https://www.sec.gov/Archives/edgar/data/854560/000092708913000189/gsbc-10q093013.htm,1620592809,16:40:09,20210509
30,2013-06-30,GSBC,USD,2013-08-08,2013-08-08 14:15:10,Q2,46522000.0,0.0,0.0,0.0,0.0,16032000.0,691000.0,0.0,35000000.0,0.0,4980000.0,3825000.0,0.0,0.0,0.0,0.20506427066764113,0.0,9540000.0,0.20506427066764113,1316000.0,8224000.0,0.1767765788229225,0.59,0.59,13693220.0,13693220.0,https://www.sec.gov/Archives/edgar/data/854560/000092708913000139/0000927089-13-000139-index.htm,https://www.sec.gov/Archives/edgar/data/854560/000092708913000139/gsbc-10q063013.htm,1620592809,16:40:09,20210509
31,2013-03-31,GSBC,USD,2013-05-10,2013-05-10 12:04:24,Q1,50924000.0,0.0,0.0,0.0,0.0,16174000.0,475000.0,0.0,39000000.0,0.0,5224000.0,3646000.0,0.0,0.0,0.0,0.19419134396355353,0.0,9889000.0,0.19419134396355353,1495000.0,8394000.0,0.1648338700809049,0.61,0.6,13522951.0,13748333.0,https://www.sec.gov/Archives/edgar/data/854560/000092708913000101/0000927089-13-000101-index.htm,https://www.sec.gov/Archives/edgar/data/854560/000092708913000060/gsbc-10k123112.htm,1620592809,16:40:09,20210509
32,2012-12-31,GSBC,USD,2013-03-11,2013-03-11 16:13:46,Q4,46875000.0,0.0,0.0,0.0,0.0,11100000.0,252000.0,0.0,40000000.0,0.0,5823000.0,4209000.0,0.0,0.0,0.0,0.16448,0.0,7710000.0,0.16448,-120000.0,12449000.0,0.2655786666666667,0.9,0.9,13645556.0,13645556.0,https://www.sec.gov/Archives/edgar/data/854560/000092708913000060/0000927089-13-000060-index.htm,https://www.sec.gov/Archives/edgar/data/854560/000092708913000060/gsbc-10k123112.htm,1620592809,16:40:09,20210509
33,2012-09-30,GSBC,USD,2012-11-09,2012-11-09 14:24:54,Q3,53094000.0,0.0,0.0,0.0,0.0,17359000.0,483000.0,5959000.0,44000000.0,0.0,6904000.0,3666000.0,0.0,0.0,0.0,0.1484913549553622,0.0,7884000.0,0.1484913549553622,780000.0,7104000.0,0.1338004294270539,0.51,0.51,13635294.0,13635294.0,https://www.sec.gov/Archives/edgar/data/854560/000092708912000302/0000927089-12-000302-index.htm,https://www.sec.gov/Archives/edgar/data/854560/000092708912000302/gsbc-10q093012.htm,1620592809,16:40:09,20210509
34,2012-06-30,GSBC,USD,2012-08-09,2012-08-09 13:37:32,Q2,47118000.0,0.0,0.0,0.0,0.0,17742000.0,468000.0,-31312000.0,54000000.0,0.0,7744000.0,3266000.0,0.0,0.0,0.0,0.6529139606944268,0.0,30764000.0,0.6529139606944268,9108000.0,21656000.0,0.459612037862388,1.59,1.58,13529560.0,13615190.0,https://www.sec.gov/Archives/edgar/data/854560/000092708912000214/0000927089-12-000214-index.htm,https://www.sec.gov/Archives/edgar/data/854560/000092708912000214/gsbc-10q063012.htm,1620592809,16:40:09,20210509
35,2012-03-31,GSBC,USD,2012-05-10,2012-05-10 15:17:10,Q1,45238000.0,0.0,0.0,0.0,0.0,16993000.0,369000.0,0.0,43000000.0,0.0,7904000.0,3057000.0,0.0,0.0,0.0,0.18462354657588753,0.0,8352000.0,0.18462354657588753,855000.0,7497000.0,0.16572350678633008,0.54,0.54,13616667.0,13616667.0,https://www.sec.gov/Archives/edgar/data/854560/000092708912000062/0000927089-12-000062-index.htm,https://www.sec.gov/Archives/edgar/data/854560/000092708912000031/gsbc-10k123111.htm,1620592809,16:40:09,20210509
36,2011-12-31,GSBC,USD,2012-03-09,2012-03-09 17:00:55,Q4,43139000.0,0.0,0.0,0.0,0.0,16193000.0,441000.0,0.0,49000000.0,0.0,8290000.0,4058000.0,0.0,0.0,0.0,0.2670437423213334,0.0,11520000.0,0.2670437423213334,-511000.0,12031000.0,0.27888917221076054,0.8835495499743072,0.8835495499743072,13616667.0,13616667.0,https://www.sec.gov/Archives/edgar/data/854560/000092708912000031/0000927089-12-000031-index.htm,https://www.sec.gov/Archives/edgar/data/854560/000092708912000031/gsbc-10k123111.htm,1620592809,16:40:09,20210509
37,2011-09-30,GSBC,USD,2011-11-07,2011-11-07 14:38:52,Q3,40433000.0,0.0,0.0,0.0,0.0,14996000.0,366000.0,0.0,40000000.0,0.0,8325000.0,1865000.0,0.0,0.0,0.0,0.22051294734499047,0.0,8916000.0,0.22051294734499047,2463000.0,6453000.0,0.1595973585932283,0.33,0.33,13463636.0,13463636.0,https://www.sec.gov/Archives/edgar/data/854560/000092708911000247/0000927089-11-000247-index.htm,https://www.sec.gov/Archives/edgar/data/854560/000092708911000247/gsbc-10q093011.htm,1620592809,16:40:09,20210509
38,2011-06-30,GSBC,USD,2011-08-05,2011-08-05 16:07:13,Q2,38133000.0,0.0,0.0,0.0,0.0,14885000.0,408000.0,0.0,39000000.0,0.0,8852000.0,1770000.0,0.0,0.0,0.0,0.19838460126399707,0.0,7565000.0,0.19838460126399707,1675000.0,5890000.0,0.15445939212755355,0.38,0.37,13442105.0,13805405.0,https://www.sec.gov/Archives/edgar/data/854560/000092708911000187/0000927089-11-000187-index.htm,https://www.sec.gov/Archives/edgar/data/854560/000092708911000187/gsbc-10q063011.htm,1620592809,16:40:09,20210509
39,2011-03-31,GSBC,USD,2011-05-06,2011-05-06 16:19:32,Q1,37589000.0,0.0,0.0,0.0,0.0,14677000.0,275000.0,9754000.0,39000000.0,0.0,9679000.0,1767000.0,0.0,0.0,0.0,0.20697544494399958,0.0,7780000.0,0.20697544494399958,1887000.0,5893000.0,0.15677458831040997,0.38,0.36,13284211.0,14022222.0,https://www.sec.gov/Archives/edgar/data/854560/000092708911000107/0000927089-11-000107-index.htm,https://www.sec.gov/Archives/edgar/data/854560/000092708911000068/gsbc-10k123110.htm,1620592809,16:40:09,20210509
40,2010-12-31,GSBC,USD,2011-03-04,2011-03-04 17:01:37,Q4,38036000.0,0.0,0.0,0.0,0.0,9616000.0,625000.0,0.0,35000000.0,0.0,10838000.0,2378000.0,0.0,0.0,0.0,0.19334314859606688,0.0,7354000.0,0.19334314859606688,1014000.0,6340000.0,0.166684193921548,0.4772583031088561,0.4772583031088561,13284211.0,13284211.0,https://www.sec.gov/Archives/edgar/data/854560/000092708911000068/0000927089-11-000068-index.htm,https://www.sec.gov/Archives/edgar/data/854560/000092708911000068/gsbc-10k123110.htm,1620592809,16:40:09,20210509
41,2010-09-30,GSBC,USD,2010-11-04,2010-11-04 16:15:44,Q3,42426000.0,0.0,0.0,0.0,0.0,16308000.0,508000.0,0.0,45000000.0,0.0,11341000.0,1138000.0,0.0,0.0,0.0,0.21269975958138876,0.0,9024000.0,0.21269975958138876,2862000.0,6162000.0,0.1452411257247914,0.39,0.38,13602564.0,13960526.0,https://www.sec.gov/Archives/edgar/data/854560/000092708910000260/0000927089-10-000260-index.htm,https://www.sec.gov/Archives/edgar/data/854560/000092708910000260/gsbi-10q093010.htm,1620592809,16:40:09,20210509
42,2010-06-30,GSBC,USD,2010-08-05,2010-08-05 14:44:24,Q2,39598000.0,0.0,0.0,0.0,0.0,14464000.0,580000.0,-1665000.0,45000000.0,0.0,12488000.0,1090000.0,0.0,0.0,0.0,0.21352088489317642,0.0,8455000.0,0.21352088489317642,2631000.0,5824000.0,0.14707813525935653,0.37,0.35,13431000.0,13431000.0,https://www.sec.gov/Archives/edgar/data/854560/000092708910000105/0000927089-10-000105-index.htm,https://www.sec.gov/Archives/edgar/data/854560/000092708910000105/gsbi-10q063010.htm,1620592809,16:40:09,20210509
43,2010-03-31,GSBC,USD,2010-05-07,2010-05-07 15:13:12,Q1,34668000.0,0.0,0.0,0.0,0.0,16173000.0,218000.0,-900000.0,41000000.0,0.0,13183000.0,1052000.0,0.0,0.0,0.0,0.22859697703934465,0.0,7925000.0,0.22859697703934465,2387000.0,5538000.0,0.15974385600553825,0.35,0.34,13425714.0,13820588.0,https://www.sec.gov/Archives/edgar/data/854560/000092708910000052/0000927089-10-000052-index.htm,https://www.sec.gov/Archives/edgar/data/854560/000092708910000037/gsb-10k123109.htm,1620592809,16:40:09,20210509
44,2009-12-31,GSBC,USD,2010-03-24,2010-03-24 15:16:35,Q4,-34580000.0,0.0,0.0,0.0,0.0,14855000.0,483000.0,0.0,44000000.0,0.0,15481000.0,991000.0,0.0,0.0,0.0,-0.6504337767495663,0.0,22492000.0,-0.6504337767495663,7405000.0,15087000.0,-0.4362926547137074,1.1237391173385638,1.1237391173385638,13425714.0,13425714.0,https://www.sec.gov/Archives/edgar/data/854560/000092708910000037/0000927089-10-000037-index.htm,https://www.sec.gov/Archives/edgar/data/854560/000092708910000037/gsb-10k123109.htm,1620592809,16:40:09,20210509
45,2009-09-30,GSBC,USD,2009-11-09,2009-11-09 16:44:16,Q3,80780000.0,0.0,0.0,0.0,0.0,16638000.0,365000.0,0.0,55000000.0,0.0,15911000.0,937000.0,0.0,0.0,0.0,0.5152636791284971,0.0,41623000.0,0.5152636791284971,14058000.0,27565000.0,0.34123545432037633,1.99,1.91,13424121.0,13986387.0,https://www.sec.gov/Archives/edgar/data/854560/000092708909000213/0000927089-09-000213-index.htm,https://www.sec.gov/Archives/edgar/data/854560/000092708909000213/gs-10q093009.htm,1620592809,16:40:09,20210509
46,2009-06-30,GSBC,USD,2009-08-13,2009-08-13 11:24:08,Q2,31362000.0,0.0,0.0,0.0,0.0,14730000.0,425000.0,-1367000.0,45000000.0,0.0,18442000.0,853000.0,0.0,0.0,0.0,0.14520757604744594,0.0,4554000.0,0.14520757604744594,1072000.0,3482000.0,0.11102608252024743,0.25,0.24,13180000.0,13729167.0,https://www.sec.gov/Archives/edgar/data/854560/000092708909000170/0000927089-09-000170-index.htm,https://www.sec.gov/Archives/edgar/data/854560/000092708909000170/gs-10q063009.htm,1620592809,16:40:09,20210509
47,2009-03-31,GSBC,USD,2009-05-18,2009-05-18 16:56:03,Q1,48592000.0,0.0,0.0,0.0,0.0,10715000.0,215000.0,0.0,36000000.0,0.0,16746000.0,698000.0,0.0,0.0,0.0,0.5840055976292394,0.0,28378000.0,0.5840055976292394,10119000.0,18259000.0,0.3757614422127099,1.3,1.29,13411538.0,13515504.0,https://www.sec.gov/Archives/edgar/data/854560/000092708909000138/0000927089-09-000138-index.htm,https://www.sec.gov/Archives/edgar/data/854560/000092708909000092/g-10k123108.htm,1620592809,16:40:09,20210509
48,2008-12-31,GSBC,USD,2009-03-16,2009-03-16 17:23:10,Q4,23550000.0,0.0,0.0,0.0,0.0,7274000.0,207000.0,0.0,37000000.0,0.0,18544000.0,-1257000.0,0.0,0.0,0.0,0.21944798301486199,0.0,5168000.0,0.21944798301486199,1599000.0,3569000.0,0.15154989384288747,0.26611414738563166,0.26611414738563166,13411538.0,13411538.0,https://www.sec.gov/Archives/edgar/data/854560/000092708909000092/0000927089-09-000092-index.htm,https://www.sec.gov/Archives/edgar/data/854560/000092708909000092/g-10k123108.htm,1620592809,16:40:09,20210509
49,2008-09-30,GSBC,USD,2008-11-10,2008-11-10 16:57:40,Q3,20156000.0,0.0,0.0,0.0,0.0,7561000.0,247000.0,0.0,36000000.0,0.0,16657000.0,1817000.0,0.0,0.0,0.0,0.04991069656677912,0.0,1006000.0,0.04991069656677912,182000.0,824000.0,0.040881127207779325,0.06,0.06,13733333.0,13733333.0,https://www.sec.gov/Archives/edgar/data/854560/000092708908000381/0000927089-08-000381-index.htm,https://www.sec.gov/Archives/edgar/data/854560/000092708908000381/g-10q093008.htm,1620592809,16:40:09,20210509
50,2008-06-30,GSBC,USD,2008-08-11,2008-08-11 15:33:29,Q2,27995000.0,0.0,0.0,0.0,0.0,7970000.0,342000.0,0.0,36000000.0,0.0,17533000.0,317000.0,0.0,0.0,0.0,0.33891766386854794,0.0,9488000.0,0.33891766386854794,3156000.0,6332000.0,0.22618324700839434,0.47,0.47,13472340.0,13472340.0,https://www.sec.gov/Archives/edgar/data/854560/000092708908000307/0000927089-08-000307-index.htm,https://www.sec.gov/Archives/edgar/data/854560/000092708908000307/g-10q063008.htm,1620592809,16:40:09,20210509
51,2008-03-31,GSBC,USD,2008-05-19,2008-05-19 16:10:59,Q1,28017000.0,0.0,0.0,0.0,0.0,8276000.0,278000.0,0.0,72000000.0,0.0,20497000.0,-8000.0,0.0,0.0,0.0,-0.8509476389335047,0.0,-23841000.0,-0.8509476389335047,-8688000.0,-15153000.0,-0.5408501980940144,-1.13,-1.13,13409735.0,13409735.0,https://www.sec.gov/Archives/edgar/data/854560/000092708908000193/0000927089-08-000193-index.htm,https://www.sec.gov/Archives/edgar/data/854560/000092708908000117/gs10k1231.htm,1620592809,16:40:09,20210509
52,2007-12-31,GSBC,USD,2008-03-17,2008-03-17 17:21:44,Q4,24667000.0,0.0,0.0,0.0,0.0,7788000.0,383000.0,0.0,38000000.0,0.0,22934000.0,55000.0,0.0,0.0,0.0,0.39072444966959907,0.0,9638000.0,0.39072444966959907,3199000.0,6439000.0,0.26103701301333765,0.4801735455622352,0.4801735455622352,13409735.0,13409735.0,https://www.sec.gov/Archives/edgar/data/854560/000092708908000117/0000927089-08-000117-index.htm,https://www.sec.gov/Archives/edgar/data/854560/000092708908000117/gs10k1231.htm,1620592809,16:40:09,20210509
53,2007-09-30,GSBC,USD,2007-11-09,2007-11-09 16:07:23,Q3,25542000.0,0.0,0.0,0.0,0.0,7744000.0,355000.0,0.0,39000000.0,0.0,24044000.0,-235000.0,0.0,0.0,0.0,0.42565186751233264,0.0,10872000.0,0.42565186751233264,3555000.0,7317000.0,0.2864693446088795,0.54,0.54,13550000.0,13550000.0,https://www.sec.gov/Archives/edgar/data/854560/000092708907000274/0000927089-07-000274-index.htm,https://www.sec.gov/Archives/edgar/data/854560/000092708907000274/gs10q930.htm,1620592809,16:40:09,20210509
54,2007-06-30,GSBC,USD,2007-08-09,2007-08-09 15:29:55,Q2,26415000.0,0.0,0.0,0.0,0.0,7493000.0,461000.0,0.0,37000000.0,0.0,23215000.0,-297000.0,0.0,0.0,0.0,0.46367594169979176,0.0,12248000.0,0.46367594169979176,4041000.0,8207000.0,0.3106946810524323,0.6,0.6,13678333.0,13678333.0,https://www.sec.gov/Archives/edgar/data/854560/000092708907000196/0000927089-07-000196-index.htm,https://www.sec.gov/Archives/edgar/data/854560/000092708907000196/gs10q0607.htm,1620592809,16:40:09,20210509
55,2007-03-31,GSBC,USD,2007-05-10,2007-05-10 16:18:42,Q1,24151000.0,0.0,0.0,0.0,0.0,7136000.0,247000.0,0.0,36000000.0,0.0,22272000.0,-361000.0,0.0,0.0,0.0,0.45062316260196267,0.0,10883000.0,0.45062316260196267,3548000.0,7335000.0,0.3037141319200033,0.54,0.53,13583333.0,13839623.0,https://www.sec.gov/Archives/edgar/data/854560/000092708907000116/0000927089-07-000116-index.htm,https://www.sec.gov/Archives/edgar/data/854560/000092708907000075/gsfinal10k.htm,1620592809,16:40:09,20210509
56,2006-12-31,GSBC,USD,2007-03-16,2007-03-16 17:09:42,Q4,25585000.0,0.0,0.0,0.0,0.0,6838000.0,425000.0,0.0,35000000.0,0.0,21845000.0,257000.0,0.0,0.0,0.0,0.45264803595856945,0.0,11581000.0,0.45264803595856945,3588000.0,7993000.0,0.3124096150087942,0.5884417322316989,0.5884417322316989,13583333.0,13583333.0,https://www.sec.gov/Archives/edgar/data/854560/000092708907000075/0000927089-07-000075-index.htm,https://www.sec.gov/Archives/edgar/data/854560/000092708907000075/gsfinal10k.htm,1620592809,16:40:09,20210509
57,2006-09-30,GSBC,USD,2006-11-09,2006-11-09 16:13:07,Q3,24955000.0,0.0,0.0,0.0,0.0,7297000.0,251000.0,0.0,35000000.0,0.0,21339000.0,268000.0,0.0,0.0,0.0,0.4534962933279904,0.0,11317000.0,0.4534962933279904,3287000.0,8030000.0,0.3217792025646163,0.59,0.58,13610169.0,13844828.0,https://www.sec.gov/Archives/edgar/data/854560/000092708906000355/0000927089-06-000355-index.htm,https://www.sec.gov/Archives/edgar/data/854560/000092708906000355/gs10qsept.htm,1620592809,16:40:09,20210509
58,2006-06-30,GSBC,USD,2006-08-09,2006-08-09 14:36:19,Q2,24564000.0,0.0,0.0,0.0,0.0,7169000.0,273000.0,0.0,34000000.0,0.0,20105000.0,426000.0,0.0,0.0,0.0,0.4487868425337893,0.0,11024000.0,0.4487868425337893,3500000.0,7524000.0,0.3063019052271617,0.55,0.54,13680000.0,13933333.0,https://www.sec.gov/Archives/edgar/data/854560/000092708906000192/0000927089-06-000192-index.htm,https://www.sec.gov/Archives/edgar/data/854560/000092708906000192/gs10qjune.htm,1620592809,16:40:09,20210509
59,2006-03-31,GSBC,USD,2006-05-10,2006-05-10 16:35:12,Q1,23755000.0,0.0,0.0,0.0,0.0,6981000.0,253000.0,0.0,31000000.0,0.0,17565000.0,512000.0,0.0,0.0,0.0,0.4495895600926121,0.0,10680000.0,0.4495895600926121,3484000.0,7196000.0,0.3029256998526626,0.52,0.52,13838462.0,13838462.0,https://www.sec.gov/Archives/edgar/data/854560/000092708906000097/0000927089-06-000097-index.htm,https://www.sec.gov/Archives/edgar/data/854560/000092708906000066/gs10kdraft8.htm,1620592809,16:40:09,20210509
60,2005-12-31,GSBC,USD,2006-03-16,2006-03-16 17:15:04,Q4,14143000.0,0.0,0.0,0.0,0.0,6483000.0,243000.0,0.0,29000000.0,0.0,20303000.0,836000.0,0.0,0.0,0.0,0.10556459025666408,0.0,1493000.0,0.10556459025666408,-614000.0,2107000.0,0.14897829314855404,0.15225680426047344,0.15225680426047344,13838462.0,13838462.0,https://www.sec.gov/Archives/edgar/data/854560/000092708906000066/0000927089-06-000066-index.htm,https://www.sec.gov/Archives/edgar/data/854560/000092708906000066/gs10kdraft8.htm,1620592809,16:40:09,20210509
61,2005-09-30,GSBC,USD,2005-11-09,2005-11-09 17:06:55,Q3,22875000.0,0.0,0.0,0.0,0.0,6517000.0,232000.0,0.0,27000000.0,0.0,13910000.0,1023000.0,0.0,0.0,0.0,0.4594535519125683,0.0,10510000.0,0.4594535519125683,3363000.0,7147000.0,0.31243715846994535,0.52,0.51,13744231.0,14013725.0,https://www.sec.gov/Archives/edgar/data/854560/000092708905000453/0000927089-05-000453-index.htm,https://www.sec.gov/Archives/edgar/data/854560/000092708905000453/gs10q0905.htm,1620592809,16:40:09,20210509
62,2005-06-30,GSBC,USD,2005-08-09,2005-08-09 17:22:09,Q2,21950000.0,0.0,0.0,0.0,0.0,6206000.0,293000.0,0.0,25000000.0,0.0,12014000.0,908000.0,0.0,0.0,0.0,0.4649202733485194,0.0,10205000.0,0.4649202733485194,3265000.0,6940000.0,0.3161731207289294,0.51,0.5,13607843.0,13880000.0,https://www.sec.gov/Archives/edgar/data/854560/000092708905000352/0000927089-05-000352-index.htm,https://www.sec.gov/Archives/edgar/data/854560/000092708905000352/gs10q0605.htm,1620592809,16:40:09,20210509
63,2005-03-31,GSBC,USD,2005-05-10,2005-05-10 16:57:33,Q1,20988000.0,0.0,0.0,0.0,0.0,6149000.0,256000.0,0.0,23000000.0,0.0,9871000.0,824000.0,0.0,0.0,0.0,0.45387840670859536,0.0,9526000.0,0.45387840670859536,3048000.0,6478000.0,0.3086525633695445,0.47,0.46,13782979.0,14082609.0,https://www.sec.gov/Archives/edgar/data/854560/000092708905000198/0000927089-05-000198-index.htm,https://www.sec.gov/Archives/edgar/data/854560/000092708905000120/gs10k1204.htm,1620592809,16:40:09,20210509
64,2004-12-31,GSBC,USD,2005-03-16,2005-03-16 15:30:41,Q4,21892000.0,0.0,0.0,0.0,0.0,6164000.0,220000.0,0.0,0.0,0.0,8255000.0,1092000.0,0.0,0.0,0.0,0.4582039101041476,0.0,10031000.0,0.4582039101041476,3203000.0,6828000.0,0.31189475607527867,0.49539363007082865,0.49539363007082865,13782979.0,13782979.0,https://www.sec.gov/Archives/edgar/data/854560/000092708905000120/0000927089-05-000120-index.htm,https://www.sec.gov/Archives/edgar/data/854560/000092708905000120/gs10k1204.htm,1620592809,16:40:09,20210509
65,2004-09-30,GSBC,USD,2004-11-09,2004-11-09 16:18:19,Q3,21446000.0,0.0,0.0,0.0,0.0,5398000.0,166000.0,0.0,0.0,0.0,6845000.0,786000.0,0.0,0.0,0.0,0.4921197426093444,0.0,10554000.0,0.4921197426093444,3385000.0,7169000.0,0.3342814510864497,0.52,0.51,13786538.0,14056863.0,https://www.sec.gov/Archives/edgar/data/854560/000092708904000384/0000927089-04-000384-index.htm,https://www.sec.gov/Archives/edgar/data/854560/000092708904000384/gs10q0904.htm,1620592809,16:40:09,20210509
66,2004-06-30,GSBC,USD,2004-08-06,2004-08-06 13:08:42,Q2,20780000.0,0.0,0.0,0.0,0.0,5317000.0,213000.0,0.0,0.0,0.0,5732000.0,923000.0,0.0,0.0,0.0,0.48060635226179016,0.0,9987000.0,0.48060635226179016,3296000.0,6691000.0,0.32199230028873915,0.49,0.48,13655102.0,13939583.0,https://www.sec.gov/Archives/edgar/data/854560/000092708904000301/0000927089-04-000301-index.htm,https://www.sec.gov/Archives/edgar/data/854560/000092708904000301/gs10q630.htm,1620592809,16:40:09,20210509
67,2004-03-31,GSBC,USD,2004-05-07,2004-05-07 17:02:25,Q1,19739000.0,0.0,0.0,0.0,0.0,5128000.0,195000.0,0.0,0.0,0.0,5645000.0,728000.0,0.0,0.0,0.0,0.4681594812300522,0.0,9241000.0,0.4681594812300522,3050000.0,6191000.0,0.3136430416941081,0.45,0.445,13757778.0,13912360.0,https://www.sec.gov/Archives/edgar/data/854560/000092708904000208/0000927089-04-000208-index.htm,https://www.sec.gov/Archives/edgar/data/854560/000092708904000108/gs10k.htm,1620592809,16:40:09,20210509
68,2003-12-31,GSBC,USD,2004-03-15,2004-03-15 13:42:27,Q4,19627000.0,0.0,0.0,0.0,0.0,5025000.0,233000.0,0.0,0.0,0.0,5510000.0,1145000.0,0.0,0.0,0.0,0.42451724665002294,0.0,8332000.0,0.42451724665002294,2701000.0,5631000.0,0.28690069801803636,0.40929574528677526,0.40929574528677526,13757778.0,13757778.0,https://www.sec.gov/Archives/edgar/data/854560/000092708904000108/0000927089-04-000108-index.htm,https://www.sec.gov/Archives/edgar/data/854560/000092708904000108/gs10k.htm,1620592809,16:40:09,20210509
69,2003-09-30,GSBC,USD,2003-11-12,2003-11-12 10:15:40,Q3,19712000.0,0.0,0.0,0.0,0.0,4883000.0,160000.0,0.0,0.0,0.0,5503000.0,997000.0,0.0,0.0,0.0,0.4682426948051948,0.0,9230000.0,0.4682426948051948,3039000.0,6191000.0,0.3140726461038961,0.45,0.45,13757778.0,13757778.0,https://www.sec.gov/Archives/edgar/data/854560/000092708903000284/0000927089-03-000284-index.htm,https://www.sec.gov/Archives/edgar/data/854560/000092708903000284/gs10qsep03.htm,1620592809,16:40:09,20210509
70,2003-06-30,GSBC,USD,2003-08-11,2003-08-11 12:21:54,Q2,17966000.0,0.0,0.0,0.0,0.0,4553000.0,187000.0,0.0,0.0,0.0,5906000.0,1121000.0,0.0,0.0,0.0,0.48330179227429587,0.0,8683000.0,0.48330179227429587,2872000.0,5811000.0,0.32344428364688854,0.425,0.42,13672941.0,13835714.0,https://www.sec.gov/Archives/edgar/data/854560/000092708903000213/0000927089-03-000213-index.htm,https://www.sec.gov/Archives/edgar/data/854560/000092708903000213/gsq630.htm,1620592809,16:40:09,20210509
71,2003-03-31,GSBC,USD,2003-05-12,2003-05-12 17:10:51,Q1,17033000.0,0.0,0.0,0.0,0.0,4279000.0,155000.0,0.0,0.0,0.0,6245000.0,1193000.0,0.0,0.0,0.0,0.48182939000763225,0.0,8207000.0,0.48182939000763225,2749000.0,5458000.0,0.3204367991545823,0.4,0.395,13645000.0,13817722.0,https://www.sec.gov/Archives/edgar/data/854560/000092708903000126/0000927089-03-000126-index.htm,https://www.sec.gov/Archives/edgar/data/854560/000092708903000081/gs10k.htm,1620592809,16:40:09,20210509
72,2002-12-31,GSBC,USD,2003-03-28,2003-03-28 16:48:56,Q4,16949000.0,0.0,0.0,0.0,0.0,3991000.0,165000.0,0.0,0.0,0.0,7118000.0,1104000.0,0.0,0.0,0.0,0.48268334415009734,0.0,8181000.0,0.48268334415009734,2825000.0,5356000.0,0.31600684406159657,0.39252473433492124,0.39252473433492124,13645000.0,13645000.0,https://www.sec.gov/Archives/edgar/data/854560/000092708903000081/0000927089-03-000081-index.htm,https://www.sec.gov/Archives/edgar/data/854560/000092708903000081/gs10k.htm,1620592809,16:40:09,20210509
73,2002-09-30,GSBC,USD,2002-11-13,2002-11-13 13:32:04,Q3,17690000.0,0.0,0.0,0.0,0.0,4011000.0,190000.0,0.0,0.0,0.0,7476000.0,592000.0,0.0,0.0,0.0,0.5124364047484454,0.0,9065000.0,0.5124364047484454,3146000.0,5919000.0,0.3345958168456755,0.43,0.425,13765116.0,13927059.0,https://www.sec.gov/Archives/edgar/data/854560/000092708902000265/0000927089-02-000265-index.htm,https://www.sec.gov/Archives/edgar/data/854560/000092708902000265/gsqsep02.htm,1620592809,16:40:09,20210509
74,2002-06-30,GSBC,USD,2002-08-12,2002-08-12 16:20:48,Q2,18879000.0,0.0,0.0,0.0,0.0,3983000.0,156000.0,0.0,0.0,0.0,7633000.0,1061000.0,0.0,0.0,0.0,0.5362572170136131,0.0,10124000.0,0.5362572170136131,3590000.0,6534000.0,0.3460988399809312,0.475,0.47,13755789.0,13902128.0,https://www.sec.gov/Archives/edgar/data/854560/000092708902000189/0000927089-02-000189-index.htm,https://www.sec.gov/Archives/edgar/data/854560/000092708902000189/gsjun02.htm,1620592809,16:40:09,20210509
75,2002-03-31,GSBC,USD,2002-05-08,2002-05-07 18:16:42,Q1,16127000.0,0.0,0.0,0.0,0.0,3857000.0,110000.0,0.0,0.0,0.0,8110000.0,631000.0,0.0,0.0,0.0,0.5049296211322627,0.0,8143000.0,0.5049296211322627,2741000.0,5402000.0,0.3349662057419235,0.395,0.39,13675949.0,13851282.0,https://www.sec.gov/Archives/edgar/data/854560/000092708902000108/0000927089-02-000108-index.htm,https://www.sec.gov/Archives/edgar/data/854560/000092708902000108/gs10q.htm,1620592809,16:40:09,20210509
76,2001-12-31,GSBC,USD,2001-12-31,2001-12-31,Q4,15268471.0,0.0,0.0,0.0,0.0,4017357.0,187348.0,0.0,0.0,0.0,9425275.0,269707.0,0.0,0.0,0.0,0.4268521058853896,0.0,6517379.0,0.4268521058853896,1868572.0,4648807.0,0.30447102398137965,0.33992573385583696,0.33992573385583696,13675949.0,13675949.0,,,1620592809,16:40:09,20210509
77,2001-09-30,GSBC,USD,2001-11-13,2001-11-13 00:00:00,Q3,15326833.0,0.0,0.0,0.0,0.0,3739868.0,171461.0,0.0,0.0,0.0,10504138.0,1181299.0,0.0,0.0,0.0,0.48930460715530727,0.0,7499490.0,0.48930460715530727,2649174.0,4850316.0,0.31645911454766945,0.35,0.35,13858046.0,13858046.0,https://www.sec.gov/Archives/edgar/data/854560/000092708901500389/0000927089-01-500389-index.htm,https://www.sec.gov/Archives/edgar/data/854560/000092708901500389/sept10q.htm,1620592809,16:40:09,20210509
78,2001-06-30,GSBC,USD,2001-08-14,2001-08-14 00:00:00,Q2,14428512.0,0.0,0.0,0.0,0.0,3786069.0,162976.0,0.0,0.0,0.0,12408124.0,-783349.0,0.0,0.0,0.0,0.48246915551652175,0.0,6961312.0,0.48246915551652175,2429567.0,4531745.0,0.31408263028093264,0.33,0.325,13732561.0,13943831.0,https://www.sec.gov/Archives/edgar/data/854560/000092708901500319/0000927089-01-500319-index.htm,https://www.sec.gov/Archives/edgar/data/854560/000092708901500319/june10q.htm,1620592809,16:40:09,20210509
79,2001-03-31,GSBC,USD,2001-05-15,2001-05-15 00:00:00,Q1,15599184.0,0.0,0.0,0.0,0.0,3582707.0,164215.0,0.0,0.0,0.0,13571273.0,507343.0,0.0,0.0,0.0,0.46507676298965384,0.0,7254818.0,0.46507676298965384,2527686.0,4727132.0,0.30303713322440456,0.345,0.335,13701832.0,14110842.0,https://www.sec.gov/Archives/edgar/data/854560/000092708901500229/0000927089-01-500229-index.htm,https://www.sec.gov/Archives/edgar/data/854560/000092708901500229/march10q.htm,1620592809,16:40:09,20210509
80,2000-12-31,GSBC,USD,2000-12-31,2000-12-31,Q4,14053573.0,0.0,0.0,0.0,0.0,5836233.0,220360.0,0.0,0.0,0.0,14009341.0,2417207.0,0.0,0.0,0.0,0.4279960690423709,0.0,6014874.0,0.4279960690423709,2071983.0,3942891.0,0.2805614629105353,0.28776378224459326,0.28776378224459326,13701832.0,13701832.0,,,1620592809,16:40:09,20210509
81,2000-09-30,GSBC,USD,2000-11-14 00:00:00,2000-11-14 00:00:00,Q3,13447183.0,0.0,0.0,0.0,0.0,3374526.0,238053.0,0.0,0.0,0.0,12809529.0,459044.0,0.0,0.0,0.0,0.45107194570044895,0.0,6065647.0,0.45107194570044895,2073822.0,3991825.0,0.29685213624295886,0.28,0.27,14256518.0,14784537.0,https://www.sec.gov/Archives/edgar/data/854560/000092708900500155/0000927089-00-500155-index.html,https://www.sec.gov/Archives/edgar/data/854560/000092708900500155/gs10q0009.htm,1620592809,16:40:09,20210509
82,2000-06-30,GSBC,USD,2000-08-11 00:00:00,2000-08-11 00:00:00,Q2,12631863.0,0.0,0.0,0.0,0.0,3340673.0,122425.0,0.0,0.0,0.0,11434381.0,-301571.0,0.0,0.0,0.0,0.4761253347982004,0.0,6014350.0,0.4761253347982004,2130230.0,3884120.0,0.3074859187437356,0.27,0.265,14385630.0,14657057.0,https://www.sec.gov/Archives/edgar/data/854560/000092708900000250/0000927089-00-000250-index.html,https://www.sec.gov/Archives/edgar/data/854560/000092708900000250/0000927089-00-000250-0001.txt,1620592809,16:40:09,20210509
83,2000-03-31,GSBC,USD,2000-05-12 00:00:00,2000-05-12 00:00:00,Q1,12139367.0,0.0,0.0,0.0,0.0,3466690.0,132544.0,0.0,0.0,0.0,10607522.0,-223617.0,0.0,0.0,0.0,0.4585717690222233,0.0,5566771.0,0.4585717690222233,1907965.0,3658806.0,0.3014000647644972,0.25,0.24,14635224.0,15245025.0,https://www.sec.gov/Archives/edgar/data/854560/000092708900000163/0000927089-00-000163-index.html,https://www.sec.gov/Archives/edgar/data/854560/0000927089-00-000163.txt,1620592809,16:40:09,20210509
84,1999-12-31,GSBC,USD,1999-12-31,1999-12-31,Q4,12224805.0,0.0,0.0,0.0,0.0,6700737.0,211206.0,0.0,0.0,0.0,9863090.0,0.0,0.0,0.0,0.0,0.4250031800098243,0.0,5195581.0,0.4250031800098243,1718200.0,3477381.0,0.2844528808434981,0.23760353787547084,0.23760353787547084,14635224.0,14635224.0,,,1620592809,16:40:09,20210509
85,1999-09-30,GSBC,USD,1999-09-30,1999-09-30,Q3,12300000.0,0.0,0.0,0.0,0.0,3200000.0,200000.0,0.0,0.0,0.0,9100000.0,0.0,0.0,0.0,0.0,0.44715447154471544,0.0,5500000.0,0.44715447154471544,2000000.0,3500000.0,0.2845528455284553,0.1175,0.115,15112000.0,15112000.0,,,1620592809,16:40:09,20210509
86,1999-06-30,GSBC,USD,1999-06-30,1999-06-30,Q2,11800000.0,0.0,0.0,0.0,0.0,3200000.0,100000.0,0.0,0.0,0.0,8200000.0,300000.0,0.0,0.0,0.0,0.4152542372881356,0.0,4900000.0,0.4152542372881356,1700000.0,3200000.0,0.2711864406779661,0.1075,0.105,15174000.0,15174000.0,,,1620592809,16:40:09,20210509
87,1999-03-31,GSBC,USD,1999-03-31,1999-03-31,Q1,11600000.0,0.0,0.0,0.0,0.0,3300000.0,100000.0,0.0,0.0,0.0,8200000.0,300000.0,0.0,0.0,0.0,0.43103448275862066,0.0,5000000.0,0.43103448275862066,1600000.0,3400000.0,0.29310344827586204,0.11,0.11,15366990.0,15366990.0,,,1620592809,16:40:09,20210509
88,1998-12-31,GSBC,USD,1998-12-31,1998-12-31,Q4,11870000.0,8150000.0,11870000.0,1.0,0.0,6420000.0,0.0,0.0,14570000.0,0.0,8150000.0,600000.0,6050000.0,0.5096882898062342,5450000.0,0.45914069081718617,0.0,5450000.0,0.45914069081718617,1870000.0,3580000.0,0.3016006739679865,0.22167,0.22167,16150000.0,16150000.0,,,1620592809,16:40:09,20210509
89,1998-09-30,GSBC,USD,1998-09-30,1998-09-30,Q3,11900000.0,0.0,0.0,0.0,0.0,2900000.0,100000.0,0.0,0.0,0.0,8400000.0,0.0,0.0,0.0,0.0,0.48739495798319327,0.0,5800000.0,0.48739495798319327,2000000.0,3800000.0,0.31932773109243695,0.12,0.1175,15792000.0,15792000.0,,,1620592809,16:40:09,20210509
90,1998-06-30,GSBC,USD,1998-06-30,1998-06-30,Q2,11200000.0,0.0,0.0,0.0,0.0,2800000.0,200000.0,0.0,0.0,0.0,8300000.0,300000.0,0.0,0.0,0.0,0.4732142857142857,0.0,5300000.0,0.4732142857142857,1700000.0,3600000.0,0.32142857142857145,0.22796352583586627,0.22796352583586627,15792000.0,15792000.0,,,1620592809,16:40:09,20210509
91,1998-03-31,GSBC,USD,1998-03-31,1998-03-31,Q1,11200000.0,0.0,0.0,0.0,0.0,2800000.0,100000.0,0.0,0.0,0.0,8100000.0,200000.0,0.0,0.0,0.0,0.49107142857142855,0.0,5500000.0,0.49107142857142855,2100000.0,3400000.0,0.30357142857142855,0.105,0.1025,16072000.0,16072000.0,,,1620592809,16:40:09,20210509
92,1997-12-31,GSBC,USD,1997-12-31,1997-12-31,Q4,11000000.0,0.0,0.0,0.0,0.0,2600000.0,200000.0,0.0,0.0,0.0,7900000.0,100000.0,0.0,0.0,0.0,0.5181818181818182,0.0,5700000.0,0.5181818181818182,2100000.0,3600000.0,0.32727272727272727,0.1125,0.11,16132000.0,16132000.0,,,1620592809,16:40:09,20210509
93,1997-09-30,GSBC,USD,1997-09-30,1997-09-30,Q3,10200000.0,0.0,0.0,0.0,0.0,2600000.0,100000.0,0.0,0.0,0.0,7700000.0,100000.0,0.0,0.0,0.0,0.4803921568627451,0.0,4900000.0,0.4803921568627451,1000000.0,3900000.0,0.38235294117647056,0.1175,0.1175,16160000.0,16160000.0,,,1620592809,16:40:09,20210509
94,1997-06-30,GSBC,USD,1997-06-30,1997-06-30,Q2,9500000.0,0.0,0.0,0.0,0.0,2300000.0,300000.0,0.0,0.0,0.0,7400000.0,100000.0,0.0,0.0,0.0,0.4842105263157895,0.0,4600000.0,0.4842105263157895,1600000.0,3000000.0,0.3157894736842105,0.18564356435643564,0.18564356435643564,16160000.0,16160000.0,,,1620592809,16:40:09,20210509
95,1997-03-31,GSBC,USD,1997-03-31,1997-03-31,Q1,9000000.0,0.0,0.0,0.0,0.0,2300000.0,100000.0,0.0,0.0,0.0,7300000.0,0.0,0.0,0.0,0.0,0.5,0.0,4500000.0,0.5,1600000.0,2900000.0,0.32222222222222224,0.0875,0.0875,16560000.0,16560000.0,,,1620592809,16:40:09,20210509
96,1996-12-31,GSBC,USD,1996-12-31,1996-12-31,Q4,9200000.0,0.0,0.0,0.0,0.0,2200000.0,200000.0,0.0,0.0,0.0,7100000.0,0.0,0.0,0.0,0.0,0.5108695652173914,0.0,4700000.0,0.5108695652173914,1800000.0,2900000.0,0.31521739130434784,0.085,0.085,16354000.0,16354000.0,,,1620592809,16:40:09,20210509
97,1996-09-30,GSBC,USD,1996-11-14 00:00:00,1996-11-14 00:00:00,Q3,9400000.0,0.0,0.0,0.0,0.0,2400000.0,100000.0,0.0,0.0,0.0,7000000.0,1100000.0,0.0,0.0,0.0,0.13829787234042554,0.0,1300000.0,0.13829787234042554,800000.0,500000.0,0.05319148936170213,0.00625,0.00625,17460000.0,17460000.0,https://www.sec.gov/Archives/edgar/data/854560/000085456096000011/0000854560-96-000011-index.html,https://www.sec.gov/Archives/edgar/data/854560/0000854560-96-000011.txt,1620592809,16:40:09,20210509
98,1996-06-30,GSBC,USD,1996-09-30 00:00:00,1996-09-30 00:00:00,Q2,9100000.0,0.0,0.0,0.0,0.0,2200000.0,200000.0,0.0,0.0,0.0,7000000.0,-300000.0,0.0,0.0,0.0,0.4945054945054945,0.0,4500000.0,0.4945054945054945,1800000.0,2700000.0,0.2967032967032967,0.15463917525773196,0.15463917525773196,17460000.0,17460000.0,https://www.sec.gov/Archives/edgar/data/854560/000085456096000009/0000854560-96-000009-index.html,https://www.sec.gov/Archives/edgar/data/854560/0000854560-96-000009.txt,1620592809,16:40:09,20210509
99,1996-03-31,GSBC,USD,1996-05-15,1996-05-15,Q1,9600000.0,0.0,0.0,0.0,0.0,2100000.0,100000.0,0.0,0.0,0.0,7100000.0,600000.0,0.0,0.0,0.0,0.5104166666666666,0.0,4900000.0,0.5104166666666666,1700000.0,3200000.0,0.3333333333333333,0.04375,0.04375,17736000.0,17736000.0,https://www.sec.gov/Archives/edgar/data/854560/0000854560-96-000005-index.html,https://www.sec.gov/Archives/edgar/data/854560/,1620592809,16:40:09,20210509
100,1995-12-31,GSBC,USD,1995-12-31,1995-12-31,Q4,8400000.0,0.0,0.0,0.0,0.0,2000000.0,200000.0,0.0,0.0,0.0,7000000.0,100000.0,0.0,0.0,0.0,0.4880952380952381,0.0,4100000.0,0.4880952380952381,1600000.0,2500000.0,0.2976190476190476,0.03375,0.03375,17904000.0,17904000.0,,,1620592809,16:40:09,20210509
101,1995-09-30,GSBC,USD,1995-09-30,1995-09-30,Q3,9000000.0,0.0,0.0,0.0,0.0,2000000.0,100000.0,0.0,0.0,0.0,6900000.0,100000.0,0.0,0.0,0.0,0.5333333333333333,0.0,4800000.0,0.5333333333333333,1900000.0,2900000.0,0.32222222222222224,0.03875,0.03875,17948000.0,17948000.0,,,1620592809,16:40:09,20210509
102,1995-06-30,GSBC,USD,1995-06-30,1995-06-30,Q2,8100000.0,0.0,0.0,0.0,0.0,1900000.0,300000.0,0.0,0.0,0.0,6800000.0,-100000.0,0.0,0.0,0.0,0.48148148148148145,0.0,3900000.0,0.48148148148148145,1500000.0,2400000.0,0.2962962962962963,0.0,0.0,0.0,0.0,,,1620592809,16:40:09,20210509
103,1995-03-31,GSBC,USD,1995-03-31,1995-03-31,Q1,7700000.0,0.0,0.0,0.0,0.0,1900000.0,200000.0,0.0,0.0,0.0,6300000.0,0.0,0.0,0.0,0.0,0.45454545454545453,0.0,3500000.0,0.45454545454545453,1100000.0,2400000.0,0.3116883116883117,0.0325,0.0325,18048000.0,18048000.0,,,1620592809,16:40:09,20210509
104,1994-12-31,GSBC,USD,1994-12-31,1994-12-31,Q4,8000000.0,0.0,0.0,0.0,0.0,1900000.0,200000.0,0.0,0.0,0.0,5500000.0,0.0,0.0,0.0,0.0,0.475,0.0,3800000.0,0.475,1400000.0,2400000.0,0.3,0.03125,0.03125,18120000.0,18120000.0,,,1620592809,16:40:09,20210509
105,1994-09-30,GSBC,USD,1994-09-30,1994-09-30,Q3,0.0,0.0,0.0,0.0,0.0,0.0,0.0,0.0,0.0,0.0,0.0,0.0,0.0,0.0,0.0,0.0,0.0,0.0,0.0,0.0,2300000.0,0.0,0.02875,0.02875,19160000.0,19160000.0,,,1620592809,16:40:09,20210509
106,1994-06-30,GSBC,USD,1994-06-30,1994-06-30,Q2,7400000.0,0.0,0.0,0.0,0.0,1900000.0,300000.0,0.0,0.0,0.0,4400000.0,0.0,0.0,0.0,0.0,0.47297297297297297,0.0,3500000.0,0.47297297297297297,1300000.0,2200000.0,0.2972972972972973,0.11312217194570136,0.11312217194570136,19448000.0,19448000.0,,,1620592809,16:40:09,20210509
107,1994-03-31,GSBC,USD,1994-03-31,1994-03-31,Q1,8200000.0,0.0,0.0,0.0,0.0,1800000.0,100000.0,0.0,0.0,0.0,4400000.0,0.0,0.0,0.0,0.0,0.5365853658536586,0.0,4400000.0,0.5365853658536586,1500000.0,2900000.0,0.35365853658536583,0.012083,0.012083,19448000.0,19448000.0,,,1620592809,16:40:09,20210509
108,1993-12-31,GSBC,USD,1993-12-31,1993-12-31,Q4,7400000.0,0.0,0.0,0.0,0.0,1800000.0,200000.0,0.0,0.0,0.0,4300000.0,-200000.0,0.0,0.0,0.0,0.33783783783783783,0.0,2500000.0,0.33783783783783783,800000.0,1700000.0,0.22972972972972974,0.007083,0.007083,19376000.0,19376000.0,,,1620592809,16:40:09,20210509
109,1993-09-30,GSBC,USD,1993-09-30,1993-09-30,Q3,7400000.0,0.0,0.0,0.0,0.0,1800000.0,200000.0,0.0,0.0,0.0,4300000.0,100000.0,0.0,0.0,0.0,0.3108108108108108,0.0,2300000.0,0.3108108108108108,800000.0,4900000.0,0.6621621621621622,0.020417,0.020417,19208000.0,19208000.0,,,1620592809,16:40:09,20210509
110,1993-06-30,GSBC,USD,1993-06-30,1993-06-30,Q2,7100000.0,0.0,0.0,0.0,0.0,1600000.0,800000.0,0.0,0.0,0.0,4200000.0,200000.0,0.0,0.0,0.0,0.3380281690140845,0.0,2400000.0,0.3380281690140845,1100000.0,1300000.0,0.18309859154929578,0.06772244217545322,0.06772244217545322,19196000.0,19196000.0,,,1620592809,16:40:09,20210509
111,1993-03-31,GSBC,USD,1993-03-31,1993-03-31,Q1,6500000.0,0.0,0.0,0.0,0.0,1700000.0,100000.0,0.0,0.0,0.0,4100000.0,400000.0,0.0,0.0,0.0,0.38461538461538464,0.0,2500000.0,0.38461538461538464,1300000.0,1200000.0,0.18461538461538463,0.005,0.005,19196000.0,19196000.0,,,1620592809,16:40:09,20210509
112,1992-12-31,GSBC,USD,1992-12-31,1992-12-31,Q4,6900000.0,0.0,0.0,0.0,0.0,1800000.0,200000.0,0.0,0.0,0.0,4100000.0,100000.0,0.0,0.0,0.0,0.2898550724637681,0.0,2000000.0,0.2898550724637681,900000.0,1100000.0,0.15942028985507245,0.004583,0.004583,19544000.0,19544000.0,,,1620592809,16:40:09,20210509
113,1992-09-30,GSBC,USD,1992-09-30,1992-09-30,Q3,6500000.0,0.0,0.0,0.0,0.0,1700000.0,100000.0,0.0,0.0,0.0,4600000.0,200000.0,0.0,0.0,0.0,0.3384615384615385,0.0,2200000.0,0.3384615384615385,1100000.0,1100000.0,0.16923076923076924,0.004167,0.004167,20000000.0,20000000.0,,,1620592809,16:40:09,20210509
114,1992-06-30,GSBC,USD,1992-06-30,1992-06-30,Q2,5600000.0,0.0,0.0,0.0,0.0,1600000.0,0.0,0.0,0.0,0.0,4900000.0,-400000.0,0.0,0.0,0.0,0.21428571428571427,0.0,1200000.0,0.21428571428571427,200000.0,1000000.0,0.17857142857142858,0.04845900368288428,0.04845900368288428,20636000.0,20636000.0,,,1620592809,16:40:09,20210509
115,1992-03-31,GSBC,USD,1992-03-31,1992-03-31,Q1,6000000.0,0.0,0.0,0.0,0.0,1700000.0,0.0,0.0,0.0,0.0,5100000.0,800000.0,0.0,0.0,0.0,0.3,0.0,1800000.0,0.3,800000.0,1000000.0,0.16666666666666666,0.00375,0.00375,20636000.0,20636000.0,,,1620592809,16:40:09,20210509
116,1991-12-31,GSBC,USD,1991-12-31,1991-12-31,Q4,5700000.0,0.0,0.0,0.0,0.0,1500000.0,0.0,0.0,0.0,0.0,5900000.0,200000.0,0.0,0.0,0.0,0.2807017543859649,0.0,1600000.0,0.2807017543859649,700000.0,900000.0,0.15789473684210525,0.00375,0.00375,21260000.0,21260000.0,,,1620592809,16:40:09,20210509
117,1991-09-30,GSBC,USD,1991-09-30,1991-09-30,Q3,5800000.0,0.0,0.0,0.0,0.0,1600000.0,0.0,0.0,0.0,0.0,6200000.0,100000.0,0.0,0.0,0.0,0.29310344827586204,0.0,1700000.0,0.29310344827586204,800000.0,900000.0,0.15517241379310345,0.003333,0.003333,21548000.0,21548000.0,,,1620592809,16:40:09,20210509
118,1991-06-30,GSBC,USD,1991-06-30,1991-06-30,Q2,5500000.0,0.0,0.0,0.0,0.0,1500000.0,0.0,0.0,0.0,0.0,6400000.0,100000.0,0.0,0.0,0.0,0.12727272727272726,0.0,700000.0,0.12727272727272726,-200000.0,900000.0,0.16363636363636364,0.039766702014846236,0.039766702014846236,22632000.0,22632000.0,,,1620592809,16:40:09,20210509
119,1991-03-31,GSBC,USD,1991-03-31,1991-03-31,Q1,5100000.0,0.0,0.0,0.0,0.0,1500000.0,0.0,0.0,0.0,0.0,6900000.0,300000.0,0.0,0.0,0.0,0.2549019607843137,0.0,1300000.0,0.2549019607843137,500000.0,800000.0,0.1568627450980392,0.002917,0.002917,22632000.0,22632000.0,,,1620592809,16:40:09,20210509
120,1990-12-31,GSBC,USD,1990-12-31,1990-12-31,Q4,4900000.0,0.0,0.0,0.0,0.0,1500000.0,0.0,0.0,0.0,0.0,7400000.0,100000.0,0.0,0.0,0.0,0.2653061224489796,0.0,1300000.0,0.2653061224489796,500000.0,800000.0,0.16326530612244897,0.002917,0.002917,23256000.0,23256000.0,,,1620592809,16:40:09,20210509
121,1990-09-30,GSBC,USD,1990-09-30,1990-09-30,Q3,4900000.0,0.0,0.0,0.0,0.0,1600000.0,0.0,0.0,0.0,0.0,7700000.0,100000.0,0.0,0.0,0.0,0.2653061224489796,0.0,1300000.0,0.2653061224489796,500000.0,800000.0,0.16326530612244897,0.002917,0.002917,24372000.0,24372000.0,,,1620592809,16:40:09,20210509
122,1990-06-30,GSBC,USD,1990-06-30,1990-06-30,Q2,5100000.0,0.0,0.0,0.0,0.0,1700000.0,0.0,0.0,0.0,0.0,7500000.0,300000.0,0.0,0.0,0.0,0.21568627450980393,0.0,1100000.0,0.21568627450980393,300000.0,800000.0,0.1568627450980392,0.0324254215304799,0.0324254215304799,24672000.0,24672000.0,,,1620592809,16:40:09,20210509
123,1990-03-31,GSBC,USD,1990-03-31,1990-03-31,Q1,3600000.0,0.0,0.0,0.0,0.0,1500000.0,0.0,0.0,0.0,0.0,7700000.0,300000.0,0.0,0.0,0.0,0.0,0.0,0.0,0.0,0.0,0.0,0.0,0.0,0.0,24672000.0,24672000.0,,,1620592809,16:40:09,20210509
124,1989-12-31,GSBC,USD,1989-12-31,1989-12-31,Q4,4300000.0,0.0,0.0,0.0,0.0,1300000.0,0.0,0.0,0.0,0.0,8300000.0,0.0,0.0,0.0,0.0,0.2558139534883721,0.0,1100000.0,0.2558139534883721,400000.0,700000.0,0.16279069767441862,0.0025,0.0025,24672000.0,24672000.0,,,1620592809,16:40:09,20210509
125,1989-09-30,GSBC,USD,1989-09-30,1989-09-30,Q3,0.0,0.0,0.0,0.0,0.0,0.0,0.0,0.0,0.0,0.0,0.0,0.0,0.0,0.0,0.0,0.0,0.0,0.0,0.0,0.0,0.0,0.0,0.002917,0.002917,24672000.0,24672000.0,,,1620592809,16:40:09,20210509
126,1988-09-30,GSBC,USD,1988-09-30,1988-09-30,Q3,0.0,0.0,0.0,0.0,0.0,0.0,0.0,0.0,0.0,0.0,0.0,0.0,0.0,0.0,0.0,0.0,0.0,0.0,0.0,0.0,0.0,0.0,-0.003333,-0.003333,24672000.0,24672000.0,,,1620592809,16:40:09,20210509
