,date,symbol,reportedCurrency,fillingDate,acceptedDate,period,revenue,costOfRevenue,grossProfit,grossProfitRatio,researchAndDevelopmentExpenses,generalAndAdministrativeExpenses,sellingAndMarketingExpenses,otherExpenses,operatingExpenses,costAndExpenses,interestExpense,depreciationAndAmortization,ebitda,ebitdaratio,operatingIncome,operatingIncomeRatio,totalOtherIncomeExpensesNet,incomeBeforeTax,incomeBeforeTaxRatio,incomeTaxExpense,netIncome,netIncomeRatio,eps,epsdiluted,weightedAverageShsOut,weightedAverageShsOutDil,link,finalLink,timestamp,est_time,est_date
0,2020-12-31,NAHARPOLY.NS,INR,2020-12-31,2020-12-31,Q4,806878000.0,540456000.0,266422000.0,0.3301887026291459,0.0,0.0,0.0,12997000.0,79133000.0,619589000.0,413000.0,3638000.0,190927000.0,0.2366243719620562,187289000.0,0.2321156358210287,0.0,199873000.0,0.2477115499493108,47561000.0,182804000.0,0.22655717469059758,7.43,7.43,24603499,24603499,,,1620595495,17:24:55,20210509
1,2020-09-30,NAHARPOLY.NS,INR,2020-09-30,2020-09-30,Q3,766191000.0,541797000.0,224394000.0,0.29286953253170556,0.0,0.0,0.0,10729000.0,77383000.0,619180000.0,751000.0,4587000.0,151598000.0,0.19785928051882626,147011000.0,0.1918725226477471,0.0,156989000.0,0.2048953850932731,32839000.0,159432000.0,0.20808388508870504,6.48,6.48,24603704,24603704,https://www.nseindia.com/companies-listing/corporate-filings-annual-reports,https://www.nseindia.com/companies-listing/corporate-filings-annual-reports,1620595495,17:24:55,20210509
2,2020-06-30,NAHARPOLY.NS,INR,2020-06-30,2020-06-30,Q2,555319000.0,368261000.0,187058000.0,0.33684782980593136,0.0,0.0,0.0,13489000.0,68872000.0,437133000.0,447000.0,5439000.0,123625000.0,0.22261979150722377,118186000.0,0.21282542106428917,0.0,131228000.0,0.23631102123284095,42764000.0,121179000.0,0.21821511599639126,4.93,4.93,24579919,24579919,https://www.nseindia.com/companies-listing/corporate-filings-annual-reports,https://www.nseindia.com/companies-listing/corporate-filings-annual-reports,1620595495,17:24:55,20210509
3,2020-03-31,NAHARPOLY.NS,INR,2020-03-31,2020-03-31,Q1,635261000.0,286257000.0,349004000.0,0.5493867874779028,0.0,0.0,0.0,-28832000.0,236456000.0,522713000.0,199000.0,5713000.0,118261000.0,0.18616127859257847,112548000.0,0.17716812459760634,0.0,118421000.0,0.18641314357405853,25006000.0,77753000.0,0.12239536190636605,3.1602152261301795,3.1602152261301795,24603704,24603704,https://www.nseindia.com/companies-listing/corporate-filings-annual-reports,https://www.nseindia.com/companies-listing/corporate-filings-annual-reports,1620595495,17:24:55,20210509
4,2019-12-31,NAHARPOLY.NS,INR,2019-12-31,2019-12-31,Q4,774342000.0,572253000.0,202089000.0,0.26098158178169334,0.0,0.0,0.0,9081000.0,78305000.0,650558000.0,1147000.0,5438000.0,129222000.0,0.1668797508077826,123784000.0,0.15985701408421601,0.0,131718000.0,0.1701031327243001,41975000.0,107428000.0,0.13873456431395947,4.37,4.37,24583066,24583066,https://www.nseindia.com/companies-listing/corporate-filings-annual-reports,https://www.nseindia.com/companies-listing/corporate-filings-annual-reports,1620595495,17:24:55,20210509
5,2019-09-30,NAHARPOLY.NS,INR,2019-09-30,2019-09-30,Q3,640396000.0,507180000.0,133216000.0,0.2080212868287747,0.0,0.0,0.0,15614000.0,71324000.0,578504000.0,85000.0,5464000.0,67356000.0,0.10517867069750592,61892000.0,0.0966464500090569,0.0,77421000.0,0.12089550840417491,16040000.0,108900000.0,0.1700510309246154,4.43,4.43,24582393,24582393,https://www.nseindia.com/companies-listing/corporate-filings-annual-reports,https://www.nseindia.com/companies-listing/corporate-filings-annual-reports,1620595495,17:24:55,20210509
6,2019-06-30,NAHARPOLY.NS,INR,2019-06-30,2019-06-30,Q2,710084000.0,537747000.0,172337000.0,0.24269945527571385,0.0,0.0,0.0,4327000.0,68523000.0,606270000.0,255000.0,5413000.0,109227000.0,0.15382264633479983,103814000.0,0.14619960455382744,0.0,107886000.0,0.1519341373696633,33375000.0,78678000.0,0.11080097565921779,3.2,3.2,24586875,24586875,https://www.nseindia.com/companies-listing/corporate-filings-annual-reports,https://www.nseindia.com/companies-listing/corporate-filings-annual-reports,1620595495,17:24:55,20210509
7,2019-03-31,NAHARPOLY.NS,INR,2019-03-31,2019-03-31,Q1,693928000.0,393768000.0,300160000.0,0.43255208033110065,0.0,0.0,0.0,-4152000.0,234410000.0,628178000.0,223000.0,5456000.0,71206000.0,0.10261295119954808,65750000.0,0.09475046402508618,0.0,71014000.0,0.10233626543387786,17348000.0,57213000.0,0.08244803495463507,2.32538157669268,2.32538157669268,24603704,24603704,https://www.nseindia.com/companies-listing/corporate-filings-annual-reports,https://www.nseindia.com/companies-listing/corporate-filings-annual-reports,1620595495,17:24:55,20210509
8,2018-12-31,NAHARPOLY.NS,INR,2018-12-31,2018-12-31,Q4,582943000.0,509464000.0,73479000.0,0.126048344349276,0.0,0.0,0.0,2075000.0,62981000.0,572445000.0,1917000.0,5745000.0,16243000.0,0.027863787711663063,10498000.0,0.018008621769195272,0.0,10656000.0,0.018279660275532943,5587000.0,21460000.0,0.0368132047215594,0.87,0.87,24666667,24666667,https://www.nseindia.com/companies-listing/corporate-filings-annual-reports,https://www.nseindia.com/companies-listing/corporate-filings-annual-reports,1620595495,17:24:55,20210509
9,2018-09-30,NAHARPOLY.NS,INR,2018-09-30,2018-09-30,Q3,659766000.0,574179000.0,85587000.0,0.12972326552141214,0.0,0.0,0.0,5362000.0,72621000.0,646800000.0,3093000.0,5225000.0,18191000.0,0.027571896702770375,12966000.0,0.019652422222424314,0.0,15235000.0,0.023091520326903783,6564000.0,25321000.0,0.03837875852953926,1.03,1.03,24583495,24583495,https://www.nseindia.com/companies-listing/corporate-filings-annual-reports,https://www.nseindia.com/companies-listing/corporate-filings-annual-reports,1620595495,17:24:55,20210509
10,2016-12-31,NAHARPOLY.NS,INR,2016-12-31,2016-12-31,Q4,0.0,0.0,0.0,0.0,0.0,0.0,0.0,0.0,0.0,0.0,0.0,0.0,0.0,0.0,0.0,0.0,0.0,0.0,0.0,0.0,0.0,0.0,0.76,0.76,24639474,24639474,https://www.nseindia.com/companies-listing/corporate-filings-annual-reports,https://www.nseindia.com/companies-listing/corporate-filings-annual-reports,1620595495,17:24:55,20210509
11,2016-06-30,NAHARPOLY.NS,INR,2016-06-30,2016-06-30,Q2,689803000.0,504734000.0,185069000.0,0.26829254149373083,0.0,0.0,36890000.0,0.0,126974000.0,631708000.0,13013000.0,54907000.0,113002000.0,0.1638177856576443,58095000.0,0.0842196975078392,0.0,45082000.0,0.06535489117907577,6620000.0,38462000.0,0.05575794828378537,1.56,1.56,24655128,24655128,https://www.nseindia.com/companies-listing/corporate-filings-annual-reports,https://www.nseindia.com/companies-listing/corporate-filings-annual-reports,1620595495,17:24:55,20210509
12,2016-03-31,NAHARPOLY.NS,INR,2016-03-31,2016-03-31,Q1,638900557.0,391531457.0,247369100.0,0.3871793462844015,0.0,7478039.0,-96036178.0,0.0,80183772.0,471715229.0,13404054.0,54779335.0,221964663.0,0.3474166058678205,167185328.0,0.2616766039225726,0.0,47773796.0,0.074775010722052,23273402.0,67880327.0,0.10624552797189063,2.758947473925064,2.758947473925064,24603704,24603704,https://www.nseindia.com/companies-listing/corporate-filings-annual-reports,https://www.nseindia.com/companies-listing/corporate-filings-annual-reports,1620595495,17:24:55,20210509
13,2015-12-31,NAHARPOLY.NS,INR,2015-12-31,2015-12-31,Q4,615657000.0,489151000.0,126506000.0,0.2054812988401009,0.0,0.0,35588000.0,0.0,120085000.0,609236000.0,17338000.0,55283000.0,61704000.0,0.10022463806957445,6421000.0,0.010429508638738778,0.0,25456000.0,0.04134769847496252,8902000.0,16554000.0,0.02688834854472539,0.67,0.67,24707463,24707463,https://www.nseindia.com/companies-listing/corporate-filings-annual-reports,https://www.nseindia.com/companies-listing/corporate-filings-annual-reports,1620595495,17:24:55,20210509
14,2015-09-30,NAHARPOLY.NS,INR,2015-09-30,2015-09-30,Q3,617057000.0,461089000.0,155968000.0,0.2527610901424018,0.0,0.0,32064000.0,0.0,100498000.0,561587000.0,21593000.0,55285000.0,110755000.0,0.17948909095918206,55470000.0,0.08989445059370528,0.0,33877000.0,0.05490092487403919,9661000.0,24216000.0,0.03924434857719789,0.98,0.98,24710204,24710204,https://www.nseindia.com/companies-listing/corporate-filings-annual-reports,https://www.nseindia.com/companies-listing/corporate-filings-annual-reports,1620595495,17:24:55,20210509
15,2015-06-30,NAHARPOLY.NS,INR,2015-06-30,2015-06-30,Q2,765308000.0,547301000.0,218007000.0,0.28486178113909694,0.0,0.0,54670000.0,0.0,132729000.0,680030000.0,26643000.0,54718000.0,139996000.0,0.182927657884146,85278000.0,0.11142964662593362,0.0,58635000.0,0.07661621203489315,17337000.0,41298000.0,0.05396258761178506,1.68,1.68,24582143,24582143,https://www.nseindia.com/companies-listing/corporate-filings-annual-reports,https://www.nseindia.com/companies-listing/corporate-filings-annual-reports,1620595495,17:24:55,20210509
16,2015-03-31,NAHARPOLY.NS,INR,2015-03-31,2015-03-31,Q1,721702855.0,501637662.0,220065193.0,0.3049249306350603,0.0,15343178.0,75418298.0,0.0,152167943.0,653805605.0,0.0,53465414.0,121362664.0,0.16816154066620673,67897250.0,0.09407923154190653,0.0,64977115.0,0.09003305799587005,30549339.0,34427776.0,0.04770353305585857,1.3992923992257427,1.3992923992257427,24603704,24603704,https://www.nseindia.com/companies-listing/corporate-filings-annual-reports,https://www.nseindia.com/companies-listing/corporate-filings-annual-reports,1620595495,17:24:55,20210509
17,2014-12-31,NAHARPOLY.NS,INR,2014-12-31,2014-12-31,Q4,639554000.0,496640000.0,142914000.0,0.2234588478846196,0.0,0.0,68389000.0,0.0,143057000.0,639697000.0,0.0,53465000.0,53322000.0,0.08337372606535179,-143000.0,-0.0002235933165925004,0.0,-32388000.0,-0.05064154082376156,-4987000.0,-27401000.0,-0.04284391935630142,-1.11,-1.11,24685586,24685586,https://www.nseindia.com/companies-listing/corporate-filings-annual-reports,https://www.nseindia.com/companies-listing/corporate-filings-annual-reports,1620595495,17:24:55,20210509
18,2014-09-30,NAHARPOLY.NS,INR,2014-09-30,2014-09-30,Q3,889893000.0,642033000.0,247860000.0,0.2785278679571589,0.0,0.0,70883000.0,0.0,172220000.0,814253000.0,0.0,55282000.0,130922000.0,0.1471210583744338,75640000.0,0.08499898302380174,0.0,40591000.0,0.04561334902061259,4478000.0,36113000.0,0.040581283367775674,1.47,1.47,24566667,24566667,https://www.nseindia.com/companies-listing/corporate-filings-annual-reports,https://www.nseindia.com/companies-listing/corporate-filings-annual-reports,1620595495,17:24:55,20210509
19,2014-06-30,NAHARPOLY.NS,INR,2014-06-30,2014-06-30,Q2,868944000.0,639472000.0,229472000.0,0.26408145979487746,0.0,0.0,65682000.0,0.0,191842000.0,831314000.0,0.0,55000000.0,92630000.0,0.10660065550829513,37630000.0,0.04330543740448176,0.0,2743000.0,0.0031567051501592736,509000.0,2234000.0,0.0025709366771621647,0.09,0.09,24822222,24822222,https://www.nseindia.com/companies-listing/corporate-filings-annual-reports,https://www.nseindia.com/companies-listing/corporate-filings-annual-reports,1620595495,17:24:55,20210509
20,2014-03-31,NAHARPOLY.NS,INR,2014-03-31,2014-03-31,Q1,825478797.0,544588093.0,280890704.0,0.3402760979698428,0.0,0.0,0.0,0.0,201911942.0,746500035.0,0.0,35748000.0,114726762.0,0.13898208217696958,78978762.0,0.0956763060263073,0.0,65735319.0,0.07963295876150772,0.0,65735319.0,0.07963295876150772,2.671765153734576,2.671765153734576,24603704,24603704,https://www.nseindia.com/companies-listing/corporate-filings-annual-reports,https://www.nseindia.com/companies-listing/corporate-filings-annual-reports,1620595495,17:24:55,20210509
21,2013-12-31,NAHARPOLY.NS,INR,2013-12-31,2013-12-31,Q4,745627000.0,583423000.0,162204000.0,0.2175404055915357,0.0,0.0,56523000.0,0.0,162719000.0,746142000.0,0.0,36480000.0,35965000.0,0.04823457305060037,-515000.0,-0.0006906938724053716,0.0,-33920000.0,-0.04549191485823341,0.0,-33920000.0,-0.04549191485823341,-1.38,-1.38,24587991,24587991,https://www.nseindia.com/companies-listing/corporate-filings-annual-reports,https://www.nseindia.com/companies-listing/corporate-filings-annual-reports,1620595495,17:24:55,20210509
22,2013-09-30,NAHARPOLY.NS,INR,2013-09-30,2013-09-30,Q3,725685000.0,580248000.0,145437000.0,0.20041340250935324,0.0,0.0,53559000.0,0.0,100643000.0,680891000.0,0.0,36010000.0,80804000.0,0.11134858788592847,44794000.0,0.06172650667989555,0.0,10625000.0,0.014641338872926958,3611000.0,7014000.0,0.009665350668678558,0.29,0.29,24587991,24587991,https://www.nseindia.com/companies-listing/corporate-filings-annual-reports,https://www.nseindia.com/companies-listing/corporate-filings-annual-reports,1620595495,17:24:55,20210509
23,2013-06-30,NAHARPOLY.NS,INR,2013-06-30,2013-06-30,Q2,714706000.0,603330000.0,111376000.0,0.15583470685848447,0.0,0.0,53176000.0,0.0,113999000.0,717329000.0,0.0,36480000.0,33857000.0,0.04737192635853064,-2623000.0,-0.0036700405481414735,0.0,-39503000.0,-0.05527167814457973,-13427000.0,-26076000.0,-0.03648493226585477,-1.06,-1.06,24600000,24600000,https://www.nseindia.com/companies-listing/corporate-filings-annual-reports,https://www.nseindia.com/companies-listing/corporate-filings-annual-reports,1620595495,17:24:55,20210509
24,2013-03-31,NAHARPOLY.NS,INR,2013-03-31,2013-03-31,Q1,617750690.0,339427086.0,278323604.0,0.4505435744636724,0.0,0.0,0.0,0.0,296670589.0,636097675.0,0.0,36815340.0,18468355.0,0.029896130103877344,-18346985.0,-0.02969965925898035,0.0,-40629773.0,-0.06577050201271326,-13036905.0,-27592868.0,-0.044666672893558405,-1.1214924386994738,-1.1214924386994738,24603704,24603704,https://www.nseindia.com/companies-listing/corporate-filings-annual-reports,https://www.nseindia.com/companies-listing/corporate-filings-annual-reports,1620595495,17:24:55,20210509
25,2012-12-31,NAHARPOLY.NS,INR,2012-12-31,2012-12-31,Q4,534846000.0,466902000.0,67944000.0,0.12703469783825624,0.0,0.0,43361000.0,0.0,65698000.0,532600000.0,39111000.0,36360000.0,38606000.0,0.07218152514929531,2246000.0,0.004199339622994283,0.0,-36865000.0,-0.06892638254749965,-16100000.0,-20765000.0,-0.03882425969344447,-0.844,-0.844,24587991,24587991,https://www.nseindia.com/companies-listing/corporate-filings-annual-reports,https://www.nseindia.com/companies-listing/corporate-filings-annual-reports,1620595495,17:24:55,20210509
26,2012-09-30,NAHARPOLY.NS,INR,2012-09-30,2012-09-30,Q3,382332000.0,308379000.0,73953000.0,0.1934261322620131,0.0,0.0,32022000.0,0.0,74180000.0,382559000.0,39511000.0,36360000.0,36133000.0,0.09450686837617568,-227000.0,-0.0005937248255442914,0.0,-39738000.0,-0.10393584633250683,-15362000.0,-24376000.0,-0.06375610725756672,-0.99,-0.99,24587991,24587991,https://www.nseindia.com/companies-listing/corporate-filings-annual-reports,https://www.nseindia.com/companies-listing/corporate-filings-annual-reports,1620595495,17:24:55,20210509
27,2012-06-30,NAHARPOLY.NS,INR,2012-06-30,2012-06-30,Q2,641079000.0,469407000.0,171672000.0,0.2677860294909052,0.0,0.0,63135000.0,0.0,117902000.0,587309000.0,41437000.0,36360000.0,90130000.0,0.1405910971970693,53770000.0,0.08387421831006787,0.0,12333000.0,0.019237878638982093,6470000.0,5863000.0,0.009145518727021162,0.24,0.24,24587991,24587991,https://www.nseindia.com/companies-listing/corporate-filings-annual-reports,https://www.nseindia.com/companies-listing/corporate-filings-annual-reports,1620595495,17:24:55,20210509
