,date,symbol,reportedCurrency,fillingDate,acceptedDate,period,revenue,costOfRevenue,grossProfit,grossProfitRatio,researchAndDevelopmentExpenses,generalAndAdministrativeExpenses,sellingAndMarketingExpenses,otherExpenses,operatingExpenses,costAndExpenses,interestExpense,depreciationAndAmortization,ebitda,ebitdaratio,operatingIncome,operatingIncomeRatio,totalOtherIncomeExpensesNet,incomeBeforeTax,incomeBeforeTaxRatio,incomeTaxExpense,netIncome,netIncomeRatio,eps,epsdiluted,weightedAverageShsOut,weightedAverageShsOutDil,link,finalLink,timestamp,est_time,est_date
0,2020-12-31,THOMASCOTT.NS,INR,2020-12-31,2020-12-31,Q4,71883000.0,59270000.0,12613000.0,0.17546568729741385,0.0,0.0,0.0,0.0,10339000.0,69609000.0,1549000.0,707000.0,2981000.0,0.04147016679882587,2274000.0,0.03163473978548475,0.0,724000.0,0.0100719224295035,-456000.0,1181000.0,0.016429475675750874,0.35,0.35,3374286.0,3374286.0,https://www.nseindia.com/companies-listing/corporate-filings-annual-reports,https://www.nseindia.com/companies-listing/corporate-filings-annual-reports,1620598788,18:19:48,20210509
1,2020-09-30,THOMASCOTT.NS,INR,2020-09-30,2020-09-30,Q3,9658000.0,9825000.0,-167000.0,-0.017291364671774695,0.0,0.0,0.0,0.0,3981000.0,13806000.0,2024000.0,659000.0,-3489000.0,-0.3612549182025264,-4148000.0,-0.4294885069372541,0.0,-6172000.0,-0.6390557051149306,479000.0,-6651000.0,-0.6886518948022365,-1.96,-1.96,3393367.0,3393367.0,https://www.nseindia.com/companies-listing/corporate-filings-annual-reports,https://www.nseindia.com/companies-listing/corporate-filings-annual-reports,1620598788,18:19:48,20210509
2,2020-06-30,THOMASCOTT.NS,INR,2020-06-30,2020-06-30,Q2,679000.0,518000.0,161000.0,0.23711340206185566,0.0,0.0,0.0,0.0,1632000.0,2150000.0,2064000.0,651000.0,-820000.0,-1.2076583210603828,-1471000.0,-2.166421207658321,0.0,-3535000.0,-5.206185567010309,-201000.0,-3333000.0,-4.908689248895435,-0.98,-0.98,3401020.0,3401020.0,https://www.nseindia.com/companies-listing/corporate-filings-annual-reports,https://www.nseindia.com/companies-listing/corporate-filings-annual-reports,1620598788,18:19:48,20210509
3,2020-03-31,THOMASCOTT.NS,INR,2020-03-31,2020-03-31,Q1,76095904.0,64762603.0,11333301.0,0.14893444199046507,0.0,0.0,0.0,0.0,9962676.0,74725279.0,2331410.0,747817.0,2118442.0,0.02783910681973106,1370625.0,0.01801181046485761,0.0,-991050.0,-0.013023697044193075,105832.0,-1096882.0,-0.01441446835298783,-0.32421052009316514,-0.32421052009316514,3383240.0,3383240.0,,,1620598788,18:19:48,20210509
4,2019-12-31,THOMASCOTT.NS,INR,2019-12-31,2019-12-31,Q4,43126000.0,37013000.0,6113000.0,0.14174743774057413,0.0,0.0,0.0,0.0,10559000.0,47572000.0,1785000.0,726000.0,-3720000.0,-0.08625886935955109,-4446000.0,-0.103093261605528,0.0,-6231000.0,-0.14448360617724806,-175000.0,-6056000.0,-0.14042572925845198,-1.79,-1.79,3383240.0,3383240.0,https://www.nseindia.com/companies-listing/corporate-filings-annual-reports,https://www.nseindia.com/companies-listing/corporate-filings-annual-reports,1620598788,18:19:48,20210509
5,2019-09-30,THOMASCOTT.NS,INR,2019-09-30,2019-09-30,Q3,44488000.0,36083000.0,8405000.0,0.1889273511958281,0.0,0.0,0.0,20000.0,10261000.0,46344000.0,1917000.0,694000.0,-1162000.0,-0.026119402985074626,-1856000.0,-0.0417191152670383,0.0,-3753000.0,-0.0843598273691782,90000.0,-3843000.0,-0.08638284481208416,-1.13,-1.13,3400885.0,3400885.0,https://www.nseindia.com/companies-listing/corporate-filings-annual-reports,https://www.nseindia.com/companies-listing/corporate-filings-annual-reports,1620598788,18:19:48,20210509
6,2019-06-30,THOMASCOTT.NS,INR,2019-06-30,2019-06-30,Q2,53843000.0,50040000.0,3803000.0,0.07063127983210445,0.0,0.0,0.0,1000.0,9866000.0,59906000.0,1835000.0,607000.0,-5456000.0,-0.10133164942518062,-6063000.0,-0.11260516687405976,0.0,-7897000.0,-0.1466671619337704,454000.0,-8351000.0,-0.15509908437494196,-2.46,-2.46,3394715.0,3394715.0,https://www.nseindia.com/companies-listing/corporate-filings-annual-reports,https://www.nseindia.com/companies-listing/corporate-filings-annual-reports,1620598788,18:19:48,20210509
7,2019-03-31,THOMASCOTT.NS,INR,2019-03-31,2019-03-31,Q1,64930194.0,59980272.0,4949922.0,0.07623451733410808,0.0,0.0,0.0,0.0,10089583.0,70071016.0,1437720.0,263457.0,-4877365.0,-0.0751170557106298,-5140822.0,-0.07917459787660576,0.0,-6584706.0,-0.10141207956347704,135475.0,-6720181.0,-0.10349855107471263,-1.9803873262161151,-1.9803873262161151,3393367.0,3393367.0,https://www.nseindia.com/companies-listing/corporate-filings-annual-reports,https://www.nseindia.com/companies-listing/corporate-filings-annual-reports,1620598788,18:19:48,20210509
8,2018-12-31,THOMASCOTT.NS,INR,2018-12-31,2018-12-31,Q4,48163000.0,41740000.0,6423000.0,0.13335963291323216,0.0,0.0,0.0,0.0,6942000.0,48682000.0,1516000.0,66000.0,-453000.0,-0.009405560284865977,-519000.0,-0.010775906816435853,0.0,-2035000.0,-0.04225235139007122,-12000.0,-2025000.0,-0.042044723127712146,-0.6,-0.6,3375000.0,3375000.0,https://www.nseindia.com/companies-listing/corporate-filings-annual-reports,https://www.nseindia.com/companies-listing/corporate-filings-annual-reports,1620598788,18:19:48,20210509
9,2018-09-30,THOMASCOTT.NS,INR,2018-09-30,2018-09-30,Q3,51640000.0,45566000.0,6074000.0,0.11762199845081332,0.0,0.0,0.0,0.0,6356000.0,51922000.0,1481000.0,30000.0,-252000.0,-0.00487993803253292,-282000.0,-0.005460883036405887,0.0,-1763000.0,-0.03414020139426801,7000.0,-1770000.0,-0.03427575522850503,-0.52,-0.52,3403846.0,3403846.0,https://www.nseindia.com/companies-listing/corporate-filings-annual-reports,https://www.nseindia.com/companies-listing/corporate-filings-annual-reports,1620598788,18:19:48,20210509
10,2018-06-30,THOMASCOTT.NS,INR,2018-06-30,2018-06-30,Q2,51444000.0,45422000.0,6022000.0,0.11705932664645051,0.0,0.0,0.0,4000.0,5949000.0,51371000.0,1251000.0,102000.0,175000.0,0.003401757250602597,73000.0,0.0014190187388227976,0.0,-1174000.0,-0.02282093149832828,478000.0,-1650000.0,-0.03207371121996734,-0.49,-0.49,3367347.0,3367347.0,https://www.nseindia.com/companies-listing/corporate-filings-annual-reports,https://www.nseindia.com/companies-listing/corporate-filings-annual-reports,1620598788,18:19:48,20210509
11,2018-03-31,THOMASCOTT.NS,INR,2018-03-31,2018-03-31,Q1,78097000.0,68672000.0,9425000.0,0.12068325287783141,0.0,0.0,0.0,0.0,7548000.0,76220000.0,1094000.0,80000.0,1957000.0,0.02505858099542876,1877000.0,0.02403421386224823,0.0,782000.0,0.010013188726839699,1457000.0,-675000.0,-0.008643097686210738,-0.2,-0.2,3375000.0,3375000.0,https://www.nseindia.com/companies-listing/corporate-filings-annual-reports,https://www.nseindia.com/companies-listing/corporate-filings-annual-reports,1620598788,18:19:48,20210509
12,2017-12-31,THOMASCOTT.NS,INR,2017-12-31,2017-12-31,Q4,35951000.0,29426000.0,6525000.0,0.18149703763455816,0.0,0.0,0.0,0.0,6722000.0,36148000.0,1118000.0,79000.0,-118000.0,-0.003282245278295458,-197000.0,-0.005479680676476315,0.0,-1315000.0,-0.0365775639064282,0.0,-1315000.0,-0.0365775639064282,-0.39,-0.39,3371795.0,3371795.0,https://www.nseindia.com/companies-listing/corporate-filings-annual-reports,https://www.nseindia.com/companies-listing/corporate-filings-annual-reports,1620598788,18:19:48,20210509
13,2017-09-30,THOMASCOTT.NS,INR,2017-09-30,2017-09-30,Q3,36130000.0,28773000.0,7357000.0,0.20362579573761416,0.0,0.0,0.0,0.0,8345000.0,37118000.0,1074000.0,31000.0,-957000.0,-0.026487683365624137,-988000.0,-0.027345696097425962,0.0,-2063000.0,-0.05709936340990866,0.0,-2063000.0,-0.05709936340990866,-0.61,-0.61,3381967.0,3381967.0,https://www.nseindia.com/companies-listing/corporate-filings-annual-reports,https://www.nseindia.com/companies-listing/corporate-filings-annual-reports,1620598788,18:19:48,20210509
14,2017-06-30,THOMASCOTT.NS,INR,2017-06-30,2017-06-30,Q2,54384000.0,45669000.0,8715000.0,0.16024933804060018,0.0,0.0,0.0,0.0,11403000.0,57072000.0,699000.0,29000.0,-2659000.0,-0.0488930567814063,-2688000.0,-0.04942630185348632,0.0,-3387000.0,-0.06227934686672551,0.0,-3388000.0,-0.06229773462783172,-1.0,-1.0,3388000.0,3388000.0,https://www.nseindia.com/companies-listing/corporate-filings-annual-reports,https://www.nseindia.com/companies-listing/corporate-filings-annual-reports,1620598788,18:19:48,20210509
15,2017-03-31,THOMASCOTT.NS,INR,2017-03-31,2017-03-31,Q1,60558000.0,43197000.0,17361000.0,0.28668384028534627,0.0,0.0,0.0,0.0,9353000.0,52550000.0,597000.0,44000.0,8052000.0,0.1329634400079263,8008000.0,0.13223686383301958,0.0,7411000.0,0.12237854618712639,0.0,7410000.0,0.12236203309224215,2.19,2.19,3383562.0,3383562.0,https://www.nseindia.com/companies-listing/corporate-filings-annual-reports,https://www.nseindia.com/companies-listing/corporate-filings-annual-reports,1620598788,18:19:48,20210509
16,2016-12-31,THOMASCOTT.NS,INR,2016-12-31,2016-12-31,Q4,34627000.0,28526000.0,6101000.0,0.17619198891038784,0.0,0.0,0.0,0.0,8828000.0,37354000.0,590000.0,45000.0,-2682000.0,-0.07745400987668583,-2727000.0,-0.07875357380079129,0.0,-3317000.0,-0.09579230080572963,0.0,-3318000.0,-0.09582118000404309,-0.98,-0.98,3385714.0,3385714.0,https://www.nseindia.com/companies-listing/corporate-filings-annual-reports,https://www.nseindia.com/companies-listing/corporate-filings-annual-reports,1620598788,18:19:48,20210509
17,2016-09-30,THOMASCOTT.NS,INR,2016-09-30,2016-09-30,Q3,49981000.0,39679000.0,10302000.0,0.20611832496348612,0.0,0.0,0.0,0.0,8977000.0,48656000.0,28000.0,46000.0,1371000.0,0.02743042356095316,1325000.0,0.02651007382805466,0.0,1297000.0,0.02594986094715992,0.0,1297000.0,0.02594986094715992,0.38,0.38,3413158.0,3413158.0,https://www.nseindia.com/companies-listing/corporate-filings-annual-reports,https://www.nseindia.com/companies-listing/corporate-filings-annual-reports,1620598788,18:19:48,20210509
18,2016-06-30,THOMASCOTT.NS,INR,2016-06-30,2016-06-30,Q2,29180000.0,21620000.0,7560000.0,0.2590815627141878,0.0,0.0,0.0,0.0,7451000.0,29071000.0,0.0,47000.0,156000.0,0.005346127484578478,109000.0,0.0037354352296093216,0.0,108000.0,0.0037011651816312545,0.0,108000.0,0.0037011651816312545,0.03,0.03,3600000.0,3600000.0,https://www.nseindia.com/companies-listing/corporate-filings-annual-reports,https://www.nseindia.com/companies-listing/corporate-filings-annual-reports,1620598788,18:19:48,20210509
19,2016-03-31,THOMASCOTT.NS,INR,2016-03-31,2016-03-31,Q1,20293000.0,16163000.0,4130000.0,0.20351845463953086,0.0,0.0,0.0,0.0,8309000.0,24472000.0,3000.0,102000.0,-4077000.0,-0.20090671660178386,-4179000.0,-0.20593308037254227,0.0,-4182000.0,-0.20608091460109398,0.0,-4183000.0,-0.2061301926772779,-1.23,-1.23,3400813.0,3400813.0,https://www.nseindia.com/companies-listing/corporate-filings-annual-reports,https://www.nseindia.com/companies-listing/corporate-filings-annual-reports,1620598788,18:19:48,20210509
20,2015-12-31,THOMASCOTT.NS,INR,2015-12-31,2015-12-31,Q4,33044000.0,26108000.0,6936000.0,0.20990194891659605,0.0,0.0,0.0,0.0,7008000.0,33116000.0,1000.0,93000.0,21000.0,0.0006355162813218738,-72000.0,-0.002178912964532139,0.0,-74000.0,-0.0022394383246580316,0.0,-74000.0,-0.0022394383246580316,-0.02,-0.02,3700000.0,3700000.0,https://www.nseindia.com/companies-listing/corporate-filings-annual-reports,https://www.nseindia.com/companies-listing/corporate-filings-annual-reports,1620598788,18:19:48,20210509
21,2015-09-30,THOMASCOTT.NS,INR,2015-09-30,2015-09-30,Q3,45146000.0,44277000.0,869000.0,0.019248659903424444,0.0,0.0,0.0,0.0,8692000.0,52969000.0,0.0,89000.0,-7734000.0,-0.1713108581048155,-7823000.0,-0.1732822398440615,0.0,-7827000.0,-0.17337084127054445,0.0,-7827000.0,-0.17337084127054445,-2.31,-2.31,3388312.0,3388312.0,https://www.nseindia.com/companies-listing/corporate-filings-annual-reports,https://www.nseindia.com/companies-listing/corporate-filings-annual-reports,1620598788,18:19:48,20210509
22,2015-06-30,THOMASCOTT.NS,INR,2015-06-30,2015-06-30,Q2,37280000.0,33691000.0,3589000.0,0.09627145922746781,0.0,0.0,0.0,0.0,9230000.0,42921000.0,2000.0,108000.0,-5533000.0,-0.14841738197424892,-5641000.0,-0.15131437768240344,0.0,-5643000.0,-0.15136802575107297,0.0,-5643000.0,-0.15136802575107297,-1.66,-1.66,3399398.0,3399398.0,https://www.nseindia.com/companies-listing/corporate-filings-annual-reports,https://www.nseindia.com/companies-listing/corporate-filings-annual-reports,1620598788,18:19:48,20210509
23,2015-03-31,THOMASCOTT.NS,INR,2015-03-31,2015-03-31,Q1,24397341.0,25305106.0,-907765.0,-0.03720753831329406,0.0,0.0,0.0,0.0,22482399.0,47787505.0,0.0,602547.0,-22787617.0,-0.9340205147765898,-23390164.0,-0.9587177553488309,0.0,-23314981.0,-0.9556361490377169,0.0,-23314981.0,-0.9556361490377169,-6.870751380560959,-6.870751380560959,3393367.0,3393367.0,https://www.nseindia.com/companies-listing/corporate-filings-annual-reports,https://www.nseindia.com/companies-listing/corporate-filings-annual-reports,1620598788,18:19:48,20210509
24,2014-12-31,THOMASCOTT.NS,INR,2014-12-31,2014-12-31,Q4,26518000.0,24751000.0,1767000.0,0.06663398446338337,0.0,0.0,0.0,0.0,8116000.0,32867000.0,0.0,113000.0,-6236000.0,-0.2351610227015612,-6349000.0,-0.23942227920657666,0.0,-6353000.0,-0.2395731201448073,0.0,-6353000.0,-0.2395731201448073,-1.87,-1.87,3397326.0,3397326.0,https://www.nseindia.com/companies-listing/corporate-filings-annual-reports,https://www.nseindia.com/companies-listing/corporate-filings-annual-reports,1620598788,18:19:48,20210509
25,2014-09-30,THOMASCOTT.NS,INR,2014-09-30,2014-09-30,Q3,56446000.0,51182000.0,5264000.0,0.09325727243737378,0.0,0.0,0.0,0.0,11549000.0,62731000.0,0.0,100000.0,-6185000.0,-0.10957375190447508,-6285000.0,-0.11134535662403004,0.0,-6311000.0,-0.11180597385111433,0.0,-6311000.0,-0.11180597385111433,-1.86,-1.86,3393011.0,3393011.0,https://www.nseindia.com/companies-listing/corporate-filings-annual-reports,https://www.nseindia.com/companies-listing/corporate-filings-annual-reports,1620598788,18:19:48,20210509
26,2014-06-30,THOMASCOTT.NS,INR,2014-06-30,2014-06-30,Q2,70886000.0,60299000.0,10587000.0,0.14935248144908728,0.0,0.0,0.0,0.0,8436000.0,68735000.0,0.0,105000.0,2256000.0,0.031825748384730415,2151000.0,0.03034449679767514,0.0,2125000.0,0.02997771069040431,0.0,2125000.0,0.02997771069040431,0.63,0.63,3373016.0,3373016.0,https://www.nseindia.com/companies-listing/corporate-filings-annual-reports,https://www.nseindia.com/companies-listing/corporate-filings-annual-reports,1620598788,18:19:48,20210509
27,2014-03-31,THOMASCOTT.NS,INR,2014-03-31,2014-03-31,Q1,173461750.0,152105898.0,21355852.0,0.12311562635566631,0.0,0.0,0.0,0.0,16749645.0,168855543.0,0.0,214026.0,4820233.0,0.027788449038476784,4606207.0,0.026554597771554823,0.0,4510137.0,0.026000758092201884,0.0,4510137.0,0.026000758092201884,1.3291038075162516,1.3291038075162516,3393367.0,3393367.0,https://www.nseindia.com/companies-listing/corporate-filings-annual-reports,https://www.nseindia.com/companies-listing/corporate-filings-annual-reports,1620598788,18:19:48,20210509
28,2013-12-31,THOMASCOTT.NS,INR,2013-12-31,2013-12-31,Q4,55648000.0,67597000.0,-11949000.0,-0.21472469810235767,0.0,0.0,0.0,0.0,10025000.0,77622000.0,0.0,214000.0,-21760000.0,-0.39102932719954,-21974000.0,-0.39487492811960895,0.0,-21988000.0,-0.3951265094882116,0.0,-21988000.0,-0.3951265094882116,-6.49,-6.49,3390000.0,3390000.0,https://www.nseindia.com/companies-listing/corporate-filings-annual-reports,https://www.nseindia.com/companies-listing/corporate-filings-annual-reports,1620598788,18:19:48,20210509
29,2013-09-30,THOMASCOTT.NS,INR,2013-09-30,2013-09-30,Q3,173434000.0,159350000.0,14084000.0,0.08120668381055618,0.0,0.0,0.0,0.0,14429000.0,173779000.0,0.0,200000.0,-145000.0,-0.0008360529077343543,-345000.0,-0.0019892293321955327,0.0,-376000.0,-0.0021679716779870154,0.0,-376000.0,-0.0021679716779870154,-0.11,-0.11,3418182.0,3418182.0,https://www.nseindia.com/companies-listing/corporate-filings-annual-reports,https://www.nseindia.com/companies-listing/corporate-filings-annual-reports,1620598788,18:19:48,20210509
30,2013-06-30,THOMASCOTT.NS,INR,2013-06-30,2013-06-30,Q2,98266000.0,81185000.0,17081000.0,0.17382411006858933,0.0,0.0,0.0,0.0,8875000.0,90060000.0,0.0,185000.0,8391000.0,0.08539067429222721,8206000.0,0.08350802922679258,0.0,-1339000.0,-0.013626279689821505,0.0,-1339000.0,-0.013626279689821505,-0.4,-0.4,3390000.0,3390000.0,https://www.nseindia.com/companies-listing/corporate-filings-annual-reports,https://www.nseindia.com/companies-listing/corporate-filings-annual-reports,1620598788,18:19:48,20210509
31,2013-03-31,THOMASCOTT.NS,INR,2013-03-31,2013-03-31,Q1,115793597.0,108986632.0,6806965.0,0.05878533162762013,0.0,0.0,0.0,0.0,5090040.0,114076672.0,0.0,189960.0,1906885.0,0.016467965840978236,1716925.0,0.01482746062375107,0.0,1705290.0,0.01472698011099871,0.0,1705290.0,0.01472698011099871,0.502536271496717,0.502536271496717,3393367.0,3393367.0,https://www.nseindia.com/companies-listing/corporate-filings-annual-reports,https://www.nseindia.com/companies-listing/corporate-filings-annual-reports,1620598788,18:19:48,20210509
32,2012-12-31,THOMASCOTT.NS,INR,2012-12-31,2012-12-31,Q4,53783000.0,53990000.0,-207000.0,-0.003848799806630348,0.0,0.0,1092000.0,0.0,7067000.0,61057000.0,0.0,310000.0,-6964000.0,-0.12948329397765093,-7274000.0,-0.13524719706970603,0.0,-7313000.0,-0.13597233326515815,0.0,-7313000.0,-0.13597233326515815,-2.16,-2.16,3390000.0,3390000.0,https://www.nseindia.com/companies-listing/corporate-filings-annual-reports,https://www.nseindia.com/companies-listing/corporate-filings-annual-reports,1620598788,18:19:48,20210509
33,2012-09-30,THOMASCOTT.NS,INR,2012-09-30,2012-09-30,Q3,26223000.0,21448000.0,4775000.0,0.1820920565915418,0.0,0.0,0.0,0.0,9964000.0,31412000.0,0.0,257000.0,-4932000.0,-0.18807916714334744,-5189000.0,-0.1978797239064943,0.0,-5228000.0,-0.19936696792891737,0.0,-5228000.0,-0.19936696792891737,-1.54,-1.54,3394805.0,3394805.0,https://www.nseindia.com/companies-listing/corporate-filings-annual-reports,https://www.nseindia.com/companies-listing/corporate-filings-annual-reports,1620598788,18:19:48,20210509
34,2012-06-30,THOMASCOTT.NS,INR,2012-06-30,2012-06-30,Q2,17905000.0,23284000.0,-5379000.0,-0.3004188774085451,0.0,0.0,3551000.0,0.0,5741000.0,29025000.0,0.0,311000.0,-10809000.0,-0.6036861211951968,-11120000.0,-0.6210555710695337,0.0,-11210000.0,-0.6260820999720749,0.0,-11210000.0,-0.6260820999720749,-3.31,-3.31,3390000.0,3390000.0,https://www.nseindia.com/companies-listing/corporate-filings-annual-reports,https://www.nseindia.com/companies-listing/corporate-filings-annual-reports,1620598788,18:19:48,20210509
