,date,symbol,reportedCurrency,fillingDate,acceptedDate,period,revenue,costOfRevenue,grossProfit,grossProfitRatio,researchAndDevelopmentExpenses,generalAndAdministrativeExpenses,sellingAndMarketingExpenses,otherExpenses,operatingExpenses,costAndExpenses,interestExpense,depreciationAndAmortization,ebitda,ebitdaratio,operatingIncome,operatingIncomeRatio,totalOtherIncomeExpensesNet,incomeBeforeTax,incomeBeforeTaxRatio,incomeTaxExpense,netIncome,netIncomeRatio,eps,epsdiluted,weightedAverageShsOut,weightedAverageShsOutDil,link,finalLink,timestamp,est_time,est_date
0,2020-12-31,CBZ,USD,2021-02-26,2021-02-26 14:48:41,Q4,211110000.0,211748000.0,-638000.0,-0.0030221211690587843,0.0,13078000.0,0.0,13050000.0,13078000.0,224826000.0,816000.0,5862000.0,-7854000.0,-0.03720335370186159,-13716000.0,-0.06497086826772773,12463000.0,-2069000.0,-0.00980057789777841,-1979000.0,-94000.0,-0.0004452655013973758,-0.001738,-0.001739,54098704,54098704,https://www.sec.gov/Archives/edgar/data/944148/000162828021003443/0001628280-21-003443-index.htm,https://www.sec.gov/Archives/edgar/data/944148/000162828021003443/cbz-20201231.htm,1620590001,15:53:21,20210509
1,2020-09-30,CBZ,USD,2020-11-02,2020-11-02 11:07:26,Q3,238389000.0,204760000.0,33629000.0,0.14106775060929824,0.0,11339000.0,0.0,5914000.0,11339000.0,216099000.0,974000.0,5786000.0,28076000.0,0.11777389057381003,22290000.0,0.09350263644715151,5840000.0,27156000.0,0.11391465210223627,7060000.0,20077000.0,0.08421948999324633,0.37,0.36,54403000,55360000,https://www.sec.gov/Archives/edgar/data/944148/000156459020049492/0001564590-20-049492-index.htm,https://www.sec.gov/Archives/edgar/data/944148/000156459020049492/cbz-10q_20200930.htm,1620590001,15:53:21,20210509
2,2020-06-30,CBZ,USD,2020-08-03,2020-08-03 10:34:44,Q2,236943000.0,209016000.0,27927000.0,0.11786379002544915,0.0,11160000.0,0.0,13336000.0,11160000.0,220176000.0,2074000.0,5787000.0,22554000.0,0.09518745014623771,16767000.0,0.07076385459794128,13393000.0,28086000.0,0.1185348374925615,6607000.0,21468000.0,0.09060406933313075,0.392791,0.39,54655000,55116000,https://www.sec.gov/Archives/edgar/data/944148/000156459020035333/0001564590-20-035333-index.htm,https://www.sec.gov/Archives/edgar/data/944148/000156459020035333/cbz-10q_20200630.htm,1620590001,15:53:21,20210509
3,2020-03-31,CBZ,USD,2020-05-08 00:00:00,2020-05-08 10:57:38,Q1,277455000.0,199827000.0,77628000.0,0.27978591122884794,0.0,10489000.0,0.0,-15800000.0,10489000.0,210316000.0,1119000.0,5704000.0,72843000.0,0.262539871330486,67139000.0,0.24198158259898,-15705000.0,50315000.0,0.18134472256762357,13453000.0,36848000.0,0.13280712187561947,0.68,0.66,54571000,55945000,https://www.sec.gov/Archives/edgar/data/944148/000156459020023319/0001564590-20-023319-index.html,https://www.sec.gov/Archives/edgar/data/944148/000156459020023319/cbz-10q_20200331.htm,1620590001,15:53:21,20210509
4,2019-12-31,CBZ,USD,2020-02-26 00:00:00,2020-02-26 17:17:35,Q4,203138000.0,200706000.0,2432000.0,0.011972156858884109,0.0,10490000.0,0.0,4999000.0,10490000.0,211196000.0,1256000.0,5735000.0,-2323000.0,-0.011435575815455503,-8058000.0,-0.03966761511878624,5014000.0,-4300000.0,-0.02116787602516516,-3164000.0,-1153000.0,-0.005675944431864053,-0.021119,-0.021119,54547000,54547000,https://www.sec.gov/Archives/edgar/data/944148/000156459020006848/0001564590-20-006848-index.html,https://www.sec.gov/Archives/edgar/data/944148/000156459020006848/cbz-10k_20191231.htm,1620590001,15:53:21,20210509
5,2019-09-30,CBZ,USD,2019-11-01 00:00:00,2019-11-01 11:11:42,Q3,239790000.0,209146000.0,30644000.0,0.12779515409316486,0.0,11670000.0,0.0,6767000.0,11670000.0,220816000.0,1521000.0,5634000.0,24608000.0,0.1026231285708328,18974000.0,0.07912756995704574,6622000.0,24075000.0,0.1004003503065182,6069000.0,17806000.0,0.07425664122774094,0.33,0.32,54268000,55816000,https://www.sec.gov/Archives/edgar/data/944148/000156459019039310/0001564590-19-039310-index.html,https://www.sec.gov/Archives/edgar/data/944148/000156459019039310/cbz-10q_20190930.htm,1620590001,15:53:21,20210509
6,2019-06-30,CBZ,USD,2019-08-02 00:00:00,2019-08-02 10:09:20,Q2,235498000.0,198148000.0,37350000.0,0.1586000730367137,0.0,10566000.0,0.0,-3311000.0,10566000.0,208714000.0,1587000.0,5317000.0,32101000.0,0.13631113640030912,26784000.0,0.1137334499656048,-3261000.0,21936000.0,0.09314728787505626,5322000.0,16592000.0,0.07045495078514467,0.31,0.3,54090000,55495000,https://www.sec.gov/Archives/edgar/data/944148/000156459019028173/0001564590-19-028173-index.html,https://www.sec.gov/Archives/edgar/data/944148/000156459019028173/cbz-10q_20190630.htm,1620590001,15:53:21,20210509
7,2019-03-31,CBZ,USD,2019-05-06 00:00:00,2019-05-06 15:02:00,Q1,269998000.0,215496000.0,54502000.0,0.2018607545241076,0.0,11680000.0,0.0,9260000.0,11680000.0,227176000.0,1401000.0,5659000.0,48481000.0,0.1795605893376988,42822000.0,0.1586011748235172,9757000.0,51178000.0,0.18954955221890532,13613000.0,37469000.0,0.13877510203779286,0.690202,0.67,54287000,55915000,https://www.sec.gov/Archives/edgar/data/944148/000156459019015936/0001564590-19-015936-index.html,https://www.sec.gov/Archives/edgar/data/944148/000156459019015936/cbz-10q_20190331.htm,1620590001,15:53:21,20210509
8,2018-12-31,CBZ,USD,2019-02-28 00:00:00,2019-02-28 17:02:38,Q4,199023000.0,181824000.0,17199000.0,0.08641714776684102,0.0,8873000.0,0.0,-9631000.0,8873000.0,190697000.0,1434000.0,6147000.0,14473000.0,0.07272023836441015,8326000.0,0.04183436085276576,-9269000.0,-2377000.0,-0.01194334323168679,-1424000.0,-973000.0,-0.004888882189495686,-0.017923259712269973,-0.017923259712269973,54287000,54287000,https://www.sec.gov/Archives/edgar/data/944148/000156459019005524/0001564590-19-005524-index.html,https://www.sec.gov/Archives/edgar/data/944148/000156459019005524/cbz-10k_20181231.htm,1620590001,15:53:21,20210509
9,2018-09-30,CBZ,USD,2018-11-01 00:00:00,2018-11-01 15:38:44,Q3,224249000.0,198607000.0,25642000.0,0.114346106337152,0.0,10279000.0,0.0,3143000.0,10279000.0,208886000.0,1614000.0,5852000.0,21215000.0,0.09460465821475235,15363000.0,0.06850866670531418,3143000.0,16892000.0,0.07532698027638919,3297000.0,13586000.0,0.060584439618459836,0.25,0.24,54794000,56740000,https://www.sec.gov/Archives/edgar/data/944148/000156459018026192/0001564590-18-026192-index.html,https://www.sec.gov/Archives/edgar/data/944148/000156459018026192/cbz-10q_20180930.htm,1620590001,15:53:21,20210509
10,2018-06-30,CBZ,USD,2018-08-02 00:00:00,2018-08-02 15:06:08,Q2,232641000.0,205102000.0,27539000.0,0.11837552280122593,0.0,9993000.0,0.0,630000.0,9993000.0,215095000.0,1817000.0,5901000.0,23447000.0,0.10078618988054557,17546000.0,0.07542092752352336,630000.0,16359000.0,0.07031864546662024,3238000.0,13106000.0,0.05633572758026315,0.236447,0.23,55429000,56437000,https://www.sec.gov/Archives/edgar/data/944148/000156459018018844/0001564590-18-018844-index.html,https://www.sec.gov/Archives/edgar/data/944148/000156459018018844/cbz-10q_20180630.htm,1620590001,15:53:21,20210509
11,2018-03-31,CBZ,USD,2018-05-02 00:00:00,2018-05-02 15:07:42,Q1,266090000.0,204750000.0,61340000.0,0.2305235070840693,0.0,10028000.0,0.0,-1229000.0,10028000.0,214778000.0,1780000.0,5775000.0,57087000.0,0.2145401931677252,51312000.0,0.19283701003419895,-566000.0,48966000.0,0.18402044421060543,13156000.0,35851000.0,0.13473260926754105,0.66,0.64,54071000,55924000,https://www.sec.gov/Archives/edgar/data/944148/000156459018010248/0001564590-18-010248-index.html,https://www.sec.gov/Archives/edgar/data/944148/000156459018010248/cbz-10q_20180331.htm,1620590001,15:53:21,20210509
12,2017-12-31,CBZ,USD,2018-03-01 00:00:00,2018-03-01 16:37:28,Q4,195142000.0,189975000.0,5167000.0,0.026478154369638518,0.0,7316000.0,0.0,5196000.0,7316000.0,197291000.0,1689000.0,5894000.0,3745000.0,0.019191153109018047,-2149000.0,-0.011012493466296338,5196000.0,1358000.0,0.006959034959157947,-3368000.0,4847000.0,0.024838322862325898,0.088788,0.08,54591000,55822000,https://www.sec.gov/Archives/edgar/data/944148/000156459018004128/0001564590-18-004128-index.html,https://www.sec.gov/Archives/edgar/data/944148/000156459018004128/cbz-10k_20171231.htm,1620590001,15:53:21,20210509
13,2017-09-30,CBZ,USD,2017-11-02 00:00:00,2017-11-02 15:47:53,Q3,207723000.0,184723000.0,23000000.0,0.11072437813819365,0.0,7979000.0,0.0,2792000.0,7979000.0,192702000.0,1777000.0,5888000.0,20909000.0,0.10065808793441265,15021000.0,0.07231264713103508,2792000.0,16036000.0,0.07719896207930754,6172000.0,9658000.0,0.04649461061124671,0.17838277123120683,0.17299872821394666,54142000,55827000,https://www.sec.gov/Archives/edgar/data/944148/000156459017021160/0001564590-17-021160-index.html,https://www.sec.gov/Archives/edgar/data/944148/000156459017021160/cbz-10q_20170930.htm,1620590001,15:53:21,20210509
14,2017-06-30,CBZ,USD,2017-08-03 00:00:00,2017-08-03 15:01:22,Q2,211016000.0,188120000.0,22896000.0,0.10850362057853433,0.0,9232000.0,0.0,3764000.0,9232000.0,197352000.0,1692000.0,5638000.0,19302000.0,0.09147173674034197,13664000.0,0.06475338362967736,3787000.0,15759000.0,0.07468154073624748,4343000.0,10998000.0,0.05211927057663874,0.2,0.19,53968000,55831000,https://www.sec.gov/Archives/edgar/data/944148/000156459017015292/0001564590-17-015292-index.html,https://www.sec.gov/Archives/edgar/data/944148/000156459017015292/cbz-10q_20170630.htm,1620590001,15:53:21,20210509
15,2017-03-31,CBZ,USD,2017-05-05 00:00:00,2017-05-05 15:01:26,Q1,241459000.0,192766000.0,48693000.0,0.2016615657316563,0.0,8768000.0,0.0,2737000.0,8768000.0,201534000.0,1517000.0,5641000.0,45566000.0,0.1887111269408057,39925000.0,0.165348982643016,2759000.0,41167000.0,0.1704927130485921,16141000.0,24874000.0,0.10301541876674715,0.46674,0.45,53293000,55214000,https://www.sec.gov/Archives/edgar/data/944148/000156459017009049/0001564590-17-009049-index.html,https://www.sec.gov/Archives/edgar/data/944148/000156459017009049/cbz-10q_20170331.htm,1620590001,15:53:21,20210509
16,2016-12-31,CBZ,USD,2017-03-09 00:00:00,2017-03-09 15:13:52,Q4,178785000.0,171544000.0,7241000.0,0.04050116061190816,0.0,9049000.0,0.0,1475000.0,9049000.0,180593000.0,1574000.0,5739000.0,3931000.0,0.021987303185390272,-1808000.0,-0.010112705204575329,1850000.0,-1532000.0,-0.008568951533965377,-967000.0,-686000.0,-0.0038370109349218336,-0.012693,-0.012693,54044000,54044000,https://www.sec.gov/Archives/edgar/data/944148/000156459017003833/0001564590-17-003833-index.html,https://www.sec.gov/Archives/edgar/data/944148/000156459017003833/cbz-10k_20161231.htm,1620590001,15:53:21,20210509
17,2016-09-30,CBZ,USD,2016-11-01 00:00:00,2016-11-01 15:51:29,Q3,199794000.0,174069000.0,25725000.0,0.12875762034895943,0.0,8679000.0,0.0,2632000.0,8679000.0,182748000.0,1760000.0,5677000.0,22723000.0,0.11373214410843169,17046000.0,0.08531787741373614,2961000.0,18247000.0,0.09132906894100924,7260000.0,10854000.0,0.05432595573440644,0.21,0.2,52648000,53846000,https://www.sec.gov/Archives/edgar/data/944148/000156459016026710/0001564590-16-026710-index.html,https://www.sec.gov/Archives/edgar/data/944148/000156459016026710/cbz-10q_20160930.htm,1620590001,15:53:21,20210509
18,2016-06-30,CBZ,USD,2016-08-02,2016-08-02 16:57:47,Q2,197015000.0,173996000.0,23019000.0,0.11683881937923508,0.0,8346000.0,0.0,703000.0,8346000.0,182342000.0,1733000.0,5437000.0,20110000.0,0.10207344618430068,14673000.0,0.0744765626982717,753000.0,13693000.0,0.06950232215821131,5306000.0,8129000.0,0.04126081770423572,0.15623378370586766,0.15314907967369393,52031000,53079000,https://www.sec.gov/Archives/edgar/data/944148/000156459016022092/cbz-10q_20160630.htm,https://www.sec.gov/Archives/edgar/data/944148/000156459016022092/cbz-10q_20160630.htm,1620590001,15:53:21,20210509
19,2016-03-31,CBZ,USD,2016-05-03 00:00:00,2016-05-03 13:37:37,Q1,224238000.0,178117000.0,46121000.0,0.2056787877166225,0.0,10245000.0,0.0,2147000.0,10245000.0,188362000.0,1526000.0,5245000.0,41121000.0,0.18338105049099618,35876000.0,0.15999072414131413,2248000.0,36598000.0,0.1632105173966946,14800000.0,21768000.0,0.09707542878548685,0.42209,0.41,51572000,52745000,https://www.sec.gov/Archives/edgar/data/944148/000119312516574501/0001193125-16-574501-index.html,https://www.sec.gov/Archives/edgar/data/944148/000119312516574501/d146104d10q.htm,1620590001,15:53:21,20210509
20,2015-12-31,CBZ,USD,2016-03-08 00:00:00,2016-03-08 15:53:05,Q4,164412000.0,160788000.0,3624000.0,0.022042186701700606,0.0,8071000.0,0.0,2706000.0,8071000.0,168859000.0,1237000.0,5221000.0,774000.0,0.004707685570396322,-4447000.0,-0.027047904045933387,2684000.0,-3000000.0,-0.018246843296109774,-2226000.0,-1906000.0,-0.011592827774128409,-0.035994,-0.04,52954000,52954000,https://www.sec.gov/Archives/edgar/data/944148/000119312516496744/0001193125-16-496744-index.html,https://www.sec.gov/Archives/edgar/data/944148/000119312516496744/d123481d10k.htm,1620590001,15:53:21,20210509
21,2015-09-30,CBZ,USD,2015-11-03 00:00:00,2015-11-03 15:25:43,Q3,187102000.0,159175000.0,27927000.0,0.14926083099058268,0.0,8043000.0,0.0,-1673000.0,8043000.0,167218000.0,1840000.0,5117000.0,25001000.0,0.13362230227362615,19884000.0,0.10627358339301557,-1668000.0,16376000.0,0.08752445190323994,6787000.0,10200000.0,0.05451571869889151,0.195515,0.19,52170000,54445000,https://www.sec.gov/Archives/edgar/data/944148/000119312515364189/0001193125-15-364189-index.html,https://www.sec.gov/Archives/edgar/data/944148/000119312515364189/d63260d10q.htm,1620590001,15:53:21,20210509
22,2015-06-30,CBZ,USD,2015-08-04 00:00:00,2015-08-04 14:54:04,Q2,185042000.0,163117000.0,21925000.0,0.11848661384982868,0.0,6615000.0,0.0,-1126000.0,6615000.0,169732000.0,2848000.0,5064000.0,20374000.0,0.11010473297953978,15310000.0,0.08273797300072416,-1081000.0,11381000.0,0.061504955631694426,4696000.0,6645000.0,0.03591076620442926,0.134265,0.13,53137757,53137757,https://www.sec.gov/Archives/edgar/data/944148/000119312515276357/0001193125-15-276357-index.html,https://www.sec.gov/Archives/edgar/data/944148/000119312515276357/d948635d10q.htm,1620590001,15:53:21,20210509
23,2015-03-31,CBZ,USD,2015-05-05 00:00:00,2015-05-05 15:50:56,Q1,213866000.0,170864000.0,43002000.0,0.2010698287712867,0.0,9865000.0,0.0,2859000.0,9865000.0,180729000.0,2977000.0,4987000.0,38124000.0,0.1782611541806552,33137000.0,0.15494281465964668,2915000.0,33075000.0,0.15465291350658825,13572000.0,19168000.0,0.08962621454555657,0.398122,0.37,48146000,51385000,https://www.sec.gov/Archives/edgar/data/944148/000119312515171975/0001193125-15-171975-index.html,https://www.sec.gov/Archives/edgar/data/944148/000119312515171975/d902132d10q.htm,1620590001,15:53:21,20210509
24,2014-12-31,CBZ,USD,2015-03-12,2015-03-12 15:45:17,Q4,145891000.0,142284000.0,3607000.0,0.02472393773433591,0.0,6729000.0,0.0,2350000.0,6729000.0,149013000.0,2991000.0,4831000.0,1709000.0,0.011714225003598576,-3122000.0,-0.02139953801125498,3560000.0,-2553000.0,-0.01749936596500127,-1461000.0,-1325000.0,-0.009082122954808727,-0.026775,-0.03,49487000,49487000,https://www.sec.gov/Archives/edgar/data/944148/000119312515089151/d839656d10k.htm,https://www.sec.gov/Archives/edgar/data/944148/000119312515089151/d839656d10k.htm,1620590001,15:53:21,20210509
25,2014-09-30,CBZ,USD,2014-11-07 00:00:00,2014-11-07 16:14:30,Q3,183799000.0,159026000.0,24773000.0,0.13478310545759226,0.0,8889000.0,0.0,-1368000.0,8889000.0,167915000.0,3123000.0,5188000.0,21072000.0,0.11464697849281008,15884000.0,0.08642049195044586,-1351000.0,11410000.0,0.06207868377956355,4126000.0,7688000.0,0.04182830156856131,0.155819,0.15,49322806,51209000,https://www.sec.gov/Archives/edgar/data/944148/000119312514403365/0001193125-14-403365-index.html,https://www.sec.gov/Archives/edgar/data/944148/000119312514403365/d790729d10q.htm,1620590001,15:53:21,20210509
26,2014-06-30,CBZ,USD,2014-08-08 00:00:00,2014-08-08 15:20:18,Q2,180885000.0,162307000.0,18578000.0,0.10270613925975067,0.0,8306000.0,0.0,3936000.0,8306000.0,170613000.0,3577000.0,4964000.0,15236000.0,0.08423031207673384,10272000.0,0.05678746164690273,4004000.0,10699000.0,0.05914807750780883,4459000.0,6107000.0,0.0337617823479006,0.123487,0.12,49339287,52052000,https://www.sec.gov/Archives/edgar/data/944148/000119312514302967/0001193125-14-302967-index.html,https://www.sec.gov/Archives/edgar/data/944148/000119312514302967/d752637d10q.htm,1620590001,15:53:21,20210509
27,2014-03-31,CBZ,USD,2014-05-09 00:00:00,2014-05-09 14:02:00,Q1,208908000.0,166187000.0,42721000.0,0.20449671625787427,0.0,10259000.0,0.0,1975000.0,10259000.0,176446000.0,3433000.0,4848000.0,37310000.0,0.17859536255193673,32462000.0,0.1553889750512187,1983000.0,31012000.0,0.1484481207038505,13030000.0,17289000.0,0.08275891780113734,0.358827,0.33,48182000,52618000,https://www.sec.gov/Archives/edgar/data/944148/000119312514192041/0001193125-14-192041-index.html,https://www.sec.gov/Archives/edgar/data/944148/000119312514192041/d704404d10q.htm,1620590001,15:53:21,20210509
28,2013-12-31,CBZ,USD,2014-03-14,2014-03-14 15:26:01,Q4,149249000.0,146170000.0,3079000.0,0.020629953969540836,0.0,7821000.0,0.0,3203000.0,7821000.0,153991000.0,3358000.0,4740000.0,-2000.0,-1.3400424793465952e-05,-4742000.0,-0.03177240718530777,3210000.0,-4890000.0,-0.032764038620024256,-2444000.0,-3947000.0,-0.026445738329905058,-0.08191855879789132,-0.08191855879789132,48182000,48182000,https://www.sec.gov/Archives/edgar/data/944148/000119312514099816/d661368d10k.htm,https://www.sec.gov/Archives/edgar/data/944148/000119312514099816/d661368d10k.htm,1620590001,15:53:21,20210509
29,2013-09-30,CBZ,USD,2013-11-08 00:00:00,2013-11-08 15:30:55,Q3,168839000.0,150935000.0,17904000.0,0.10604185052031817,0.0,8944000.0,0.0,2371000.0,8944000.0,159879000.0,3815000.0,4770000.0,13730000.0,0.0813200741534835,8960000.0,0.053068307677728487,2377000.0,7522000.0,0.04455131811962876,2441000.0,62360000.0,0.3693459449534764,1.315736892625278,1.2725751484602983,47395494,49003000,https://www.sec.gov/Archives/edgar/data/944148/000119312513435080/0001193125-13-435080-index.html,https://www.sec.gov/Archives/edgar/data/944148/000119312513435080/d615352d10q.htm,1620590001,15:53:21,20210509
30,2013-06-30,CBZ,USD,2013-08-09 00:00:00,2013-08-09 15:03:31,Q2,172511000.0,151627000.0,20884000.0,0.12105894696570074,0.0,7649000.0,0.0,515000.0,7649000.0,159276000.0,4145000.0,3554000.0,16789000.0,0.09732133023401407,13235000.0,0.07671974540753923,563000.0,9653000.0,0.055955852090591326,4202000.0,9147000.0,0.05302270579847082,0.181059,0.18,50971562,50971562,https://www.sec.gov/Archives/edgar/data/944148/000119312513328981/0001193125-13-328981-index.html,https://www.sec.gov/Archives/edgar/data/944148/000119312513328981/d562106d10q.htm,1620590001,15:53:21,20210509
31,2013-03-31,CBZ,USD,2013-05-10 00:00:00,2013-05-10 14:16:58,Q1,234781000.0,190860000.0,43921000.0,0.1870722077169788,0.0,9984000.0,0.0,1779000.0,9984000.0,200844000.0,4353000.0,5820000.0,39757000.0,0.1693365306391914,33937000.0,0.1445474718993445,1797000.0,31381000.0,0.13366073063833955,13098000.0,18303000.0,0.07795775637721962,0.370379,0.37,49417000,49836000,https://www.sec.gov/Archives/edgar/data/944148/000119312513213544/0001193125-13-213544-index.html,https://www.sec.gov/Archives/edgar/data/944148/000119312513213544/d518359d10q.htm,1620590001,15:53:21,20210509
32,2012-12-31,CBZ,USD,2013-03-15 00:00:00,2013-03-15 14:26:24,Q4,172861000.0,166353000.0,6508000.0,0.037648746680859185,0.0,4615000.0,0.0,3254000.0,4615000.0,170968000.0,4110000.0,5485000.0,7378000.0,0.04268169222670238,1893000.0,0.010950995308369153,3360000.0,1143000.0,0.0066122491481595035,-58000.0,1206000.0,0.0069767038256171145,0.023945,0.02,50365000,50365000,https://www.sec.gov/Archives/edgar/data/944148/000119312513109647/0001193125-13-109647-index.html,https://www.sec.gov/Archives/edgar/data/944148/000119312513109647/d444994d10k.htm,1620590001,15:53:21,20210509
33,2012-09-30,CBZ,USD,2012-11-09 00:00:00,2012-11-09 14:20:38,Q3,183800000.0,167146000.0,16654000.0,0.09060935799782373,0.0,7625000.0,0.0,0.0,7625000.0,174771000.0,3884000.0,5376000.0,14405000.0,0.07837323177366703,9029000.0,0.0491240478781284,2591000.0,7736000.0,0.042089227421109904,2458000.0,5307000.0,0.028873775843307945,0.106411,0.106411,50036098,50036098,https://www.sec.gov/Archives/edgar/data/944148/000119312512462846/0001193125-12-462846-index.html,https://www.sec.gov/Archives/edgar/data/944148/000119312512462846/d398856d10q.htm,1620590001,15:53:21,20210509
34,2012-06-30,CBZ,USD,2012-08-09 00:00:00,2012-08-09 12:36:07,Q2,188606000.0,166691000.0,21915000.0,0.11619460674633893,0.0,7638000.0,0.0,0.0,7638000.0,174329000.0,4146000.0,5306000.0,19583000.0,0.10383020688631327,14277000.0,0.07569748576397357,-790000.0,9341000.0,0.04952652619746986,3512000.0,5848000.0,0.031006436698726447,0.117142,0.117142,49872432,49872432,https://www.sec.gov/Archives/edgar/data/944148/000119312512346479/0001193125-12-346479-index.html,https://www.sec.gov/Archives/edgar/data/944148/000119312512346479/d352658d10q.htm,1620590001,15:53:21,20210509
35,2012-03-31,CBZ,USD,2012-05-10,2012-05-10 16:00:54,Q1,220827000.0,180005000.0,40822000.0,0.18485964125763607,0.0,10544000.0,0.0,0.0,10544000.0,190549000.0,4122000.0,5228000.0,35506000.0,0.16078649802786796,30278000.0,0.13711185679287405,6027000.0,32183000.0,0.1457385192933835,13416000.0,18785000.0,0.08506659058901311,0.376204,0.376204,49932949,49932949,https://www.sec.gov/Archives/edgar/data/944148/000119312512117458/d284802d10k.htm,https://www.sec.gov/Archives/edgar/data/944148/000119312512117458/d284802d10k.htm,1620590001,15:53:21,20210509
36,2011-12-31,CBZ,USD,2012-03-15 00:00:00,2012-03-15 16:34:06,Q4,163743000.0,160547000.0,3196000.0,0.019518391625901566,0.0,7299000.0,0.0,0.0,7299000.0,167846000.0,3984000.0,5243000.0,1140000.0,0.006962129678825965,-4103000.0,-0.02505755971247626,4939000.0,-3148000.0,-0.01922524932363521,-1913000.0,-1166000.0,-0.007120915092553574,-0.023351314579877908,-0.023351314579877908,49932949,49932949,https://www.sec.gov/Archives/edgar/data/944148/000119312512117458/0001193125-12-117458-index.html,https://www.sec.gov/Archives/edgar/data/944148/000119312512117458/d284802d10k.htm,1620590001,15:53:21,20210509
37,2011-09-30,CBZ,USD,2011-11-09 00:00:00,2011-11-09 14:21:54,Q3,177061000.0,153961000.0,23100000.0,0.13046351257476238,0.0,8175000.0,0.0,0.0,8175000.0,162136000.0,4049000.0,5107000.0,20032000.0,0.11313615081807965,14925000.0,0.08429298377395361,-4423000.0,6453000.0,0.03644506695432648,1614000.0,4717000.0,0.026640536312344334,0.09454342530649497,0.0944911858974359,49892417,49920000,https://www.sec.gov/Archives/edgar/data/944148/000119312511304203/0001193125-11-304203-index.html,https://www.sec.gov/Archives/edgar/data/944148/000119312511304203/d253025d10q.htm,1620590001,15:53:21,20210509
38,2011-06-30,CBZ,USD,2011-08-09 00:00:00,2011-08-09 15:37:35,Q2,183110000.0,159931000.0,23179000.0,0.12658511277374257,0.0,6850000.0,0.0,0.0,6850000.0,166781000.0,4407000.0,4965000.0,21294000.0,0.11629075419146961,16329000.0,0.08917590519359947,29000.0,11951000.0,0.06526677953142919,5095000.0,6551000.0,0.035776309322265304,0.129146,0.129146,50661261,50661261,https://www.sec.gov/Archives/edgar/data/944148/000095012311075053/0000950123-11-075053-index.html,https://www.sec.gov/Archives/edgar/data/944148/000095012311075053/l43081e10vq.htm,1620590001,15:53:21,20210509
39,2011-03-31,CBZ,USD,2011-05-10 00:00:00,2011-05-10 15:53:57,Q1,209891000.0,169428000.0,40463000.0,0.19278101490773783,0.0,9661000.0,0.0,0.0,9661000.0,179089000.0,4915000.0,5030000.0,35832000.0,0.17071718177530243,30802000.0,0.14675236194024519,5824000.0,31711000.0,0.1510831812702784,13587000.0,17905000.0,0.08530618273294234,0.357368,0.357368,50102427,50102427,https://www.sec.gov/Archives/edgar/data/944148/000095012311048271/0000950123-11-048271-index.html,https://www.sec.gov/Archives/edgar/data/944148/000095012311048271/l42376e10vq.htm,1620590001,15:53:21,20210509
40,2010-12-31,CBZ,USD,2011-03-15,2011-03-15 16:51:52,Q4,164944000.0,157169000.0,7775000.0,0.047137210204675525,0.0,7085000.0,0.0,0.0,7085000.0,164254000.0,4994000.0,5076000.0,5766000.0,0.03495731884760889,690000.0,0.004183237947424581,3533000.0,-1912000.0,-0.011591812978950431,-746000.0,-1724000.0,-0.010452032204869531,-0.03440951074086691,-0.03440951074086691,50102427,50102427,https://www.sec.gov/Archives/edgar/data/944148/000095012311025596/l41889e10vk.htm,https://www.sec.gov/Archives/edgar/data/944148/000095012311025596/l41889e10vk.htm,1620590001,15:53:21,20210509
41,2010-09-30,CBZ,USD,2010-11-09 00:00:00,2010-11-09 11:25:57,Q3,176486000.0,158156000.0,18330000.0,0.10386092947882551,0.0,6907000.0,0.0,0.0,6907000.0,165063000.0,3735000.0,5044000.0,16467000.0,0.09330485137631314,11423000.0,0.06472468071121788,89000.0,8792000.0,0.04981698265018188,3464000.0,4832000.0,0.027378942239044458,0.08,0.08,59579000,59579000,https://www.sec.gov/Archives/edgar/data/944148/000095012310102998/0000950123-10-102998-index.html,https://www.sec.gov/Archives/edgar/data/944148/000095012310102998/l40988e10vq.htm,1620590001,15:53:21,20210509
42,2010-06-30,CBZ,USD,2010-08-09 00:00:00,2010-08-09 16:22:47,Q2,180840000.0,159177000.0,21663000.0,0.11979097544790976,0.0,6638000.0,0.0,0.0,6638000.0,165815000.0,3411000.0,5088000.0,20113000.0,0.11121986286219863,15025000.0,0.08308449458084495,-2045000.0,9569000.0,0.052914178279141785,2655000.0,5422000.0,0.02998230479982305,0.08814970166967435,0.08768213205685917,61509000,61837000,https://www.sec.gov/Archives/edgar/data/944148/000095012310075048/0000950123-10-075048-index.html,https://www.sec.gov/Archives/edgar/data/944148/000095012310075048/l40328e10vq.htm,1620590001,15:53:21,20210509
43,2010-03-31,CBZ,USD,2010-05-10 00:00:00,2010-05-10 16:15:50,Q1,210235000.0,172291000.0,37944000.0,0.18048374438128761,0.0,8984000.0,0.0,0.0,8984000.0,181275000.0,3168000.0,5125000.0,34085000.0,0.16212809475111184,28960000.0,0.13775061240992223,2547000.0,28339000.0,0.13479677503745807,11475000.0,15984000.0,0.07602920541299023,0.2598644100863288,0.2575364537178764,61509000,62065000,https://www.sec.gov/Archives/edgar/data/944148/000095012310047171/0000950123-10-047171-index.html,https://www.sec.gov/Archives/edgar/data/944148/000095012310047171/l39652e10vq.htm,1620590001,15:53:21,20210509
44,2009-12-31,CBZ,USD,2010-03-16 00:00:00,2010-03-16 17:06:15,Q4,151428000.0,139588000.0,11840000.0,0.07818897429801622,0.0,6835000.0,0.0,0.0,6835000.0,146423000.0,3171000.0,5239000.0,10244000.0,0.06764931188419579,5005000.0,0.033052011517024596,1158000.0,2992000.0,0.019758565126660854,675000.0,1316000.0,0.008690598832448425,0.02139524297257312,0.02139524297257312,61509000,61509000,https://www.sec.gov/Archives/edgar/data/944148/000095012310025260/0000950123-10-025260-index.html,https://www.sec.gov/Archives/edgar/data/944148/000095012310025260/l38464e10vk.htm,1620590001,15:53:21,20210509
45,2009-09-30,CBZ,USD,2009-11-09 00:00:00,2009-11-09 16:11:15,Q3,179023000.0,163783000.0,15240000.0,0.08512872647648626,0.0,8491000.0,0.0,0.0,8491000.0,172274000.0,3181000.0,5104000.0,11853000.0,0.06620936974578685,6749000.0,0.03769906660038096,4054000.0,7622000.0,0.04257553498712456,2542000.0,5103000.0,0.028504717270965183,0.08,0.08,63787500,63787500,https://www.sec.gov/Archives/edgar/data/944148/000095012309060146/0000950123-09-060146-index.html,https://www.sec.gov/Archives/edgar/data/944148/000095012309060146/l37917e10vq.htm,1620590001,15:53:21,20210509
46,2009-06-30,CBZ,USD,2009-08-10 00:00:00,2009-08-10 16:05:25,Q2,189072000.0,169671000.0,19401000.0,0.1026117034780401,0.0,7687000.0,0.0,0.0,7687000.0,177358000.0,3535000.0,5067000.0,16781000.0,0.08875454853177625,11714000.0,0.06195523398493696,2911000.0,11090000.0,0.05865490395193366,4451000.0,6796000.0,0.03594397901328594,0.1108736438534954,0.10984321965411346,61295000,61870000,https://www.sec.gov/Archives/edgar/data/944148/000095012309032865/0000950123-09-032865-index.html,https://www.sec.gov/Archives/edgar/data/944148/000095012309032865/l37159e10vq.htm,1620590001,15:53:21,20210509
47,2009-03-31,CBZ,USD,2009-05-11 00:00:00,2009-05-11 16:35:56,Q1,220177000.0,178269000.0,41908000.0,0.19033777370025026,0.0,7709000.0,0.0,0.0,7709000.0,185978000.0,3505000.0,5088000.0,39287000.0,0.17843371469317867,34199000.0,0.15532503394995845,-512000.0,30182000.0,0.13708062149997502,12130000.0,18181000.0,0.08257447417305168,0.3,0.29,61295000,61950000,https://www.sec.gov/Archives/edgar/data/944148/000095015209005085/0000950152-09-005085-index.html,https://www.sec.gov/Archives/edgar/data/944148/000095015209005085/l36325ae10vq.htm,1620590001,15:53:21,20210509
48,2008-12-31,CBZ,USD,2009-03-16 00:00:00,2009-03-16 17:00:54,Q4,162982000.0,145603000.0,17379000.0,0.10663140714925574,0.0,6378000.0,0.0,0.0,7123000.0,152726000.0,0.0,3765000.0,14021000.0,0.08602790492201592,10256000.0,0.06292719441410707,-3307000.0,5861000.0,0.0359610263710103,2104000.0,3573000.0,0.021922666306708718,0.05829186719960845,0.05829186719960845,61295000,61295000,https://www.sec.gov/Archives/edgar/data/944148/000095015209002688/0000950152-09-002688-index.html,https://www.sec.gov/Archives/edgar/data/944148/000095015209002688/l34811ae10vk.htm,1620590001,15:53:21,20210509
49,2008-09-30,CBZ,USD,2008-11-10 00:00:00,2008-11-10 17:15:55,Q3,168195000.0,148757000.0,19438000.0,0.11556823924611315,0.0,7270000.0,0.0,0.0,11863000.0,160620000.0,0.0,3731000.0,11306000.0,0.06721959630191147,7575000.0,0.045037010612681706,-2789000.0,7575000.0,0.045037010612681706,2689000.0,4962000.0,0.029501471506287347,0.08111686910464108,0.08032765654341772,61171000,61772000,https://www.sec.gov/Archives/edgar/data/944148/000095015208009095/0000950152-08-009095-index.html,https://www.sec.gov/Archives/edgar/data/944148/000095015208009095/l34305ae10vq.htm,1620590001,15:53:21,20210509
50,2008-06-30,CBZ,USD,2008-08-11 00:00:00,2008-08-11 16:50:20,Q2,175734000.0,154883000.0,20851000.0,0.11865091558833236,0.0,7791000.0,0.0,0.0,7791000.0,162674000.0,0.0,3798000.0,16858000.0,0.09592907462414786,13060000.0,0.07431686526227138,556000.0,11728000.0,0.0667372278557365,4255000.0,7286000.0,0.04146038899700684,0.11783923661652919,0.11668802049967969,61830000,62440000,https://www.sec.gov/Archives/edgar/data/944148/000095015208006352/0000950152-08-006352-index.html,https://www.sec.gov/Archives/edgar/data/944148/000095015208006352/l32405ae10vq.htm,1620590001,15:53:21,20210509
51,2008-03-31,CBZ,USD,2008-05-12 00:00:00,2008-05-12 17:20:40,Q1,197352000.0,158330000.0,39022000.0,0.19772791762941344,0.0,7252000.0,0.0,0.0,7272000.0,165602000.0,0.0,3817000.0,35567000.0,0.18022112773116056,31750000.0,0.16088005188698368,-1327000.0,28726000.0,0.14555717702379506,11498000.0,16781000.0,0.08503080789655032,0.2652661197262136,0.2611178539196465,63261000,64266000,https://www.sec.gov/Archives/edgar/data/944148/000095015208003867/0000950152-08-003867-index.html,https://www.sec.gov/Archives/edgar/data/944148/000095015208003867/l30924ae10vq.htm,1620590001,15:53:21,20210509
52,2007-12-31,CBZ,USD,2008-03-17,2008-03-17 17:16:08,Q4,156283000.0,151090000.0,5193000.0,0.033228182207917685,0.0,10143000.0,0.0,0.0,127000000.0,149473000.0,0.0,4192000.0,11002000.0,0.07039793195677073,6810000.0,0.04357479700287299,7281000.0,12865000.0,0.08231861430865801,4878000.0,6100000.0,0.039031756493028674,0.09642591802216216,0.09642591802216216,63261000,63261000,https://www.sec.gov/Archives/edgar/data/944148/000095015208002031/l30087ae10vk.htm,https://www.sec.gov/Archives/edgar/data/944148/000095015208002031/l30087ae10vk.htm,1620590001,15:53:21,20210509
53,2007-09-30,CBZ,USD,2007-11-09 00:00:00,2007-11-09 11:44:11,Q3,151718000.0,134787000.0,16931000.0,0.11159519635112511,0.0,6370000.0,0.0,0.0,10213000.0,145000000.0,0.0,3823000.0,10541000.0,0.06947758341132891,6718000.0,0.044279518580524396,766000.0,6523000.0,0.04299423931240855,2598000.0,4646000.0,0.030622602459826783,0.07165109034267912,0.07030552487023894,64842000,66083000,https://www.sec.gov/Archives/edgar/data/944148/000095015207008811/0000950152-07-008811-index.html,https://www.sec.gov/Archives/edgar/data/944148/000095015207008811/l28472ae10vq.htm,1620590001,15:53:21,20210509
54,2007-06-30,CBZ,USD,2007-08-09 00:00:00,2007-08-09 16:32:54,Q2,156946000.0,135827000.0,21119000.0,0.1345622061091076,0.0,6508000.0,0.0,0.0,10519000.0,146346000.0,0.0,3851000.0,14451000.0,0.09207625552737884,10600000.0,0.06753915359422986,1999000.0,11194000.0,0.07132389484281218,4754000.0,9830000.0,0.06263300753125278,0.15090110834791687,0.14791074196120918,65142000,66459000,https://www.sec.gov/Archives/edgar/data/944148/000095015207006668/0000950152-07-006668-index.html,https://www.sec.gov/Archives/edgar/data/944148/000095015207006668/l27415ae10vq.htm,1620590001,15:53:21,20210509
55,2007-03-31,CBZ,USD,2007-05-10 00:00:00,2007-05-10 15:19:29,Q1,183203000.0,146059000.0,37144000.0,0.20274777159762666,0.0,7588000.0,0.0,0.0,11788000.0,157847000.0,0.0,4105000.0,29461000.0,0.16081068541454016,25356000.0,0.1384038470985737,702000.0,25174000.0,0.1374104135849304,10312000.0,14264000.0,0.07785898702532164,0.22,0.21,66344000,68023000,https://www.sec.gov/Archives/edgar/data/944148/000095015207004268/0000950152-07-004268-index.html,https://www.sec.gov/Archives/edgar/data/944148/000095015207004268/l26002ae10vq.htm,1620590001,15:53:21,20210509
56,2006-12-31,CBZ,USD,2007-03-16,2007-03-16 15:38:15,Q4,133924000.0,121489000.0,12435000.0,0.09285116931991279,0.0,5042000.0,0.0,0.0,8934000.0,130423000.0,0.0,3885000.0,7386000.0,0.055150682476628535,3501000.0,0.026141692303097278,2166000.0,4812000.0,0.03593082643887578,1710000.0,3034000.0,0.022654639945043457,0.0457313396840709,0.0457313396840709,66344000,66344000,https://www.sec.gov/Archives/edgar/data/944148/000095015207002223/l24214ae10vk.htm,https://www.sec.gov/Archives/edgar/data/944148/000095015207002223/l24214ae10vk.htm,1620590001,15:53:21,20210509
57,2006-09-30,CBZ,USD,2006-11-09,2006-11-09 13:26:17,Q3,143382000.0,128235000.0,15147000.0,0.10564087542369335,0.0,5568000.0,0.0,0.0,9875000.0,138110000.0,0.0,4300000.0,9572000.0,0.06675872843174178,5272000.0,0.03676891102090918,1002000.0,5437000.0,0.03791968308434811,2117000.0,4123000.0,0.028755352833689025,0.06035366103580525,0.05854787634370429,68314000,70421000,https://www.sec.gov/Archives/edgar/data/944148/000095015206009106/l22648ae10vq.htm,https://www.sec.gov/Archives/edgar/data/944148/000095015206009106/l22648ae10vq.htm,1620590001,15:53:21,20210509
58,2006-06-30,CBZ,USD,2006-08-09,2006-08-09 16:22:57,Q2,152758000.0,130775000.0,21983000.0,0.14390735673418087,0.0,7333000.0,0.0,0.0,11509000.0,142284000.0,0.0,4169000.0,14643000.0,0.09585750009819453,10474000.0,0.06856596708519358,529000.0,10143000.0,0.06639914112517839,4174000.0,5226000.0,0.03421097422066275,0.07140807542529207,0.06929104626032537,73185000,75421000,https://www.sec.gov/Archives/edgar/data/944148/000095015206006775/l21806ae10vq.htm,https://www.sec.gov/Archives/edgar/data/944148/000095015206006775/l21806ae10vq.htm,1620590001,15:53:21,20210509
59,2006-03-31,CBZ,USD,2006-05-10,2006-05-10 17:06:24,Q1,171061000.0,138731000.0,32330000.0,0.18899690753590825,0.0,6732000.0,0.0,0.0,10803000.0,149534000.0,0.0,4071000.0,25598000.0,0.14964252518107576,21527000.0,0.12584399717059996,1289000.0,22024000.0,0.12874939349121073,8788000.0,12018000.0,0.07025563980100666,0.1605632673783217,0.1553636528169196,74849000,77354000,https://www.sec.gov/Archives/edgar/data/944148/000095015206002186/l17854ae10vk.htm,https://www.sec.gov/Archives/edgar/data/944148/000095015206002186/l17854ae10vk.htm,1620590001,15:53:21,20210509
60,2005-12-31,CBZ,USD,2006-03-16,2006-03-16 15:22:55,Q4,128937000.0,115541000.0,13396000.0,0.10389570100126419,0.0,4675000.0,0.0,0.0,8529000.0,124070000.0,0.0,3569000.0,8436000.0,0.06542730170548407,4867000.0,0.03774711680898423,2501000.0,6957000.0,0.053956583447730286,2716000.0,5175000.0,0.04013588031364155,0.06913920025651646,0.06913920025651646,74849000,74849000,https://www.sec.gov/Archives/edgar/data/944148/000095015206002186/l17854ae10vk.htm,https://www.sec.gov/Archives/edgar/data/944148/000095015206002186/l17854ae10vk.htm,1620590001,15:53:21,20210509
61,2005-09-30,CBZ,USD,2005-11-08,2005-11-08 13:44:11,Q3,135339000.0,120836000.0,14503000.0,0.10716053761295709,0.0,6364000.0,0.0,0.0,10200000.0,131036000.0,0.0,3807000.0,8110000.0,0.05992359925815914,4303000.0,0.03179423521675201,1308000.0,4853000.0,0.035858104463606204,2091000.0,2035000.0,0.015036316213360525,0.027577141463282426,0.026780544296467864,73793000,75988000,https://www.sec.gov/Archives/edgar/data/944148/000095015205008909/l16613ae10vq.htm,https://www.sec.gov/Archives/edgar/data/944148/000095015205008909/l16613ae10vq.htm,1620590001,15:53:21,20210509
62,2005-06-30,CBZ,USD,2005-08-09,2005-08-09 14:53:15,Q2,139635000.0,121482000.0,18153000.0,0.13000322268772155,0.0,7449000.0,0.0,0.0,11277000.0,132759000.0,0.0,3828000.0,10704000.0,0.07665699860350199,6876000.0,0.04924266838543345,999000.0,7030000.0,0.05034554373903391,2577000.0,3326000.0,0.023819243026461847,0.04424343199201862,0.043224557162722395,75175000,76947000,https://www.sec.gov/Archives/edgar/data/944148/000095015205006770/l14964ae10vq.htm,https://www.sec.gov/Archives/edgar/data/944148/000095015205006770/l14964ae10vq.htm,1620590001,15:53:21,20210509
63,2005-03-31,CBZ,USD,2005-03-31,2005-03-31,Q1,155358000.0,126820000.0,28538000.0,0.18369186009088687,0.0,7039000.0,0.0,0.0,10998000.0,137818000.0,0.0,3959000.0,21499000.0,0.13838360432034397,17540000.0,0.11290052652583066,558000.0,17317000.0,0.11146513214639735,7187000.0,8137000.0,0.05237580298407549,0.11,0.1,75738000,77718000,,,1620590001,15:53:21,20210509
64,2004-12-31,CBZ,USD,2004-12-31,2004-12-31,Q4,125542000.0,118740000.0,6802000.0,0.05418107087667872,0.0,6498000.0,0.0,0.0,10710000.0,129450000.0,0.0,4212000.0,304000.0,0.0024215003743767024,-3908000.0,-0.031129024549553137,2196000.0,-2181000.0,-0.017372672093801278,-4362000.0,1732000.0,0.01379617976454095,0.02286830917108981,0.02286830917108981,75738000,75738000,,,1620590001,15:53:21,20210509
65,2004-09-30,CBZ,USD,2004-09-30,2004-09-30,Q3,121550000.0,109877000.0,11673000.0,0.09603455368161251,0.0,6841000.0,0.0,0.0,11024000.0,120901000.0,0.0,4087000.0,4736000.0,0.038963389551624844,649000.0,0.005339366515837104,605000.0,963000.0,0.007922665569724393,473000.0,356000.0,0.0029288358700123407,0.00460477810402142,0.0044851523817922975,77311000,79373000,,,1620590001,15:53:21,20210509
66,2004-06-30,CBZ,USD,2004-08-09 00:00:00,2004-08-09 16:19:03,Q2,127151000.0,113451000.0,13700000.0,0.10774590840811318,0.0,6055000.0,0.0,0.0,10737000.0,124188000.0,0.0,4142000.0,7105000.0,0.055878443740120014,2963000.0,0.02330300194257222,829000.0,3897000.0,0.030648598909957452,1319000.0,2382000.0,0.01873363166628654,0.030583552673813956,0.029719276356830943,77885000,80150000,https://www.sec.gov/Archives/edgar/data/944148/000095015204006043/0000950152-04-006043-index.html,https://www.sec.gov/Archives/edgar/data/944148/000095015204006043/l08593ae10vq.txt,1620590001,15:53:21,20210509
67,2004-03-31,CBZ,USD,2004-05-10,2004-05-10,Q1,147977000.0,119336000.0,28641000.0,0.1935503490407293,0.0,5315000.0,0.0,0.0,9685000.0,129021000.0,0.0,3987000.0,22943000.0,0.15504436500266933,18956000.0,0.12810098866715774,855000.0,19954000.0,0.13484528000973126,8341000.0,11581000.0,0.07826216236306993,0.14,0.13,85437000,87912000,https://www.sec.gov/Archives/edgar/data/944148/000095015204003817/0000950152-04-003817-index.htm,https://www.sec.gov/Archives/edgar/data/944148/000095015204003817/l06758ae10vq.txt,1620590001,15:53:21,20210509
68,2003-12-31,CBZ,USD,2003-12-31,2003-12-31,Q4,122653000.0,110352000.0,12301000.0,0.10029106503713729,0.0,5058000.0,0.0,0.0,10022000.0,120374000.0,0.0,4436000.0,6715000.0,0.054747947461537834,2279000.0,0.018580874499604577,97000.0,2703000.0,0.02203778138325194,1020000.0,2306000.0,0.01880100772096891,0.02699064807987172,0.02699064807987172,85437000,85437000,,,1620590001,15:53:21,20210509
69,2003-09-30,CBZ,USD,2003-09-30,2003-09-30,Q3,119488000.0,109596000.0,9892000.0,0.08278655597214783,0.0,4567000.0,0.0,0.0,8891000.0,118487000.0,0.0,4078000.0,5079000.0,0.0425063604713444,1001000.0,0.00837741028387788,238000.0,1212000.0,0.010143277986073916,1007000.0,-238000.0,-0.001991831815747188,-0.0027601243215660807,-0.0026750289420148137,86228000,88971000,,,1620590001,15:53:21,20210509
70,2003-06-30,CBZ,USD,2003-06-30,2003-06-30,Q2,126080000.0,112489000.0,13591000.0,0.10779663705583756,0.0,4772000.0,0.0,0.0,10906000.0,123395000.0,0.0,4350000.0,7035000.0,0.05579790609137056,2685000.0,0.021296002538071065,1629000.0,5801000.0,0.046010469543147206,2468000.0,3247000.0,0.025753489847715735,0.03412936996783619,0.03341291238757744,95138000,97178000,,,1620590001,15:53:21,20210509
71,2003-03-31,CBZ,USD,2003-03-31,2003-03-31,Q1,146295000.0,118061000.0,28234000.0,0.19299360880412864,0.0,5249000.0,0.0,0.0,9546000.0,127607000.0,0.0,4297000.0,22985000.0,0.15711405037766157,18688000.0,0.1277418913838477,-538000.0,17827000.0,0.12185652277931576,7575000.0,10001000.0,0.06836187156088724,0.105177363887808,0.10314988242089194,95087000,96956000,,,1620590001,15:53:21,20210509
72,2002-12-31,CBZ,USD,2002-12-31,2002-12-31,Q4,120878000.0,110287000.0,10591000.0,0.08761726699647579,0.0,4808000.0,0.0,0.0,10140000.0,120427000.0,0.0,0.0,6466000.0,0.05349195056172339,451000.0,0.003731034596866262,-740000.0,-738000.0,-0.00610532934032661,-409000.0,-1730000.0,-0.01431195089263555,-0.01819386456613417,-0.01819386456613417,95087000,95087000,,,1620590001,15:53:21,20210509
73,2002-09-30,CBZ,USD,2002-11-14,2002-11-14,Q3,116090000.0,107857000.0,8233000.0,0.07091911448014472,0.0,4835000.0,0.0,0.0,10042000.0,117899000.0,0.0,0.0,5793000.0,0.0499009389266948,-1809000.0,-0.015582737531225773,-2158000.0,-4705000.0,-0.040528899991385994,-552000.0,-6108000.0,-0.05261435093461969,-0.06,-0.06,95109000,95109000,https://www.sec.gov/Archives/edgar/data/944148/000095015202008558/0000950152-02-008558-index.htm,https://www.sec.gov/Archives/edgar/data/944148/000095015202008558/l96792ae10vq.txt,1620590001,15:53:21,20210509
74,2002-06-30,CBZ,USD,2002-08-14,2002-08-14,Q2,127004000.0,113561000.0,13443000.0,0.10584705993512016,0.0,5159000.0,0.0,0.0,10389000.0,123950000.0,0.0,0.0,6955000.0,0.05476205473843344,3054000.0,0.024046486724827565,1243000.0,3730000.0,0.029369153727441654,1582000.0,1136000.0,0.008944600170073383,0.011957265407083837,0.01163994057072596,95005000,97595000,https://www.sec.gov/Archives/edgar/data/944148/000095015202006427/0000950152-02-006427-index.htm,https://www.sec.gov/Archives/edgar/data/944148/000095015202006427/l95222ae10vq.txt,1620590001,15:53:21,20210509
75,2002-03-31,CBZ,USD,2002-05-15,2002-05-15,Q1,144162000.0,117503000.0,26659000.0,0.18492390505126177,0.0,4870000.0,0.0,0.0,11234000.0,128737000.0,0.0,0.0,18984000.0,0.13168518749739877,15425000.0,0.10699768316199831,1666000.0,17412000.0,0.12078078827985184,7463000.0,9417000.0,0.0653223456944271,0.09925168634064081,0.09697050827910042,94880000,97112000,https://www.sec.gov/Archives/edgar/data/944148/000095015202004328/0000950152-02-004328-index.htm,https://www.sec.gov/Archives/edgar/data/944148/000095015202004328/l93966ae10-q.txt,1620590001,15:53:21,20210509
76,2001-12-31,CBZ,USD,2001-12-31,2001-12-31,Q4,113898000.0,110882000.0,3016000.0,0.026479832832885564,0.0,4723000.0,0.0,0.0,10561000.0,121443000.0,0.0,0.0,9229000.0,0.08102863966004671,-7545000.0,-0.06624348100932413,-4989000.0,-19456000.0,-0.1708195051712936,-1300000.0,-18156000.0,-0.15940578412263604,-0.1913575042158516,-0.1913575042158516,94880000,94880000,,,1620590001,15:53:21,20210509
77,2001-09-30,CBZ,USD,2001-09-30,2001-09-30,Q3,117931000.0,113647000.0,4284000.0,0.036326326411206554,0.0,5216000.0,0.0,0.0,15919000.0,129566000.0,0.0,0.0,-1853000.0,-0.015712577693736168,-11635000.0,-0.09865938557291976,687000.0,-12161000.0,-0.10311962079521075,-3006000.0,-9155000.0,-0.07763013965793557,-0.1,-0.1,94919000,94919000,,,1620590001,15:53:21,20210509
78,2001-06-30,CBZ,USD,2001-08-14 00:00:00,2001-08-14 00:00:00,Q2,132663000.0,113768000.0,18895000.0,0.14242855958330505,0.0,4708000.0,0.0,0.0,15711000.0,129479000.0,0.0,0.0,11018000.0,0.08305254667842578,3184000.0,0.02400066333491629,2224000.0,4505000.0,0.03395822497606718,2541000.0,1964000.0,0.014804429268145602,0.020694814705541447,0.02022677885457111,94903000,97099000,https://www.sec.gov/Archives/edgar/data/944148/000095015201503936/0000950152-01-503936-index.html,https://www.sec.gov/Archives/edgar/data/944148/000095015201503936/l89546ae10-q.txt,1620590001,15:53:21,20210509
79,2001-03-31,CBZ,USD,2001-03-31,2001-03-31,Q1,162375000.0,122258000.0,40117000.0,0.24706389530408007,0.0,5150000.0,0.0,0.0,12577000.0,134835000.0,0.0,0.0,38509000.0,0.23716089299461124,27540000.0,0.16960739030023095,-1197000.0,21449000.0,0.13209545804464973,12102000.0,9347000.0,0.05756428021555042,0.09857105193778012,0.09807871900609648,94825000,95301000,,,1620590001,15:53:21,20210509
80,2000-12-31,CBZ,USD,2001-04-02,2001-04-02,Q4,66117000.0,0.0,0.0,0.0,0.0,0.0,0.0,0.0,201395000.0,201395000.0,0.0,0.0,-135278000.0,-2.046039596472919,-135278000.0,-2.046039596472919,0.0,-138097000.0,-2.088676134730856,-20403000.0,-127113000.0,-1.9225463950269976,-1.3405009227524387,-1.3405009227524387,94825000,94825000,https://www.sec.gov/Archives/edgar/data/944148/000095015201002103/0000950152-01-002103-index.htm,https://www.sec.gov/Archives/edgar/data/944148/000095015201002103/l86831ae10-k405.txt,1620590001,15:53:21,20210509
81,2000-09-30,CBZ,USD,2000-11-16 00:00:00,2000-11-16 00:00:00,Q3,140100000.0,0.0,0.0,0.0,0.0,0.0,0.0,0.0,135879000.0,135879000.0,0.0,0.0,4221000.0,0.03012847965738758,4221000.0,0.03012847965738758,0.0,1119000.0,0.007987152034261242,2538000.0,-635000.0,-0.004532476802284083,-0.006780927972662716,-0.006730616354867772,93645000,94345000,https://www.sec.gov/Archives/edgar/data/944148/000095015200008076/0000950152-00-008076-index.html,https://www.sec.gov/Archives/edgar/data/944148/000095015200008076/l84580ae10-q.txt,1620590001,15:53:21,20210509
82,2000-06-30,CBZ,USD,2000-08-14 00:00:00,2000-08-14 00:00:00,Q2,149491000.0,0.0,0.0,0.0,0.0,0.0,0.0,0.0,141281000.0,141281000.0,0.0,0.0,8210000.0,0.05491969416219036,8210000.0,0.05491969416219036,0.0,4713000.0,0.03152698155741817,3240000.0,-5860000.0,-0.03919968426192881,-0.06283238977526162,-0.061724493880216565,93264000,94938000,https://www.sec.gov/Archives/edgar/data/944148/000095015200006089/0000950152-00-006089-index.html,https://www.sec.gov/Archives/edgar/data/944148/000095015200006089/e10-q.txt,1620590001,15:53:21,20210509
83,2000-03-31,CBZ,USD,2000-05-15 00:00:00,2000-05-15 00:00:00,Q1,173022000.0,0.0,0.0,0.0,0.0,0.0,0.0,0.0,148701000.0,148701000.0,0.0,0.0,24321000.0,0.14056593959149705,24321000.0,0.14056593959149705,0.0,21626000.0,0.12498988567927778,11246000.0,9297000.0,0.05373305128827548,0.1,0.1,92970000,92970000,https://www.sec.gov/Archives/edgar/data/944148/000095015200004195/0000950152-00-004195-index.html,https://www.sec.gov/Archives/edgar/data/944148/0000950152-00-004195.txt,1620590001,15:53:21,20210509
84,1999-12-31,CBZ,USD,1999-12-31,1999-12-31,Q4,137700000.0,0.0,0.0,0.0,0.0,0.0,0.0,0.0,173800000.0,173800000.0,0.0,0.0,-36100000.0,-0.262164124909223,-36100000.0,-0.262164124909223,0.0,-42400000.0,-0.307915758896151,-11100000.0,-34800000.0,-0.25272331154684097,-0.37431429493384966,-0.37431429493384966,92970000,92970000,,,1620590001,15:53:21,20210509
85,1999-09-30,CBZ,USD,1999-09-30,1999-09-30,Q3,138100000.0,0.0,0.0,0.0,0.0,0.0,0.0,0.0,117000000.0,117000000.0,0.0,0.0,21100000.0,0.15278783490224476,21100000.0,0.15278783490224476,0.0,20800000.0,0.15061549601737872,7700000.0,11700000.0,0.08472121650977553,0.13,0.12,90000000,97500000,,,1620590001,15:53:21,20210509
86,1999-06-30,CBZ,USD,1999-06-30,1999-06-30,Q2,121300000.0,0.0,0.0,0.0,0.0,0.0,0.0,0.0,99600000.0,99600000.0,0.0,0.0,22400000.0,0.18466611706512778,21700000.0,0.17889530090684255,-700000.0,20800000.0,0.17147568013190437,8200000.0,12800000.0,0.1055234954657873,0.15,0.15,85333333,85333333,,,1620590001,15:53:21,20210509
87,1999-03-31,CBZ,USD,1999-03-31,1999-03-31,Q1,125200000.0,0.0,0.0,0.0,0.0,0.0,0.0,0.0,99900000.0,99900000.0,0.0,0.0,26500000.0,0.21166134185303515,25300000.0,0.20207667731629392,-1200000.0,24100000.0,0.19249201277955272,9500000.0,15300000.0,0.12220447284345048,0.21,0.19,72857143,80526316,,,1620590001,15:53:21,20210509
88,1998-12-31,CBZ,USD,1999-12-30,1999-12-30,Q4,113700000.0,0.0,0.0,0.0,0.0,0.0,0.0,0.0,94500000.0,94500000.0,0.0,0.0,19200000.0,0.16886543535620052,19200000.0,0.16886543535620052,0.0,19200000.0,0.16886543535620052,6900000.0,12300000.0,0.10817941952506596,0.16882352908073817,0.16882352908073817,72857143,72857143,https://www.sec.gov/Archives/edgar/data/944148/0000950152-99-010040-index.html,https://www.sec.gov/Archives/edgar/data/944148/000095015299010040/,1620590001,15:53:21,20210509
89,1998-09-30,CBZ,USD,1998-09-30,1998-09-30,Q3,85000000.0,0.0,0.0,0.0,0.0,0.0,0.0,0.0,70100000.0,70100000.0,0.0,0.0,14900000.0,0.17529411764705882,14900000.0,0.17529411764705882,0.0,14800000.0,0.17411764705882352,5200000.0,9600000.0,0.11294117647058824,0.16,0.13,60000000,73846154,,,1620590001,15:53:21,20210509
90,1998-06-30,CBZ,USD,1998-06-30,1998-06-30,Q2,69900000.0,0.0,0.0,0.0,0.0,0.0,0.0,0.0,57500000.0,57500000.0,0.0,0.0,12400000.0,0.17739628040057226,12400000.0,0.17739628040057226,0.0,12500000.0,0.17882689556509299,4600000.0,7900000.0,0.11301859799713877,0.15,0.12,52666667,65833333,,,1620590001,15:53:21,20210509
91,1998-03-31,CBZ,USD,1998-03-31,1998-03-31,Q1,59500000.0,0.0,0.0,0.0,0.0,0.0,0.0,0.0,49600000.0,49600000.0,0.0,0.0,9900000.0,0.16638655462184873,9900000.0,0.16638655462184873,0.0,9900000.0,0.16638655462184873,3500000.0,6400000.0,0.10756302521008404,0.14,0.11,45714286,58181818,,,1620590001,15:53:21,20210509
92,1997-12-31,CBZ,USD,1997-12-31,1997-12-31,Q4,41700000.0,0.0,0.0,0.0,0.0,0.0,0.0,0.0,34900000.0,34900000.0,0.0,0.0,6800000.0,0.1630695443645084,6800000.0,0.1630695443645084,0.0,6900000.0,0.16546762589928057,1900000.0,4500000.0,0.1079136690647482,0.09843749938476563,0.09843749938476563,45714286,45714286,,,1620590001,15:53:21,20210509
93,1997-09-30,CBZ,USD,1997-09-30,1997-09-30,Q3,27800000.0,0.0,0.0,0.0,0.0,0.0,0.0,0.0,21700000.0,21700000.0,0.0,0.0,6100000.0,0.21942446043165467,6100000.0,0.21942446043165467,0.0,6100000.0,0.21942446043165467,2700000.0,3500000.0,0.12589928057553956,0.09,0.07,38888889,50000000,,,1620590001,15:53:21,20210509
94,1997-06-30,CBZ,USD,1997-06-30,1997-06-30,Q2,21100000.0,0.0,0.0,0.0,0.0,0.0,0.0,0.0,18100000.0,18100000.0,0.0,0.0,3000000.0,0.14218009478672985,3000000.0,0.14218009478672985,0.0,3000000.0,0.14218009478672985,800000.0,2000000.0,0.0947867298578199,0.06,0.04,33333333,33333333,,,1620590001,15:53:21,20210509
95,1997-03-31,CBZ,USD,1997-03-31,1997-03-31,Q1,16300000.0,0.0,0.0,0.0,0.0,0.0,0.0,0.0,13200000.0,13200000.0,0.0,0.0,3100000.0,0.1901840490797546,3100000.0,0.1901840490797546,0.0,3100000.0,0.1901840490797546,1000000.0,1600000.0,0.09815950920245399,0.05,0.03,32000000,32000000,,,1620590001,15:53:21,20210509
96,1996-12-31,CBZ,USD,1996-12-31,1996-12-31,Q4,11500000.0,0.0,0.0,0.0,0.0,0.0,0.0,0.0,21200000.0,4400000.0,0.0,0.0,7100000.0,0.6173913043478261,7100000.0,0.6173913043478261,0.0,6300000.0,0.5478260869565217,1700000.0,4600000.0,0.4,0.14375,0.14375,32000000,32000000,,,1620590001,15:53:21,20210509
97,1996-09-30,CBZ,USD,1996-09-30,1996-09-30,Q3,8500000.0,6100000.0,2400000.0,0.2823529411764706,0.0,2200000.0,0.0,0.0,2700000.0,8800000.0,0.0,500000.0,200000.0,0.023529411764705882,-300000.0,-0.03529411764705882,300000.0,0.0,0.0,0.0,0.0,0.0,0.06,0.03,10756000,10756000,,,1620590001,15:53:21,20210509
98,1996-06-30,CBZ,USD,1996-06-30,1996-06-30,Q2,7800000.0,5200000.0,2600000.0,0.3333333333333333,0.0,2300000.0,0.0,0.0,2900000.0,8100000.0,0.0,600000.0,300000.0,0.038461538461538464,-300000.0,-0.038461538461538464,300000.0,0.0,0.0,0.0,0.0,0.0,0.05,0.05,10753000,10753000,,,1620590001,15:53:21,20210509
99,1996-03-31,CBZ,USD,1996-03-31,1996-03-31,Q4,8000000.0,5500000.0,2500000.0,0.3125,0.0,2400000.0,0.0,0.0,2900000.0,8400000.0,0.0,500000.0,100000.0,0.0125,-400000.0,-0.05,100000.0,-500000.0,-0.0625,-200000.0,-300000.0,-0.0375,0.04,0.04,10078000,10078000,,,1620590001,15:53:21,20210509
100,1995-12-31,CBZ,USD,1995-12-31,1995-12-31,Q4,9200000.0,7100000.0,2100000.0,0.22826086956521738,0.0,0.0,0.0,0.0,3000000.0,10100000.0,0.0,500000.0,-400000.0,-0.043478260869565216,-900000.0,-0.09782608695652174,0.0,-900000.0,-0.09782608695652174,-300000.0,-600000.0,-0.06521739130434782,-0.05142856995918371,-0.05142856995918371,11666667,11666667,,,1620590001,15:53:21,20210509
101,1995-09-30,CBZ,USD,1995-09-30,1995-09-30,Q3,10200000.0,6100000.0,4100000.0,0.4019607843137255,0.0,2200000.0,0.0,0.0,3100000.0,9200000.0,0.0,600000.0,1600000.0,0.1568627450980392,1000000.0,0.09803921568627451,0.0,1100000.0,0.10784313725490197,400000.0,700000.0,0.06862745098039216,0.06,0.06,11666667,11666667,,,1620590001,15:53:21,20210509
102,1995-06-30,CBZ,USD,1995-06-30,1995-06-30,Q2,13000000.0,8800000.0,4200000.0,0.3230769230769231,0.0,2600000.0,0.0,0.0,3200000.0,12000000.0,0.0,600000.0,1600000.0,0.12307692307692308,1000000.0,0.07692307692307693,100000.0,1100000.0,0.08461538461538462,400000.0,700000.0,0.05384615384615385,0.07,0.07,10000000,10000000,,,1620590001,15:53:21,20210509
103,1995-03-31,CBZ,USD,1995-03-31,1995-03-31,Q4,12100000.0,8200000.0,3900000.0,0.32231404958677684,0.0,2600000.0,0.0,0.0,3200000.0,11400000.0,0.0,600000.0,1300000.0,0.10743801652892562,700000.0,0.05785123966942149,100000.0,800000.0,0.06611570247933884,300000.0,500000.0,0.04132231404958678,0.05,0.05,10000000,10000000,,,1620590001,15:53:21,20210509
104,1994-12-31,CBZ,USD,1994-12-31,1994-12-31,Q4,11500000.0,0.0,0.0,0.0,0.0,0.0,0.0,0.0,0.0,0.0,0.0,0.0,-32200000.0,-2.8,-32200000.0,-2.8,0.0,0.0,0.0,0.0,400000.0,0.034782608695652174,0.03428571330612248,0.03428571330612248,11666667,11666667,,,1620590001,15:53:21,20210509
105,1994-09-30,CBZ,USD,1994-09-30,1994-09-30,Q3,11700000.0,0.0,0.0,0.0,0.0,0.0,0.0,0.0,0.0,0.0,0.0,0.0,11700000.0,1.0,11700000.0,1.0,0.0,0.0,0.0,0.0,700000.0,0.05982905982905983,0.06,0.06,11666667,11666667,,,1620590001,15:53:21,20210509
106,1994-06-30,CBZ,USD,1994-06-30,1994-06-30,Q2,11700000.0,0.0,0.0,0.0,0.0,0.0,0.0,0.0,0.0,0.0,0.0,0.0,11700000.0,1.0,11700000.0,1.0,0.0,0.0,0.0,0.0,700000.0,0.05982905982905983,0.06,0.06,11666667,11666667,,,1620590001,15:53:21,20210509
107,1994-03-31,CBZ,USD,1994-03-31,1994-03-31,Q4,11700000.0,0.0,0.0,0.0,0.0,0.0,0.0,0.0,0.0,0.0,0.0,0.0,11700000.0,1.0,11700000.0,1.0,0.0,0.0,0.0,0.0,700000.0,0.05982905982905983,0.06,0.06,11666667,11666667,,,1620590001,15:53:21,20210509
