,date,symbol,reportedCurrency,fillingDate,acceptedDate,period,revenue,costOfRevenue,grossProfit,grossProfitRatio,researchAndDevelopmentExpenses,generalAndAdministrativeExpenses,sellingAndMarketingExpenses,otherExpenses,operatingExpenses,costAndExpenses,interestExpense,depreciationAndAmortization,ebitda,ebitdaratio,operatingIncome,operatingIncomeRatio,totalOtherIncomeExpensesNet,incomeBeforeTax,incomeBeforeTaxRatio,incomeTaxExpense,netIncome,netIncomeRatio,eps,epsdiluted,weightedAverageShsOut,weightedAverageShsOutDil,link,finalLink,timestamp,est_time,est_date
0,2020-09-30,AFN.L,GBP,2020-09-30,2020-09-30,Q3,1767250.0,81000.0,1686250.0,0.9541660772386477,0.0,1692250.0,0.0,0.0,0.0,1847250.0,7250.0,74000.0,-6000.0,-0.0033951053897298064,-80000.0,-0.045268071863064085,0.0,-87250.0,-0.04937049087565427,-31000.0,-56250.0,-0.03182911302871693,-0.0022,-0.0022,25703845.0,25703845.0,https://find-and-update.company-information.service.gov.uk/search/companies?q=ADVFN+PLC,https://find-and-update.company-information.service.gov.uk/search/companies?q=ADVFN+PLC,1620586285,14:51:25,20210509
1,2020-06-30,AFN.L,GBP,2020-06-30,2020-06-30,Q2,1767250.0,81000.0,1686250.0,0.9541660772386477,0.0,1692250.0,0.0,0.0,0.0,1847250.0,7250.0,74000.0,-6000.0,-0.0033951053897298064,-80000.0,-0.045268071863064085,0.0,-87250.0,-0.04937049087565427,-31000.0,-56250.0,-0.03182911302871693,-0.0022,-0.0022,25703845.0,25703845.0,https://find-and-update.company-information.service.gov.uk/search/companies?q=ADVFN+PLC,https://find-and-update.company-information.service.gov.uk/search/companies?q=ADVFN+PLC,1620586285,14:51:25,20210509
2,2020-03-31,AFN.L,GBP,2020-03-31,2020-03-31,Q1,1767250.0,81000.0,1686250.0,0.9541660772386477,0.0,1692250.0,0.0,0.0,0.0,1847250.0,7250.0,74000.0,-6000.0,-0.0033951053897298064,-80000.0,-0.045268071863064085,0.0,-87250.0,-0.04937049087565427,-31000.0,-56250.0,-0.03182911302871693,-0.0022,-0.0022,25703845.0,25703845.0,https://find-and-update.company-information.service.gov.uk/search/companies?q=ADVFN+PLC,https://find-and-update.company-information.service.gov.uk/search/companies?q=ADVFN+PLC,1620586285,14:51:25,20210509
3,2020-01-31,AFN.L,GBP,2020-01-31,2020-01-31,Q1,1767250.0,81000.0,1686250.0,0.9541660772386477,0.0,1692250.0,0.0,0.0,0.0,1847250.0,7250.0,74000.0,-6000.0,-0.0033951053897298064,-80000.0,-0.045268071863064085,0.0,-87250.0,-0.04937049087565427,-31000.0,-56250.0,-0.03182911302871693,-0.0022,-0.0022,25703845.0,25703845.0,https://find-and-update.company-information.service.gov.uk/search/companies?q=ADVFN+PLC,https://find-and-update.company-information.service.gov.uk/search/companies?q=ADVFN+PLC,1620586285,14:51:25,20210509
4,2019-06-30,AFN.L,GBP,2019-06-30,2019-06-30,Q2,2178500.0,105250.0,2073250.0,0.951686940555428,0.0,2136500.0,0.0,0.0,0.0,2297250.0,1750.0,55000.0,-63750.0,-0.029263254532935507,-118750.0,-0.05450998393389947,0.0,-108750.0,-0.04991966949736057,-6000.0,-102750.0,-0.04716548083543723,-0.004,-0.004,25657927.0,25657927.0,https://find-and-update.company-information.service.gov.uk/search/companies?q=ADVFN+PLC,https://find-and-update.company-information.service.gov.uk/search/companies?q=ADVFN+PLC,1620586285,14:51:25,20210509
5,2019-03-31,AFN.L,GBP,2019-03-31,2019-03-31,Q1,2178500.0,105250.0,2073250.0,0.951686940555428,0.0,2136500.0,0.0,0.0,0.0,2297250.0,1750.0,55000.0,-63750.0,-0.029263254532935507,-118750.0,-0.05450998393389947,0.0,-108750.0,-0.04991966949736057,-6000.0,-102750.0,-0.04716548083543723,-0.004,-0.004,25657927.0,25657927.0,https://find-and-update.company-information.service.gov.uk/search/companies?q=ADVFN+PLC,https://find-and-update.company-information.service.gov.uk/search/companies?q=ADVFN+PLC,1620586285,14:51:25,20210509
6,2019-01-31,AFN.L,GBP,2019-01-31,2019-01-31,Q1,2178500.0,105250.0,2073250.0,0.951686940555428,0.0,2136500.0,0.0,0.0,0.0,2297250.0,1750.0,55000.0,-63750.0,-0.029263254532935507,-118750.0,-0.05450998393389947,0.0,-108750.0,-0.04991966949736057,-6000.0,-102750.0,-0.04716548083543723,-0.004,-0.004,25657927.0,25657927.0,https://find-and-update.company-information.service.gov.uk/search/companies?q=ADVFN+PLC,https://find-and-update.company-information.service.gov.uk/search/companies?q=ADVFN+PLC,1620586285,14:51:25,20210509
7,2018-06-30,AFN.L,GBP,2018-06-30,2018-06-30,Q2,2300250.0,98000.0,2202250.0,0.9573959352244321,0.0,2050500.0,0.0,0.0,0.0,2204250.0,0.0,50500.0,146500.0,0.06368872948592544,96000.0,0.041734594065862406,0.0,110500.0,0.048038256711227044,12250.0,98250.0,0.04271274861428106,0.0038493416646277236,0.003834319166385841,25523845.0,25623845.0,https://find-and-update.company-information.service.gov.uk/search/companies?q=ADVFN+PLC,https://find-and-update.company-information.service.gov.uk/search/companies?q=ADVFN+PLC,1620586285,14:51:25,20210509
8,2018-03-31,AFN.L,GBP,2018-03-31,2018-03-31,Q1,2300250.0,98000.0,2202250.0,0.9573959352244321,0.0,2050500.0,0.0,0.0,0.0,2204250.0,0.0,50500.0,146500.0,0.06368872948592544,96000.0,0.041734594065862406,0.0,110500.0,0.048038256711227044,12250.0,98250.0,0.04271274861428106,0.0038493416646277236,0.003834319166385841,25523845.0,25623845.0,https://find-and-update.company-information.service.gov.uk/search/companies?q=ADVFN+PLC,https://find-and-update.company-information.service.gov.uk/search/companies?q=ADVFN+PLC,1620586285,14:51:25,20210509
9,2018-01-31,AFN.L,GBP,2018-01-31,2018-01-31,Q1,2300250.0,98000.0,2202250.0,0.9573959352244321,0.0,2050500.0,0.0,0.0,0.0,2204250.0,0.0,50500.0,146500.0,0.06368872948592544,96000.0,0.041734594065862406,0.0,110500.0,0.048038256711227044,12250.0,98250.0,0.04271274861428106,0.0038493416646277236,0.003834319166385841,25523845.0,25623845.0,https://find-and-update.company-information.service.gov.uk/search/companies?q=ADVFN+PLC,https://find-and-update.company-information.service.gov.uk/search/companies?q=ADVFN+PLC,1620586285,14:51:25,20210509
10,2017-06-30,AFN.L,GBP,2017-06-30,2017-06-30,Q2,2046500.0,50250.0,1996250.0,0.9754458832152455,0.0,1909000.0,0.0,0.0,0.0,2034750.0,0.0,75500.0,87250.0,0.04263376496457366,11750.0,0.005741509894942585,0.0,53500.0,0.026142193989738577,-7500.0,61000.0,0.02980698753970193,0.002375,0.002375,25612338.0,25612338.0,https://find-and-update.company-information.service.gov.uk/search/companies?q=ADVFN+PLC,https://find-and-update.company-information.service.gov.uk/search/companies?q=ADVFN+PLC,1620586285,14:51:25,20210509
11,2017-03-31,AFN.L,GBP,2017-03-31,2017-03-31,Q1,2046500.0,50250.0,1996250.0,0.9754458832152455,0.0,1909000.0,0.0,0.0,0.0,2034750.0,0.0,75500.0,87250.0,0.04263376496457366,11750.0,0.005741509894942585,0.0,53500.0,0.026142193989738577,-7500.0,61000.0,0.02980698753970193,0.002375,0.002375,25612338.0,25612338.0,https://find-and-update.company-information.service.gov.uk/search/companies?q=ADVFN+PLC,https://find-and-update.company-information.service.gov.uk/search/companies?q=ADVFN+PLC,1620586285,14:51:25,20210509
12,2017-01-31,AFN.L,GBP,2017-01-31,2017-01-31,Q1,2046500.0,50250.0,1996250.0,0.9754458832152455,0.0,1909000.0,0.0,0.0,0.0,2034750.0,0.0,75500.0,87250.0,0.04263376496457366,11750.0,0.005741509894942585,0.0,53500.0,0.026142193989738577,-7500.0,61000.0,0.02980698753970193,0.002375,0.002375,25612338.0,25612338.0,https://find-and-update.company-information.service.gov.uk/search/companies?q=ADVFN+PLC,https://find-and-update.company-information.service.gov.uk/search/companies?q=ADVFN+PLC,1620586285,14:51:25,20210509
13,2016-06-30,AFN.L,GBP,2016-06-30,2016-06-30,Q2,2075750.0,269250.0,1806500.0,0.8702878477658678,0.0,1794000.0,0.0,0.0,0.0,2238250.0,250.0,106250.0,-56250.0,-0.027098639046127904,-162500.0,-0.0782849572443695,0.0,-131000.0,-0.06310971937853788,-11500.0,-119500.0,-0.05756955317355173,-0.004725,-0.004725,25237597.0,25237597.0,https://find-and-update.company-information.service.gov.uk/search/companies?q=ADVFN+PLC,https://find-and-update.company-information.service.gov.uk/search/companies?q=ADVFN+PLC,1620586285,14:51:25,20210509
14,2016-03-31,AFN.L,GBP,2016-03-31,2016-03-31,Q1,2075750.0,269250.0,1806500.0,0.8702878477658678,0.0,1794000.0,0.0,0.0,0.0,2238250.0,250.0,106250.0,-56250.0,-0.027098639046127904,-162500.0,-0.0782849572443695,0.0,-131000.0,-0.06310971937853788,-11500.0,-119500.0,-0.05756955317355173,-0.004725,-0.004725,25237597.0,25237597.0,https://find-and-update.company-information.service.gov.uk/search/companies?q=ADVFN+PLC,https://find-and-update.company-information.service.gov.uk/search/companies?q=ADVFN+PLC,1620586285,14:51:25,20210509
15,2016-01-31,AFN.L,GBP,2016-01-31,2016-01-31,Q1,2075750.0,269250.0,1806500.0,0.8702878477658678,0.0,1794000.0,0.0,0.0,0.0,2238250.0,250.0,106250.0,-56250.0,-0.027098639046127904,-162500.0,-0.0782849572443695,0.0,-131000.0,-0.06310971937853788,-11500.0,-119500.0,-0.05756955317355173,-0.004725,-0.004725,25237597.0,25237597.0,https://find-and-update.company-information.service.gov.uk/search/companies?q=ADVFN+PLC,https://find-and-update.company-information.service.gov.uk/search/companies?q=ADVFN+PLC,1620586285,14:51:25,20210509
16,2015-09-30,AFN.L,GBP,2015-09-30,2015-09-30,Q3,2324250.0,407000.0,1917250.0,0.8248897493815209,0.0,2188750.0,0.0,0.0,0.0,2800500.0,0.0,157500.0,-318750.0,-0.13714101323007422,-476250.0,-0.20490480800258148,0.0,-447750.0,-0.19264278799612777,-57750.0,-390000.0,-0.16779606324620847,-0.015475,-0.015475,25220210.0,25220210.0,https://find-and-update.company-information.service.gov.uk/search/companies?q=ADVFN+PLC,https://find-and-update.company-information.service.gov.uk/search/companies?q=ADVFN+PLC,1620586285,14:51:25,20210509
17,2015-06-30,AFN.L,GBP,2015-06-30,2015-06-30,Q2,2324250.0,407000.0,1917250.0,0.8248897493815209,0.0,2188750.0,0.0,0.0,0.0,2800500.0,0.0,157500.0,-318750.0,-0.13714101323007422,-476250.0,-0.20490480800258148,0.0,-447750.0,-0.19264278799612777,-57750.0,-390000.0,-0.16779606324620847,-0.015475,-0.015475,25220210.0,25220210.0,https://find-and-update.company-information.service.gov.uk/search/companies?q=ADVFN+PLC,https://find-and-update.company-information.service.gov.uk/search/companies?q=ADVFN+PLC,1620586285,14:51:25,20210509
18,2015-03-31,AFN.L,GBP,2015-03-31,2015-03-31,Q1,2324250.0,407000.0,1917250.0,0.8248897493815209,0.0,2188750.0,0.0,0.0,0.0,2800500.0,0.0,157500.0,-318750.0,-0.13714101323007422,-476250.0,-0.20490480800258148,0.0,-447750.0,-0.19264278799612777,-57750.0,-390000.0,-0.16779606324620847,-0.015475,-0.015475,25220210.0,25220210.0,https://find-and-update.company-information.service.gov.uk/search/companies?q=ADVFN+PLC,https://find-and-update.company-information.service.gov.uk/search/companies?q=ADVFN+PLC,1620586285,14:51:25,20210509
19,2015-01-31,AFN.L,GBP,2015-01-31,2015-01-31,Q1,2324250.0,407000.0,1917250.0,0.8248897493815209,0.0,2188750.0,0.0,0.0,0.0,2800500.0,0.0,157500.0,-318750.0,-0.13714101323007422,-476250.0,-0.20490480800258148,0.0,-447750.0,-0.19264278799612777,-57750.0,-390000.0,-0.16779606324620847,-0.015475,-0.015475,25220210.0,25220210.0,https://find-and-update.company-information.service.gov.uk/search/companies?q=ADVFN+PLC,https://find-and-update.company-information.service.gov.uk/search/companies?q=ADVFN+PLC,1620586285,14:51:25,20210509
20,2014-09-30,AFN.L,GBP,2014-09-30,2014-09-30,Q3,2425500.0,291250.0,2134250.0,0.8799216656359513,0.0,2058000.0,0.0,0.0,0.0,2591250.0,0.0,228500.0,62750.0,0.025870954442383014,-165750.0,-0.06833642547928262,0.0,-138750.0,-0.05720470006184292,-25250.0,-113500.0,-0.046794475365903934,-0.004375,-0.004375,25219905.0,25219905.0,https://find-and-update.company-information.service.gov.uk/search/companies?q=ADVFN+PLC,https://find-and-update.company-information.service.gov.uk/search/companies?q=ADVFN+PLC,1620586285,14:51:25,20210509
21,2014-06-30,AFN.L,GBP,2014-06-30,2014-06-30,Q2,2425500.0,291250.0,2134250.0,0.8799216656359513,0.0,2058000.0,0.0,0.0,0.0,2591250.0,0.0,228500.0,62750.0,0.025870954442383014,-165750.0,-0.06833642547928262,0.0,-138750.0,-0.05720470006184292,-25250.0,-113500.0,-0.046794475365903934,-0.004375,-0.004375,25219905.0,25219905.0,https://find-and-update.company-information.service.gov.uk/search/companies?q=ADVFN+PLC,https://find-and-update.company-information.service.gov.uk/search/companies?q=ADVFN+PLC,1620586285,14:51:25,20210509
22,2014-03-31,AFN.L,GBP,2014-03-31,2014-03-31,Q1,2425500.0,291250.0,2134250.0,0.8799216656359513,0.0,2058000.0,0.0,0.0,0.0,2591250.0,0.0,228500.0,62750.0,0.025870954442383014,-165750.0,-0.06833642547928262,0.0,-138750.0,-0.05720470006184292,-25250.0,-113500.0,-0.046794475365903934,-0.004375,-0.004375,25219905.0,25219905.0,https://find-and-update.company-information.service.gov.uk/search/companies?q=ADVFN+PLC,https://find-and-update.company-information.service.gov.uk/search/companies?q=ADVFN+PLC,1620586285,14:51:25,20210509
23,2014-01-31,AFN.L,GBP,2014-01-31,2014-01-31,Q1,2425500.0,291250.0,2134250.0,0.8799216656359513,0.0,2058000.0,0.0,0.0,0.0,2591250.0,0.0,228500.0,62750.0,0.025870954442383014,-165750.0,-0.06833642547928262,0.0,-138750.0,-0.05720470006184292,-25250.0,-113500.0,-0.046794475365903934,-0.004375,-0.004375,25219905.0,25219905.0,https://find-and-update.company-information.service.gov.uk/search/companies?q=ADVFN+PLC,https://find-and-update.company-information.service.gov.uk/search/companies?q=ADVFN+PLC,1620586285,14:51:25,20210509
24,2013-09-30,AFN.L,GBP,2013-09-30,2013-09-30,Q3,2019250.0,84750.0,1934500.0,0.9580289711526557,0.0,1899750.0,0.0,0.0,0.0,2237000.0,0.0,229250.0,11500.0,0.005695183855391853,-217750.0,-0.10783706821839792,0.0,-194000.0,-0.09607527547356692,-60500.0,-134750.0,-0.06673269778383063,-0.005625,-0.005625,25163135.0,25163135.0,https://find-and-update.company-information.service.gov.uk/search/companies?q=ADVFN+PLC,https://find-and-update.company-information.service.gov.uk/search/companies?q=ADVFN+PLC,1620586285,14:51:25,20210509
25,2013-06-30,AFN.L,GBP,2013-06-30,2013-06-30,Q2,2019250.0,84750.0,1934500.0,0.9580289711526557,0.0,1899750.0,0.0,0.0,0.0,2237000.0,0.0,229250.0,11500.0,0.005695183855391853,-217750.0,-0.10783706821839792,0.0,-194000.0,-0.09607527547356692,-60500.0,-134750.0,-0.06673269778383063,-0.005625,-0.005625,25163135.0,25163135.0,https://find-and-update.company-information.service.gov.uk/search/companies?q=ADVFN+PLC,https://find-and-update.company-information.service.gov.uk/search/companies?q=ADVFN+PLC,1620586285,14:51:25,20210509
26,2013-03-31,AFN.L,GBP,2013-03-31,2013-03-31,Q1,2019250.0,84750.0,1934500.0,0.9580289711526557,0.0,1899750.0,0.0,0.0,0.0,2237000.0,0.0,229250.0,11500.0,0.005695183855391853,-217750.0,-0.10783706821839792,0.0,-194000.0,-0.09607527547356692,-60500.0,-134750.0,-0.06673269778383063,-0.005625,-0.005625,25163135.0,25163135.0,https://find-and-update.company-information.service.gov.uk/search/companies?q=ADVFN+PLC,https://find-and-update.company-information.service.gov.uk/search/companies?q=ADVFN+PLC,1620586285,14:51:25,20210509
27,2013-01-31,AFN.L,GBP,2013-01-31,2013-01-31,Q1,2019250.0,84750.0,1934500.0,0.9580289711526557,0.0,1899750.0,0.0,0.0,0.0,2237000.0,0.0,229250.0,11500.0,0.005695183855391853,-217750.0,-0.10783706821839792,0.0,-194000.0,-0.09607527547356692,-60500.0,-134750.0,-0.06673269778383063,-0.005625,-0.005625,25163135.0,25163135.0,https://find-and-update.company-information.service.gov.uk/search/companies?q=ADVFN+PLC,https://find-and-update.company-information.service.gov.uk/search/companies?q=ADVFN+PLC,1620586285,14:51:25,20210509
28,2012-09-30,AFN.L,GBP,2012-09-30,2012-09-30,Q3,2121250.0,79750.0,2041500.0,0.9624042427813789,0.0,2127000.0,0.0,0.0,0.0,2481000.0,0.0,250250.0,-109500.0,-0.0516205067766647,-359750.0,-0.16959340011785504,0.0,-359750.0,-0.16959340011785504,-40750.0,-419000.0,-0.19752504419563938,-0.016875,-0.016875,25020902.0,25020902.0,https://find-and-update.company-information.service.gov.uk/search/companies?q=ADVFN+PLC,https://find-and-update.company-information.service.gov.uk/search/companies?q=ADVFN+PLC,1620586285,14:51:25,20210509
29,2012-06-30,AFN.L,GBP,2012-06-30,2012-06-30,Q2,2121250.0,79750.0,2041500.0,0.9624042427813789,0.0,2127000.0,0.0,0.0,0.0,2481000.0,0.0,250250.0,-109500.0,-0.0516205067766647,-359750.0,-0.16959340011785504,0.0,-359750.0,-0.16959340011785504,-40750.0,-419000.0,-0.19752504419563938,-0.016875,-0.016875,25020902.0,25020902.0,https://find-and-update.company-information.service.gov.uk/search/companies?q=ADVFN+PLC,https://find-and-update.company-information.service.gov.uk/search/companies?q=ADVFN+PLC,1620586285,14:51:25,20210509
30,2012-03-31,AFN.L,GBP,2012-03-31,2012-03-31,Q1,2121250.0,79750.0,2041500.0,0.9624042427813789,0.0,2127000.0,0.0,0.0,0.0,2481000.0,0.0,250250.0,-109500.0,-0.0516205067766647,-359750.0,-0.16959340011785504,0.0,-359750.0,-0.16959340011785504,-40750.0,-419000.0,-0.19752504419563938,-0.016875,-0.016875,25020902.0,25020902.0,https://find-and-update.company-information.service.gov.uk/search/companies?q=ADVFN+PLC,https://find-and-update.company-information.service.gov.uk/search/companies?q=ADVFN+PLC,1620586285,14:51:25,20210509
31,2012-01-31,AFN.L,GBP,2012-01-31,2012-01-31,Q1,2121250.0,79750.0,2041500.0,0.9624042427813789,0.0,2127000.0,0.0,0.0,0.0,2481000.0,0.0,250250.0,-109500.0,-0.0516205067766647,-359750.0,-0.16959340011785504,0.0,-359750.0,-0.16959340011785504,-40750.0,-419000.0,-0.19752504419563938,-0.016875,-0.016875,25020902.0,25020902.0,https://find-and-update.company-information.service.gov.uk/search/companies?q=ADVFN+PLC,https://find-and-update.company-information.service.gov.uk/search/companies?q=ADVFN+PLC,1620586285,14:51:25,20210509
32,2011-09-30,AFN.L,GBP,2011-09-30,2011-09-30,Q3,2291750.0,134500.0,2157250.0,0.941311225046362,124750.0,2060250.0,0.0,0.0,1903500.0,2490000.0,1250.0,283250.0,85000.0,0.037089560379622556,-198250.0,-0.08650594523835498,0.0,-195750.0,-0.08541507581542489,19750.0,-215500.0,-0.09403294425657249,-0.00875,-0.00875,24968306.0,24968306.0,https://find-and-update.company-information.service.gov.uk/search/companies?q=ADVFN+PLC,https://find-and-update.company-information.service.gov.uk/search/companies?q=ADVFN+PLC,1620586285,14:51:25,20210509
33,2011-06-30,AFN.L,GBP,2011-06-30,2011-06-30,Q2,2291750.0,134500.0,2157250.0,0.941311225046362,124750.0,2060250.0,0.0,0.0,1903500.0,2490000.0,1250.0,283250.0,85000.0,0.037089560379622556,-198250.0,-0.08650594523835498,0.0,-195750.0,-0.08541507581542489,19750.0,-215500.0,-0.09403294425657249,-0.00875,-0.00875,24968306.0,24968306.0,https://find-and-update.company-information.service.gov.uk/search/companies?q=ADVFN+PLC,https://find-and-update.company-information.service.gov.uk/search/companies?q=ADVFN+PLC,1620586285,14:51:25,20210509
34,2011-03-31,AFN.L,GBP,2011-03-31,2011-03-31,Q1,2291750.0,134500.0,2157250.0,0.941311225046362,124750.0,2060250.0,0.0,0.0,1903500.0,2490000.0,1250.0,283250.0,85000.0,0.037089560379622556,-198250.0,-0.08650594523835498,0.0,-195750.0,-0.08541507581542489,19750.0,-215500.0,-0.09403294425657249,-0.00875,-0.00875,24968306.0,24968306.0,https://find-and-update.company-information.service.gov.uk/search/companies?q=ADVFN+PLC,https://find-and-update.company-information.service.gov.uk/search/companies?q=ADVFN+PLC,1620586285,14:51:25,20210509
35,2011-01-31,AFN.L,GBP,2011-01-31,2011-01-31,Q1,2291750.0,134500.0,2157250.0,0.941311225046362,124750.0,2060250.0,0.0,0.0,1903500.0,2490000.0,1250.0,283250.0,85000.0,0.037089560379622556,-198250.0,-0.08650594523835498,0.0,-195750.0,-0.08541507581542489,19750.0,-215500.0,-0.09403294425657249,-0.00875,-0.00875,24968306.0,24968306.0,https://find-and-update.company-information.service.gov.uk/search/companies?q=ADVFN+PLC,https://find-and-update.company-information.service.gov.uk/search/companies?q=ADVFN+PLC,1620586285,14:51:25,20210509
36,2010-09-30,AFN.L,GBP,2010-09-30,2010-09-30,Q3,2147750.0,101000.0,2046750.0,0.9529740426027238,143750.0,1740750.0,0.0,9000.0,1479750.0,2080750.0,2000.0,306000.0,373000.0,0.17367011989291117,67000.0,0.03119543708532185,0.0,-46250.0,-0.021534163659643814,-82750.0,36500.0,0.016994529158421603,0.0014664100890942559,0.0014498663044516654,24890718.0,25174735.0,https://find-and-update.company-information.service.gov.uk/search/companies?q=ADVFN+PLC,https://find-and-update.company-information.service.gov.uk/search/companies?q=ADVFN+PLC,1620586285,14:51:25,20210509
37,2010-06-30,AFN.L,GBP,2010-06-30,2010-06-30,Q2,2147750.0,101000.0,2046750.0,0.9529740426027238,143750.0,1740750.0,0.0,9000.0,1479750.0,2080750.0,2000.0,306000.0,373000.0,0.17367011989291117,67000.0,0.03119543708532185,0.0,-46250.0,-0.021534163659643814,-82750.0,36500.0,0.016994529158421603,0.0014664100890942559,0.0014498663044516654,24890718.0,25174735.0,https://find-and-update.company-information.service.gov.uk/search/companies?q=ADVFN+PLC,https://find-and-update.company-information.service.gov.uk/search/companies?q=ADVFN+PLC,1620586285,14:51:25,20210509
38,2010-03-31,AFN.L,GBP,2010-03-31,2010-03-31,Q1,2147750.0,101000.0,2046750.0,0.9529740426027238,143750.0,1740750.0,0.0,9000.0,1479750.0,2080750.0,2000.0,306000.0,373000.0,0.17367011989291117,67000.0,0.03119543708532185,0.0,-46250.0,-0.021534163659643814,-82750.0,36500.0,0.016994529158421603,0.0014664100890942559,0.0014498663044516654,24890718.0,25174735.0,https://find-and-update.company-information.service.gov.uk/search/companies?q=ADVFN+PLC,https://find-and-update.company-information.service.gov.uk/search/companies?q=ADVFN+PLC,1620586285,14:51:25,20210509
39,2010-01-31,AFN.L,GBP,2010-01-31,2010-01-31,Q1,2147750.0,101000.0,2046750.0,0.9529740426027238,143750.0,1740750.0,0.0,9000.0,1479750.0,2080750.0,2000.0,306000.0,373000.0,0.17367011989291117,67000.0,0.03119543708532185,0.0,-46250.0,-0.021534163659643814,-82750.0,36500.0,0.016994529158421603,0.0014664100890942559,0.0014498663044516654,24890718.0,25174735.0,https://find-and-update.company-information.service.gov.uk/search/companies?q=ADVFN+PLC,https://find-and-update.company-information.service.gov.uk/search/companies?q=ADVFN+PLC,1620586285,14:51:25,20210509
40,2009-09-30,AFN.L,GBP,2009-09-30,2009-09-30,Q3,1758500.0,114000.0,1644500.0,0.9351720216093261,195750.0,1527750.0,0.0,141000.0,1256000.0,1882000.0,2750.0,267500.0,144000.0,0.0818879727040091,-123500.0,-0.07023030992323002,0.0,-177500.0,-0.10093829968723343,-43750.0,-133750.0,-0.07605914131361956,-0.005625,-0.005625,24217200.0,24217200.0,https://find-and-update.company-information.service.gov.uk/search/companies?q=ADVFN+PLC,https://find-and-update.company-information.service.gov.uk/search/companies?q=ADVFN+PLC,1620586285,14:51:25,20210509
41,2009-06-30,AFN.L,GBP,2009-06-30,2009-06-30,Q2,1758500.0,114000.0,1644500.0,0.9351720216093261,195750.0,1527750.0,0.0,141000.0,1256000.0,1882000.0,2750.0,267500.0,144000.0,0.0818879727040091,-123500.0,-0.07023030992323002,0.0,-177500.0,-0.10093829968723343,-43750.0,-133750.0,-0.07605914131361956,-0.005625,-0.005625,24217200.0,24217200.0,https://find-and-update.company-information.service.gov.uk/search/companies?q=ADVFN+PLC,https://find-and-update.company-information.service.gov.uk/search/companies?q=ADVFN+PLC,1620586285,14:51:25,20210509
42,2009-03-31,AFN.L,GBP,2009-03-31,2009-03-31,Q1,1758500.0,114000.0,1644500.0,0.9351720216093261,195750.0,1527750.0,0.0,141000.0,1256000.0,1882000.0,2750.0,267500.0,144000.0,0.0818879727040091,-123500.0,-0.07023030992323002,0.0,-177500.0,-0.10093829968723343,-43750.0,-133750.0,-0.07605914131361956,-0.005625,-0.005625,24217200.0,24217200.0,https://find-and-update.company-information.service.gov.uk/search/companies?q=ADVFN+PLC,https://find-and-update.company-information.service.gov.uk/search/companies?q=ADVFN+PLC,1620586285,14:51:25,20210509
43,2009-01-31,AFN.L,GBP,2009-01-31,2009-01-31,Q1,1758500.0,114000.0,1644500.0,0.9351720216093261,195750.0,1527750.0,0.0,141000.0,1256000.0,1882000.0,2750.0,267500.0,144000.0,0.0818879727040091,-123500.0,-0.07023030992323002,0.0,-177500.0,-0.10093829968723343,-43750.0,-133750.0,-0.07605914131361956,-0.005625,-0.005625,24217200.0,24217200.0,https://find-and-update.company-information.service.gov.uk/search/companies?q=ADVFN+PLC,https://find-and-update.company-information.service.gov.uk/search/companies?q=ADVFN+PLC,1620586285,14:51:25,20210509
44,2008-09-30,AFN.L,GBP,2008-09-30,2008-09-30,Q3,1732750.0,160000.0,1572750.0,0.9076612321454336,203750.0,1605500.0,0.0,110500.0,1321000.0,2055250.0,4250.0,315000.0,-7500.0,-0.004328379743182802,-322500.0,-0.18612032895686048,0.0,-372250.0,-0.21483191458663972,-193750.0,-220500.0,-0.1272543644495744,-0.009375,-0.009375,23658720.0,23658720.0,https://find-and-update.company-information.service.gov.uk/search/companies?q=ADVFN+PLC,https://find-and-update.company-information.service.gov.uk/search/companies?q=ADVFN+PLC,1620586285,14:51:25,20210509
45,2008-06-30,AFN.L,GBP,2008-06-30,2008-06-30,Q2,1732750.0,160000.0,1572750.0,0.9076612321454336,203750.0,1605500.0,0.0,110500.0,1321000.0,2055250.0,4250.0,315000.0,-7500.0,-0.004328379743182802,-322500.0,-0.18612032895686048,0.0,-372250.0,-0.21483191458663972,-193750.0,-220500.0,-0.1272543644495744,-0.009375,-0.009375,23658720.0,23658720.0,https://find-and-update.company-information.service.gov.uk/search/companies?q=ADVFN+PLC,https://find-and-update.company-information.service.gov.uk/search/companies?q=ADVFN+PLC,1620586285,14:51:25,20210509
46,2008-03-31,AFN.L,GBP,2008-03-31,2008-03-31,Q1,1732750.0,160000.0,1572750.0,0.9076612321454336,203750.0,1605500.0,0.0,110500.0,1321000.0,2055250.0,4250.0,315000.0,-7500.0,-0.004328379743182802,-322500.0,-0.18612032895686048,0.0,-372250.0,-0.21483191458663972,-193750.0,-220500.0,-0.1272543644495744,-0.009375,-0.009375,23658720.0,23658720.0,https://find-and-update.company-information.service.gov.uk/search/companies?q=ADVFN+PLC,https://find-and-update.company-information.service.gov.uk/search/companies?q=ADVFN+PLC,1620586285,14:51:25,20210509
47,2008-01-31,AFN.L,GBP,2008-01-31,2008-01-31,Q1,1732750.0,160000.0,1572750.0,0.9076612321454336,203750.0,1605500.0,0.0,110500.0,1321000.0,2055250.0,4250.0,315000.0,-7500.0,-0.004328379743182802,-322500.0,-0.18612032895686048,0.0,-372250.0,-0.21483191458663972,-193750.0,-220500.0,-0.1272543644495744,-0.009375,-0.009375,23658720.0,23658720.0,https://find-and-update.company-information.service.gov.uk/search/companies?q=ADVFN+PLC,https://find-and-update.company-information.service.gov.uk/search/companies?q=ADVFN+PLC,1620586285,14:51:25,20210509
48,2007-09-30,AFN.L,GBP,2007-09-30,2007-09-30,Q3,1505500.0,128250.0,1377250.0,0.9148123546994354,0.0,1356750.0,0.0,209000.0,1288250.0,1754250.0,3750.0,276500.0,27750.0,0.018432414480239124,-248750.0,-0.16522749916971105,0.0,-350750.0,-0.2329790767186981,-83750.0,-345500.0,-0.2294918631683826,-0.015,-0.015,22613240.0,22613240.0,https://find-and-update.company-information.service.gov.uk/search/companies?q=ADVFN+PLC,https://find-and-update.company-information.service.gov.uk/search/companies?q=ADVFN+PLC,1620586285,14:51:25,20210509
49,2007-06-30,AFN.L,GBP,2007-06-30,2007-06-30,Q2,1505500.0,128250.0,1377250.0,0.9148123546994354,0.0,1356750.0,0.0,209000.0,1288250.0,1754250.0,3750.0,276500.0,27750.0,0.018432414480239124,-248750.0,-0.16522749916971105,0.0,-350750.0,-0.2329790767186981,-83750.0,-345500.0,-0.2294918631683826,-0.015,-0.015,22613240.0,22613240.0,https://find-and-update.company-information.service.gov.uk/search/companies?q=ADVFN+PLC,https://find-and-update.company-information.service.gov.uk/search/companies?q=ADVFN+PLC,1620586285,14:51:25,20210509
50,2007-03-31,AFN.L,GBP,2007-03-31,2007-03-31,Q1,1505500.0,128250.0,1377250.0,0.9148123546994354,0.0,1356750.0,0.0,209000.0,1288250.0,1754250.0,3750.0,276500.0,27750.0,0.018432414480239124,-248750.0,-0.16522749916971105,0.0,-350750.0,-0.2329790767186981,-83750.0,-345500.0,-0.2294918631683826,-0.015,-0.015,22613240.0,22613240.0,https://find-and-update.company-information.service.gov.uk/search/companies?q=ADVFN+PLC,https://find-and-update.company-information.service.gov.uk/search/companies?q=ADVFN+PLC,1620586285,14:51:25,20210509
51,2007-01-31,AFN.L,GBP,2007-01-31,2007-01-31,Q1,1505500.0,128250.0,1377250.0,0.9148123546994354,0.0,1356750.0,0.0,209000.0,1288250.0,1754250.0,3750.0,276500.0,27750.0,0.018432414480239124,-248750.0,-0.16522749916971105,0.0,-350750.0,-0.2329790767186981,-83750.0,-345500.0,-0.2294918631683826,-0.015,-0.015,22613240.0,22613240.0,https://find-and-update.company-information.service.gov.uk/search/companies?q=ADVFN+PLC,https://find-and-update.company-information.service.gov.uk/search/companies?q=ADVFN+PLC,1620586285,14:51:25,20210509
52,2006-09-30,AFN.L,GBP,2006-09-30,2006-09-30,Q3,1115750.0,134250.0,981500.0,0.8796773470759579,0.0,1263000.0,0.0,283500.0,1019000.0,1426000.0,1250.0,234500.0,-75750.0,-0.06789155276719695,-310250.0,-0.27806408245574726,0.0,-269750.0,-0.2417656285010083,-14500.0,-255250.0,-0.2287698857270894,-0.01375,-0.01375,18766600.0,18766600.0,https://find-and-update.company-information.service.gov.uk/search/companies?q=ADVFN+PLC,https://find-and-update.company-information.service.gov.uk/search/companies?q=ADVFN+PLC,1620586285,14:51:25,20210509
53,2006-06-30,AFN.L,GBP,2006-06-30,2006-06-30,Q2,1115750.0,134250.0,981500.0,0.8796773470759579,0.0,1263000.0,0.0,283500.0,1019000.0,1426000.0,1250.0,234500.0,-75750.0,-0.06789155276719695,-310250.0,-0.27806408245574726,0.0,-269750.0,-0.2417656285010083,-14500.0,-255250.0,-0.2287698857270894,-0.01375,-0.01375,18766600.0,18766600.0,https://find-and-update.company-information.service.gov.uk/search/companies?q=ADVFN+PLC,https://find-and-update.company-information.service.gov.uk/search/companies?q=ADVFN+PLC,1620586285,14:51:25,20210509
54,2006-03-31,AFN.L,GBP,2006-03-31,2006-03-31,Q1,1115750.0,134250.0,981500.0,0.8796773470759579,0.0,1263000.0,0.0,283500.0,1019000.0,1426000.0,1250.0,234500.0,-75750.0,-0.06789155276719695,-310250.0,-0.27806408245574726,0.0,-269750.0,-0.2417656285010083,-14500.0,-255250.0,-0.2287698857270894,-0.01375,-0.01375,18766600.0,18766600.0,https://find-and-update.company-information.service.gov.uk/search/companies?q=ADVFN+PLC,https://find-and-update.company-information.service.gov.uk/search/companies?q=ADVFN+PLC,1620586285,14:51:25,20210509
55,2006-01-31,AFN.L,GBP,2006-01-31,2006-01-31,Q1,1115750.0,134250.0,981500.0,0.8796773470759579,0.0,1263000.0,0.0,283500.0,1019000.0,1426000.0,1250.0,234500.0,-75750.0,-0.06789155276719695,-310250.0,-0.27806408245574726,0.0,-269750.0,-0.2417656285010083,-14500.0,-255250.0,-0.2287698857270894,-0.01375,-0.01375,18766600.0,18766600.0,https://find-and-update.company-information.service.gov.uk/search/companies?q=ADVFN+PLC,https://find-and-update.company-information.service.gov.uk/search/companies?q=ADVFN+PLC,1620586285,14:51:25,20210509
56,2005-09-30,AFN.L,GBP,2005-09-30,2005-09-30,Q3,825750.0,45500.0,780250.0,0.9448985770511656,0.0,813000.0,0.0,36000.0,1106250.0,1409000.0,4750.0,220250.0,-363000.0,-0.4396003633060854,-583250.0,-0.7063275809869816,0.0,250250.0,0.3030578262185892,-2750.0,253000.0,0.306388132001211,0.014375,0.01375,17597280.0,18612560.0,https://find-and-update.company-information.service.gov.uk/search/companies?q=ADVFN+PLC,https://find-and-update.company-information.service.gov.uk/search/companies?q=ADVFN+PLC,1620586285,14:51:25,20210509
57,2005-06-30,AFN.L,GBP,2005-06-30,2005-06-30,Q2,825750.0,45500.0,780250.0,0.9448985770511656,0.0,813000.0,0.0,36000.0,1106250.0,1409000.0,4750.0,220250.0,-363000.0,-0.4396003633060854,-583250.0,-0.7063275809869816,0.0,250250.0,0.3030578262185892,-2750.0,253000.0,0.306388132001211,0.014375,0.01375,17597280.0,18612560.0,https://find-and-update.company-information.service.gov.uk/search/companies?q=ADVFN+PLC,https://find-and-update.company-information.service.gov.uk/search/companies?q=ADVFN+PLC,1620586285,14:51:25,20210509
58,2005-03-31,AFN.L,GBP,2005-03-31,2005-03-31,Q1,825750.0,45500.0,780250.0,0.9448985770511656,0.0,813000.0,0.0,36000.0,1106250.0,1409000.0,4750.0,220250.0,-363000.0,-0.4396003633060854,-583250.0,-0.7063275809869816,0.0,250250.0,0.3030578262185892,-2750.0,253000.0,0.306388132001211,0.014375,0.01375,17597280.0,18612560.0,https://find-and-update.company-information.service.gov.uk/search/companies?q=ADVFN+PLC,https://find-and-update.company-information.service.gov.uk/search/companies?q=ADVFN+PLC,1620586285,14:51:25,20210509
59,2005-01-31,AFN.L,GBP,2005-01-31,2005-01-31,Q1,825750.0,45500.0,780250.0,0.9448985770511656,0.0,813000.0,0.0,36000.0,1106250.0,1409000.0,4750.0,220250.0,-363000.0,-0.4396003633060854,-583250.0,-0.7063275809869816,0.0,250250.0,0.3030578262185892,-2750.0,253000.0,0.306388132001211,0.014375,0.01375,17597280.0,18612560.0,https://find-and-update.company-information.service.gov.uk/search/companies?q=ADVFN+PLC,https://find-and-update.company-information.service.gov.uk/search/companies?q=ADVFN+PLC,1620586285,14:51:25,20210509
60,2004-09-30,AFN.L,GBP,2004-09-30,2004-09-30,Q3,737750.0,32000.0,705750.0,0.9566248729244324,0.0,786000.0,0.0,-27000.0,552000.0,830000.0,250.0,208250.0,116000.0,0.15723483564893256,-92250.0,-0.12504235852253473,0.0,-65250.0,-0.08844459505252457,-1750.0,-63500.0,-0.08607251779057946,-0.00375,-0.00375,16252160.0,16252160.0,https://find-and-update.company-information.service.gov.uk/search/companies?q=ADVFN+PLC,https://find-and-update.company-information.service.gov.uk/search/companies?q=ADVFN+PLC,1620586285,14:51:25,20210509
61,2004-06-30,AFN.L,GBP,2004-06-30,2004-06-30,Q2,737750.0,32000.0,705750.0,0.9566248729244324,0.0,786000.0,0.0,-27000.0,552000.0,830000.0,250.0,208250.0,116000.0,0.15723483564893256,-92250.0,-0.12504235852253473,0.0,-65250.0,-0.08844459505252457,-1750.0,-63500.0,-0.08607251779057946,-0.00375,-0.00375,16252160.0,16252160.0,https://find-and-update.company-information.service.gov.uk/search/companies?q=ADVFN+PLC,https://find-and-update.company-information.service.gov.uk/search/companies?q=ADVFN+PLC,1620586285,14:51:25,20210509
62,2004-03-31,AFN.L,GBP,2004-03-31,2004-03-31,Q1,737750.0,32000.0,705750.0,0.9566248729244324,0.0,786000.0,0.0,-27000.0,552000.0,830000.0,250.0,208250.0,116000.0,0.15723483564893256,-92250.0,-0.12504235852253473,0.0,-65250.0,-0.08844459505252457,-1750.0,-63500.0,-0.08607251779057946,-0.00375,-0.00375,16252160.0,16252160.0,https://find-and-update.company-information.service.gov.uk/search/companies?q=ADVFN+PLC,https://find-and-update.company-information.service.gov.uk/search/companies?q=ADVFN+PLC,1620586285,14:51:25,20210509
63,2004-01-31,AFN.L,GBP,2004-01-31,2004-01-31,Q1,737750.0,32000.0,705750.0,0.9566248729244324,0.0,786000.0,0.0,-27000.0,552000.0,830000.0,250.0,208250.0,116000.0,0.15723483564893256,-92250.0,-0.12504235852253473,0.0,-65250.0,-0.08844459505252457,-1750.0,-63500.0,-0.08607251779057946,-0.00375,-0.00375,16252160.0,16252160.0,https://find-and-update.company-information.service.gov.uk/search/companies?q=ADVFN+PLC,https://find-and-update.company-information.service.gov.uk/search/companies?q=ADVFN+PLC,1620586285,14:51:25,20210509
64,2003-09-30,AFN.L,GBP,2003-09-30,2003-09-30,Q3,566000.0,18500.0,547500.0,0.9673144876325088,0.0,818250.0,0.0,-750.0,340500.0,697000.0,1250.0,301000.0,170000.0,0.3003533568904594,-131000.0,-0.2314487632508834,0.0,-304500.0,-0.5379858657243817,-76000.0,-228500.0,-0.4037102473498233,-0.01625,-0.01625,14061520.0,14061520.0,https://find-and-update.company-information.service.gov.uk/search/companies?q=ADVFN+PLC,https://find-and-update.company-information.service.gov.uk/search/companies?q=ADVFN+PLC,1620586285,14:51:25,20210509
65,2003-06-30,AFN.L,GBP,2003-06-30,2003-06-30,Q2,566000.0,18500.0,547500.0,0.9673144876325088,0.0,818250.0,0.0,-750.0,340500.0,697000.0,1250.0,301000.0,170000.0,0.3003533568904594,-131000.0,-0.2314487632508834,0.0,-304500.0,-0.5379858657243817,-76000.0,-228500.0,-0.4037102473498233,-0.01625,-0.01625,14061520.0,14061520.0,https://find-and-update.company-information.service.gov.uk/search/companies?q=ADVFN+PLC,https://find-and-update.company-information.service.gov.uk/search/companies?q=ADVFN+PLC,1620586285,14:51:25,20210509
66,2003-03-31,AFN.L,GBP,2003-03-31,2003-03-31,Q1,566000.0,18500.0,547500.0,0.9673144876325088,0.0,818250.0,0.0,-750.0,340500.0,697000.0,1250.0,301000.0,170000.0,0.3003533568904594,-131000.0,-0.2314487632508834,0.0,-304500.0,-0.5379858657243817,-76000.0,-228500.0,-0.4037102473498233,-0.01625,-0.01625,14061520.0,14061520.0,https://find-and-update.company-information.service.gov.uk/search/companies?q=ADVFN+PLC,https://find-and-update.company-information.service.gov.uk/search/companies?q=ADVFN+PLC,1620586285,14:51:25,20210509
67,2003-01-31,AFN.L,GBP,2003-01-31,2003-01-31,Q1,566000.0,18500.0,547500.0,0.9673144876325088,0.0,818250.0,0.0,-750.0,340500.0,697000.0,1250.0,301000.0,170000.0,0.3003533568904594,-131000.0,-0.2314487632508834,0.0,-304500.0,-0.5379858657243817,-76000.0,-228500.0,-0.4037102473498233,-0.01625,-0.01625,14061520.0,14061520.0,https://find-and-update.company-information.service.gov.uk/search/companies?q=ADVFN+PLC,https://find-and-update.company-information.service.gov.uk/search/companies?q=ADVFN+PLC,1620586285,14:51:25,20210509
68,2002-09-30,AFN.L,GBP,2002-09-30,2002-09-30,Q3,410000.0,14250.0,395750.0,0.9652439024390244,0.0,1014750.0,0.0,750.0,436000.0,669250.0,1000.0,173000.0,-86250.0,-0.21036585365853658,-259250.0,-0.6323170731707317,0.0,-619750.0,-1.5115853658536584,0.0,-619750.0,-1.5115853658536584,-0.051875,-0.051875,11900880.0,11900880.0,https://find-and-update.company-information.service.gov.uk/search/companies?q=ADVFN+PLC,https://find-and-update.company-information.service.gov.uk/search/companies?q=ADVFN+PLC,1620586285,14:51:25,20210509
69,2002-06-30,AFN.L,GBP,2002-06-30,2002-06-30,Q2,410000.0,14250.0,395750.0,0.9652439024390244,0.0,1014750.0,0.0,750.0,436000.0,669250.0,1000.0,173000.0,-86250.0,-0.21036585365853658,-259250.0,-0.6323170731707317,0.0,-619750.0,-1.5115853658536584,0.0,-619750.0,-1.5115853658536584,-0.051875,-0.051875,11900880.0,11900880.0,https://find-and-update.company-information.service.gov.uk/search/companies?q=ADVFN+PLC,https://find-and-update.company-information.service.gov.uk/search/companies?q=ADVFN+PLC,1620586285,14:51:25,20210509
70,2002-03-31,AFN.L,GBP,2002-03-31,2002-03-31,Q1,410000.0,14250.0,395750.0,0.9652439024390244,0.0,1014750.0,0.0,750.0,436000.0,669250.0,1000.0,173000.0,-86250.0,-0.21036585365853658,-259250.0,-0.6323170731707317,0.0,-619750.0,-1.5115853658536584,0.0,-619750.0,-1.5115853658536584,-0.051875,-0.051875,11900880.0,11900880.0,https://find-and-update.company-information.service.gov.uk/search/companies?q=ADVFN+PLC,https://find-and-update.company-information.service.gov.uk/search/companies?q=ADVFN+PLC,1620586285,14:51:25,20210509
71,2002-01-31,AFN.L,GBP,2002-01-31,2002-01-31,Q1,410000.0,14250.0,395750.0,0.9652439024390244,0.0,1014750.0,0.0,750.0,436000.0,669250.0,1000.0,173000.0,-86250.0,-0.21036585365853658,-259250.0,-0.6323170731707317,0.0,-619750.0,-1.5115853658536584,0.0,-619750.0,-1.5115853658536584,-0.051875,-0.051875,11900880.0,11900880.0,https://find-and-update.company-information.service.gov.uk/search/companies?q=ADVFN+PLC,https://find-and-update.company-information.service.gov.uk/search/companies?q=ADVFN+PLC,1620586285,14:51:25,20210509
72,2001-09-30,AFN.L,GBP,2001-09-30,2001-09-30,Q3,199000.0,2500.0,196500.0,0.9874371859296482,0.0,0.0,0.0,0.0,483500.0,602000.0,250.0,71000.0,-332000.0,-1.6683417085427135,-403000.0,-2.0251256281407035,0.0,-398250.0,-2.001256281407035,-500.0,-397750.0,-1.9987437185929648,-0.0375,-0.0375,10020160.0,10020160.0,https://find-and-update.company-information.service.gov.uk/search/companies?q=ADVFN+PLC,https://find-and-update.company-information.service.gov.uk/search/companies?q=ADVFN+PLC,1620586285,14:51:25,20210509
73,2001-06-30,AFN.L,GBP,2001-06-30,2001-06-30,Q2,199000.0,2500.0,196500.0,0.9874371859296482,0.0,0.0,0.0,0.0,483500.0,602000.0,250.0,71000.0,-332000.0,-1.6683417085427135,-403000.0,-2.0251256281407035,0.0,-398250.0,-2.001256281407035,-500.0,-397750.0,-1.9987437185929648,-0.0375,-0.0375,10020160.0,10020160.0,https://find-and-update.company-information.service.gov.uk/search/companies?q=ADVFN+PLC,https://find-and-update.company-information.service.gov.uk/search/companies?q=ADVFN+PLC,1620586285,14:51:25,20210509
74,2001-03-31,AFN.L,GBP,2001-03-31,2001-03-31,Q1,199000.0,2500.0,196500.0,0.9874371859296482,0.0,0.0,0.0,0.0,483500.0,602000.0,250.0,71000.0,-332000.0,-1.6683417085427135,-403000.0,-2.0251256281407035,0.0,-398250.0,-2.001256281407035,-500.0,-397750.0,-1.9987437185929648,-0.0375,-0.0375,10020160.0,10020160.0,https://find-and-update.company-information.service.gov.uk/search/companies?q=ADVFN+PLC,https://find-and-update.company-information.service.gov.uk/search/companies?q=ADVFN+PLC,1620586285,14:51:25,20210509
75,2001-01-31,AFN.L,GBP,2001-01-31,2001-01-31,Q1,199000.0,2500.0,196500.0,0.9874371859296482,0.0,0.0,0.0,0.0,483500.0,602000.0,250.0,71000.0,-332000.0,-1.6683417085427135,-403000.0,-2.0251256281407035,0.0,-398250.0,-2.001256281407035,-500.0,-397750.0,-1.9987437185929648,-0.0375,-0.0375,10020160.0,10020160.0,https://find-and-update.company-information.service.gov.uk/search/companies?q=ADVFN+PLC,https://find-and-update.company-information.service.gov.uk/search/companies?q=ADVFN+PLC,1620586285,14:51:25,20210509
76,2000-09-30,AFN.L,GBP,2000-09-30,2000-09-30,Q3,309500.0,5250.0,304250.0,0.9830371567043619,0.0,0.0,0.0,0.0,412250.0,474500.0,1250.0,43500.0,-121500.0,-0.3925686591276252,-165000.0,-0.5331179321486268,0.0,-7250.0,-0.023424878836833602,500.0,-7750.0,-0.025040387722132473,-0.0009986804531818604,-0.0009986804531818604,7760240.0,7760240.0,https://find-and-update.company-information.service.gov.uk/search/companies?q=ADVFN+PLC,https://find-and-update.company-information.service.gov.uk/search/companies?q=ADVFN+PLC,1620586285,14:51:25,20210509
77,2000-06-30,AFN.L,GBP,2000-06-30,2000-06-30,Q2,309500.0,5250.0,304250.0,0.9830371567043619,0.0,0.0,0.0,0.0,412250.0,474500.0,1250.0,43500.0,-121500.0,-0.3925686591276252,-165000.0,-0.5331179321486268,0.0,-7250.0,-0.023424878836833602,500.0,-7750.0,-0.025040387722132473,-0.0009986804531818604,-0.0009986804531818604,7760240.0,7760240.0,https://find-and-update.company-information.service.gov.uk/search/companies?q=ADVFN+PLC,https://find-and-update.company-information.service.gov.uk/search/companies?q=ADVFN+PLC,1620586285,14:51:25,20210509
78,2000-03-31,AFN.L,GBP,2000-03-31,2000-03-31,Q1,309500.0,5250.0,304250.0,0.9830371567043619,0.0,0.0,0.0,0.0,412250.0,474500.0,1250.0,43500.0,-121500.0,-0.3925686591276252,-165000.0,-0.5331179321486268,0.0,-7250.0,-0.023424878836833602,500.0,-7750.0,-0.025040387722132473,-0.0009986804531818604,-0.0009986804531818604,7760240.0,7760240.0,https://find-and-update.company-information.service.gov.uk/search/companies?q=ADVFN+PLC,https://find-and-update.company-information.service.gov.uk/search/companies?q=ADVFN+PLC,1620586285,14:51:25,20210509
79,2000-01-31,AFN.L,GBP,2000-01-31,2000-01-31,Q1,309500.0,5250.0,304250.0,0.9830371567043619,0.0,0.0,0.0,0.0,412250.0,474500.0,1250.0,43500.0,-121500.0,-0.3925686591276252,-165000.0,-0.5331179321486268,0.0,-7250.0,-0.023424878836833602,500.0,-7750.0,-0.025040387722132473,-0.0009986804531818604,-0.0009986804531818604,7760240.0,7760240.0,https://find-and-update.company-information.service.gov.uk/search/companies?q=ADVFN+PLC,https://find-and-update.company-information.service.gov.uk/search/companies?q=ADVFN+PLC,1620586285,14:51:25,20210509
