,date,symbol,reportedCurrency,fillingDate,acceptedDate,period,revenue,costOfRevenue,grossProfit,grossProfitRatio,researchAndDevelopmentExpenses,generalAndAdministrativeExpenses,sellingAndMarketingExpenses,otherExpenses,operatingExpenses,costAndExpenses,interestExpense,depreciationAndAmortization,ebitda,ebitdaratio,operatingIncome,operatingIncomeRatio,totalOtherIncomeExpensesNet,incomeBeforeTax,incomeBeforeTaxRatio,incomeTaxExpense,netIncome,netIncomeRatio,eps,epsdiluted,weightedAverageShsOut,weightedAverageShsOutDil,link,finalLink,timestamp,est_time,est_date
0,2020-12-31,NC,USD,2021-03-03,2021-03-03 17:01:37,Q4,23138000,21910000.0,1228000.0,0.05307286714495635,0.0,15911000.0,0.0,-41000.0,16602000.0,38512000.0,285000.0,0.0,715000.0,0.030901547238309273,-15374000.0,-0.6644480940444291,7783000.0,-7301000.0,-0.3155415334082462,-1856000.0,-5445000.0,-0.2353271674302014,-0.7738772029562251,-0.7738772029562251,7036000.0,7036000.0,https://www.sec.gov/Archives/edgar/data/789933/000078993321000011/0000789933-21-000011-index.htm,https://www.sec.gov/Archives/edgar/data/789933/000078993321000011/nacco-20201231.htm,1620595552,17:25:52,20210509
1,2020-09-30,NC,USD,2020-11-02,2020-11-02 17:05:44,Q3,32295000,25475000.0,6820000.0,0.21117820095990092,0.0,11833000.0,0.0,1064000.0,12962000.0,38437000.0,336000.0,734.0,-6141266.0,-0.19016151106982504,-6142000.0,-0.190184239046292,16262000.0,9879000.0,0.3058987459359034,1857000.0,8022000.0,0.24839758476544357,1.14,1.14,7036000.0,7036000.0,https://www.sec.gov/Archives/edgar/data/789933/000078993320000059/0000789933-20-000059-index.htm,https://www.sec.gov/Archives/edgar/data/789933/000078993320000059/nacco-20200930.htm,1620595552,17:25:52,20210509
2,2020-06-30,NC,USD,2020-08-05,2020-08-05 17:05:09,Q2,35355000,31515000.0,3840000.0,0.10861264319049639,0.0,12591000.0,0.0,102000.0,13773000.0,45288000.0,330000.0,0.0,4947000.0,0.13992363173525668,-9933000.0,-0.28095036062791684,15718000.0,5584000.0,0.15794088530618017,-466000.0,6050000.0,0.17112148211002687,0.86,0.86,7024000.0,7024000.0,https://www.sec.gov/Archives/edgar/data/789933/000078993320000043/0000789933-20-000043-index.htm,https://www.sec.gov/Archives/edgar/data/789933/000078993320000043/nc630202010-q.htm,1620595552,17:25:52,20210509
3,2020-03-31,NC,USD,2020-05-07,2020-05-07 17:08:57,Q1,37644000,32563000.0,5081000.0,0.13497502922112423,0.0,12727000.0,0.0,15000.0,13938000.0,46501000.0,403000.0,0.0,8472000.0,0.22505578578259483,-8857000.0,-0.23528317925831474,14955000.0,6096000.0,0.16193815747529486,-70000.0,6166000.0,0.1637976835617894,0.8808571428571429,0.8758522727272727,7000000.0,7040000.0,https://www.sec.gov/Archives/edgar/data/789933/000078993320000028/0000789933-20-000028-index.htm,https://www.sec.gov/Archives/edgar/data/789933/000078993320000017/nc201910k.htm,1620595552,17:25:52,20210509
4,2019-12-31,NC,USD,2020-03-04,2020-03-04 17:03:12,Q4,26938000,24050000.0,2888000.0,0.10720914692998738,0.0,14001000.0,0.0,-709000.0,14830000.0,38880000.0,189000.0,0.0,4684000.0,0.1738807632340931,-11942000.0,-0.443314277229193,16204000.0,4677000.0,0.17362090726854257,-1698000.0,6375000.0,0.23665454005494097,0.9131929522990976,0.9052825901732462,6981000.0,7042000.0,https://www.sec.gov/Archives/edgar/data/789933/000078993320000017/0000789933-20-000017-index.htm,https://www.sec.gov/Archives/edgar/data/789933/000078993320000017/nc201910k.htm,1620595552,17:25:52,20210509
5,2019-09-30,NC,USD,2019-10-30,2019-10-30 17:12:55,Q3,32603000,26416000.0,6187000.0,0.18976781277796523,0.0,14341000.0,0.0,1258000.0,15439000.0,41855000.0,230000.0,0.0,12364000.0,0.3792289053154618,-9252000.0,-0.2837775664816121,19225000.0,11621000.0,0.3564395914486397,1357000.0,10264000.0,0.3148176548170414,1.47,1.47,6991000.0,6991000.0,https://www.sec.gov/Archives/edgar/data/789933/000078993319000060/0000789933-19-000060-index.htm,https://www.sec.gov/Archives/edgar/data/789933/000078993319000060/nc930201910-q.htm,1620595552,17:25:52,20210509
6,2019-06-30,NC,USD,2019-07-31,2019-07-31 17:08:01,Q2,41352000,32684000.0,8668000.0,0.20961501257496615,0.0,12788000.0,0.0,-11000.0,13999000.0,46683000.0,222000.0,0.0,10586000.0,0.2559972915457535,-5331000.0,-0.1289175856065003,14735000.0,9763000.0,0.23609498935964404,1788000.0,7975000.0,0.19285645192493714,1.14,1.14,6986000.0,6986000.0,https://www.sec.gov/Archives/edgar/data/789933/000078993319000045/0000789933-19-000045-index.htm,https://www.sec.gov/Archives/edgar/data/789933/000078993319000045/nc630201910-q.htm,1620595552,17:25:52,20210509
7,2019-03-31,NC,USD,2019-05-01,2019-05-01 17:07:03,Q1,40097000,26712000.0,13385000.0,0.3338154974187595,0.0,12653000.0,0.0,-11000.0,13666000.0,40378000.0,231000.0,0.0,17500000.0,0.4364416290495548,-281000.0,-0.007008005586452852,17297000.0,17338000.0,0.43240142654063896,2320000.0,15018000.0,0.374541736289498,2.16,2.15,6949000.0,6998000.0,https://www.sec.gov/Archives/edgar/data/789933/000078993319000029/0000789933-19-000029-index.htm,https://www.sec.gov/Archives/edgar/data/789933/000078993319000013/nc201810k.htm,1620595552,17:25:52,20210509
8,2018-12-31,NC,USD,2019-03-06,2019-03-06 17:03:20,Q4,39054000,25451000.0,13603000.0,0.34831259282019766,0.0,14670000.0,0.0,-267000.0,15799000.0,41250000.0,362000.0,0.0,18482000.0,0.47324217749782355,-2196000.0,-0.056229835612229224,17502000.0,14944000.0,0.3826496645670098,3928000.0,11016000.0,0.2820709786449531,1.59,1.57,6936000.0,7008000.0,https://www.sec.gov/Archives/edgar/data/789933/000078993319000013/0000789933-19-000013-index.htm,https://www.sec.gov/Archives/edgar/data/789933/000078993319000013/nc201810k.htm,1620595552,17:25:52,20210509
9,2018-09-30,NC,USD,2018-10-30,2018-10-30 17:18:28,Q3,31440000,25345000.0,6095000.0,0.1938613231552163,0.0,12032000.0,0.0,483000.0,13018000.0,38363000.0,421000.0,0.0,14837000.0,0.4719147582697201,-6923000.0,-0.2201972010178117,18002000.0,10658000.0,0.3389949109414758,1458000.0,9200000.0,0.2926208651399491,1.33,1.33,6940000.0,6940000.0,https://www.sec.gov/Archives/edgar/data/789933/000078993318000068/0000789933-18-000068-index.htm,https://www.sec.gov/Archives/edgar/data/789933/000078993318000068/nc930201810-q.htm,1620595552,17:25:52,20210509
10,2018-06-30,NC,USD,2018-08-01,2018-08-01 17:11:18,Q2,33681000,28835000.0,4846000.0,0.14387933849945073,0.0,11863000.0,0.0,373000.0,13020000.0,41855000.0,569000.0,0.0,11663000.0,0.34627831715210355,-8174000.0,-0.2426887562720822,16324000.0,7581000.0,0.2250823906653603,1188000.0,6393000.0,0.1898102787921974,0.92,0.92,6940000.0,6940000.0,https://www.sec.gov/Archives/edgar/data/789933/000078993318000057/0000789933-18-000057-index.htm,https://www.sec.gov/Archives/edgar/data/789933/000078993318000057/nc630201810-q.htm,1620595552,17:25:52,20210509
11,2018-03-31,NC,USD,2018-05-02,2018-05-02 17:17:26,Q1,31200000,25776000.0,5424000.0,0.17384615384615384,0.0,10627000.0,0.0,-31000.0,11690000.0,37466000.0,646000.0,0.0,12970000.0,0.4157051282051282,-6266000.0,-0.20083333333333334,15892000.0,8980000.0,0.2878205128205128,804000.0,8176000.0,0.26205128205128203,1.19,1.18,6894000.0,6939000.0,https://www.sec.gov/Archives/edgar/data/789933/000078993318000040/0000789933-18-000040-index.htm,https://www.sec.gov/Archives/edgar/data/789933/000078993318000019/nc201710k.htm,1620595552,17:25:52,20210509
12,2017-12-31,NC,USD,2018-03-07,2018-03-07 17:07:22,Q4,26437000,21148000.0,5289000.0,0.20006052123917237,0.0,15682000.0,0.0,87000.0,16683000.0,37831000.0,634000.0,0.0,8928000.0,0.33770851458183604,-11394000.0,-0.4309868744562545,17783000.0,5755000.0,0.21768733214812575,-3925000.0,10173000.0,0.38480160381283807,1.48,1.47,6848000.0,6923000.0,https://www.sec.gov/Archives/edgar/data/789933/000078993318000019/0000789933-18-000019-index.htm,https://www.sec.gov/Archives/edgar/data/789933/000078993318000019/nc201710k.htm,1620595552,17:25:52,20210509
13,2017-09-30,NC,USD,2017-11-01,2017-11-01 17:20:38,Q3,21941000,19466000.0,2475000.0,0.112802515837929,0.0,11723000.0,0.0,-64000.0,12494000.0,31960000.0,946000.0,0.0,7102000.0,0.32368624948726127,-10019000.0,-0.45663369946675175,16921000.0,5956000.0,0.27145526639624445,2625000.0,8398000.0,0.38275374868966777,1.2279573036993712,1.2231284590736964,6839000.0,6866000.0,https://www.sec.gov/Archives/edgar/data/789933/000078993317000060/0000789933-17-000060-index.htm,https://www.sec.gov/Archives/edgar/data/789933/000078993317000060/nc930201710-q.htm,1620595552,17:25:52,20210509
14,2017-06-30,NC,USD,2017-08-01,2017-08-01 17:20:33,Q2,181076000,137648000.0,43428000.0,0.23983299829905674,0.0,47999000.0,0.0,326000.0,49315000.0,186963000.0,1390000.0,0.0,12642000.0,0.06981598886655327,-5887000.0,-0.032511210762331835,16753000.0,9476000.0,0.0523316176633016,2688000.0,6788000.0,0.03748702202390156,0.9931236283833211,0.9909489051094891,6835000.0,6850000.0,https://www.sec.gov/Archives/edgar/data/789933/000078993317000043/0000789933-17-000043-index.htm,https://www.sec.gov/Archives/edgar/data/789933/000078993317000043/nc630201710-q.htm,1620595552,17:25:52,20210509
15,2017-03-31,NC,USD,2017-05-02,2017-05-02 06:40:09,Q1,168582000,129447000.0,39135000.0,0.23214222158949355,0.0,45790000.0,0.0,702000.0,47105000.0,176552000.0,1347000.0,0.0,12483000.0,0.07404705128661423,-7970000.0,-0.047276696207187004,15965000.0,6648000.0,0.03943481510481546,1670000.0,4978000.0,0.0295286566774626,0.7314134587129004,0.7274587169370159,6806000.0,6843000.0,https://www.sec.gov/Archives/edgar/data/789933/000078993317000025/0000789933-17-000025-index.htm,https://www.sec.gov/Archives/edgar/data/789933/000078993317000007/nc201610k.htm,1620595552,17:25:52,20210509
16,2016-12-31,NC,USD,2017-03-01,2017-03-01 17:13:51,Q4,284218000,210607000.0,73611000.0,0.2589948560611925,0.0,56612000.0,0.0,-471000.0,56362000.0,266969000.0,1395000.0,0.0,36892000.0,0.12980177187933206,17249000.0,0.06068933002132166,14144000.0,29998000.0,0.1055457430563863,5867000.0,24131000.0,0.08490313773230408,3.56,3.53,6777000.0,6832000.0,https://www.sec.gov/Archives/edgar/data/789933/000078993317000007/0000789933-17-000007-index.htm,https://www.sec.gov/Archives/edgar/data/789933/000078993317000007/nc201610k.htm,1620595552,17:25:52,20210509
17,2016-09-30,NC,USD,2016-11-01,2016-11-01 17:20:05,Q3,220792000,169084000.0,51708000.0,0.23419326787202435,0.0,47504000.0,0.0,-447000.0,48891000.0,217975000.0,1322000.0,0.0,22994000.0,0.1041432660603645,2817000.0,0.012758614442552267,-2481000.0,-986000.0,-0.004465741512373637,-544000.0,-442000.0,-0.0020018841262364577,-0.07,-0.07,6786000.0,6786000.0,https://www.sec.gov/Archives/edgar/data/789933/000078993316000124/0000789933-16-000124-index.htm,https://www.sec.gov/Archives/edgar/data/789933/000078993316000124/nc930201610-q.htm,1620595552,17:25:52,20210509
18,2016-06-30,NC,USD,2016-08-02,2016-08-02 17:18:14,Q2,178007000,137478000.0,40529000.0,0.22768205744717904,0.0,47528000.0,0.0,-2017000.0,48703000.0,186181000.0,1470000.0,0.0,7663000.0,0.043048868864707567,-8174000.0,-0.045919542489902085,11321000.0,1677000.0,0.00942097782671468,-1439000.0,3116000.0,0.017504929581420955,0.4544924154025671,0.4533022985161478,6856000.0,6874000.0,https://www.sec.gov/Archives/edgar/data/789933/000078993316000107/0000789933-16-000107-index.htm,https://www.sec.gov/Archives/edgar/data/789933/000078993316000107/nc630201610-q.htm,1620595552,17:25:52,20210509
19,2016-03-31,NC,USD,2016-05-04,2016-05-04 17:16:29,Q1,173421000,133416000.0,40005000.0,0.23068140536613213,0.0,46259000.0,0.0,-53000.0,47617000.0,181033000.0,1505000.0,0.0,9478000.0,0.05465312736058493,-7612000.0,-0.04389318479307581,12898000.0,3781000.0,0.0218024345379164,979000.0,2802000.0,0.016157212794298267,0.40863351319819163,0.40697167755991287,6857000.0,6885000.0,https://www.sec.gov/Archives/edgar/data/789933/000078993316000091/0000789933-16-000091-index.htm,https://www.sec.gov/Archives/edgar/data/789933/000078993316000069/nc201510k.htm,1620595552,17:25:52,20210509
20,2015-12-31,NC,USD,2016-03-02,2016-03-02 17:11:09,Q4,286519000,222808000.0,63711000.0,0.22236221681633678,0.0,54739000.0,0.0,-5000.0,55401000.0,278209000.0,1541000.0,0.0,28332000.0,0.0988834946373539,8310000.0,0.02900331217126962,13679000.0,20448000.0,0.07136699485897968,2357000.0,18091000.0,0.06314066431894569,2.65,2.63,6838000.0,6872000.0,https://www.sec.gov/Archives/edgar/data/789933/000078993316000069/0000789933-16-000069-index.htm,https://www.sec.gov/Archives/edgar/data/789933/000078993316000069/nc201510k.htm,1620595552,17:25:52,20210509
21,2015-09-30,NC,USD,2015-11-03,2015-11-03 17:15:38,Q3,239107000,196892000.0,42215000.0,0.17655275671561269,0.0,47551000.0,0.0,-908000.0,48933000.0,245825000.0,1597000.0,0.0,10650000.0,0.04454072862776916,-6718000.0,-0.028096207973835982,11590000.0,3275000.0,0.013696796831544037,134000.0,3141000.0,0.013136378274161777,0.45363951473136915,0.45291997116077864,6924000.0,6935000.0,https://www.sec.gov/Archives/edgar/data/789933/000078993315000056/0000789933-15-000056-index.htm,https://www.sec.gov/Archives/edgar/data/789933/000078993315000056/nc930201510-q.htm,1620595552,17:25:52,20210509
22,2015-06-30,NC,USD,2015-08-05,2015-08-05 07:05:30,Q2,196500000,161119000.0,35381000.0,0.1800559796437659,0.0,45219000.0,0.0,167000.0,46594000.0,207713000.0,1661000.0,0.0,7131000.0,0.036290076335877865,-11213000.0,-0.057063613231552165,12543000.0,-331000.0,-0.0016844783715012723,-56000.0,-275000.0,-0.0013994910941475826,-0.04,-0.04,7048000.0,7048000.0,https://www.sec.gov/Archives/edgar/data/789933/000078993315000048/0000789933-15-000048-index.htm,https://www.sec.gov/Archives/edgar/data/789933/000078993315000048/nc630201510-q.htm,1620595552,17:25:52,20210509
23,2015-03-31,NC,USD,2015-05-05,2015-05-05 17:17:20,Q1,193734000,155545000.0,38189000.0,0.19712079449141606,0.0,46416000.0,0.0,-479000.0,47903000.0,203448000.0,2125000.0,0.0,9290000.0,0.04795234703252914,-9714000.0,-0.05014091486264672,13246000.0,1407000.0,0.0072625352287156615,380000.0,1027000.0,0.005301082928138582,0.14285714285714285,0.142480577136515,7189000.0,7208000.0,https://www.sec.gov/Archives/edgar/data/789933/000078993315000035/0000789933-15-000035-index.htm,https://www.sec.gov/Archives/edgar/data/789933/000078993315000015/nc201410k.htm,1620595552,17:25:52,20210509
24,2014-12-31,NC,USD,2015-03-09,2015-03-09 17:09:37,Q4,297285000,231450000.0,65835000.0,0.22145416014935163,0.0,52905000.0,0.0,-342000.0,55180000.0,286630000.0,2116000.0,0.0,-66513000.0,-0.22373479993945203,10655000.0,0.0358410279697933,-85793000.0,-77254000.0,-0.25986511260238493,-36585000.0,-40669000.0,-0.13680138587550666,-5.57,-5.57,7297000.0,7297000.0,https://www.sec.gov/Archives/edgar/data/789933/000078993315000015/0000789933-15-000015-index.htm,https://www.sec.gov/Archives/edgar/data/789933/000078993315000015/nc201410k.htm,1620595552,17:25:52,20210509
25,2014-09-30,NC,USD,2014-10-29,2014-10-29 17:16:17,Q3,221714000,175171000.0,46543000.0,0.20992359526236504,0.0,46373000.0,0.0,-86000.0,47600000.0,222771000.0,2046000.0,0.0,17960000.0,0.08100525902739565,-1057000.0,-0.004767403050777127,12169000.0,9066000.0,0.04089051661149048,1367000.0,7699000.0,0.03472491588262356,1.024484364604125,1.0220363732908535,7515000.0,7533000.0,https://www.sec.gov/Archives/edgar/data/789933/000078993314000079/0000789933-14-000079-index.htm,https://www.sec.gov/Archives/edgar/data/789933/000078993314000079/nc930201410q.htm,1620595552,17:25:52,20210509
26,2014-06-30,NC,USD,2014-07-30,2014-07-30 17:26:46,Q2,200370000,163847000.0,36523000.0,0.1822777860957229,0.0,50990000.0,0.0,273000.0,52289000.0,216136000.0,1950000.0,0.0,2272000.0,0.01133902280780556,-15766000.0,-0.07868443379747467,11420000.0,-6296000.0,-0.031421869541348506,-2672000.0,-3624000.0,-0.01808653990118281,-0.4699170124481328,-0.46955169733091473,7712000.0,7718000.0,https://www.sec.gov/Archives/edgar/data/789933/000078993314000063/0000789933-14-000063-index.htm,https://www.sec.gov/Archives/edgar/data/789933/000078993314000063/nc630201410q.htm,1620595552,17:25:52,20210509
27,2014-03-31,NC,USD,2014-04-30,2014-04-30 17:10:49,Q1,177413000,141242000.0,36171000.0,0.20388021170940124,0.0,48429000.0,0.0,-122000.0,49510000.0,190752000.0,1454000.0,0.0,5344000.0,0.030121806181057757,-13339000.0,-0.07518614757655866,12704000.0,-2089000.0,-0.011774785387767526,-565000.0,-1524000.0,-0.008590125864508238,-0.19418960244648317,-0.19389312977099238,7848000.0,7860000.0,https://www.sec.gov/Archives/edgar/data/789933/000078993314000040/0000789933-14-000040-index.htm,https://www.sec.gov/Archives/edgar/data/789933/000078993314000020/nc201310k.htm,1620595552,17:25:52,20210509
28,2013-12-31,NC,USD,2014-03-04,2014-03-04 17:09:23,Q4,311983000,233802000.0,78181000.0,0.2505937823535257,0.0,57580000.0,0.0,61000.0,59386000.0,293188000.0,1279000.0,0.0,39712000.0,0.12728898689992724,18795000.0,0.0602436671228881,9640000.0,27156000.0,0.08704320427715613,4600000.0,22556000.0,0.07229881115317181,2.8741080530071357,2.8741080530071357,7848000.0,7848000.0,https://www.sec.gov/Archives/edgar/data/789933/000078993314000020/0000789933-14-000020-index.htm,https://www.sec.gov/Archives/edgar/data/789933/000078993314000020/nc201310k.htm,1620595552,17:25:52,20210509
29,2013-09-30,NC,USD,2013-10-30,2013-10-30 17:23:19,Q3,228614000,179395000.0,49219000.0,0.215293026673782,0.0,43317000.0,0.0,-174000.0,44659000.0,224054000.0,1044000.0,0.0,22648000.0,0.0990665488552757,4560000.0,0.019946285004417925,11968000.0,15484000.0,0.06772988530886122,3159000.0,12325000.0,0.053911833920932226,1.5429394091136706,1.5413956978489245,7988000.0,7996000.0,https://www.sec.gov/Archives/edgar/data/789933/000078993313000078/0000789933-13-000078-index.htm,https://www.sec.gov/Archives/edgar/data/789933/000078993313000078/nc9301310q.htm,1620595552,17:25:52,20210509
30,2013-06-30,NC,USD,2013-08-07,2013-08-07 17:13:23,Q2,196017000,148387000.0,47630000.0,0.24298912849395715,0.0,48484000.0,0.0,-476000.0,49375000.0,197762000.0,1148000.0,0.0,13233000.0,0.06750945071090773,-1745000.0,-0.00890228908717101,10136000.0,7243000.0,0.03695087670967314,2096000.0,5147000.0,0.026257926608406413,0.6292945347842035,0.6289100684261975,8179000.0,8184000.0,https://www.sec.gov/Archives/edgar/data/789933/000078993313000065/0000789933-13-000065-index.htm,https://www.sec.gov/Archives/edgar/data/789933/000078993313000065/nc6301310q.htm,1620595552,17:25:52,20210509
31,2013-03-31,NC,USD,2013-05-01,2013-05-01 17:20:58,Q1,196052000,149791000.0,46261000.0,0.23596290779997145,0.0,50991000.0,0.0,133000.0,51396000.0,201187000.0,1304000.0,0.0,12859000.0,0.06558974149715381,-5135000.0,-0.026192030685736438,12276000.0,5837000.0,0.029772713361761165,1415000.0,4422000.0,0.022555240446412175,0.5289473684210526,0.5264912489582093,8360000.0,8399000.0,https://www.sec.gov/Archives/edgar/data/789933/000078993313000051/0000789933-13-000051-index.htm,https://www.sec.gov/Archives/edgar/data/789933/000078993313000013/nc201210k.htm,1620595552,17:25:52,20210509
32,2012-12-31,NC,USD,2013-03-06,2013-03-06 17:12:44,Q4,318200000,233400000.0,84800000.0,0.2664990571967316,0.0,60300000.0,0.0,0.0,64900000.0,298300000.0,1400000.0,0.0,38800000.0,0.12193588937774984,19900000.0,0.06253928346951602,14300000.0,32800000.0,0.10307982401005657,9100000.0,23700000.0,0.07448145820238844,2.834928229665072,2.834928229665072,8360000.0,8360000.0,https://www.sec.gov/Archives/edgar/data/789933/000078993313000013/0000789933-13-000013-index.htm,https://www.sec.gov/Archives/edgar/data/789933/000078993313000013/nc201210k.htm,1620595552,17:25:52,20210509
33,2012-09-30,NC,USD,2012-11-01,2012-11-01 17:19:34,Q3,210100000,157800000.0,52300000.0,0.24892908138981437,0.0,52100000.0,0.0,0.0,52100000.0,209900000.0,1500000.0,0.0,11700000.0,0.055687767729652546,200000.0,0.0009519276534983341,14900000.0,13600000.0,0.06473108043788672,3400000.0,38000000.0,0.1808662541646835,4.53,4.52,8391000.0,8409000.0,https://www.sec.gov/Archives/edgar/data/789933/000078993312000129/0000789933-12-000129-index.htm,https://www.sec.gov/Archives/edgar/data/789933/000078993312000129/nc9301210q.htm,1620595552,17:25:52,20210509
34,2012-06-30,NC,USD,2012-08-02,2012-08-02 17:23:22,Q2,773400000,633300000.0,140100000.0,0.18114817688130333,0.0,121500000.0,0.0,0.0,108600000.0,741900000.0,4900000.0,11300000.0,42800000.0,0.05534005689164727,31500000.0,0.04072924747866563,-1100000.0,25500000.0,0.032971295577967415,3700000.0,21800000.0,0.028187225239203518,2.598950882212685,2.5952380952380953,8388000.0,8400000.0,https://www.sec.gov/Archives/edgar/data/789933/000078993312000104/0000789933-12-000104-index.htm,https://www.sec.gov/Archives/edgar/data/789933/000078993312000104/nc6301210q.htm,1620595552,17:25:52,20210509
35,2012-03-31,NC,USD,2012-05-02,2012-05-02 17:13:38,Q1,803200000,658600000.0,144600000.0,0.18002988047808766,0.0,118800000.0,0.0,0.0,106800000.0,765400000.0,5500000.0,10900000.0,48700000.0,0.060632470119521914,37800000.0,0.04706175298804781,1400000.0,33700000.0,0.04195717131474103,8500000.0,25200000.0,0.03137450199203187,3.01,3.0,8379000.0,8394000.0,https://www.sec.gov/Archives/edgar/data/789933/000078993312000075/0000789933-12-000075-index.htm,https://www.sec.gov/Archives/edgar/data/789933/000078993312000026/nc201110k.htm,1620595552,17:25:52,20210509
36,2011-12-31,NC,USD,2012-02-29,2012-02-29 17:04:12,Q4,951300000,770200000.0,181100000.0,0.19037107116577315,0.0,124400000.0,0.0,0.0,78100000.0,848300000.0,5800000.0,0.0,82500000.0,0.08672343109429202,103000000.0,0.10827288972984338,4100000.0,68600000.0,0.07211184694628403,14100000.0,54400000.0,0.05718490486702407,6.492421530015515,6.492421530015515,8379000.0,8379000.0,https://www.sec.gov/Archives/edgar/data/789933/000078993312000026/0000789933-12-000026-index.htm,https://www.sec.gov/Archives/edgar/data/789933/000078993312000026/nc201110k.htm,1620595552,17:25:52,20210509
37,2011-09-30,NC,USD,2011-11-08,2011-11-08 17:12:23,Q3,823400000,685900000.0,137500000.0,0.1669905270828273,0.0,111100000.0,0.0,0.0,111100000.0,797000000.0,6400000.0,0.0,48700000.0,0.05914500850133592,26400000.0,0.03206218119990284,800000.0,31900000.0,0.038741802283215936,6200000.0,25700000.0,0.031212047607481176,3.06,3.05,8395000.0,8416000.0,https://www.sec.gov/Archives/edgar/data/789933/000078993311000100/0000789933-11-000100-index.htm,https://www.sec.gov/Archives/edgar/data/789933/000078993311000100/nc9301110q.htm,1620595552,17:25:52,20210509
38,2011-06-30,NC,USD,2011-08-03,2011-08-03 17:16:29,Q2,811000000,673100000.0,137900000.0,0.17003699136868064,0.0,116400000.0,0.0,0.0,116300000.0,789400000.0,6100000.0,12100000.0,33700000.0,0.04155363748458693,21600000.0,0.02663378545006165,1300000.0,26300000.0,0.032429099876695434,7200000.0,19200000.0,0.02367447595561036,2.29,2.28,8393000.0,8407000.0,https://www.sec.gov/Archives/edgar/data/789933/000078993311000079/0000789933-11-000079-index.htm,https://www.sec.gov/Archives/edgar/data/789933/000078993311000079/nc6301110q.htm,1620595552,17:25:52,20210509
39,2011-03-31,NC,USD,2011-05-04,2011-05-04 17:14:49,Q1,745500000,608900000.0,136600000.0,0.18323272971160295,0.0,113400000.0,0.0,0.0,113400000.0,722300000.0,6200000.0,12200000.0,35400000.0,0.04748490945674044,23200000.0,0.031120053655264924,57900000.0,87000000.0,0.11670020120724346,24200000.0,62800000.0,0.08423876592890678,7.51,7.48,8363000.0,8399000.0,https://www.sec.gov/Archives/edgar/data/789933/000078993311000048/0000789933-11-000048-index.htm,https://www.sec.gov/Archives/edgar/data/789933/000078993311000019/nc201010k.htm,1620595552,17:25:52,20210509
40,2010-12-31,NC,USD,2011-03-02,2011-03-02 17:10:03,Q4,866200000,698900000.0,167300000.0,0.19314246132532903,0.0,121500000.0,0.0,0.0,122700000.0,821600000.0,6700000.0,0.0,72900000.0,0.08416070191641653,44600000.0,0.05148926344954976,-7100000.0,45500000.0,0.05252828446086354,7000000.0,38400000.0,0.04433156314938813,4.591653712782494,4.591653712782494,8363000.0,8363000.0,https://www.sec.gov/Archives/edgar/data/789933/000078993311000019/0000789933-11-000019-index.htm,https://www.sec.gov/Archives/edgar/data/789933/000078993311000019/nc201010k.htm,1620595552,17:25:52,20210509
41,2010-09-30,NC,USD,2010-11-03,2010-11-03 17:23:31,Q3,664900000,534800000.0,130100000.0,0.1956685215821928,0.0,105200000.0,0.0,0.0,109300000.0,644100000.0,7000000.0,0.0,44500000.0,0.06692735749736803,20800000.0,0.031282899684163035,-5700000.0,19400000.0,0.02917731989772898,6100000.0,13500000.0,0.0203038050834712,1.6202592414786365,1.6175413371675054,8332000.0,8346000.0,https://www.sec.gov/Archives/edgar/data/789933/000078993310000013/0000789933-10-000013-index.htm,https://www.sec.gov/Archives/edgar/data/789933/000078993310000013/nc9301010q.htm,1620595552,17:25:52,20210509
42,2010-06-30,NC,USD,2010-08-04,2010-08-04 17:27:29,Q2,598800000,475700000.0,123100000.0,0.20557782231128924,0.0,104800000.0,0.0,0.0,105300000.0,581000000.0,6900000.0,0.0,40600000.0,0.06780227120908483,17800000.0,0.02972611890447562,-3500000.0,16900000.0,0.02822311289245157,900000.0,15900000.0,0.02655310621242485,1.908534389629096,1.9069321180139123,8331000.0,8338000.0,https://www.sec.gov/Archives/edgar/data/789933/000095012310072629/0000950123-10-072629-index.htm,https://www.sec.gov/Archives/edgar/data/789933/000095012310072629/l40388e10vq.htm,1620595552,17:25:52,20210509
43,2010-03-31,NC,USD,2010-05-05,2010-05-05 17:24:25,Q1,557600000,451900000.0,105700000.0,0.18956241032998566,0.0,94000000.0,0.0,0.0,93900000.0,545800000.0,6800000.0,0.0,35200000.0,0.06312769010043041,11800000.0,0.021162123385939743,-500000.0,15000000.0,0.02690100430416069,3400000.0,11700000.0,0.02098278335724534,1.41,1.4,8321000.0,8331000.0,https://www.sec.gov/Archives/edgar/data/789933/000095012310044663/0000950123-10-044663-index.htm,https://www.sec.gov/Archives/edgar/data/789933/000095012310020094/l38668e10vk.htm,1620595552,17:25:52,20210509
44,2009-12-31,NC,USD,2010-03-02,2010-03-02 17:16:18,Q4,674200000,539300000.0,134900000.0,0.2000889943636903,0.0,107200000.0,0.0,0.0,105400000.0,644700000.0,7900000.0,0.0,50700000.0,0.07520023731830318,29500000.0,0.043755562147730645,-200000.0,29700000.0,0.04405221002669831,9600000.0,42500000.0,0.0630376742806289,5.107559187597644,5.107559187597644,8321000.0,8321000.0,https://www.sec.gov/Archives/edgar/data/789933/000095012310020094/0000950123-10-020094-index.htm,https://www.sec.gov/Archives/edgar/data/789933/000095012310020094/l38668e10vk.htm,1620595552,17:25:52,20210509
45,2009-09-30,NC,USD,2009-11-04,2009-11-04 17:25:14,Q3,532600000,438300000.0,94300000.0,0.17705595193390913,0.0,94700000.0,0.0,0.0,88700000.0,527000000.0,8300000.0,0.0,31000000.0,0.05820503191888847,5600000.0,0.010514457378895982,-7300000.0,1500000.0,0.002816372512204281,5500000.0,-3900000.0,-0.00732256853173113,-0.47,-0.47,8291000.0,8291000.0,https://www.sec.gov/Archives/edgar/data/789933/000095012309057708/0000950123-09-057708-index.htm,https://www.sec.gov/Archives/edgar/data/789933/000095012309057708/l37925e10vq.htm,1620595552,17:25:52,20210509
46,2009-06-30,NC,USD,2009-08-05,2009-08-05 17:22:42,Q2,545200000,452100000.0,93100000.0,0.17076302274394717,0.0,88300000.0,0.0,0.0,87800000.0,539900000.0,7800000.0,0.0,29200000.0,0.05355832721936904,5300000.0,0.009721203228173148,-1800000.0,6400000.0,0.01173881144534116,5000000.0,1600000.0,0.00293470286133529,0.193026903124623,0.19291053773812394,8289000.0,8294000.0,https://www.sec.gov/Archives/edgar/data/789933/000095012309030416/0000950123-09-030416-index.htm,https://www.sec.gov/Archives/edgar/data/789933/000095012309030416/l37166e10vq.htm,1620595552,17:25:52,20210509
47,2009-03-31,NC,USD,2009-05-05,2009-05-05 17:25:46,Q1,558600000,472800000.0,85800000.0,0.1535982814178303,0.0,98100000.0,0.0,0.0,96400000.0,569200000.0,8200000.0,0.0,13500000.0,0.024167561761546726,-10600000.0,-0.018976011457214465,-1200000.0,-8700000.0,-0.015574650912996778,400000.0,-9100000.0,-0.016290726817042606,-1.1,-1.1,8287000.0,8287000.0,https://www.sec.gov/Archives/edgar/data/789933/000095015209004731/0000950152-09-004731-index.htm,https://www.sec.gov/Archives/edgar/data/789933/000095015209002559/l35051ae10vk.htm,1620595552,17:25:52,20210509
48,2008-12-31,NC,USD,2009-03-13,2009-03-13 06:23:27,Q4,949400000,809700000.0,139700000.0,0.14714556562039183,0.0,122900000.0,0.0,0.0,436000000.0,1245700000.0,9000000.0,13100000.0,-283200000.0,-0.29829365915314937,-296300000.0,-0.3120918474826206,-866200000.0,-421500000.0,-0.44396460922688014,3900000.0,-425300000.0,-0.44796713713924585,-51.32134668758296,-51.32134668758296,8287000.0,8287000.0,https://www.sec.gov/Archives/edgar/data/789933/000095015209002559/0000950152-09-002559-index.htm,https://www.sec.gov/Archives/edgar/data/789933/000095015209002559/l35051ae10vk.htm,1620595552,17:25:52,20210509
49,2008-09-30,NC,USD,2008-11-04,2008-11-03 17:37:54,Q3,917800000,813900000.0,103900000.0,0.11320549139246024,0.0,108900000.0,0.0,0.0,99200000.0,913100000.0,9900000.0,15900000.0,20600000.0,0.022444977119198083,4700000.0,0.005120941381564611,9300000.0,-4000000.0,-0.004358247984310307,13200000.0,-17400000.0,-0.018958378731749836,-2.1,-2.1,8283000.0,8283000.0,https://www.sec.gov/Archives/edgar/data/789933/000095015208008607/0000950152-08-008607-index.htm,https://www.sec.gov/Archives/edgar/data/789933/000095015208008607/l34254ae10vq.htm,1620595552,17:25:52,20210509
50,2008-06-30,NC,USD,2008-08-07,2008-08-07 17:21:28,Q2,948100000,826000000.0,122100000.0,0.12878388355658685,0.0,119700000.0,0.0,0.0,110400000.0,936400000.0,10700000.0,15600000.0,27300000.0,0.028794430967197554,11700000.0,0.012340470414513237,9900000.0,3300000.0,0.0034806455015293745,800000.0,2400000.0,0.0025313785465668178,0.28978507606858245,0.28957528957528955,8282000.0,8288000.0,https://www.sec.gov/Archives/edgar/data/789933/000095015208006177/0000950152-08-006177-index.htm,https://www.sec.gov/Archives/edgar/data/789933/000095015208006177/l32671ae10vq.htm,1620595552,17:25:52,20210509
51,2008-03-31,NC,USD,2008-04-30,2008-04-30 17:18:12,Q1,865000000,737400000.0,127600000.0,0.14751445086705203,0.0,124000000.0,0.0,0.0,115400000.0,852800000.0,11000000.0,15900000.0,28100000.0,0.032485549132947975,12200000.0,0.014104046242774566,7700000.0,3400000.0,0.003930635838150289,700000.0,2700000.0,0.0031213872832369944,0.32628398791540786,0.3260082105771553,8275000.0,8282000.0,https://www.sec.gov/Archives/edgar/data/789933/000095015208003273/0000950152-08-003273-index.htm,https://www.sec.gov/Archives/edgar/data/789933/000095015208001379/l29689ae10vk.htm,1620595552,17:25:52,20210509
52,2007-12-31,NC,USD,2008-02-26,2008-02-26 06:08:14,Q4,1092700000,904400000.0,188300000.0,0.17232543241511852,0.0,126700000.0,0.0,0.0,500200000.0,1404600000.0,11600000.0,15700000.0,-296200000.0,-0.27107165736249655,-311900000.0,-0.28543973643268966,3500000.0,65500000.0,0.05994325981513682,13800000.0,51700000.0,0.04731399286171868,6.24773413897281,6.24773413897281,8275000.0,8275000.0,https://www.sec.gov/Archives/edgar/data/789933/000095015208001379/0000950152-08-001379-index.htm,https://www.sec.gov/Archives/edgar/data/789933/000095015208001379/l29689ae10vk.htm,1620595552,17:25:52,20210509
53,2007-09-30,NC,USD,2007-10-30,2007-10-30 06:19:53,Q3,875200000,724600000.0,150600000.0,0.17207495429616088,0.0,122900000.0,0.0,0.0,111600000.0,836200000.0,11300000.0,16400000.0,55400000.0,0.0632998171846435,39000000.0,0.04456124314442413,10100000.0,26500000.0,0.030278793418647167,5400000.0,21100000.0,0.02410877513711152,2.552316438853272,2.5501571186850374,8267000.0,8274000.0,https://www.sec.gov/Archives/edgar/data/789933/000095015207008338/0000950152-07-008338-index.htm,https://www.sec.gov/Archives/edgar/data/789933/000095015207008338/l28468ae10vq.htm,1620595552,17:25:52,20210509
54,2007-06-30,NC,USD,2007-08-06,2007-08-06 06:02:23,Q2,830900000,701500000.0,129400000.0,0.15573474545673366,0.0,119800000.0,0.0,0.0,111200000.0,812700000.0,9800000.0,15200000.0,33400000.0,0.040197376338909616,18200000.0,0.02190395956192081,11800000.0,11600000.0,0.013960765435070405,1700000.0,9900000.0,0.011914791190275605,1.1975323575662271,1.1970979443772671,8267000.0,8270000.0,https://www.sec.gov/Archives/edgar/data/789933/000095015207006383/0000950152-07-006383-index.htm,https://www.sec.gov/Archives/edgar/data/789933/000095015207006383/l27231ae10vq.htm,1620595552,17:25:52,20210509
55,2007-03-31,NC,USD,2007-05-01,2007-05-01 17:25:00,Q1,803900000,672900000.0,131000000.0,0.16295559149147903,0.0,122900000.0,0.0,0.0,113600000.0,786500000.0,0.0,15500000.0,32900000.0,0.04092548824480657,17400000.0,0.021644483144669734,8600000.0,8700000.0,0.010822241572334867,2200000.0,6600000.0,0.008209976365219555,0.7998061076102763,0.7983549050441514,8252000.0,8267000.0,https://www.sec.gov/Archives/edgar/data/789933/000095015207003809/0000950152-07-003809-index.htm,https://www.sec.gov/Archives/edgar/data/789933/000095015207001632/l24271ae10vk.htm,1620595552,17:25:52,20210509
56,2006-12-31,NC,USD,2007-02-28,2007-02-28 17:12:52,Q4,978600000,801800000.0,176800000.0,0.1806662579194768,0.0,123800000.0,0.0,0.0,83700000.0,885500000.0,9600000.0,17200000.0,110300000.0,0.11271203760474147,93100000.0,0.09513590844062947,23800000.0,72000000.0,0.07357449417535254,14900000.0,70000000.0,0.0715307582260372,8.482792050412021,8.482792050412021,8252000.0,8252000.0,https://www.sec.gov/Archives/edgar/data/789933/000095015207001632/0000950152-07-001632-index.htm,https://www.sec.gov/Archives/edgar/data/789933/000095015207001632/l24271ae10vk.htm,1620595552,17:25:52,20210509
57,2006-09-30,NC,USD,2006-11-02,2006-11-02 17:20:25,Q3,803100000,669200000.0,133900000.0,0.16672892541402068,0.0,112100000.0,0.0,0.0,102700000.0,771900000.0,7900000.0,16500000.0,47700000.0,0.05939484497571909,31200000.0,0.03884945834889802,12800000.0,26300000.0,0.0327481011082057,7500000.0,18800000.0,0.023409289005105218,2.2823843632390433,2.2798932815910744,8237000.0,8246000.0,https://www.sec.gov/Archives/edgar/data/789933/000095015206008721/0000950152-06-008721-index.htm,https://www.sec.gov/Archives/edgar/data/789933/000095015206008721/l22691ae10vq.htm,1620595552,17:25:52,20210509
58,2006-06-30,NC,USD,2006-08-02,2006-08-02 17:18:14,Q2,796900000,666800000.0,130100000.0,0.16325762329024973,0.0,105400000.0,0.0,0.0,105400000.0,772200000.0,10800000.0,15700000.0,40400000.0,0.050696448738863094,24700000.0,0.03099510603588907,-16600000.0,7000000.0,0.008784038147822814,2400000.0,4700000.0,0.005897854184966746,0.5706653715395823,0.5703883495145631,8236000.0,8240000.0,https://www.sec.gov/Archives/edgar/data/789933/000095015206006397/0000950152-06-006397-index.htm,https://www.sec.gov/Archives/edgar/data/789933/000095015206006397/l21375ae10vq.htm,1620595552,17:25:52,20210509
59,2006-03-31,NC,USD,2006-05-03,2006-05-03 17:28:40,Q1,770400000,649000000.0,121400000.0,0.15758047767393563,0.0,109100000.0,0.0,0.0,96500000.0,745500000.0,13500000.0,15500000.0,40400000.0,0.052440290758047764,24900000.0,0.0323208722741433,23900000.0,15200000.0,0.01973001038421599,3000000.0,12700000.0,0.016484942886812046,1.5433223964029652,1.5427599611273082,8229000.0,8232000.0,https://www.sec.gov/Archives/edgar/data/789933/000095015206003830/0000950152-06-003830-index.htm,https://www.sec.gov/Archives/edgar/data/789933/000095015206001530/l17959ae10vk.htm,1620595552,17:25:52,20210509
60,2005-12-31,NC,USD,2006-03-01,2006-02-28 17:34:23,Q4,906800000,750000000.0,156800000.0,0.1729157476841641,0.0,119400000.0,0.0,0.0,111100000.0,861100000.0,12000000.0,17400000.0,63100000.0,0.069585355094839,45700000.0,0.0503970004411116,9900000.0,35300000.0,0.038928098808998675,7600000.0,32400000.0,0.03573003970004411,3.937294932555596,3.937294932555596,8229000.0,8229000.0,https://www.sec.gov/Archives/edgar/data/789933/000095015206001530/0000950152-06-001530-index.htm,https://www.sec.gov/Archives/edgar/data/789933/000095015206001530/l17959ae10vk.htm,1620595552,17:25:52,20210509
61,2005-09-30,NC,USD,2005-11-03,2005-11-03 17:21:53,Q3,744300000,623200000.0,121100000.0,0.1627032110708048,0.0,102700000.0,0.0,0.0,93300000.0,716500000.0,0.0,16300000.0,44100000.0,0.0592503022974607,27800000.0,0.03735053069998656,10700000.0,16900000.0,0.02270589815934435,3300000.0,13600000.0,0.018272202069058177,1.65,1.65,8225000.0,8225000.0,https://www.sec.gov/Archives/edgar/data/789933/000095015205008734/0000950152-05-008734-index.htm,https://www.sec.gov/Archives/edgar/data/789933/000095015205008734/l16654ae10vq.htm,1620595552,17:25:52,20210509
62,2005-06-30,NC,USD,2005-08-08,2005-08-08 17:24:30,Q2,778500000,653800000.0,124700000.0,0.16017983301220295,0.0,107400000.0,0.0,0.0,99700000.0,753500000.0,11700000.0,16100000.0,41100000.0,0.05279383429672447,25000000.0,0.03211303789338472,9800000.0,15400000.0,0.019781631342324985,4100000.0,11300000.0,0.014515093127809891,1.37,1.37,8224000.0,8224000.0,https://www.sec.gov/Archives/edgar/data/789933/000095015205006704/0000950152-05-006704-index.htm,https://www.sec.gov/Archives/edgar/data/789933/000095015205006704/l15011ae10vq.htm,1620595552,17:25:52,20210509
63,2005-03-31,NC,USD,2005-05-04,2005-05-04 17:15:14,Q1,727800000,617200000.0,110600000.0,0.1519648255015114,0.0,106800000.0,0.0,0.0,98400000.0,715600000.0,11600000.0,17200000.0,29400000.0,0.0403957131079967,12200000.0,0.01676284693597142,11000000.0,3200000.0,0.004396812311074471,-1900000.0,5200000.0,0.007144820005496016,0.63,0.63,8219000.0,8219000.0,https://www.sec.gov/Archives/edgar/data/789933/000095015205003937/0000950152-05-003937-index.htm,https://www.sec.gov/Archives/edgar/data/789933/000095015205002157/l12290ae10vk.htm,1620595552,17:25:52,20210509
64,2004-12-31,NC,USD,2005-03-15,2005-03-15 17:16:00,Q4,856100000,701200000.0,154900000.0,0.18093680644784488,0.0,114100000.0,0.0,0.0,106700000.0,807900000.0,11600000.0,16400000.0,64600000.0,0.07545847447728068,48200000.0,0.056301833897909125,9000000.0,38200000.0,0.044620955495853286,6000000.0,32600000.0,0.03807966359070202,3.966419272417569,3.966419272417569,8219000.0,8219000.0,https://www.sec.gov/Archives/edgar/data/789933/000095015205002157/0000950152-05-002157-index.htm,https://www.sec.gov/Archives/edgar/data/789933/000095015205002157/l12290ae10vk.htm,1620595552,17:25:52,20210509
65,2004-09-30,NC,USD,2004-11-04,2004-11-04 17:21:50,Q3,668000000,555800000.0,112200000.0,0.16796407185628742,0.0,100100000.0,0.0,0.0,91700000.0,647500000.0,0.0,16600000.0,37100000.0,0.055538922155688626,20500000.0,0.030688622754491017,16600000.0,17000000.0,0.025449101796407185,3700000.0,13400000.0,0.020059880239520957,1.63,1.63,8213000.0,8213000.0,https://www.sec.gov/Archives/edgar/data/789933/000095015204007915/0000950152-04-007915-index.htm,https://www.sec.gov/Archives/edgar/data/789933/000095015204007915/l09974ae10vq.htm,1620595552,17:25:52,20210509
66,2004-06-30,NC,USD,2004-08-06,2004-08-06 17:26:08,Q2,644300000,538100000.0,106200000.0,0.1648300481142325,0.0,100500000.0,0.0,0.0,93300000.0,631400000.0,12000000.0,18500000.0,31400000.0,0.048735061306844636,12900000.0,0.02002172900822598,10100000.0,3800000.0,0.005897873661337886,-2500000.0,6400000.0,0.009933260903305914,0.78,0.78,8212000.0,8212000.0,https://www.sec.gov/Archives/edgar/data/789933/000095015204005999/0000950152-04-005999-index.htm,https://www.sec.gov/Archives/edgar/data/789933/000095015204005999/l09025ae10vq.htm,1620595552,17:25:52,20210509
67,2004-03-31,NC,USD,2004-05-10,2004-05-10 11:10:22,Q1,614200000,509800000.0,104400000.0,0.16997720612178444,0.0,98900000.0,0.0,0.0,90400000.0,600200000.0,12100000.0,16100000.0,30100000.0,0.04900683816346467,14000000.0,0.022793878215564962,-100000.0,-6700000.0,-0.01090849886030609,-1900000.0,-4500000.0,-0.007326603712145881,-0.55,-0.55,8208000.0,8208000.0,https://www.sec.gov/Archives/edgar/data/789933/000095015204003789/0000950152-04-003789-index.htm,https://www.sec.gov/Archives/edgar/data/789933/000095015204003789/l06919ae10vq.htm,1620595552,17:25:52,20210509
68,2003-12-31,NC,USD,2003-12-31,2003-12-31,Q4,559100000,446500000.0,112600000.0,0.2013950992666786,0.0,106200000.0,0.0,0.0,75700000.0,522200000.0,800000.0,-6800000.0,30100000.0,0.05383652298336612,36900000.0,0.06599892684671795,30400000.0,35100000.0,0.06277946700053658,10100000.0,27400000.0,0.04900733321409408,3.3382066276803117,3.3382066276803117,8208000.0,8208000.0,,,1620595552,17:25:52,20210509
69,2003-09-30,NC,USD,2003-09-30,2003-09-30,Q3,656100000,531700000.0,124400000.0,0.1896052431031855,0.0,95500000.0,0.0,0.0,95500000.0,627200000.0,16600000.0,29400000.0,58300000.0,0.08885840573083371,28900000.0,0.044048163389727175,-600000.0,12100000.0,0.018442310623380583,400000.0,11700000.0,0.01783264746227709,1.43,1.43,8205000.0,8205000.0,,,1620595552,17:25:52,20210509
70,2003-06-30,NC,USD,2003-06-30,2003-06-30,Q2,637500000,520600000.0,116900000.0,0.18337254901960784,0.0,87300000.0,0.0,0.0,87300000.0,607900000.0,0.0,23300000.0,52900000.0,0.08298039215686275,29600000.0,0.046431372549019606,700000.0,13700000.0,0.021490196078431372,4100000.0,9600000.0,0.015058823529411765,1.17,1.17,8204000.0,8204000.0,,,1620595552,17:25:52,20210509
71,2003-03-31,NC,USD,2003-05-14,2003-05-14,Q1,619900000,507100000.0,112800000.0,0.1819648330375867,0.0,92200000.0,0.0,0.0,92200000.0,599300000.0,0.0,22500000.0,43100000.0,0.06952734311985805,20600000.0,0.033231166317147925,0.0,4100000.0,0.0066139699951605095,1200000.0,4100000.0,0.0066139699951605095,0.5,0.5,8202000.0,8202000.0,https://www.sec.gov/Archives/edgar/data/789933/000078993303000003/0000789933-03-000003-index.htm,https://www.sec.gov/Archives/edgar/data/789933/000078993303000003/form10q_051403.txt,1620595552,17:25:52,20210509
72,2002-12-31,NC,USD,2002-12-31,2002-12-31,Q4,737900000,573700000.0,164200000.0,0.22252337715137552,0.0,98600000.0,0.0,0.0,98600000.0,672300000.0,18000000.0,22500000.0,88100000.0,0.11939287166282694,65600000.0,0.08890093508605502,-9000000.0,38900000.0,0.05271717034828568,7600000.0,25300000.0,0.034286488684103535,3.084613508900268,3.084613508900268,8202000.0,8202000.0,,,1620595552,17:25:52,20210509
73,2002-09-30,NC,USD,2002-11-13,2002-11-13,Q3,624100000,502200000.0,121900000.0,0.19532126261817018,0.0,86600000.0,0.0,0.0,86600000.0,588800000.0,19600000.0,23500000.0,58800000.0,0.09421567056561449,35300000.0,0.05656144848581958,-5500000.0,10600000.0,0.01698445761897132,2600000.0,8000000.0,0.012818458580355713,0.98,0.98,8198000.0,8198000.0,https://www.sec.gov/Archives/edgar/data/789933/000078993302000006/0000789933-02-000006-index.htm,https://www.sec.gov/Archives/edgar/data/789933/000078993302000006/form103q_111302.txt,1620595552,17:25:52,20210509
74,2002-06-30,NC,USD,2002-08-14 00:00:00,2002-08-14 08:53:36,Q2,609600000,495800000.0,113800000.0,0.1866797900262467,0.0,88200000.0,0.0,0.0,88200000.0,584000000.0,17200000.0,22100000.0,47700000.0,0.07824803149606299,25600000.0,0.04199475065616798,-4700000.0,3700000.0,0.006069553805774278,1200000.0,2800000.0,0.004593175853018373,0.34,0.34,8197000.0,8197000.0,https://www.sec.gov/Archives/edgar/data/789933/000078993302000004/0000789933-02-000004-index.html,https://www.sec.gov/Archives/edgar/data/789933/000078993302000004/form10q2q081402.txt,1620595552,17:25:52,20210509
75,2002-03-31,NC,USD,2002-05-13,2002-05-13,Q1,576500000,476100000.0,100400000.0,0.17415437987857763,0.0,81600000.0,0.0,0.0,81600000.0,557700000.0,14500000.0,24600000.0,43400000.0,0.07528187337380746,18800000.0,0.032610581092801384,1700000.0,6000000.0,0.010407632263660017,-100000.0,15400000.0,0.02671292281006071,0.77,0.77,6560427.0,6560427.0,https://www.sec.gov/Archives/edgar/data/789933/000078993302000002/0000789933-02-000002-index.htm,https://www.sec.gov/Archives/edgar/data/789933/000078993302000002/form10q1q_51002.txt,1620595552,17:25:52,20210509
76,2001-12-31,NC,USD,2002-03-26,2002-03-26,Q4,655200000,554500000.0,100700000.0,0.1536935286935287,0.0,101200000.0,0.0,0.0,111800000.0,666300000.0,15500000.0,30100000.0,19000000.0,0.028998778998779,-11100000.0,-0.01694139194139194,-25600000.0,-41600000.0,-0.06349206349206349,-13900000.0,-27700000.0,-0.04227716727716728,-4.2222861408258945,-4.2222861408258945,6560427.0,6560427.0,https://www.sec.gov/Archives/edgar/data/789933/000095015202002365/0000950152-02-002365-index.htm,https://www.sec.gov/Archives/edgar/data/789933/000095015202002365/l93112ae10-k.txt,1620595552,17:25:52,20210509
77,2001-09-30,NC,USD,2001-11-14 00:00:00,2001-11-14 00:00:00,Q3,597500000,510300000.0,87200000.0,0.14594142259414225,0.0,92400000.0,0.0,0.0,96400000.0,606700000.0,15200000.0,29600000.0,20400000.0,0.03414225941422594,-9200000.0,-0.015397489539748954,-11500000.0,-35700000.0,-0.059748953974895394,-8200000.0,-27500000.0,-0.04602510460251046,-3.36,-3.36,8194000.0,8194000.0,https://www.sec.gov/Archives/edgar/data/789933/000078993301500013/0000789933-01-500013-index.html,https://www.sec.gov/Archives/edgar/data/789933/000078993301500013/form10q_111401.txt,1620595552,17:25:52,20210509
78,2001-06-30,NC,USD,2001-08-14 00:00:00,2001-08-14 00:00:00,Q2,668000000,551700000.0,116300000.0,0.17410179640718562,0.0,94200000.0,0.0,0.0,98200000.0,649900000.0,14800000.0,28700000.0,46800000.0,0.07005988023952096,18100000.0,0.027095808383233534,5900000.0,9200000.0,0.013772455089820359,3300000.0,6100000.0,0.009131736526946108,0.74,0.74,8243243.0,8243243.0,https://www.sec.gov/Archives/edgar/data/789933/000078993301500011/0000789933-01-500011-index.html,https://www.sec.gov/Archives/edgar/data/789933/000078993301500011/form2q01.txt,1620595552,17:25:52,20210509
79,2001-03-31,NC,USD,2001-05-14 00:00:00,2001-05-14 00:00:00,Q1,717200000,557700000.0,159500000.0,0.2223926380368098,0.0,93200000.0,0.0,0.0,126400000.0,684100000.0,11400000.0,29200000.0,62300000.0,0.08686558839933073,33100000.0,0.04615170105967652,1400000.0,23300000.0,0.03248745119910764,8900000.0,13100000.0,0.01826547685443391,1.6,1.6,8187500.0,8187500.0,https://www.sec.gov/Archives/edgar/data/789933/000078993301500004/0000789933-01-500004-index.html,https://www.sec.gov/Archives/edgar/data/789933/000078993301500004/form1q1.txt,1620595552,17:25:52,20210509
80,2000-12-31,NC,USD,2001-03-30 00:00:00,2001-03-30 00:00:00,Q4,808900000,729600000.0,79300000.0,0.09803436765978489,0.0,97500000.0,0.0,0.0,30300000.0,759900000.0,13000000.0,28800000.0,77800000.0,0.09617999752750649,49000000.0,0.06057609098776116,-27800000.0,8300000.0,0.01026084806527383,2200000.0,36000000.0,0.04450488317468167,4.396946564885496,4.396946564885496,8187500.0,8187500.0,https://www.sec.gov/Archives/edgar/data/789933/000095015201001970/0000950152-01-001970-index.html,https://www.sec.gov/Archives/edgar/data/789933/000095015201001970/l87125be10-k.txt,1620595552,17:25:52,20210509
81,2000-09-30,NC,USD,2000-11-13 00:00:00,2000-11-13 00:00:00,Q3,691900000,545400000.0,146500000.0,0.2117357999710941,0.0,90400000.0,0.0,0.0,116400000.0,661800000.0,12100000.0,26000000.0,56100000.0,0.08108108108108109,30100000.0,0.04350339644457291,-2400000.0,15300000.0,0.022113022113022112,6400000.0,8900000.0,0.012863130510189334,1.09,1.09,8165138.0,8165138.0,https://www.sec.gov/Archives/edgar/data/789933/000078993300000007/0000789933-00-000007-index.html,https://www.sec.gov/Archives/edgar/data/789933/000078993300000007/0000789933-00-000007-0001.txt,1620595552,17:25:52,20210509
82,2000-06-30,NC,USD,2000-08-11 00:00:00,2000-08-11 00:00:00,Q2,697300000,548900000.0,148400000.0,0.2128208805392227,0.0,89700000.0,0.0,0.0,115200000.0,664100000.0,0.0,25500000.0,58700000.0,0.08418184425641762,33200000.0,0.04761221855729241,-200000.0,21700000.0,0.031120034418471245,8100000.0,13600000.0,0.01950380037286677,1.67,1.67,8143713.0,8143713.0,https://www.sec.gov/Archives/edgar/data/789933/000078993300000005/0000789933-00-000005-index.html,https://www.sec.gov/Archives/edgar/data/789933/000078993300000005/0000789933-00-000005-0001.txt,1620595552,17:25:52,20210509
83,2000-03-31,NC,USD,2000-05-12 00:00:00,2000-05-12 00:00:00,Q1,673200000,531200000.0,142000000.0,0.21093285799168152,0.0,89400000.0,0.0,0.0,115200000.0,646400000.0,10700000.0,25800000.0,52600000.0,0.07813428401663695,26800000.0,0.0398098633392751,-1600000.0,14800000.0,0.021984551396316103,5600000.0,9200000.0,0.013666072489601902,1.13,1.13,8141593.0,8141593.0,https://www.sec.gov/Archives/edgar/data/789933/000078993300000003/0000789933-00-000003-index.html,https://www.sec.gov/Archives/edgar/data/789933/0000789933-00-000003.txt,1620595552,17:25:52,20210509
84,1999-12-31,NC,USD,1999-12-31,1999-12-31,Q4,730300000,579800000.0,150500000.0,0.2060796932767356,0.0,89300000.0,0.0,0.0,111200000.0,691000000.0,0.0,21900000.0,61200000.0,0.08380117759824729,39300000.0,0.05381350130083527,-3000000.0,27100000.0,0.03710803779268794,9000000.0,18100000.0,0.024784335204710392,2.223152152164816,2.223152152164816,8141593.0,8141593.0,,,1620595552,17:25:52,20210509
85,1999-09-30,NC,USD,1999-09-30,1999-09-30,Q3,614300000,477000000.0,137300000.0,0.22350643008302132,0.0,84100000.0,0.0,0.0,112700000.0,589700000.0,12300000.0,28600000.0,53200000.0,0.0866026371479733,24600000.0,0.04004558033534104,-300000.0,11600000.0,0.018883281784144553,4600000.0,7000000.0,0.011395083835259645,0.86,0.86,8139535.0,8139535.0,,,1620595552,17:25:52,20210509
86,1999-06-30,NC,USD,1999-06-30,1999-06-30,Q2,644700000,500100000.0,144600000.0,0.22429036761284318,0.0,83100000.0,0.0,0.0,107400000.0,607500000.0,0.0,24300000.0,61500000.0,0.09539320614239181,37200000.0,0.0577012563983248,-100000.0,26500000.0,0.041104389638591594,10200000.0,16300000.0,0.025283077400341244,2.0,2.0,8150000.0,8150000.0,,,1620595552,17:25:52,20210509
87,1999-03-31,NC,USD,1999-03-31,1999-03-31,Q1,613500000,472400000.0,141100000.0,0.2299918500407498,0.0,80500000.0,0.0,0.0,109700000.0,582100000.0,10200000.0,29200000.0,60600000.0,0.09877750611246944,31400000.0,0.05118174409127954,-400000.0,20800000.0,0.033903830480847594,7900000.0,11700000.0,0.019070904645476772,1.53,1.53,7647059.0,7647059.0,,,1620595552,17:25:52,20210509
88,1998-12-31,NC,USD,1998-12-31,1998-12-31,Q4,739000000,559400000.0,179600000.0,0.24303112313937753,0.0,94200000.0,0.0,0.0,119300000.0,678700000.0,9400000.0,25100000.0,85400000.0,0.1155615696887686,60300000.0,0.08159675236806495,-2600000.0,48300000.0,0.06535859269282815,16800000.0,31500000.0,0.04262516914749662,4.1192306741716,4.1192306741716,7647059.0,7647059.0,,,1620595552,17:25:52,20210509
89,1998-09-30,NC,USD,1998-11-13 00:00:00,1998-11-13 00:00:00,Q3,583700000,447800000.0,135900000.0,0.23282508137741992,0.0,71100000.0,0.0,0.0,92600000.0,540400000.0,8900000.0,21500000.0,64800000.0,0.11101593284221346,43300000.0,0.07418194277882474,-1500000.0,32600000.0,0.05585060818913826,12200000.0,20400000.0,0.03494946033921535,2.5,2.5,8160000.0,8160000.0,https://www.sec.gov/Archives/edgar/data/789933/000078993398000013/0000789933-98-000013-index.html,https://www.sec.gov/Archives/edgar/data/789933/0000789933-98-000013.txt,1620595552,17:25:52,20210509
90,1998-06-30,NC,USD,1998-06-30,1998-06-30,Q2,614200000,476900000.0,137300000.0,0.22354281992836209,0.0,69500000.0,0.0,0.0,90300000.0,567200000.0,0.0,20800000.0,67800000.0,0.1103874959296646,47000000.0,0.07652230543796809,4200000.0,42400000.0,0.06903288830999674,16100000.0,26300000.0,0.04281992836209704,3.22,3.21,8167702.0,8193146.0,,,1620595552,17:25:52,20210509
91,1998-03-31,NC,USD,1998-03-31,1998-03-31,Q1,599300000,462400000.0,136900000.0,0.2284331720340397,0.0,66200000.0,0.0,0.0,87800000.0,550200000.0,0.0,21600000.0,70700000.0,0.11797096612714834,49100000.0,0.0819289170699149,-900000.0,39700000.0,0.06624395127648924,15600000.0,24100000.0,0.04021358251293175,2.95,2.95,8169492.0,8169492.0,,,1620595552,17:25:52,20210509
92,1997-12-31,NC,USD,1997-12-31,1997-12-31,Q4,668700000,517200000.0,151500000.0,0.2265589950650516,0.0,76100000.0,0.0,0.0,98800000.0,616000000.0,0.0,22700000.0,75400000.0,0.11275609391356363,52700000.0,0.0788096306265889,-20100000.0,31800000.0,0.04755495737999103,2200000.0,29600000.0,0.044264991775085985,3.6232363040443643,3.6232363040443643,8169492.0,8169492.0,,,1620595552,17:25:52,20210509
93,1997-09-30,NC,USD,1997-11-14 00:00:00,1997-11-14 00:00:00,Q3,557400000,433300000.0,124100000.0,0.22264083243631144,0.0,64300000.0,0.0,0.0,86600000.0,519900000.0,0.0,22300000.0,59800000.0,0.1072838177251525,37500000.0,0.06727664155005382,-3400000.0,25100000.0,0.04503049874416936,10600000.0,14500000.0,0.026013634732687477,1.78,1.78,8146067.0,8146067.0,https://www.sec.gov/Archives/edgar/data/789933/000078993397000012/0000789933-97-000012-index.html,https://www.sec.gov/Archives/edgar/data/789933/0000789933-97-000012.txt,1620595552,17:25:52,20210509
94,1997-06-30,NC,USD,1997-08-12 00:00:00,1997-08-12 00:00:00,Q2,541100000,422600000.0,118500000.0,0.21899833672149324,0.0,62600000.0,0.0,0.0,84700000.0,507300000.0,9300000.0,22100000.0,55900000.0,0.10330807614119386,33800000.0,0.0624653483644428,2000000.0,26200000.0,0.048419885418591754,11300000.0,14900000.0,0.027536499722786916,1.82,1.82,8186813.0,8186813.0,https://www.sec.gov/Archives/edgar/data/789933/000078993397000007/0000789933-97-000007-index.html,https://www.sec.gov/Archives/edgar/data/789933/0000789933-97-000007.txt,1620595552,17:25:52,20210509
95,1997-03-31,NC,USD,1997-05-15 00:00:00,1997-05-15 00:00:00,Q1,479700000,380000000.0,99700000.0,0.20783823222847614,0.0,62200000.0,0.0,0.0,83700000.0,463700000.0,10000000.0,21500000.0,37500000.0,0.07817385866166354,16000000.0,0.03335417969564311,-800000.0,5100000.0,0.010631644777986242,2300000.0,2800000.0,0.005836981446737544,0.35,0.35,8000000.0,8000000.0,https://www.sec.gov/Archives/edgar/data/789933/000078993397000004/0000789933-97-000004-index.html,https://www.sec.gov/Archives/edgar/data/789933/0000789933-97-000004.txt,1620595552,17:25:52,20210509
96,1996-12-31,NC,USD,1996-12-31,1996-12-31,Q4,619100000,483700000.0,135400000.0,0.21870457115167177,0.0,71900000.0,0.0,0.0,94100000.0,577800000.0,7000000.0,22200000.0,63500000.0,0.10256824422548862,41300000.0,0.06670973994508157,-7600000.0,26700000.0,0.04312712001292198,10600000.0,16100000.0,0.0260054918429979,2.0125,2.0125,8000000.0,8000000.0,,,1620595552,17:25:52,20210509
97,1996-09-30,NC,USD,1996-11-13 00:00:00,1996-11-13 00:00:00,Q3,536000000,420100000.0,115900000.0,0.2162313432835821,0.0,68800000.0,0.0,0.0,90100000.0,510200000.0,12900000.0,21300000.0,47100000.0,0.08787313432835821,25800000.0,0.04813432835820895,1400000.0,13700000.0,0.025559701492537314,6100000.0,7600000.0,0.014179104477611941,0.85,0.85,8941176.0,8941176.0,https://www.sec.gov/Archives/edgar/data/789933/000078993396000020/0000789933-96-000020-index.html,https://www.sec.gov/Archives/edgar/data/789933/0000789933-96-000020.txt,1620595552,17:25:52,20210509
98,1996-06-30,NC,USD,1996-08-14 00:00:00,1996-08-14 00:00:00,Q2,560500000,435400000.0,125100000.0,0.22319357716324711,0.0,69800000.0,0.0,0.0,90800000.0,526200000.0,13000000.0,21000000.0,55300000.0,0.09866190900981267,34300000.0,0.06119536128456735,4100000.0,24900000.0,0.044424620874219445,10900000.0,14000000.0,0.024977698483496878,1.56,1.56,8974359.0,8974359.0,https://www.sec.gov/Archives/edgar/data/789933/000078993396000012/0000789933-96-000012-index.html,https://www.sec.gov/Archives/edgar/data/789933/0000789933-96-000012.txt,1620595552,17:25:52,20210509
99,1996-03-31,NC,USD,1996-05-15 00:00:00,1996-05-15 00:00:00,Q1,559500000,435200000.0,124300000.0,0.2221626452189455,0.0,71900000.0,0.0,0.0,92700000.0,527900000.0,13000000.0,20800000.0,52400000.0,0.09365504915102771,31600000.0,0.05647899910634495,1100000.0,19600000.0,0.03503127792672028,6700000.0,12900000.0,0.023056300268096516,1.44,1.44,8958333.0,8958333.0,https://www.sec.gov/Archives/edgar/data/789933/000078993396000003/0000789933-96-000003-index.html,https://www.sec.gov/Archives/edgar/data/789933/0000789933-96-000003.txt,1620595552,17:25:52,20210509
100,1995-12-31,NC,USD,1996-03-29 00:00:00,1996-03-29 00:00:00,Q4,639700000,505900000.0,133800000.0,0.20916054400500234,0.0,70200000.0,0.0,0.0,90100000.0,596000000.0,12000000.0,19900000.0,63600000.0,0.09942160387681725,43700000.0,0.0683132718461779,5900000.0,36100000.0,0.05643270282945131,11800000.0,56600000.0,0.08847897451930592,6.318139769977294,6.318139769977294,8958333.0,8958333.0,https://www.sec.gov/Archives/edgar/data/789933/000095015296001243/0000950152-96-001243-index.html,https://www.sec.gov/Archives/edgar/data/789933/0000950152-96-001243.txt,1620595552,17:25:52,20210509
101,1995-09-30,NC,USD,1995-11-14 00:00:00,1995-11-14 00:00:00,Q3,536400000,420600000.0,115800000.0,0.21588366890380314,0.0,63500000.0,0.0,0.0,83300000.0,503900000.0,13500000.0,19800000.0,52300000.0,0.09750186428038778,32500000.0,0.06058911260253542,3200000.0,21200000.0,0.0395227442207308,7500000.0,11600000.0,0.02162565249813572,1.29,1.29,8992248.0,8992248.0,https://www.sec.gov/Archives/edgar/data/789933/000078993395000009/0000789933-95-000009-index.html,https://www.sec.gov/Archives/edgar/data/789933/0000789933-95-000009.txt,1620595552,17:25:52,20210509
102,1995-06-30,NC,USD,1995-08-14 00:00:00,1995-08-14 00:00:00,Q2,514300000,402000000.0,112300000.0,0.21835504569317518,0.0,64100000.0,0.0,0.0,83400000.0,485400000.0,12400000.0,19300000.0,48200000.0,0.09371961889947501,28900000.0,0.056192883531013024,6200000.0,22100000.0,0.04297102858253937,7400000.0,14700000.0,0.02858253937390628,1.64,1.64,8963415.0,8963415.0,https://www.sec.gov/Archives/edgar/data/789933/000078993395000007/0000789933-95-000007-index.html,https://www.sec.gov/Archives/edgar/data/789933/0000789933-95-000007.txt,1620595552,17:25:52,20210509
103,1995-03-31,NC,USD,1995-05-15 00:00:00,1995-05-15 00:00:00,Q1,500000000,384700000.0,115300000.0,0.2306,0.0,63100000.0,0.0,0.0,83400000.0,468100000.0,14000000.0,20300000.0,52200000.0,0.1044,31900000.0,0.0638,3100000.0,20700000.0,0.0414,7900000.0,11500000.0,0.023,1.29,1.29,8914729.0,8914729.0,https://www.sec.gov/Archives/edgar/data/789933/000078993395000005/0000789933-95-000005-index.html,https://www.sec.gov/Archives/edgar/data/789933/0000789933-95-000005.txt,1620595552,17:25:52,20210509
104,1994-12-31,NC,USD,1995-03-31 00:00:00,1995-03-31 00:00:00,Q4,553000000,436300000.0,116700000.0,0.21103074141048825,0.0,61500000.0,0.0,0.0,81400000.0,517700000.0,14700000.0,19900000.0,55200000.0,0.09981916817359855,35300000.0,0.06383363471971067,14300000.0,33300000.0,0.060216998191681734,11000000.0,22300000.0,0.040325497287522605,2.5014781716864305,2.5014781716864305,8914729.0,8914729.0,https://www.sec.gov/Archives/edgar/data/789933/000095015295000516/0000950152-95-000516-index.html,https://www.sec.gov/Archives/edgar/data/789933/0000950152-95-000516.txt,1620595552,17:25:52,20210509
105,1994-09-30,NC,USD,1994-11-10 00:00:00,1994-11-10 00:00:00,Q3,480300000,366200000.0,114100000.0,0.2375598584218197,0.0,58500000.0,0.0,0.0,78800000.0,445000000.0,15100000.0,20300000.0,55600000.0,0.11576098271913388,35300000.0,0.07349573183427024,1500000.0,20900000.0,0.04351447012283989,9900000.0,11000000.0,0.02290235269623152,1.23,1.23,8943089.0,8943089.0,https://www.sec.gov/Archives/edgar/data/789933/000078993394000006/0000789933-94-000006-index.html,https://www.sec.gov/Archives/edgar/data/789933/0000789933-94-000006.txt,1620595552,17:25:52,20210509
106,1994-06-30,NC,USD,1994-08-15 00:00:00,1994-08-15 00:00:00,Q2,436900000,329700000.0,107200000.0,0.24536507209887845,0.0,54600000.0,0.0,0.0,74400000.0,404100000.0,15900000.0,19800000.0,52600000.0,0.12039368276493477,32800000.0,0.07507438773174639,300000.0,17000000.0,0.038910505836575876,7800000.0,6000000.0,0.01373311970702678,0.67,0.67,8955224.0,8955224.0,https://www.sec.gov/Archives/edgar/data/789933/000078993394000005/0000789933-94-000005-index.html,https://www.sec.gov/Archives/edgar/data/789933/0000789933-94-000005.txt,1620595552,17:25:52,20210509
107,1994-03-31,NC,USD,1994-05-13 00:00:00,1994-05-13 00:00:00,Q1,383200000,288700000.0,94500000.0,0.24660751565762004,0.0,54100000.0,0.0,0.0,74300000.0,363000000.0,14800000.0,20200000.0,40400000.0,0.10542797494780794,20200000.0,0.05271398747390397,-900000.0,4800000.0,0.012526096033402923,2000000.0,2800000.0,0.007306889352818371,0.31,0.31,9032258.0,9032258.0,https://www.sec.gov/Archives/edgar/data/789933/000078993394000001/0000789933-94-000001-index.html,https://www.sec.gov/Archives/edgar/data/789933/0000789933-94-000001.txt,1620595552,17:25:52,20210509
108,1993-12-31,NC,USD,1993-12-31,1993-12-31,Q4,445100000,337000000.0,108100000.0,0.24286677151201977,0.0,0.0,0.0,0.0,69200000.0,406200000.0,16000000.0,19700000.0,58600000.0,0.13165580768366658,38900000.0,0.08739609076611997,-200000.0,22300000.0,0.050101100876207595,12500000.0,9800000.0,0.022017524151875984,1.1270000225400005,1.1270000225400005,8695652.0,8695652.0,,,1620595552,17:25:52,20210509
109,1993-09-30,NC,USD,1993-09-30,1993-09-30,Q3,401700000,308100000.0,93600000.0,0.23300970873786409,0.0,0.0,0.0,0.0,68900000.0,377000000.0,17700000.0,20500000.0,45200000.0,0.11252178242469504,24700000.0,0.061488673139158574,-3100000.0,4000000.0,0.009957679860592481,2000000.0,2000000.0,0.004978839930296241,0.23,0.23,8695652.0,8695652.0,,,1620595552,17:25:52,20210509
110,1993-06-30,NC,USD,1993-06-30,1993-06-30,Q2,358700000,274700000.0,84000000.0,0.23417897964873152,0.0,0.0,0.0,0.0,70700000.0,345400000.0,15500000.0,18800000.0,32100000.0,0.08948982436576526,13300000.0,0.03707833844438249,800000.0,-800000.0,-0.002230275996654586,-600000.0,-3500000.0,-0.009757457485363814,-0.39,-0.39,8974359.0,8974359.0,,,1620595552,17:25:52,20210509
111,1993-03-31,NC,USD,1993-03-31,1993-03-31,Q1,343800000,256900000.0,86900000.0,0.2527632344386271,0.0,0.0,0.0,0.0,67500000.0,324400000.0,15000000.0,19100000.0,38500000.0,0.11198371146015125,19400000.0,0.0564281559045957,-5200000.0,0.0,0.0,-300000.0,0.0,0.0,0.0,0.0,8937000.0,8937000.0,,,1620595552,17:25:52,20210509
112,1992-12-31,NC,USD,1992-12-31,1992-12-31,Q4,416100000,318200000.0,97900000.0,0.23527998077385243,0.0,0.0,0.0,0.0,71200000.0,389400000.0,15100000.0,17900000.0,44600000.0,0.10718577265080509,26700000.0,0.06416726748377793,9700000.0,21300000.0,0.05118961788031723,9300000.0,-98000000.0,-0.23552030761836096,-11.024999862187501,-11.024999862187501,8888889.0,8888889.0,,,1620595552,17:25:52,20210509
113,1992-09-30,NC,USD,1992-09-30,1992-09-30,Q3,388500000,287500000.0,101000000.0,0.25997425997426,0.0,0.0,0.0,0.0,66100000.0,353600000.0,15200000.0,16800000.0,51700000.0,0.13307593307593307,34900000.0,0.08983268983268983,-1700000.0,18000000.0,0.04633204633204633,8400000.0,9600000.0,0.02471042471042471,1.08,1.08,8888889.0,8888889.0,,,1620595552,17:25:52,20210509
114,1992-06-30,NC,USD,1992-06-30,1992-06-30,Q2,345500000,258500000.0,87000000.0,0.25180897250361794,0.0,0.0,0.0,0.0,64000000.0,322500000.0,15500000.0,16500000.0,39500000.0,0.11432706222865413,23000000.0,0.06657018813314038,-4400000.0,3200000.0,0.009261939218523878,1800000.0,1400000.0,0.004052098408104197,0.16,0.16,8750000.0,8750000.0,,,1620595552,17:25:52,20210509
115,1992-03-31,NC,USD,1992-03-31,1992-03-31,Q1,316900000,233300000.0,83600000.0,0.26380561691385296,0.0,0.0,0.0,0.0,64400000.0,297700000.0,0.0,16700000.0,35900000.0,0.11328494793310193,19200000.0,0.06058693594193752,-2200000.0,1000000.0,0.003155569580309246,-100000.0,1100000.0,0.0034711265383401703,0.12,0.12,9166667.0,9166667.0,,,1620595552,17:25:52,20210509
116,1991-12-31,NC,USD,1991-12-31,1991-12-31,Q4,379800000,284400000.0,95400000.0,0.25118483412322273,0.0,0.0,0.0,0.0,69700000.0,354100000.0,17300000.0,16500000.0,42200000.0,0.1111111111111111,25700000.0,0.06766719325961032,4900000.0,13300000.0,0.03501843075302791,3200000.0,10100000.0,0.02659294365455503,1.1394872262353735,1.1394872262353735,8863636.0,8863636.0,,,1620595552,17:25:52,20210509
117,1991-09-30,NC,USD,1991-09-30,1991-09-30,Q3,351000000,259000000.0,92000000.0,0.2621082621082621,0.0,0.0,0.0,0.0,62200000.0,321200000.0,17600000.0,16500000.0,46300000.0,0.1319088319088319,29800000.0,0.0849002849002849,-1600000.0,10500000.0,0.029914529914529916,6600000.0,3900000.0,0.011111111111111112,0.44,0.44,8863636.0,8863636.0,,,1620595552,17:25:52,20210509
118,1991-06-30,NC,USD,1991-06-30,1991-06-30,Q2,323700000,234700000.0,89000000.0,0.27494593759654,0.0,0.0,0.0,0.0,61100000.0,295800000.0,18200000.0,17000000.0,44900000.0,0.13870868087735558,27900000.0,0.08619091751621873,-1700000.0,8000000.0,0.02471424158171146,3300000.0,4700000.0,0.014519616929255484,0.53,0.53,8867925.0,8867925.0,,,1620595552,17:25:52,20210509
119,1991-03-31,NC,USD,1991-03-31,1991-03-31,Q1,304900000,223800000.0,81100000.0,0.2659888488028862,0.0,0.0,0.0,0.0,61600000.0,285400000.0,19200000.0,16500000.0,36000000.0,0.11807149885208265,19500000.0,0.06395539521154477,-2200000.0,-1900000.0,-0.006231551328304362,-3600000.0,1700000.0,0.0055755985569039025,0.2,0.2,8500000.0,8500000.0,,,1620595552,17:25:52,20210509
120,1990-12-31,NC,USD,1990-12-31,1990-12-31,Q4,389700000,286300000.0,103400000.0,0.26533230690274573,0.0,0.0,0.0,0.0,100500000.0,386800000.0,21000000.0,19400000.0,22300000.0,0.05722350526045676,2900000.0,0.007441621760328458,13900000.0,-4100000.0,-0.010520913523222993,-3400000.0,-700000.0,-0.001796253528355145,-0.07855555634111112,-0.07855555634111112,8910891.0,8910891.0,,,1620595552,17:25:52,20210509
121,1990-09-30,NC,USD,1990-09-30,1990-09-30,Q3,324400000,228500000.0,95900000.0,0.29562268803945746,0.0,0.0,0.0,0.0,61500000.0,290000000.0,18900000.0,14800000.0,49200000.0,0.15166461159062886,34400000.0,0.1060419235511714,2600000.0,18200000.0,0.056103575832305796,9200000.0,9000000.0,0.027743526510480888,1.01,1.01,8910891.0,8910891.0,,,1620595552,17:25:52,20210509
122,1990-06-30,NC,USD,1990-06-30,1990-06-30,Q2,331700000,230700000.0,101000000.0,0.30449201085318056,0.0,0.0,0.0,0.0,65400000.0,296100000.0,19600000.0,14900000.0,50500000.0,0.15224600542659028,35600000.0,0.10732589689478444,-100000.0,15900000.0,0.047934880916490806,6000000.0,9900000.0,0.029846246608381068,1.12,1.12,8839286.0,8839286.0,,,1620595552,17:25:52,20210509
123,1990-03-31,NC,USD,1990-03-31,1990-03-31,Q1,328200000,226000000.0,102200000.0,0.3113954905545399,0.0,0.0,0.0,0.0,58800000.0,284800000.0,19500000.0,15200000.0,58600000.0,0.1785496648385131,43400000.0,0.13223644119439365,-3900000.0,20000000.0,0.06093845216331505,7300000.0,12700000.0,0.038695917123705056,1.43,1.43,8881119.0,8881119.0,,,1620595552,17:25:52,20210509
124,1989-12-31,NC,USD,1989-12-31,1989-12-31,Q4,404300000,285400000.0,118900000.0,0.2940885481078407,0.0,0.0,0.0,0.0,74900000.0,360300000.0,23500000.0,14500000.0,58500000.0,0.14469453376205788,44000000.0,0.10883007667573584,16800000.0,37100000.0,0.09176354192431363,18200000.0,18900000.0,0.04674746475389562,2.1228260408081296,2.1228260408081296,8903226.0,8903226.0,,,1620595552,17:25:52,20210509
125,1989-09-30,NC,USD,1989-09-30,1989-09-30,Q3,369900000,246100000.0,123800000.0,0.33468505001351717,0.0,0.0,0.0,0.0,75800000.0,321900000.0,25400000.0,15400000.0,63400000.0,0.17139767504731007,48000000.0,0.129764801297648,1100000.0,23600000.0,0.06380102730467695,9800000.0,13800000.0,0.0373073803730738,1.55,1.55,8903226.0,8903226.0,,,1620595552,17:25:52,20210509
126,1989-06-30,NC,USD,1989-06-30,1989-06-30,Q2,254500000,176100000.0,78400000.0,0.30805500982318273,0.0,0.0,0.0,0.0,48600000.0,224700000.0,14100000.0,0.0,35800000.0,0.1406679764243615,29800000.0,0.11709233791748526,5200000.0,20900000.0,0.08212180746561885,7500000.0,13400000.0,0.052652259332023575,1.51,1.51,8874172.0,8874172.0,,,1620595552,17:25:52,20210509
127,1989-03-31,NC,USD,1989-03-31,1989-03-31,Q1,151200000,0.0,0.0,0.0,0.0,0.0,0.0,0.0,0.0,0.0,0.0,0.0,151200000.0,1.0,151200000.0,1.0,0.0,0.0,0.0,0.0,0.0,0.0,0.89,0.89,8868000.0,8868000.0,,,1620595552,17:25:52,20210509
128,1988-12-31,NC,USD,1988-12-31,1988-12-31,Q4,136700000,0.0,0.0,0.0,0.0,0.0,0.0,0.0,0.0,0.0,0.0,0.0,-419100000.0,-3.065837600585223,-419100000.0,-3.065837600585223,0.0,0.0,0.0,0.0,0.0,0.0,0.0,0.0,8861000.0,8861000.0,,,1620595552,17:25:52,20210509
129,1988-09-30,NC,USD,1988-09-30,1988-09-30,Q3,188600000,0.0,0.0,0.0,0.0,0.0,0.0,0.0,0.0,0.0,0.0,0.0,188600000.0,1.0,188600000.0,1.0,0.0,0.0,0.0,0.0,0.0,0.0,1.39,1.39,8861000.0,8861000.0,,,1620595552,17:25:52,20210509
130,1988-06-30,NC,USD,1988-06-30,1988-06-30,Q2,160200000,0.0,0.0,0.0,0.0,0.0,0.0,0.0,0.0,0.0,0.0,0.0,160200000.0,1.0,160200000.0,1.0,0.0,0.0,0.0,0.0,0.0,0.0,1.77,1.77,8833000.0,8833000.0,,,1620595552,17:25:52,20210509
131,1988-03-31,NC,USD,1988-03-31,1988-03-31,Q1,108100000,0.0,0.0,0.0,0.0,0.0,0.0,0.0,0.0,0.0,0.0,0.0,108100000.0,1.0,108100000.0,1.0,0.0,0.0,0.0,0.0,0.0,0.0,0.78,0.78,9022000.0,9022000.0,,,1620595552,17:25:52,20210509
132,1987-12-31,NC,USD,1987-12-31,1987-12-31,Q4,107300000,0.0,0.0,0.0,0.0,0.0,0.0,0.0,0.0,0.0,0.0,0.0,-312900000.0,-2.9161230195712955,-312900000.0,-2.9161230195712955,0.0,0.0,0.0,0.0,0.0,0.0,0.0,0.0,8992000.0,8992000.0,,,1620595552,17:25:52,20210509
133,1987-09-30,NC,USD,1987-09-30,1987-09-30,Q3,104600000,0.0,0.0,0.0,0.0,0.0,0.0,0.0,0.0,0.0,0.0,0.0,104600000.0,1.0,104600000.0,1.0,0.0,0.0,0.0,0.0,0.0,0.0,0.64,0.64,8992000.0,8992000.0,,,1620595552,17:25:52,20210509
134,1987-06-30,NC,USD,1987-06-30,1987-06-30,Q2,115400000,0.0,0.0,0.0,0.0,0.0,0.0,0.0,0.0,0.0,0.0,0.0,115400000.0,1.0,115400000.0,1.0,0.0,0.0,0.0,0.0,0.0,0.0,1.76,1.76,9300000.0,9300000.0,,,1620595552,17:25:52,20210509
135,1987-03-31,NC,USD,1987-03-31,1987-03-31,Q1,131300000,0.0,0.0,0.0,0.0,0.0,0.0,0.0,0.0,0.0,0.0,0.0,131300000.0,1.0,131300000.0,1.0,0.0,0.0,0.0,0.0,0.0,0.0,0.66,0.66,9383000.0,9383000.0,,,1620595552,17:25:52,20210509
136,1986-12-31,NC,USD,1986-12-31,1986-12-31,Q4,147700000,0.0,0.0,0.0,0.0,0.0,0.0,0.0,0.0,0.0,0.0,0.0,-365300000.0,-2.4732566012186865,-365300000.0,-2.4732566012186865,0.0,0.0,0.0,0.0,0.0,0.0,0.0,0.0,9583000.0,9583000.0,,,1620595552,17:25:52,20210509
137,1986-09-30,NC,USD,1986-09-30,1986-09-30,Q3,145900000,0.0,0.0,0.0,0.0,0.0,0.0,0.0,0.0,0.0,0.0,0.0,145900000.0,1.0,145900000.0,1.0,0.0,0.0,0.0,0.0,0.0,0.0,0.64,0.64,9583000.0,9583000.0,,,1620595552,17:25:52,20210509
138,1986-06-30,NC,USD,1986-06-30,1986-06-30,Q2,142800000,0.0,0.0,0.0,0.0,0.0,0.0,0.0,0.0,0.0,0.0,0.0,142800000.0,1.0,142800000.0,1.0,0.0,0.0,0.0,0.0,0.0,0.0,1.11,1.11,9838000.0,9838000.0,,,1620595552,17:25:52,20210509
139,1986-03-31,NC,USD,1986-03-31,1986-03-31,Q1,147600000,0.0,0.0,0.0,0.0,0.0,0.0,0.0,0.0,0.0,0.0,0.0,147600000.0,1.0,147600000.0,1.0,0.0,0.0,0.0,0.0,0.0,0.0,0.8,0.8,9482000.0,9482000.0,,,1620595552,17:25:52,20210509
140,1985-12-31,NC,USD,1985-12-31,1985-12-31,Q4,150900000,0.0,0.0,0.0,0.0,0.0,0.0,0.0,0.0,0.0,0.0,0.0,-318600000.0,-2.1113320079522864,-318600000.0,-2.1113320079522864,0.0,0.0,0.0,0.0,0.0,0.0,0.0,0.0,9472000.0,9472000.0,,,1620595552,17:25:52,20210509
141,1985-09-30,NC,USD,1985-09-30,1985-09-30,Q3,142200000,0.0,0.0,0.0,0.0,0.0,0.0,0.0,0.0,0.0,0.0,0.0,142200000.0,1.0,142200000.0,1.0,0.0,0.0,0.0,0.0,0.0,0.0,0.6,0.6,9472000.0,9472000.0,,,1620595552,17:25:52,20210509
