,date,symbol,reportedCurrency,fillingDate,acceptedDate,period,revenue,costOfRevenue,grossProfit,grossProfitRatio,researchAndDevelopmentExpenses,generalAndAdministrativeExpenses,sellingAndMarketingExpenses,otherExpenses,operatingExpenses,costAndExpenses,interestExpense,depreciationAndAmortization,ebitda,ebitdaratio,operatingIncome,operatingIncomeRatio,totalOtherIncomeExpensesNet,incomeBeforeTax,incomeBeforeTaxRatio,incomeTaxExpense,netIncome,netIncomeRatio,eps,epsdiluted,weightedAverageShsOut,weightedAverageShsOutDil,link,finalLink,timestamp,est_time,est_date
0,2020-09-30,BXB.AX,AUD,2020-09-30,2020-09-30,Q3,1724318811.0156,880373014.7166,843945796.299,0.4894372148048003,0.0,282602360.483775,0.0,35334401.865075,81742678.1291,0.0,28413230.365725,223007431.15255,479600757.68612504,0.2781392597600016,256593326.533575,0.1488085178299743,25134780.70815,249963572.781575,0.14496366401892344,76132886.492775,163193938.51085,0.09464255534899085,0.10241868866000377,0.10241868866000377,1593400000,1593400000,,,1620589806,15:50:06,20210509
1,2020-06-30,BXB.AX,AUD,2020-06-30,2020-06-30,Q2,1724318811.0156,880373014.7166,843945796.299,0.4894372148048003,0.0,282602360.483775,0.0,35334401.865075,81742678.1291,0.0,28413230.365725,223007431.15255,479600757.68612504,0.2781392597600016,256593326.533575,0.1488085178299743,25134780.70815,249963572.781575,0.14496366401892344,76132886.492775,163193938.51085,0.09464255534899085,0.10241868866000377,0.10241868866000377,1593400000,1593400000,,,1620589806,15:50:06,20210509
2,2020-03-31,BXB.AX,AUD,2020-03-31,2020-03-31,Q1,1724318811.0156,880373014.7166,843945796.299,0.4894372148048003,0.0,282602360.483775,0.0,35334401.865075,81742678.1291,0.0,28413230.365725,223007431.15255,479600757.68612504,0.2781392597600016,256593326.533575,0.1488085178299743,25134780.70815,249963572.781575,0.14496366401892344,76132886.492775,163193938.51085,0.09464255534899085,0.10241868866000377,0.10241868866000377,1593400000,1593400000,,,1620589806,15:50:06,20210509
3,2020-01-31,BXB.AX,AUD,2020-01-31,2020-01-31,Q1,1724318811.0156,880373014.7166,843945796.299,0.4894372148048003,0.0,282602360.483775,0.0,35334401.865075,81742678.1291,0.0,28413230.365725,223007431.15255,479600757.68612504,0.2781392597600016,256593326.533575,0.1488085178299743,25134780.70815,249963572.781575,0.14496366401892344,76132886.492775,163193938.51085,0.09464255534899085,0.10241868866000377,0.10241868866000377,1593400000,1593400000,,,1620589806,15:50:06,20210509
4,2019-06-30,BXB.AX,AUD,2019-06-30,2019-06-30,Q2,1638136318.266075,862362754.883775,775773563.3823,0.47357082236198533,0.0,292456865.820625,0.0,36860116.9257,81099386.853,0.0,37002709.25425,172643661.771,402217310.708675,0.24553347985985177,229573648.937675,0.14014318978085585,36860116.9257,232568087.836875,0.14197114443017925,70690146.8701,523206901.4687,0.31939155223815624,0.328325,0.32725,1593400000,1598798782,,,1620589806,15:50:06,20210509
5,2019-03-31,BXB.AX,AUD,2019-03-31,2019-03-31,Q1,1638136318.266075,862362754.883775,775773563.3823,0.47357082236198533,0.0,292456865.820625,0.0,36860116.9257,81099386.853,0.0,37002709.25425,172643661.771,402217310.708675,0.24553347985985177,229573648.937675,0.14014318978085585,36860116.9257,232568087.836875,0.14197114443017925,70690146.8701,523206901.4687,0.31939155223815624,0.328325,0.32725,1593400000,1598798782,,,1620589806,15:50:06,20210509
6,2019-01-31,BXB.AX,AUD,2019-01-31,2019-01-31,Q1,1638136318.266075,862362754.883775,775773563.3823,0.47357082236198533,0.0,292456865.820625,0.0,36860116.9257,81099386.853,0.0,37002709.25425,172643661.771,402217310.708675,0.24553347985985177,229573648.937675,0.14014318978085585,36860116.9257,232568087.836875,0.14197114443017925,70690146.8701,523206901.4687,0.31939155223815624,0.328325,0.32725,1593400000,1598798782,,,1620589806,15:50:06,20210509
7,2018-06-30,BXB.AX,AUD,2018-06-30,2018-06-30,Q2,1893045595.995125,1037883912.867025,855161683.1281,0.45173855555157066,0.0,298166689.2166,0.0,46982816.939525,70457312.948175,0.0,45122446.218375,196015424.164525,486537680.963325,0.2570131865775609,290522256.7988,0.15346817710752494,42991476.1196,298065214.45,0.15745273916306005,36429441.212275,252705993.776225,0.13349176285602565,0.158975,0.1583,1591200000,1596373934,,,1620589806,15:50:06,20210509
8,2018-03-31,BXB.AX,AUD,2018-03-31,2018-03-31,Q1,1893045595.995125,1037883912.867025,855161683.1281,0.45173855555157066,0.0,298166689.2166,0.0,46982816.939525,70457312.948175,0.0,45122446.218375,196015424.164525,486537680.963325,0.2570131865775609,290522256.7988,0.15346817710752494,42991476.1196,298065214.45,0.15745273916306005,36429441.212275,252705993.776225,0.13349176285602565,0.158975,0.1583,1591200000,1596373934,,,1620589806,15:50:06,20210509
9,2018-01-31,BXB.AX,AUD,2018-01-31,2018-01-31,Q1,1893045595.995125,1037883912.867025,855161683.1281,0.45173855555157066,0.0,298166689.2166,0.0,46982816.939525,70457312.948175,0.0,45122446.218375,196015424.164525,486537680.963325,0.2570131865775609,290522256.7988,0.15346817710752494,42991476.1196,298065214.45,0.15745273916306005,36429441.212275,252705993.776225,0.13349176285602565,0.158975,0.1583,1591200000,1596373934,,,1620589806,15:50:06,20210509
10,2017-06-30,BXB.AX,AUD,2017-06-30,2017-06-30,Q2,1658963858.55435,878250130.0052,780713728.54915,0.4706032168955613,0.0,287571502.860125,0.0,29933697.3479,58112324.492975,0.0,41861674.466975,171184347.373875,435029901.19605,0.26222988460709606,263845553.822175,0.1590423760359039,-13130525.221,218636245.449825,0.1317908430147167,74037961.518475,59444877.7951,0.03583253335422347,0.037375,0.037375,1588300000,1588300000,,,1620589806,15:50:06,20210509
11,2017-03-31,BXB.AX,AUD,2017-03-31,2017-03-31,Q1,1658963858.55435,878250130.0052,780713728.54915,0.4706032168955613,0.0,287571502.860125,0.0,29933697.3479,58112324.492975,0.0,41861674.466975,171184347.373875,435029901.19605,0.26222988460709606,263845553.822175,0.1590423760359039,-13130525.221,218636245.449825,0.1317908430147167,74037961.518475,59444877.7951,0.03583253335422347,0.037375,0.037375,1588300000,1588300000,,,1620589806,15:50:06,20210509
12,2017-01-31,BXB.AX,AUD,2017-01-31,2017-01-31,Q1,1658963858.55435,878250130.0052,780713728.54915,0.4706032168955613,0.0,287571502.860125,0.0,29933697.3479,58112324.492975,0.0,41861674.466975,171184347.373875,435029901.19605,0.26222988460709606,263845553.822175,0.1590423760359039,-13130525.221,218636245.449825,0.1317908430147167,74037961.518475,59444877.7951,0.03583253335422347,0.037375,0.037375,1588300000,1588300000,,,1620589806,15:50:06,20210509
13,2016-06-30,BXB.AX,AUD,2016-06-30,2016-06-30,Q2,1863520064.63775,962328305.95205,901191758.6857,0.48359648805867994,0.0,363149744.1422,0.0,30803932.13035,63661459.736075,0.0,44404793.96715,183746296.79505,474380554.807425,0.25456154930086033,290634258.012375,0.15595982223506213,17438728.79075,269694317.263675,0.14472305524443113,82042822.5155,197852141.125775,0.10617118907396124,0.125575,0.125575,1577600000,1577600000,,,1620589806,15:50:06,20210509
14,2016-03-31,BXB.AX,AUD,2016-03-31,2016-03-31,Q1,1863520064.63775,962328305.95205,901191758.6857,0.48359648805867994,0.0,363149744.1422,0.0,30803932.13035,63661459.736075,0.0,44404793.96715,183746296.79505,474380554.807425,0.25456154930086033,290634258.012375,0.15595982223506213,17438728.79075,269694317.263675,0.14472305524443113,82042822.5155,197852141.125775,0.10617118907396124,0.125575,0.125575,1577600000,1577600000,,,1620589806,15:50:06,20210509
15,2016-01-31,BXB.AX,AUD,2016-01-31,2016-01-31,Q1,1863520064.63775,962328305.95205,901191758.6857,0.48359648805867994,0.0,363149744.1422,0.0,30803932.13035,63661459.736075,0.0,44404793.96715,183746296.79505,474380554.807425,0.25456154930086033,290634258.012375,0.15595982223506213,17438728.79075,269694317.263675,0.14472305524443113,82042822.5155,197852141.125775,0.10617118907396124,0.125575,0.125575,1577600000,1577600000,,,1620589806,15:50:06,20210509
16,2015-09-30,BXB.AX,AUD,2015-09-30,2015-09-30,Q3,1778841145.833325,901106770.833325,877734375.0,0.4934304432163402,0.0,358658854.166675,0.0,4459635.416675,71321614.58335,0.0,40917968.75,178710937.5,447753906.249975,0.2517110126999103,269042968.749975,0.1512462028327649,40429687.5,269075520.833325,0.15126450243384298,78483072.91665,190234375.0,0.10694286864546404,0.121475,0.1211,1566000000,1570886664,,,1620589806,15:50:06,20210509
17,2015-06-30,BXB.AX,AUD,2015-06-30,2015-06-30,Q2,1778841145.833325,901106770.833325,877734375.0,0.4934304432163402,0.0,358658854.166675,0.0,4459635.416675,71321614.58335,0.0,40917968.75,178710937.5,447753906.249975,0.2517110126999103,269042968.749975,0.1512462028327649,40429687.5,269075520.833325,0.15126450243384298,78483072.91665,190234375.0,0.10694286864546404,0.121475,0.1211,1566000000,1570886664,,,1620589806,15:50:06,20210509
18,2015-03-31,BXB.AX,AUD,2015-03-31,2015-03-31,Q1,1778841145.833325,901106770.833325,877734375.0,0.4934304432163402,0.0,358658854.166675,0.0,4459635.416675,71321614.58335,0.0,40917968.75,178710937.5,447753906.249975,0.2517110126999103,269042968.749975,0.1512462028327649,40429687.5,269075520.833325,0.15126450243384298,78483072.91665,190234375.0,0.10694286864546404,0.121475,0.1211,1566000000,1570886664,,,1620589806,15:50:06,20210509
19,2015-01-31,BXB.AX,AUD,2015-01-31,2015-01-31,Q1,1778841145.833325,901106770.833325,877734375.0,0.4934304432163402,0.0,358658854.166675,0.0,4459635.416675,71321614.58335,0.0,40917968.75,178710937.5,447753906.249975,0.2517110126999103,269042968.749975,0.1512462028327649,40429687.5,269075520.833325,0.15126450243384298,78483072.91665,190234375.0,0.10694286864546404,0.121475,0.1211,1566000000,1570886664,,,1620589806,15:50:06,20210509
20,2014-09-30,BXB.AX,AUD,2014-09-30,2014-09-30,Q3,1434315286.6242,728317409.76645,705997876.85775,0.49221944675733353,0.0,293763269.63905,0.0,35323779.1932,58492569.002125,0.0,34102972.39915,140207006.36945,353742038.216575,0.24662781015821225,213535031.847125,0.14887593671939478,33757961.78345,216693205.9448,0.15107780553242825,61571125.2654,336438428.874725,0.23456378943472422,0.2155,0.214425,1560700000,1569026134,,,1620589806,15:50:06,20210509
21,2014-06-30,BXB.AX,AUD,2014-06-30,2014-06-30,Q2,1434315286.6242,728317409.76645,705997876.85775,0.49221944675733353,0.0,293763269.63905,0.0,35323779.1932,58492569.002125,0.0,34102972.39915,140207006.36945,353742038.216575,0.24662781015821225,213535031.847125,0.14887593671939478,33757961.78345,216693205.9448,0.15107780553242825,61571125.2654,336438428.874725,0.23456378943472422,0.2155,0.214425,1560700000,1569026134,,,1620589806,15:50:06,20210509
22,2014-03-31,BXB.AX,AUD,2014-03-31,2014-03-31,Q1,1434315286.6242,728317409.76645,705997876.85775,0.49221944675733353,0.0,293763269.63905,0.0,35323779.1932,58492569.002125,0.0,34102972.39915,140207006.36945,353742038.216575,0.24662781015821225,213535031.847125,0.14887593671939478,33757961.78345,216693205.9448,0.15107780553242825,61571125.2654,336438428.874725,0.23456378943472422,0.2155,0.214425,1560700000,1569026134,,,1620589806,15:50:06,20210509
23,2014-01-31,BXB.AX,AUD,2014-01-31,2014-01-31,Q1,1434315286.6242,728317409.76645,705997876.85775,0.49221944675733353,0.0,293763269.63905,0.0,35323779.1932,58492569.002125,0.0,34102972.39915,140207006.36945,353742038.216575,0.24662781015821225,213535031.847125,0.14887593671939478,33757961.78345,216693205.9448,0.15107780553242825,61571125.2654,336438428.874725,0.23456378943472422,0.2155,0.214425,1560700000,1569026134,,,1620589806,15:50:06,20210509
24,2013-09-30,BXB.AX,AUD,2013-09-30,2013-09-30,Q3,1587574123.989225,746900269.541775,840673854.44745,0.5295336083804524,0.0,387196765.498625,0.0,34663072.776275,67088948.787075,0.0,35363881.401625,150134770.88945,386388140.16175,0.24338273994466572,236253369.2723,0.14881407154624515,36307277.628025,242668463.61185,0.15285488717974155,70188679.245275,172668463.61185,0.10876245776667869,0.11105,0.11025,1555700000,1566153865,,,1620589806,15:50:06,20210509
25,2013-06-30,BXB.AX,AUD,2013-06-30,2013-06-30,Q2,1587574123.989225,746900269.541775,840673854.44745,0.5295336083804524,0.0,387196765.498625,0.0,34663072.776275,67088948.787075,0.0,35363881.401625,150134770.88945,386388140.16175,0.24338273994466572,236253369.2723,0.14881407154624515,36307277.628025,242668463.61185,0.15285488717974155,70188679.245275,172668463.61185,0.10876245776667869,0.11105,0.11025,1555700000,1566153865,,,1620589806,15:50:06,20210509
26,2013-03-31,BXB.AX,AUD,2013-03-31,2013-03-31,Q1,1587574123.989225,746900269.541775,840673854.44745,0.5295336083804524,0.0,387196765.498625,0.0,34663072.776275,67088948.787075,0.0,35363881.401625,150134770.88945,386388140.16175,0.24338273994466572,236253369.2723,0.14881407154624515,36307277.628025,242668463.61185,0.15285488717974155,70188679.245275,172668463.61185,0.10876245776667869,0.11105,0.11025,1555700000,1566153865,,,1620589806,15:50:06,20210509
27,2013-01-31,BXB.AX,AUD,2013-01-31,2013-01-31,Q1,1587574123.989225,746900269.541775,840673854.44745,0.5295336083804524,0.0,387196765.498625,0.0,34663072.776275,67088948.787075,0.0,35363881.401625,150134770.88945,386388140.16175,0.24338273994466572,236253369.2723,0.14881407154624515,36307277.628025,242668463.61185,0.15285488717974155,70188679.245275,172668463.61185,0.10876245776667869,0.11105,0.11025,1555700000,1566153865,,,1620589806,15:50:06,20210509
28,2012-09-30,BXB.AX,AUD,2012-09-30,2012-09-30,Q3,1379894024.13895,649028554.607025,730865469.531925,0.529653333333321,0.0,341232460.01375,0.0,31473849.475025,56373270.532825,0.0,42562064.566775,127882445.294875,333259738.98535,0.24151111111108922,205377293.690475,0.14883555555552885,32602296.14365,193111569.0315,0.13994666666666744,52080266.902175,141374742.419775,0.10245333333332786,0.095425,0.0947,1482300000,1492869508,,,1620589806,15:50:06,20210509
29,2012-06-30,BXB.AX,AUD,2012-06-30,2012-06-30,Q2,1379894024.13895,649028554.607025,730865469.531925,0.529653333333321,0.0,341232460.01375,0.0,31473849.475025,56373270.532825,0.0,42562064.566775,127882445.294875,333259738.98535,0.24151111111108922,205377293.690475,0.14883555555552885,32602296.14365,193111569.0315,0.13994666666666744,52080266.902175,141374742.419775,0.10245333333332786,0.095425,0.0947,1482300000,1492869508,,,1620589806,15:50:06,20210509
30,2012-03-31,BXB.AX,AUD,2012-03-31,2012-03-31,Q1,1379894024.13895,649028554.607025,730865469.531925,0.529653333333321,0.0,341232460.01375,0.0,31473849.475025,56373270.532825,0.0,42562064.566775,127882445.294875,333259738.98535,0.24151111111108922,205377293.690475,0.14883555555552885,32602296.14365,193111569.0315,0.13994666666666744,52080266.902175,141374742.419775,0.10245333333332786,0.095425,0.0947,1482300000,1492869508,,,1620589806,15:50:06,20210509
31,2012-01-31,BXB.AX,AUD,2012-01-31,2012-01-31,Q1,1379894024.13895,649028554.607025,730865469.531925,0.529653333333321,0.0,341232460.01375,0.0,31473849.475025,56373270.532825,0.0,42562064.566775,127882445.294875,333259738.98535,0.24151111111108922,205377293.690475,0.14883555555552885,32602296.14365,193111569.0315,0.13994666666666744,52080266.902175,141374742.419775,0.10245333333332786,0.095425,0.0947,1482300000,1492869508,,,1620589806,15:50:06,20210509
32,2011-09-30,BXB.AX,AUD,2011-09-30,2011-09-30,Q3,1087671105.317075,483494738.8025,604176366.514575,0.5554770771799138,0.0,273186516.43545,0.0,22930440.4507,60457212.030925,0.0,33685631.8093,111695688.6116,270532638.0482,0.2487265099952573,158836949.4366,0.146033988271019,29541856.7837,158697271.626775,0.14590556911090508,48863953.8132,110648105.0377,0.1017293780231885,0.07617725,0.07572975,1453146032,1461092784,,,1620589806,15:50:06,20210509
33,2011-06-30,BXB.AX,AUD,2011-06-30,2011-06-30,Q2,1087671105.317075,483494738.8025,604176366.514575,0.5554770771799138,0.0,273186516.43545,0.0,22930440.4507,60457212.030925,0.0,33685631.8093,111695688.6116,270532638.0482,0.2487265099952573,158836949.4366,0.146033988271019,29541856.7837,158697271.626775,0.14590556911090508,48863953.8132,110648105.0377,0.1017293780231885,0.07617725,0.07572975,1453146032,1461092784,,,1620589806,15:50:06,20210509
34,2011-03-31,BXB.AX,AUD,2011-03-31,2011-03-31,Q1,1087671105.317075,483494738.8025,604176366.514575,0.5554770771799138,0.0,273186516.43545,0.0,22930440.4507,60457212.030925,0.0,33685631.8093,111695688.6116,270532638.0482,0.2487265099952573,158836949.4366,0.146033988271019,29541856.7837,158697271.626775,0.14590556911090508,48863953.8132,110648105.0377,0.1017293780231885,0.07617725,0.07572975,1453146032,1461092784,,,1620589806,15:50:06,20210509
35,2011-01-31,BXB.AX,AUD,2011-01-31,2011-01-31,Q1,1087671105.317075,483494738.8025,604176366.514575,0.5554770771799138,0.0,273186516.43545,0.0,22930440.4507,60457212.030925,0.0,33685631.8093,111695688.6116,270532638.0482,0.2487265099952573,158836949.4366,0.146033988271019,29541856.7837,158697271.626775,0.14590556911090508,48863953.8132,110648105.0377,0.1017293780231885,0.07617725,0.07572975,1453146032,1461092784,,,1620589806,15:50:06,20210509
36,2010-09-30,BXB.AX,AUD,2010-09-30,2010-09-30,Q3,1216355743.282875,56758183.738125,1159597559.54475,0.953337513263235,0.0,305584887.95025,0.0,20708670.655875,541417341.311725,0.0,32969611.6391,130235832.45335,312595330.282775,0.2569933442654679,182359497.829425,0.1499228320632968,30153701.7482,180364894.990025,0.14828301340792818,50158394.93135,131643787.398825,0.10822803125303285,0.0927940021851083,0.09249219073770111,1418666986,1423296241,,,1620589806,15:50:06,20210509
37,2010-06-30,BXB.AX,AUD,2010-06-30,2010-06-30,Q2,1216355743.282875,56758183.738125,1159597559.54475,0.953337513263235,0.0,305584887.95025,0.0,20708670.655875,541417341.311725,0.0,32969611.6391,130235832.45335,312595330.282775,0.2569933442654679,182359497.829425,0.1499228320632968,30153701.7482,180364894.990025,0.14828301340792818,50158394.93135,131643787.398825,0.10822803125303285,0.0927940021851083,0.09249219073770111,1418666986,1423296241,,,1620589806,15:50:06,20210509
38,2010-03-31,BXB.AX,AUD,2010-03-31,2010-03-31,Q1,1216355743.282875,56758183.738125,1159597559.54475,0.953337513263235,0.0,305584887.95025,0.0,20708670.655875,541417341.311725,0.0,32969611.6391,130235832.45335,312595330.282775,0.2569933442654679,182359497.829425,0.1499228320632968,30153701.7482,180364894.990025,0.14828301340792818,50158394.93135,131643787.398825,0.10822803125303285,0.0927940021851083,0.09249219073770111,1418666986,1423296241,,,1620589806,15:50:06,20210509
39,2010-01-31,BXB.AX,AUD,2010-01-31,2010-01-31,Q1,1216355743.282875,56758183.738125,1159597559.54475,0.953337513263235,0.0,305584887.95025,0.0,20708670.655875,541417341.311725,0.0,32969611.6391,130235832.45335,312595330.282775,0.2569933442654679,182359497.829425,0.1499228320632968,30153701.7482,180364894.990025,0.14828301340792818,50158394.93135,131643787.398825,0.10822803125303285,0.0927940021851083,0.09249219073770111,1418666986,1423296241,,,1620589806,15:50:06,20210509
40,2009-09-30,BXB.AX,AUD,2009-09-30,2009-09-30,Q3,1238168597.485825,55798619.6697,1182369977.816125,0.954934554322406,0.0,318122997.288675,0.0,26127680.552125,533121764.850875,0.0,39438008.380575,130823268.42495,331125215.676575,0.26743144378636674,200301947.251625,0.16177275668140026,20982252.896225,184033768.794675,0.14863385258547704,50314271.629275,139450332.7582,0.11262628776191076,0.09992825,0.099605,1395546926,1400032594,,,1620589806,15:50:06,20210509
41,2009-06-30,BXB.AX,AUD,2009-06-30,2009-06-30,Q2,1238168597.485825,55798619.6697,1182369977.816125,0.954934554322406,0.0,318122997.288675,0.0,26127680.552125,533121764.850875,0.0,39438008.380575,130823268.42495,331125215.676575,0.26743144378636674,200301947.251625,0.16177275668140026,20982252.896225,184033768.794675,0.14863385258547704,50314271.629275,139450332.7582,0.11262628776191076,0.09992825,0.099605,1395546926,1400032594,,,1620589806,15:50:06,20210509
42,2009-03-31,BXB.AX,AUD,2009-03-31,2009-03-31,Q1,1238168597.485825,55798619.6697,1182369977.816125,0.954934554322406,0.0,318122997.288675,0.0,26127680.552125,533121764.850875,0.0,39438008.380575,130823268.42495,331125215.676575,0.26743144378636674,200301947.251625,0.16177275668140026,20982252.896225,184033768.794675,0.14863385258547704,50314271.629275,139450332.7582,0.11262628776191076,0.09992825,0.099605,1395546926,1400032594,,,1620589806,15:50:06,20210509
43,2009-01-31,BXB.AX,AUD,2009-01-31,2009-01-31,Q1,1238168597.485825,55798619.6697,1182369977.816125,0.954934554322406,0.0,318122997.288675,0.0,26127680.552125,533121764.850875,0.0,39438008.380575,130823268.42495,331125215.676575,0.26743144378636674,200301947.251625,0.16177275668140026,20982252.896225,184033768.794675,0.14863385258547704,50314271.629275,139450332.7582,0.11262628776191076,0.09992825,0.099605,1395546926,1400032594,,,1620589806,15:50:06,20210509
44,2008-09-30,BXB.AX,AUD,2008-09-30,2008-09-30,Q3,1131986287.139,50825888.2194,1081160398.9196,0.9551002615518797,0.0,261063785.580725,0.0,35087263.660925,482001869.9356,0.0,41554124.246825,119104508.622475,338094743.403275,0.2986738861102117,218990234.7808,0.1934566145092441,48670268.0241,228833367.961775,0.20215206717753806,60824849.3663,168476002.49325,0.14883219382370694,0.1188545,0.1180835,1416556024,1426751872,,,1620589806,15:50:06,20210509
45,2008-06-30,BXB.AX,AUD,2008-06-30,2008-06-30,Q2,1131986287.139,50825888.2194,1081160398.9196,0.9551002615518797,0.0,261063785.580725,0.0,35087263.660925,482001869.9356,0.0,41554124.246825,119104508.622475,338094743.403275,0.2986738861102117,218990234.7808,0.1934566145092441,48670268.0241,228833367.961775,0.20215206717753806,60824849.3663,168476002.49325,0.14883219382370694,0.1188545,0.1180835,1416556024,1426751872,,,1620589806,15:50:06,20210509
46,2008-03-31,BXB.AX,AUD,2008-03-31,2008-03-31,Q1,1131986287.139,50825888.2194,1081160398.9196,0.9551002615518797,0.0,261063785.580725,0.0,35087263.660925,482001869.9356,0.0,41554124.246825,119104508.622475,338094743.403275,0.2986738861102117,218990234.7808,0.1934566145092441,48670268.0241,228833367.961775,0.20215206717753806,60824849.3663,168476002.49325,0.14883219382370694,0.1188545,0.1180835,1416556024,1426751872,,,1620589806,15:50:06,20210509
47,2008-01-31,BXB.AX,AUD,2008-01-31,2008-01-31,Q1,1131986287.139,50825888.2194,1081160398.9196,0.9551002615518797,0.0,261063785.580725,0.0,35087263.660925,482001869.9356,0.0,41554124.246825,119104508.622475,338094743.403275,0.2986738861102117,218990234.7808,0.1934566145092441,48670268.0241,228833367.961775,0.20215206717753806,60824849.3663,168476002.49325,0.14883219382370694,0.1188545,0.1180835,1416556024,1426751872,,,1620589806,15:50:06,20210509
48,2007-09-30,BXB.AX,AUD,2007-09-30,2007-09-30,Q3,1139625309.296575,200365264.5222,939260044.774375,0.8241832092638641,0.0,272004241.781525,212678213.73865,279280075.40945,149670083.65735,0.0,29250618.59315,119093908.330425,304907505.59685004,0.2675506617039348,185813597.266425,0.16304797353185937,293124779.0739,461293743.372225,0.4047766749379715,89077412.513275,380375868.976075,0.3337727460711267,0.24439925,0.24439925,1556382126,1556382126,,,1620589806,15:50:06,20210509
49,2007-06-30,BXB.AX,AUD,2007-06-30,2007-06-30,Q2,1139625309.296575,200365264.5222,939260044.774375,0.8241832092638641,0.0,272004241.781525,212678213.73865,279280075.40945,149670083.65735,0.0,29250618.59315,119093908.330425,304907505.59685004,0.2675506617039348,185813597.266425,0.16304797353185937,293124779.0739,461293743.372225,0.4047766749379715,89077412.513275,380375868.976075,0.3337727460711267,0.24439925,0.24439925,1556382126,1556382126,,,1620589806,15:50:06,20210509
50,2007-03-31,BXB.AX,AUD,2007-03-31,2007-03-31,Q1,1139625309.296575,200365264.5222,939260044.774375,0.8241832092638641,0.0,272004241.781525,212678213.73865,279280075.40945,149670083.65735,0.0,29250618.59315,119093908.330425,304907505.59685004,0.2675506617039348,185813597.266425,0.16304797353185937,293124779.0739,461293743.372225,0.4047766749379715,89077412.513275,380375868.976075,0.3337727460711267,0.24439925,0.24439925,1556382126,1556382126,,,1620589806,15:50:06,20210509
51,2007-01-31,BXB.AX,AUD,2007-01-31,2007-01-31,Q1,1139625309.296575,200365264.5222,939260044.774375,0.8241832092638641,0.0,272004241.781525,212678213.73865,279280075.40945,149670083.65735,0.0,29250618.59315,119093908.330425,304907505.59685004,0.2675506617039348,185813597.266425,0.16304797353185937,293124779.0739,461293743.372225,0.4047766749379715,89077412.513275,380375868.976075,0.3337727460711267,0.24439925,0.24439925,1556382126,1556382126,,,1620589806,15:50:06,20210509
52,2006-09-30,BXB.AX,AUD,2006-09-30,2006-09-30,Q3,1184615902.058375,59229113.41315,1125386788.645225,0.9500014196076264,0.0,284037400.7803,214011839.095925,25628951.97095,274283600.16145,0.0,40326920.4897,138571236.3783,353053948.60755,0.29803242383804535,214482712.22925,0.18105675591266954,21323826.18055,198203955.334325,0.16731495414668002,76247813.803325,492196959.5049,0.41549075835438665,0.29008575,0.285062,1697615536,1726631400,,,1620589806,15:50:06,20210509
53,2006-06-30,BXB.AX,AUD,2006-06-30,2006-06-30,Q2,1184615902.058375,59229113.41315,1125386788.645225,0.9500014196076264,0.0,284037400.7803,214011839.095925,25628951.97095,274283600.16145,0.0,40326920.4897,138571236.3783,353053948.60755,0.29803242383804535,214482712.22925,0.18105675591266954,21323826.18055,198203955.334325,0.16731495414668002,76247813.803325,492196959.5049,0.41549075835438665,0.29008575,0.285062,1697615536,1726631400,,,1620589806,15:50:06,20210509
54,2006-03-31,BXB.AX,AUD,2006-03-31,2006-03-31,Q1,1184615902.058375,59229113.41315,1125386788.645225,0.9500014196076264,0.0,284037400.7803,214011839.095925,25628951.97095,274283600.16145,0.0,40326920.4897,138571236.3783,353053948.60755,0.29803242383804535,214482712.22925,0.18105675591266954,21323826.18055,198203955.334325,0.16731495414668002,76247813.803325,492196959.5049,0.41549075835438665,0.29008575,0.285062,1697615536,1726631400,,,1620589806,15:50:06,20210509
55,2006-01-31,BXB.AX,AUD,2006-01-31,2006-01-31,Q1,1184615902.058375,59229113.41315,1125386788.645225,0.9500014196076264,0.0,284037400.7803,214011839.095925,25628951.97095,274283600.16145,0.0,40326920.4897,138571236.3783,353053948.60755,0.29803242383804535,214482712.22925,0.18105675591266954,21323826.18055,198203955.334325,0.16731495414668002,76247813.803325,492196959.5049,0.41549075835438665,0.29008575,0.285062,1697615536,1726631400,,,1620589806,15:50:06,20210509
56,2005-09-30,BXB.AX,AUD,2005-09-30,2005-09-30,Q3,1979300000.0,468750000.0,1510550000.0,0.763173849340676,0.0,553025000.0,0.0,-34550000.0,447850000.0,0.0,47700000.0,225575000.0,509675000.0,0.2575026524528874,284100000.0,0.1435355933916031,-29675000.0,210300000.0,0.10624968423179912,210300000.0,-600000.0,-0.0003031374728439347,0.07784375,0.0770975,1700631196,1700631196,,,1620589806,15:50:06,20210509
57,2005-06-30,BXB.AX,AUD,2005-06-30,2005-06-30,Q2,1979300000.0,468750000.0,1510550000.0,0.763173849340676,0.0,553025000.0,0.0,-34550000.0,447850000.0,0.0,47700000.0,225575000.0,509675000.0,0.2575026524528874,284100000.0,0.1435355933916031,-29675000.0,210300000.0,0.10624968423179912,210300000.0,-600000.0,-0.0003031374728439347,0.07784375,0.0770975,1700631196,1700631196,,,1620589806,15:50:06,20210509
58,2005-03-31,BXB.AX,AUD,2005-03-31,2005-03-31,Q1,1979300000.0,468750000.0,1510550000.0,0.763173849340676,0.0,553025000.0,0.0,-34550000.0,447850000.0,0.0,47700000.0,225575000.0,509675000.0,0.2575026524528874,284100000.0,0.1435355933916031,-29675000.0,210300000.0,0.10624968423179912,210300000.0,-600000.0,-0.0003031374728439347,0.07784375,0.0770975,1700631196,1700631196,,,1620589806,15:50:06,20210509
59,2005-01-31,BXB.AX,AUD,2005-01-31,2005-01-31,Q1,1979300000.0,468750000.0,1510550000.0,0.763173849340676,0.0,553025000.0,0.0,-34550000.0,447850000.0,0.0,47700000.0,225575000.0,509675000.0,0.2575026524528874,284100000.0,0.1435355933916031,-29675000.0,210300000.0,0.10624968423179912,210300000.0,-600000.0,-0.0003031374728439347,0.07784375,0.0770975,1700631196,1700631196,,,1620589806,15:50:06,20210509
60,2004-09-30,BXB.AX,AUD,2004-09-30,2004-09-30,Q3,1858025000.0,169775000.0,1688250000.0,0.9086260949126088,0.0,529925000.0,0.0,-44175000.0,700600000.0,0.0,47700000.0,228775000.0,457725000.0,0.24635029130393832,228950000.0,0.12322223866740221,-49800000.0,134875000.0,0.07259051950323596,134875000.0,775000.0,0.0004171095652641918,0.045015,0.045015,1699525454,1699525454,,,1620589806,15:50:06,20210509
61,2004-06-30,BXB.AX,AUD,2004-06-30,2004-06-30,Q2,1858025000.0,169775000.0,1688250000.0,0.9086260949126088,0.0,529925000.0,0.0,-44175000.0,700600000.0,0.0,47700000.0,228775000.0,457725000.0,0.24635029130393832,228950000.0,0.12322223866740221,-49800000.0,134875000.0,0.07259051950323596,134875000.0,775000.0,0.0004171095652641918,0.045015,0.045015,1699525454,1699525454,,,1620589806,15:50:06,20210509
62,2004-03-31,BXB.AX,AUD,2004-03-31,2004-03-31,Q1,1858025000.0,169775000.0,1688250000.0,0.9086260949126088,0.0,529925000.0,0.0,-44175000.0,700600000.0,0.0,47700000.0,228775000.0,457725000.0,0.24635029130393832,228950000.0,0.12322223866740221,-49800000.0,134875000.0,0.07259051950323596,134875000.0,775000.0,0.0004171095652641918,0.045015,0.045015,1699525454,1699525454,,,1620589806,15:50:06,20210509
63,2004-01-31,BXB.AX,AUD,2004-01-31,2004-01-31,Q1,1858025000.0,169775000.0,1688250000.0,0.9086260949126088,0.0,529925000.0,0.0,-44175000.0,700600000.0,0.0,47700000.0,228775000.0,457725000.0,0.24635029130393832,228950000.0,0.12322223866740221,-49800000.0,134875000.0,0.07259051950323596,134875000.0,775000.0,0.0004171095652641918,0.045015,0.045015,1699525454,1699525454,,,1620589806,15:50:06,20210509
64,2003-09-30,BXB.AX,AUD,2003-09-30,2003-09-30,Q3,1979250000.0,183000000.0,1796250000.0,0.907540735126942,0.0,1391500000.0,0.0,20000000.0,0.0,0.0,58500000.0,242500000.0,404750000.0,0.20449665277251483,162250000.0,0.08197549576859922,24500000.0,127000000.0,0.06416571933813313,43750000.0,82500000.0,0.041682455475558926,0.04849675,0.04849675,1699424932,1699424932,,,1620589806,15:50:06,20210509
65,2003-06-30,BXB.AX,AUD,2003-06-30,2003-06-30,Q2,1979250000.0,183000000.0,1796250000.0,0.907540735126942,0.0,1391500000.0,0.0,20000000.0,0.0,0.0,58500000.0,242500000.0,404750000.0,0.20449665277251483,162250000.0,0.08197549576859922,24500000.0,127000000.0,0.06416571933813313,43750000.0,82500000.0,0.041682455475558926,0.04849675,0.04849675,1699424932,1699424932,,,1620589806,15:50:06,20210509
66,2003-03-31,BXB.AX,AUD,2003-03-31,2003-03-31,Q1,1979250000.0,183000000.0,1796250000.0,0.907540735126942,0.0,1391500000.0,0.0,20000000.0,0.0,0.0,58500000.0,242500000.0,404750000.0,0.20449665277251483,162250000.0,0.08197549576859922,24500000.0,127000000.0,0.06416571933813313,43750000.0,82500000.0,0.041682455475558926,0.04849675,0.04849675,1699424932,1699424932,,,1620589806,15:50:06,20210509
67,2003-01-31,BXB.AX,AUD,2003-01-31,2003-01-31,Q1,1979250000.0,183000000.0,1796250000.0,0.907540735126942,0.0,1391500000.0,0.0,20000000.0,0.0,0.0,58500000.0,242500000.0,404750000.0,0.20449665277251483,162250000.0,0.08197549576859922,24500000.0,127000000.0,0.06416571933813313,43750000.0,82500000.0,0.041682455475558926,0.04849675,0.04849675,1699424932,1699424932,,,1620589806,15:50:06,20210509
68,2002-09-30,BXB.AX,AUD,2002-09-30,2002-09-30,Q3,2155000000.0,153250000.0,2001750000.0,0.9288863109048724,0.0,586000000.0,0.0,29750000.0,1042250000.0,0.0,-70500000.0,263250000.0,365500000.0,0.16960556844547564,102250000.0,0.04744779582366589,34250000.0,205750000.0,0.09547563805104409,69000000.0,136250000.0,0.06322505800464037,0.08033075,0.08033075,1695806140,1695806140,,,1620589806,15:50:06,20210509
69,2002-06-30,BXB.AX,AUD,2002-06-30,2002-06-30,Q2,2155000000.0,153250000.0,2001750000.0,0.9288863109048724,0.0,586000000.0,0.0,29750000.0,1042250000.0,0.0,-70500000.0,263250000.0,365500000.0,0.16960556844547564,102250000.0,0.04744779582366589,34250000.0,205750000.0,0.09547563805104409,69000000.0,136250000.0,0.06322505800464037,0.08033075,0.08033075,1695806140,1695806140,,,1620589806,15:50:06,20210509
70,2002-03-31,BXB.AX,AUD,2002-03-31,2002-03-31,Q1,2155000000.0,153250000.0,2001750000.0,0.9288863109048724,0.0,586000000.0,0.0,29750000.0,1042250000.0,0.0,-70500000.0,263250000.0,365500000.0,0.16960556844547564,102250000.0,0.04744779582366589,34250000.0,205750000.0,0.09547563805104409,69000000.0,136250000.0,0.06322505800464037,0.08033075,0.08033075,1695806140,1695806140,,,1620589806,15:50:06,20210509
71,2002-01-31,BXB.AX,AUD,2002-01-31,2002-01-31,Q1,2155000000.0,153250000.0,2001750000.0,0.9288863109048724,0.0,586000000.0,0.0,29750000.0,1042250000.0,0.0,-70500000.0,263250000.0,365500000.0,0.16960556844547564,102250000.0,0.04744779582366589,34250000.0,205750000.0,0.09547563805104409,69000000.0,136250000.0,0.06322505800464037,0.08033075,0.08033075,1695806140,1695806140,,,1620589806,15:50:06,20210509
72,2001-09-30,BXB.AX,AUD,2001-09-30,2001-09-30,Q3,873450000.0,0.0,873450000.0,1.0,0.0,330507000.0,28875000.0,-166281500.0,194886500.0,0.0,31300000.0,119300000.0,315481500.0,0.3611901081916538,196181500.0,0.22460530081859292,-113056500.0,56275000.0,0.06442841605129086,56275000.0,-475000.0,-0.0005438204819966799,0.04122225,0.04122225,928390934,928390934,,,1620589806,15:50:06,20210509
73,2001-06-30,BXB.AX,AUD,2001-06-30,2001-06-30,Q2,873450000.0,0.0,873450000.0,1.0,0.0,330507000.0,28875000.0,-166281500.0,194886500.0,0.0,31300000.0,119300000.0,315481500.0,0.3611901081916538,196181500.0,0.22460530081859292,-113056500.0,56275000.0,0.06442841605129086,56275000.0,-475000.0,-0.0005438204819966799,0.04122225,0.04122225,928390934,928390934,,,1620589806,15:50:06,20210509
74,2001-03-31,BXB.AX,AUD,2001-03-31,2001-03-31,Q1,873450000.0,0.0,873450000.0,1.0,0.0,330507000.0,28875000.0,-166281500.0,194886500.0,0.0,31300000.0,119300000.0,315481500.0,0.3611901081916538,196181500.0,0.22460530081859292,-113056500.0,56275000.0,0.06442841605129086,56275000.0,-475000.0,-0.0005438204819966799,0.04122225,0.04122225,928390934,928390934,,,1620589806,15:50:06,20210509
75,2001-01-31,BXB.AX,AUD,2001-01-31,2001-01-31,Q1,873450000.0,0.0,873450000.0,1.0,0.0,330507000.0,28875000.0,-166281500.0,194886500.0,0.0,31300000.0,119300000.0,315481500.0,0.3611901081916538,196181500.0,0.22460530081859292,-113056500.0,56275000.0,0.06442841605129086,56275000.0,-475000.0,-0.0005438204819966799,0.04122225,0.04122225,928390934,928390934,,,1620589806,15:50:06,20210509
76,2000-09-30,BXB.AX,AUD,2000-09-30,2000-09-30,Q3,797975000.0,0.0,797975000.0,1.0,0.0,322058500.0,28875000.0,-72654750.0,169486750.0,0.0,21300000.0,115775000.0,275529750.0,0.34528619317647796,159754750.0,0.20020019424167423,378220250.0,119600000.0,0.1498793821861587,119600000.0,-475000.0,-0.0005952567436323193,0.10072425,0.09948075,916841367,916841367,,,1620589806,15:50:06,20210509
77,2000-06-30,BXB.AX,AUD,2000-06-30,2000-06-30,Q2,797975000.0,0.0,797975000.0,1.0,0.0,322058500.0,28875000.0,-72654750.0,169486750.0,0.0,21300000.0,115775000.0,275529750.0,0.34528619317647796,159754750.0,0.20020019424167423,378220250.0,119600000.0,0.1498793821861587,119600000.0,-475000.0,-0.0005952567436323193,0.10072425,0.09948075,916841367,916841367,,,1620589806,15:50:06,20210509
78,2000-03-31,BXB.AX,AUD,2000-03-31,2000-03-31,Q1,797975000.0,0.0,797975000.0,1.0,0.0,322058500.0,28875000.0,-72654750.0,169486750.0,0.0,21300000.0,115775000.0,275529750.0,0.34528619317647796,159754750.0,0.20020019424167423,378220250.0,119600000.0,0.1498793821861587,119600000.0,-475000.0,-0.0005952567436323193,0.10072425,0.09948075,916841367,916841367,,,1620589806,15:50:06,20210509
79,2000-01-31,BXB.AX,AUD,2000-01-31,2000-01-31,Q1,797975000.0,0.0,797975000.0,1.0,0.0,322058500.0,28875000.0,-72654750.0,169486750.0,0.0,21300000.0,115775000.0,275529750.0,0.34528619317647796,159754750.0,0.20020019424167423,378220250.0,119600000.0,0.1498793821861587,119600000.0,-475000.0,-0.0005952567436323193,0.10072425,0.09948075,916841367,916841367,,,1620589806,15:50:06,20210509
80,1999-09-30,BXB.AX,AUD,1999-09-30,1999-09-30,Q3,0.0,0.0,0.0,0.0,0.0,0.0,0.0,0.0,0.0,0.0,20400000.0,0.0,136150000.0,0.0,0.0,0.0,26550000.0,115750000.0,0.0,115750000.0,-250000.0,0.0,0.09096275,0.089657,1028735541,1028735541,,,1620589806,15:50:06,20210509
81,1999-06-30,BXB.AX,AUD,1999-06-30,1999-06-30,Q2,0.0,0.0,0.0,0.0,0.0,0.0,0.0,0.0,0.0,0.0,20400000.0,0.0,136150000.0,0.0,0.0,0.0,26550000.0,115750000.0,0.0,115750000.0,-250000.0,0.0,0.09096275,0.089657,1028735541,1028735541,,,1620589806,15:50:06,20210509
82,1999-03-31,BXB.AX,AUD,1999-03-31,1999-03-31,Q1,0.0,0.0,0.0,0.0,0.0,0.0,0.0,0.0,0.0,0.0,20400000.0,0.0,136150000.0,0.0,0.0,0.0,26550000.0,115750000.0,0.0,115750000.0,-250000.0,0.0,0.09096275,0.089657,1028735541,1028735541,,,1620589806,15:50:06,20210509
83,1999-01-31,BXB.AX,AUD,1999-01-31,1999-01-31,Q1,0.0,0.0,0.0,0.0,0.0,0.0,0.0,0.0,0.0,0.0,20400000.0,0.0,136150000.0,0.0,0.0,0.0,26550000.0,115750000.0,0.0,115750000.0,-250000.0,0.0,0.09096275,0.089657,1028735541,1028735541,,,1620589806,15:50:06,20210509
84,1998-09-30,BXB.AX,AUD,1998-09-30,1998-09-30,Q3,0.0,0.0,0.0,0.0,0.0,0.0,0.0,0.0,0.0,0.0,17525000.0,0.0,128300000.0,0.0,0.0,0.0,19525000.0,110775000.0,0.0,110775000.0,-400000.0,0.0,-0.00044325,-0.00044325,902353280,902353280,,,1620589806,15:50:06,20210509
85,1998-06-30,BXB.AX,AUD,1998-06-30,1998-06-30,Q2,0.0,0.0,0.0,0.0,0.0,0.0,0.0,0.0,0.0,0.0,17525000.0,0.0,128300000.0,0.0,0.0,0.0,19525000.0,110775000.0,0.0,110775000.0,-400000.0,0.0,-0.00044325,-0.00044325,902353280,902353280,,,1620589806,15:50:06,20210509
86,1998-03-31,BXB.AX,AUD,1998-03-31,1998-03-31,Q1,0.0,0.0,0.0,0.0,0.0,0.0,0.0,0.0,0.0,0.0,17525000.0,0.0,128300000.0,0.0,0.0,0.0,19525000.0,110775000.0,0.0,110775000.0,-400000.0,0.0,-0.00044325,-0.00044325,902353280,902353280,,,1620589806,15:50:06,20210509
87,1998-01-31,BXB.AX,AUD,1998-01-31,1998-01-31,Q1,0.0,0.0,0.0,0.0,0.0,0.0,0.0,0.0,0.0,0.0,17525000.0,0.0,128300000.0,0.0,0.0,0.0,19525000.0,110775000.0,0.0,110775000.0,-400000.0,0.0,-0.00044325,-0.00044325,902353280,902353280,,,1620589806,15:50:06,20210509
88,1997-09-30,BXB.AX,AUD,1997-09-30,1997-09-30,Q3,726650000.0,0.0,726650000.0,1.0,0.0,13900000.0,0.0,-726650000.0,0.0,0.0,14350000.0,85925000.0,812575000.0,1.1182481249569944,726650000.0,1.0,-726650000.0,94050000.0,0.12942957407279984,94050000.0,-1300000.0,-0.0017890318585288654,0.068393,0.06777125,894433497,894433497,,,1620589806,15:50:06,20210509
89,1997-06-30,BXB.AX,AUD,1997-06-30,1997-06-30,Q2,726650000.0,0.0,726650000.0,1.0,0.0,13900000.0,0.0,-726650000.0,0.0,0.0,14350000.0,85925000.0,812575000.0,1.1182481249569944,726650000.0,1.0,-726650000.0,94050000.0,0.12942957407279984,94050000.0,-1300000.0,-0.0017890318585288654,0.068393,0.06777125,894433497,894433497,,,1620589806,15:50:06,20210509
90,1997-03-31,BXB.AX,AUD,1997-03-31,1997-03-31,Q1,726650000.0,0.0,726650000.0,1.0,0.0,13900000.0,0.0,-726650000.0,0.0,0.0,14350000.0,85925000.0,812575000.0,1.1182481249569944,726650000.0,1.0,-726650000.0,94050000.0,0.12942957407279984,94050000.0,-1300000.0,-0.0017890318585288654,0.068393,0.06777125,894433497,894433497,,,1620589806,15:50:06,20210509
91,1997-01-31,BXB.AX,AUD,1997-01-31,1997-01-31,Q1,726650000.0,0.0,726650000.0,1.0,0.0,13900000.0,0.0,-726650000.0,0.0,0.0,14350000.0,85925000.0,812575000.0,1.1182481249569944,726650000.0,1.0,-726650000.0,94050000.0,0.12942957407279984,94050000.0,-1300000.0,-0.0017890318585288654,0.068393,0.06777125,894433497,894433497,,,1620589806,15:50:06,20210509
92,1996-09-30,BXB.AX,AUD,1996-09-30,1996-09-30,Q3,742300000.0,0.0,742300000.0,1.0,0.0,0.0,0.0,-653850000.0,0.0,0.0,16875000.0,86325000.0,740175000.0,0.9971372760339485,653850000.0,0.8808433248012932,-653850000.0,79150000.0,0.10662804795904621,79150000.0,-1350000.0,-0.0018186716960797522,0.0607455,0.06037225,890722232,890722232,,,1620589806,15:50:06,20210509
93,1996-06-30,BXB.AX,AUD,1996-06-30,1996-06-30,Q2,742300000.0,0.0,742300000.0,1.0,0.0,0.0,0.0,-653850000.0,0.0,0.0,16875000.0,86325000.0,740175000.0,0.9971372760339485,653850000.0,0.8808433248012932,-653850000.0,79150000.0,0.10662804795904621,79150000.0,-1350000.0,-0.0018186716960797522,0.0607455,0.06037225,890722232,890722232,,,1620589806,15:50:06,20210509
94,1996-03-31,BXB.AX,AUD,1996-03-31,1996-03-31,Q1,742300000.0,0.0,742300000.0,1.0,0.0,0.0,0.0,-653850000.0,0.0,0.0,16875000.0,86325000.0,740175000.0,0.9971372760339485,653850000.0,0.8808433248012932,-653850000.0,79150000.0,0.10662804795904621,79150000.0,-1350000.0,-0.0018186716960797522,0.0607455,0.06037225,890722232,890722232,,,1620589806,15:50:06,20210509
95,1996-01-31,BXB.AX,AUD,1996-01-31,1996-01-31,Q1,742300000.0,0.0,742300000.0,1.0,0.0,0.0,0.0,-653850000.0,0.0,0.0,16875000.0,86325000.0,740175000.0,0.9971372760339485,653850000.0,0.8808433248012932,-653850000.0,79150000.0,0.10662804795904621,79150000.0,-1350000.0,-0.0018186716960797522,0.0607455,0.06037225,890722232,890722232,,,1620589806,15:50:06,20210509
96,1995-09-30,BXB.AX,AUD,1995-09-30,1995-09-30,Q3,756475000.0,0.0,756475000.0,1.0,0.0,0.0,0.0,-669175000.0,0.0,0.0,15450000.0,85625000.0,754800000.0,0.9977857827423245,669175000.0,0.8845963184507089,-669175000.0,45750000.0,0.060477874351432634,45750000.0,-1675000.0,-0.0022142172576754024,0.0277925,0.0277925,859606074,859606074,,,1620589806,15:50:06,20210509
97,1995-06-30,BXB.AX,AUD,1995-06-30,1995-06-30,Q2,756475000.0,0.0,756475000.0,1.0,0.0,0.0,0.0,-669175000.0,0.0,0.0,15450000.0,85625000.0,754800000.0,0.9977857827423245,669175000.0,0.8845963184507089,-669175000.0,45750000.0,0.060477874351432634,45750000.0,-1675000.0,-0.0022142172576754024,0.0277925,0.0277925,859606074,859606074,,,1620589806,15:50:06,20210509
98,1995-03-31,BXB.AX,AUD,1995-03-31,1995-03-31,Q1,756475000.0,0.0,756475000.0,1.0,0.0,0.0,0.0,-669175000.0,0.0,0.0,15450000.0,85625000.0,754800000.0,0.9977857827423245,669175000.0,0.8845963184507089,-669175000.0,45750000.0,0.060477874351432634,45750000.0,-1675000.0,-0.0022142172576754024,0.0277925,0.0277925,859606074,859606074,,,1620589806,15:50:06,20210509
99,1995-01-31,BXB.AX,AUD,1995-01-31,1995-01-31,Q1,756475000.0,0.0,756475000.0,1.0,0.0,0.0,0.0,-669175000.0,0.0,0.0,15450000.0,85625000.0,754800000.0,0.9977857827423245,669175000.0,0.8845963184507089,-669175000.0,45750000.0,0.060477874351432634,45750000.0,-1675000.0,-0.0022142172576754024,0.0277925,0.0277925,859606074,859606074,,,1620589806,15:50:06,20210509
100,1994-09-30,BXB.AX,AUD,1994-09-30,1994-09-30,Q3,660025000.0,0.0,660025000.0,1.0,0.0,0.0,0.0,-581625000.0,0.0,0.0,12725000.0,76325000.0,657950000.0,0.9968561796901633,581625000.0,0.8812166205825537,-581625000.0,-34025000.0,-0.05155107761069656,-34025000.0,-1025000.0,-0.0015529714783530926,-0.0667765,-0.0667765,916587698,916587698,,,1620589806,15:50:06,20210509
101,1994-06-30,BXB.AX,AUD,1994-06-30,1994-06-30,Q2,660025000.0,0.0,660025000.0,1.0,0.0,0.0,0.0,-581625000.0,0.0,0.0,12725000.0,76325000.0,657950000.0,0.9968561796901633,581625000.0,0.8812166205825537,-581625000.0,-34025000.0,-0.05155107761069656,-34025000.0,-1025000.0,-0.0015529714783530926,-0.0667765,-0.0667765,916587698,916587698,,,1620589806,15:50:06,20210509
102,1994-03-31,BXB.AX,AUD,1994-03-31,1994-03-31,Q1,660025000.0,0.0,660025000.0,1.0,0.0,0.0,0.0,-581625000.0,0.0,0.0,12725000.0,76325000.0,657950000.0,0.9968561796901633,581625000.0,0.8812166205825537,-581625000.0,-34025000.0,-0.05155107761069656,-34025000.0,-1025000.0,-0.0015529714783530926,-0.0667765,-0.0667765,916587698,916587698,,,1620589806,15:50:06,20210509
103,1994-01-31,BXB.AX,AUD,1994-01-31,1994-01-31,Q1,660025000.0,0.0,660025000.0,1.0,0.0,0.0,0.0,-581625000.0,0.0,0.0,12725000.0,76325000.0,657950000.0,0.9968561796901633,581625000.0,0.8812166205825537,-581625000.0,-34025000.0,-0.05155107761069656,-34025000.0,-1025000.0,-0.0015529714783530926,-0.0667765,-0.0667765,916587698,916587698,,,1620589806,15:50:06,20210509
104,1993-09-30,BXB.AX,AUD,1993-09-30,1993-09-30,Q3,651500000.0,0.0,651500000.0,1.0,0.0,0.0,0.0,-578025000.0,0.0,0.0,15075000.0,72125000.0,650150000.0,0.9979278587874136,578025000.0,0.8872217958557176,-578025000.0,64800000.0,0.09946277820414429,64800000.0,-1575000.0,-0.0024174980813507292,0.04887,0.04849675,856241241,856241241,,,1620589806,15:50:06,20210509
105,1993-06-30,BXB.AX,AUD,1993-06-30,1993-06-30,Q2,651500000.0,0.0,651500000.0,1.0,0.0,0.0,0.0,-578025000.0,0.0,0.0,15075000.0,72125000.0,650150000.0,0.9979278587874136,578025000.0,0.8872217958557176,-578025000.0,64800000.0,0.09946277820414429,64800000.0,-1575000.0,-0.0024174980813507292,0.04887,0.04849675,856241241,856241241,,,1620589806,15:50:06,20210509
106,1993-03-31,BXB.AX,AUD,1993-03-31,1993-03-31,Q1,651500000.0,0.0,651500000.0,1.0,0.0,0.0,0.0,-578025000.0,0.0,0.0,15075000.0,72125000.0,650150000.0,0.9979278587874136,578025000.0,0.8872217958557176,-578025000.0,64800000.0,0.09946277820414429,64800000.0,-1575000.0,-0.0024174980813507292,0.04887,0.04849675,856241241,856241241,,,1620589806,15:50:06,20210509
107,1993-01-31,BXB.AX,AUD,1993-01-31,1993-01-31,Q1,651500000.0,0.0,651500000.0,1.0,0.0,0.0,0.0,-578025000.0,0.0,0.0,15075000.0,72125000.0,650150000.0,0.9979278587874136,578025000.0,0.8872217958557176,-578025000.0,64800000.0,0.09946277820414429,64800000.0,-1575000.0,-0.0024174980813507292,0.04887,0.04849675,856241241,856241241,,,1620589806,15:50:06,20210509
108,1992-09-30,BXB.AX,AUD,1992-09-30,1992-09-30,Q3,608955000.0,0.0,608955000.0,1.0,0.0,0.0,0.0,-540927750.0,0.0,0.0,13888000.0,65851500.0,606779250.0,0.9964270758923073,540927750.0,0.8882885434884351,-540927750.0,71773000.0,0.11786256784163034,71773000.0,-1392750.0,-0.002287114811439269,0.04849675,0.04849675,831698923,831698923,,,1620589806,15:50:06,20210509
109,1992-06-30,BXB.AX,AUD,1992-06-30,1992-06-30,Q2,608955000.0,0.0,608955000.0,1.0,0.0,0.0,0.0,-540927750.0,0.0,0.0,13888000.0,65851500.0,606779250.0,0.9964270758923073,540927750.0,0.8882885434884351,-540927750.0,71773000.0,0.11786256784163034,71773000.0,-1392750.0,-0.002287114811439269,0.04849675,0.04849675,831698923,831698923,,,1620589806,15:50:06,20210509
110,1992-03-31,BXB.AX,AUD,1992-03-31,1992-03-31,Q1,608955000.0,0.0,608955000.0,1.0,0.0,0.0,0.0,-540927750.0,0.0,0.0,13888000.0,65851500.0,606779250.0,0.9964270758923073,540927750.0,0.8882885434884351,-540927750.0,71773000.0,0.11786256784163034,71773000.0,-1392750.0,-0.002287114811439269,0.04849675,0.04849675,831698923,831698923,,,1620589806,15:50:06,20210509
111,1992-01-31,BXB.AX,AUD,1992-01-31,1992-01-31,Q1,608955000.0,0.0,608955000.0,1.0,0.0,0.0,0.0,-540927750.0,0.0,0.0,13888000.0,65851500.0,606779250.0,0.9964270758923073,540927750.0,0.8882885434884351,-540927750.0,71773000.0,0.11786256784163034,71773000.0,-1392750.0,-0.002287114811439269,0.04849675,0.04849675,831698923,831698923,,,1620589806,15:50:06,20210509
112,1991-09-30,BXB.AX,AUD,1991-09-30,1991-09-30,Q3,572409750.0,0.0,572409750.0,1.0,0.0,0.0,0.0,-515618750.0,0.0,0.0,13532000.0,56791000.0,572409750.0,1.0,515618750.0,0.9007861064560833,-515618750.0,76203000.0,0.1331266631988711,76203000.0,-1872500.0,-0.003271258045482279,-0.0023380828580379233,-0.0023380828580379233,800869821,800869821,,,1620589806,15:50:06,20210509
113,1991-06-30,BXB.AX,AUD,1991-06-30,1991-06-30,Q2,572409750.0,0.0,572409750.0,1.0,0.0,0.0,0.0,-515618750.0,0.0,0.0,13532000.0,56791000.0,572409750.0,1.0,515618750.0,0.9007861064560833,-515618750.0,76203000.0,0.1331266631988711,76203000.0,-1872500.0,-0.003271258045482279,-0.0023380828580379233,-0.0023380828580379233,800869821,800869821,,,1620589806,15:50:06,20210509
114,1991-03-31,BXB.AX,AUD,1991-03-31,1991-03-31,Q1,572409750.0,0.0,572409750.0,1.0,0.0,0.0,0.0,-515618750.0,0.0,0.0,13532000.0,56791000.0,572409750.0,1.0,515618750.0,0.9007861064560833,-515618750.0,76203000.0,0.1331266631988711,76203000.0,-1872500.0,-0.003271258045482279,-0.0023380828580379233,-0.0023380828580379233,800869821,800869821,,,1620589806,15:50:06,20210509
115,1991-01-31,BXB.AX,AUD,1991-01-31,1991-01-31,Q1,572409750.0,0.0,572409750.0,1.0,0.0,0.0,0.0,-515618750.0,0.0,0.0,13532000.0,56791000.0,572409750.0,1.0,515618750.0,0.9007861064560833,-515618750.0,76203000.0,0.1331266631988711,76203000.0,-1872500.0,-0.003271258045482279,-0.0023380828580379233,-0.0023380828580379233,800869821,800869821,,,1620589806,15:50:06,20210509
116,1990-09-30,BXB.AX,AUD,1990-09-30,1990-09-30,Q3,514500000.0,0.0,514500000.0,1.0,0.0,0.0,0.0,-467491250.0,0.0,0.0,13413250.0,47008750.0,514500000.0,1.0,467491250.0,0.9086321671525753,-467491250.0,86109250.0,0.16736491739552964,86109250.0,6198500.0,0.012047619047619048,0.007797494926851176,0.007797494926851176,794934791,794934791,,,1620589806,15:50:06,20210509
117,1990-06-30,BXB.AX,AUD,1990-06-30,1990-06-30,Q2,514500000.0,0.0,514500000.0,1.0,0.0,0.0,0.0,-467491250.0,0.0,0.0,13413250.0,47008750.0,514500000.0,1.0,467491250.0,0.9086321671525753,-467491250.0,86109250.0,0.16736491739552964,86109250.0,6198500.0,0.012047619047619048,0.007797494926851176,0.007797494926851176,794934791,794934791,,,1620589806,15:50:06,20210509
118,1990-03-31,BXB.AX,AUD,1990-03-31,1990-03-31,Q1,514500000.0,0.0,514500000.0,1.0,0.0,0.0,0.0,-467491250.0,0.0,0.0,13413250.0,47008750.0,514500000.0,1.0,467491250.0,0.9086321671525753,-467491250.0,86109250.0,0.16736491739552964,86109250.0,6198500.0,0.012047619047619048,0.007797494926851176,0.007797494926851176,794934791,794934791,,,1620589806,15:50:06,20210509
119,1990-01-31,BXB.AX,AUD,1990-01-31,1990-01-31,Q1,514500000.0,0.0,514500000.0,1.0,0.0,0.0,0.0,-467491250.0,0.0,0.0,13413250.0,47008750.0,514500000.0,1.0,467491250.0,0.9086321671525753,-467491250.0,86109250.0,0.16736491739552964,86109250.0,6198500.0,0.012047619047619048,0.007797494926851176,0.007797494926851176,794934791,794934791,,,1620589806,15:50:06,20210509
120,1989-09-30,BXB.AX,AUD,1989-09-30,1989-09-30,Q3,390750000.0,0.0,390750000.0,1.0,0.0,0.0,0.0,-354627750.0,0.0,0.0,11159250.0,36122250.0,390750000.0,1.0,354627750.0,0.9075566218809981,-354627750.0,66823250.0,0.1710127959053103,66823250.0,-1049250.0,-0.0026852207293666026,-0.0014890051814825912,-0.0014890051814825912,704665110,704665110,,,1620589806,15:50:06,20210509
121,1989-06-30,BXB.AX,AUD,1989-06-30,1989-06-30,Q2,390750000.0,0.0,390750000.0,1.0,0.0,0.0,0.0,-354627750.0,0.0,0.0,11159250.0,36122250.0,390750000.0,1.0,354627750.0,0.9075566218809981,-354627750.0,66823250.0,0.1710127959053103,66823250.0,-1049250.0,-0.0026852207293666026,-0.0014890051814825912,-0.0014890051814825912,704665110,704665110,,,1620589806,15:50:06,20210509
122,1989-03-31,BXB.AX,AUD,1989-03-31,1989-03-31,Q1,390750000.0,0.0,390750000.0,1.0,0.0,0.0,0.0,-354627750.0,0.0,0.0,11159250.0,36122250.0,390750000.0,1.0,354627750.0,0.9075566218809981,-354627750.0,66823250.0,0.1710127959053103,66823250.0,-1049250.0,-0.0026852207293666026,-0.0014890051814825912,-0.0014890051814825912,704665110,704665110,,,1620589806,15:50:06,20210509
123,1989-01-31,BXB.AX,AUD,1989-01-31,1989-01-31,Q1,390750000.0,0.0,390750000.0,1.0,0.0,0.0,0.0,-354627750.0,0.0,0.0,11159250.0,36122250.0,390750000.0,1.0,354627750.0,0.9075566218809981,-354627750.0,66823250.0,0.1710127959053103,66823250.0,-1049250.0,-0.0026852207293666026,-0.0014890051814825912,-0.0014890051814825912,704665110,704665110,,,1620589806,15:50:06,20210509
