,date,symbol,reportedCurrency,fillingDate,acceptedDate,period,revenue,costOfRevenue,grossProfit,grossProfitRatio,researchAndDevelopmentExpenses,generalAndAdministrativeExpenses,sellingAndMarketingExpenses,otherExpenses,operatingExpenses,costAndExpenses,interestExpense,depreciationAndAmortization,ebitda,ebitdaratio,operatingIncome,operatingIncomeRatio,totalOtherIncomeExpensesNet,incomeBeforeTax,incomeBeforeTaxRatio,incomeTaxExpense,netIncome,netIncomeRatio,eps,epsdiluted,weightedAverageShsOut,weightedAverageShsOutDil,link,finalLink,timestamp,est_time,est_date
0,2020-09-30,ABF.L,GBP,2020-09-30,2020-09-30,Q3,3484250000,2700000000.0,784250000.0,0.22508430795723613,0.0,238250000.0,323250000.0,0.0,3261500000.0,3261500000.0,51000000.0,229000000,451750000,0.1296548755112291,222750000.0,0.06393054459352802,0.0,171500000,0.04922149673530889,55250000,113750000,0.03264691109994977,0.144,0.144,790000000,790000000,https://find-and-update.company-information.service.gov.uk/search/companies?q=Associated+British+Foods+PLC,https://find-and-update.company-information.service.gov.uk/search/companies?q=Associated+British+Foods+PLC,1620586055,14:47:35,20210509
1,2020-06-30,ABF.L,GBP,2020-06-30,2020-06-30,Q2,3484250000,2700000000.0,784250000.0,0.22508430795723613,0.0,238250000.0,323250000.0,0.0,3261500000.0,3261500000.0,51000000.0,229000000,451750000,0.1296548755112291,222750000.0,0.06393054459352802,0.0,171500000,0.04922149673530889,55250000,113750000,0.03264691109994977,0.144,0.144,790000000,790000000,https://find-and-update.company-information.service.gov.uk/search/companies?q=Associated+British+Foods+PLC,https://find-and-update.company-information.service.gov.uk/search/companies?q=Associated+British+Foods+PLC,1620586055,14:47:35,20210509
2,2020-03-31,ABF.L,GBP,2020-03-31,2020-03-31,Q1,3484250000,2700000000.0,784250000.0,0.22508430795723613,0.0,238250000.0,323250000.0,0.0,3261500000.0,3261500000.0,51000000.0,229000000,451750000,0.1296548755112291,222750000.0,0.06393054459352802,0.0,171500000,0.04922149673530889,55250000,113750000,0.03264691109994977,0.144,0.144,790000000,790000000,https://find-and-update.company-information.service.gov.uk/search/companies?q=Associated+British+Foods+PLC,https://find-and-update.company-information.service.gov.uk/search/companies?q=Associated+British+Foods+PLC,1620586055,14:47:35,20210509
3,2020-01-31,ABF.L,GBP,2020-01-31,2020-01-31,Q1,3484250000,2700000000.0,784250000.0,0.22508430795723613,0.0,238250000.0,323250000.0,0.0,3261500000.0,3261500000.0,51000000.0,229000000,451750000,0.1296548755112291,222750000.0,0.06393054459352802,0.0,171500000,0.04922149673530889,55250000,113750000,0.03264691109994977,0.144,0.144,790000000,790000000,https://find-and-update.company-information.service.gov.uk/search/companies?q=Associated+British+Foods+PLC,https://find-and-update.company-information.service.gov.uk/search/companies?q=Associated+British+Foods+PLC,1620586055,14:47:35,20210509
4,2019-06-30,ABF.L,GBP,2019-06-30,2019-06-30,Q2,3956000000,3046750000.0,909250000.0,0.2298407482305359,0.0,245250000.0,339000000.0,0.0,3631000000.0,3631000000.0,36000000.0,153000000,478000000,0.12082912032355915,325000000.0,0.08215369059656219,0.0,293250000,0.07412790697674419,69250000,219500000,0.05548533872598584,0.27775,0.27775,790000000,790000000,https://find-and-update.company-information.service.gov.uk/search/companies?q=Associated+British+Foods+PLC,https://find-and-update.company-information.service.gov.uk/search/companies?q=Associated+British+Foods+PLC,1620586055,14:47:35,20210509
5,2019-03-31,ABF.L,GBP,2019-03-31,2019-03-31,Q1,3956000000,3046750000.0,909250000.0,0.2298407482305359,0.0,245250000.0,339000000.0,0.0,3631000000.0,3631000000.0,36000000.0,153000000,478000000,0.12082912032355915,325000000.0,0.08215369059656219,0.0,293250000,0.07412790697674419,69250000,219500000,0.05548533872598584,0.27775,0.27775,790000000,790000000,https://find-and-update.company-information.service.gov.uk/search/companies?q=Associated+British+Foods+PLC,https://find-and-update.company-information.service.gov.uk/search/companies?q=Associated+British+Foods+PLC,1620586055,14:47:35,20210509
6,2019-01-31,ABF.L,GBP,2019-01-31,2019-01-31,Q1,3956000000,3046750000.0,909250000.0,0.2298407482305359,0.0,245250000.0,339000000.0,0.0,3631000000.0,3631000000.0,36000000.0,153000000,478000000,0.12082912032355915,325000000.0,0.08215369059656219,0.0,293250000,0.07412790697674419,69250000,219500000,0.05548533872598584,0.27775,0.27775,790000000,790000000,https://find-and-update.company-information.service.gov.uk/search/companies?q=Associated+British+Foods+PLC,https://find-and-update.company-information.service.gov.uk/search/companies?q=Associated+British+Foods+PLC,1620586055,14:47:35,20210509
7,2018-06-30,ABF.L,GBP,2018-06-30,2018-06-30,Q2,3893500000,2997500000.0,896000000.0,0.23012713496853732,0.0,236000000.0,339000000.0,0.0,3572500000.0,3572500000.0,38250000.0,143500000,464500000,0.11930139976884552,321000000.0,0.0824451008090407,0.0,319750000,0.08212405290869397,64250000,251750000,0.06465904712983177,0.31875,0.31875,790000000,790000000,https://find-and-update.company-information.service.gov.uk/search/companies?q=Associated+British+Foods+PLC,https://find-and-update.company-information.service.gov.uk/search/companies?q=Associated+British+Foods+PLC,1620586055,14:47:35,20210509
8,2018-03-31,ABF.L,GBP,2018-03-31,2018-03-31,Q1,3893500000,2997500000.0,896000000.0,0.23012713496853732,0.0,236000000.0,339000000.0,0.0,3572500000.0,3572500000.0,38250000.0,143500000,464500000,0.11930139976884552,321000000.0,0.0824451008090407,0.0,319750000,0.08212405290869397,64250000,251750000,0.06465904712983177,0.31875,0.31875,790000000,790000000,https://find-and-update.company-information.service.gov.uk/search/companies?q=Associated+British+Foods+PLC,https://find-and-update.company-information.service.gov.uk/search/companies?q=Associated+British+Foods+PLC,1620586055,14:47:35,20210509
9,2018-01-31,ABF.L,GBP,2018-01-31,2018-01-31,Q1,3893500000,2997500000.0,896000000.0,0.23012713496853732,0.0,236000000.0,339000000.0,0.0,3572500000.0,3572500000.0,38250000.0,143500000,464500000,0.11930139976884552,321000000.0,0.0824451008090407,0.0,319750000,0.08212405290869397,64250000,251750000,0.06465904712983177,0.31875,0.31875,790000000,790000000,https://find-and-update.company-information.service.gov.uk/search/companies?q=Associated+British+Foods+PLC,https://find-and-update.company-information.service.gov.uk/search/companies?q=Associated+British+Foods+PLC,1620586055,14:47:35,20210509
10,2017-06-30,ABF.L,GBP,2017-06-30,2017-06-30,Q2,3839250000,2937750000.0,901500000.0,0.23481148661848017,0.0,238500000.0,346250000.0,0.0,3522500000.0,3522500000.0,40250000.0,142750000,459500000,0.11968483427752816,316750000.0,0.0825030930520284,0.0,394000000,0.1026242104577717,91250000,299500000,0.07801002800026047,0.379,0.379,790000000,790000000,https://find-and-update.company-information.service.gov.uk/search/companies?q=Associated+British+Foods+PLC,https://find-and-update.company-information.service.gov.uk/search/companies?q=Associated+British+Foods+PLC,1620586055,14:47:35,20210509
11,2017-03-31,ABF.L,GBP,2017-03-31,2017-03-31,Q1,3839250000,2937750000.0,901500000.0,0.23481148661848017,0.0,238500000.0,346250000.0,0.0,3522500000.0,3522500000.0,40250000.0,142750000,459500000,0.11968483427752816,316750000.0,0.0825030930520284,0.0,394000000,0.1026242104577717,91250000,299500000,0.07801002800026047,0.379,0.379,790000000,790000000,https://find-and-update.company-information.service.gov.uk/search/companies?q=Associated+British+Foods+PLC,https://find-and-update.company-information.service.gov.uk/search/companies?q=Associated+British+Foods+PLC,1620586055,14:47:35,20210509
12,2017-01-31,ABF.L,GBP,2017-01-31,2017-01-31,Q1,3839250000,2937750000.0,901500000.0,0.23481148661848017,0.0,238500000.0,346250000.0,0.0,3522500000.0,3522500000.0,40250000.0,142750000,459500000,0.11968483427752816,316750000.0,0.0825030930520284,0.0,394000000,0.1026242104577717,91250000,299500000,0.07801002800026047,0.379,0.379,790000000,790000000,https://find-and-update.company-information.service.gov.uk/search/companies?q=Associated+British+Foods+PLC,https://find-and-update.company-information.service.gov.uk/search/companies?q=Associated+British+Foods+PLC,1620586055,14:47:35,20210509
13,2016-06-30,ABF.L,GBP,2016-06-30,2016-06-30,Q2,3349750000,2564500000.0,785250000.0,0.23442047914023434,0.0,210250000.0,316250000.0,0.0,0.0,0.0,14000000.0,121500000,397250000,0.11859093962235988,275750000.0,0.08231957608776774,0.0,260500000,0.07776699753712964,55250000,204500000,0.06104933203970445,0.2585,0.2585,791000000,791000000,https://find-and-update.company-information.service.gov.uk/search/companies?q=Associated+British+Foods+PLC,https://find-and-update.company-information.service.gov.uk/search/companies?q=Associated+British+Foods+PLC,1620586055,14:47:35,20210509
14,2016-03-31,ABF.L,GBP,2016-03-31,2016-03-31,Q1,3349750000,2564500000.0,785250000.0,0.23442047914023434,0.0,210250000.0,316250000.0,0.0,0.0,0.0,14000000.0,121500000,397250000,0.11859093962235988,275750000.0,0.08231957608776774,0.0,260500000,0.07776699753712964,55250000,204500000,0.06104933203970445,0.2585,0.2585,791000000,791000000,https://find-and-update.company-information.service.gov.uk/search/companies?q=Associated+British+Foods+PLC,https://find-and-update.company-information.service.gov.uk/search/companies?q=Associated+British+Foods+PLC,1620586055,14:47:35,20210509
15,2016-01-31,ABF.L,GBP,2016-01-31,2016-01-31,Q1,3349750000,2564500000.0,785250000.0,0.23442047914023434,0.0,210250000.0,316250000.0,0.0,0.0,0.0,14000000.0,121500000,397250000,0.11859093962235988,275750000.0,0.08231957608776774,0.0,260500000,0.07776699753712964,55250000,204500000,0.06104933203970445,0.2585,0.2585,791000000,791000000,https://find-and-update.company-information.service.gov.uk/search/companies?q=Associated+British+Foods+PLC,https://find-and-update.company-information.service.gov.uk/search/companies?q=Associated+British+Foods+PLC,1620586055,14:47:35,20210509
16,2015-09-30,ABF.L,GBP,2015-09-30,2015-09-30,Q3,3200000000,2442750000.0,757250000.0,0.236640625,0.0,195250000.0,314750000.0,0.0,2952750000.0,2952750000.0,50000000.0,120500000,367750000,0.114921875,247250000.0,0.077265625,0.0,179250000,0.056015625,48250000,133000000,0.0415625,0.16825,0.16825,790000000,790000000,https://find-and-update.company-information.service.gov.uk/search/companies?q=Associated+British+Foods+PLC,https://find-and-update.company-information.service.gov.uk/search/companies?q=Associated+British+Foods+PLC,1620586055,14:47:35,20210509
17,2015-06-30,ABF.L,GBP,2015-06-30,2015-06-30,Q2,3200000000,2442750000.0,757250000.0,0.236640625,0.0,195250000.0,314750000.0,0.0,2952750000.0,2952750000.0,50000000.0,120500000,367750000,0.114921875,247250000.0,0.077265625,0.0,179250000,0.056015625,48250000,133000000,0.0415625,0.16825,0.16825,790000000,790000000,https://find-and-update.company-information.service.gov.uk/search/companies?q=Associated+British+Foods+PLC,https://find-and-update.company-information.service.gov.uk/search/companies?q=Associated+British+Foods+PLC,1620586055,14:47:35,20210509
18,2015-03-31,ABF.L,GBP,2015-03-31,2015-03-31,Q1,3200000000,2442750000.0,757250000.0,0.236640625,0.0,195250000.0,314750000.0,0.0,2952750000.0,2952750000.0,50000000.0,120500000,367750000,0.114921875,247250000.0,0.077265625,0.0,179250000,0.056015625,48250000,133000000,0.0415625,0.16825,0.16825,790000000,790000000,https://find-and-update.company-information.service.gov.uk/search/companies?q=Associated+British+Foods+PLC,https://find-and-update.company-information.service.gov.uk/search/companies?q=Associated+British+Foods+PLC,1620586055,14:47:35,20210509
19,2015-01-31,ABF.L,GBP,2015-01-31,2015-01-31,Q1,3200000000,2442750000.0,757250000.0,0.236640625,0.0,195250000.0,314750000.0,0.0,2952750000.0,2952750000.0,50000000.0,120500000,367750000,0.114921875,247250000.0,0.077265625,0.0,179250000,0.056015625,48250000,133000000,0.0415625,0.16825,0.16825,790000000,790000000,https://find-and-update.company-information.service.gov.uk/search/companies?q=Associated+British+Foods+PLC,https://find-and-update.company-information.service.gov.uk/search/companies?q=Associated+British+Foods+PLC,1620586055,14:47:35,20210509
20,2014-09-30,ABF.L,GBP,2014-09-30,2014-09-30,Q3,3235750000,2448250000.0,787500000.0,0.24337479718766902,0.0,200250000.0,317750000.0,0.0,2966250000.0,2966250000.0,55000000.0,124000000,393500000,0.12161013675345747,269500000.0,0.08328826392644673,0.0,255000000,0.07880707718457854,59250000,190500000,0.05887352236730279,0.24125,0.24125,790000000,790000000,https://find-and-update.company-information.service.gov.uk/search/companies?q=Associated+British+Foods+PLC,https://find-and-update.company-information.service.gov.uk/search/companies?q=Associated+British+Foods+PLC,1620586055,14:47:35,20210509
21,2014-06-30,ABF.L,GBP,2014-06-30,2014-06-30,Q2,3235750000,2448250000.0,787500000.0,0.24337479718766902,0.0,200250000.0,317750000.0,0.0,2966250000.0,2966250000.0,55000000.0,124000000,393500000,0.12161013675345747,269500000.0,0.08328826392644673,0.0,255000000,0.07880707718457854,59250000,190500000,0.05887352236730279,0.24125,0.24125,790000000,790000000,https://find-and-update.company-information.service.gov.uk/search/companies?q=Associated+British+Foods+PLC,https://find-and-update.company-information.service.gov.uk/search/companies?q=Associated+British+Foods+PLC,1620586055,14:47:35,20210509
22,2014-03-31,ABF.L,GBP,2014-03-31,2014-03-31,Q1,3235750000,2448250000.0,787500000.0,0.24337479718766902,0.0,200250000.0,317750000.0,0.0,2966250000.0,2966250000.0,55000000.0,124000000,393500000,0.12161013675345747,269500000.0,0.08328826392644673,0.0,255000000,0.07880707718457854,59250000,190500000,0.05887352236730279,0.24125,0.24125,790000000,790000000,https://find-and-update.company-information.service.gov.uk/search/companies?q=Associated+British+Foods+PLC,https://find-and-update.company-information.service.gov.uk/search/companies?q=Associated+British+Foods+PLC,1620586055,14:47:35,20210509
23,2014-01-31,ABF.L,GBP,2014-01-31,2014-01-31,Q1,3235750000,2448250000.0,787500000.0,0.24337479718766902,0.0,200250000.0,317750000.0,0.0,2966250000.0,2966250000.0,55000000.0,124000000,393500000,0.12161013675345747,269500000.0,0.08328826392644673,0.0,255000000,0.07880707718457854,59250000,190500000,0.05887352236730279,0.24125,0.24125,790000000,790000000,https://find-and-update.company-information.service.gov.uk/search/companies?q=Associated+British+Foods+PLC,https://find-and-update.company-information.service.gov.uk/search/companies?q=Associated+British+Foods+PLC,1620586055,14:47:35,20210509
24,2013-09-30,ABF.L,GBP,2013-09-30,2013-09-30,Q3,3328750000,2523750000.0,805000000.0,0.2418325197146076,0.0,206500000.0,328500000.0,0.0,3058750000.0,3058750000.0,59000000.0,23000000,293000000,0.0880210289147578,270000000.0,0.08111152835148329,0.0,219000000,0.06579046188509201,60500000,147750000,0.044386030792339465,0.187,0.187,790000000,790000000,https://find-and-update.company-information.service.gov.uk/search/companies?q=Associated+British+Foods+PLC,https://find-and-update.company-information.service.gov.uk/search/companies?q=Associated+British+Foods+PLC,1620586055,14:47:35,20210509
25,2013-06-30,ABF.L,GBP,2013-06-30,2013-06-30,Q2,3328750000,2523750000.0,805000000.0,0.2418325197146076,0.0,206500000.0,328500000.0,0.0,3058750000.0,3058750000.0,59000000.0,23000000,293000000,0.0880210289147578,270000000.0,0.08111152835148329,0.0,219000000,0.06579046188509201,60500000,147750000,0.044386030792339465,0.187,0.187,790000000,790000000,https://find-and-update.company-information.service.gov.uk/search/companies?q=Associated+British+Foods+PLC,https://find-and-update.company-information.service.gov.uk/search/companies?q=Associated+British+Foods+PLC,1620586055,14:47:35,20210509
26,2013-03-31,ABF.L,GBP,2013-03-31,2013-03-31,Q1,3328750000,2523750000.0,805000000.0,0.2418325197146076,0.0,206500000.0,328500000.0,0.0,3058750000.0,3058750000.0,59000000.0,23000000,293000000,0.0880210289147578,270000000.0,0.08111152835148329,0.0,219000000,0.06579046188509201,60500000,147750000,0.044386030792339465,0.187,0.187,790000000,790000000,https://find-and-update.company-information.service.gov.uk/search/companies?q=Associated+British+Foods+PLC,https://find-and-update.company-information.service.gov.uk/search/companies?q=Associated+British+Foods+PLC,1620586055,14:47:35,20210509
27,2013-01-31,ABF.L,GBP,2013-01-31,2013-01-31,Q1,3328750000,2523750000.0,805000000.0,0.2418325197146076,0.0,206500000.0,328500000.0,0.0,3058750000.0,3058750000.0,59000000.0,23000000,293000000,0.0880210289147578,270000000.0,0.08111152835148329,0.0,219000000,0.06579046188509201,60500000,147750000,0.044386030792339465,0.187,0.187,790000000,790000000,https://find-and-update.company-information.service.gov.uk/search/companies?q=Associated+British+Foods+PLC,https://find-and-update.company-information.service.gov.uk/search/companies?q=Associated+British+Foods+PLC,1620586055,14:47:35,20210509
28,2012-09-30,ABF.L,GBP,2012-09-30,2012-09-30,Q3,3063000000,2323000000.0,740000000.0,0.2415932092719556,0.0,184250000.0,318250000.0,0.0,2825500000.0,2825500000.0,63000000.0,129000000,366500000,0.11965393405158342,237500000.0,0.07753836108390467,0.0,190250000,0.062112308194580475,44500000,138750000,0.045298726738491675,0.17575,0.17575,789000000,789000000,https://find-and-update.company-information.service.gov.uk/search/companies?q=Associated+British+Foods+PLC,https://find-and-update.company-information.service.gov.uk/search/companies?q=Associated+British+Foods+PLC,1620586055,14:47:35,20210509
29,2012-06-30,ABF.L,GBP,2012-06-30,2012-06-30,Q2,3063000000,2323000000.0,740000000.0,0.2415932092719556,0.0,184250000.0,318250000.0,0.0,2825500000.0,2825500000.0,63000000.0,129000000,366500000,0.11965393405158342,237500000.0,0.07753836108390467,0.0,190250000,0.062112308194580475,44500000,138750000,0.045298726738491675,0.17575,0.17575,789000000,789000000,https://find-and-update.company-information.service.gov.uk/search/companies?q=Associated+British+Foods+PLC,https://find-and-update.company-information.service.gov.uk/search/companies?q=Associated+British+Foods+PLC,1620586055,14:47:35,20210509
30,2012-03-31,ABF.L,GBP,2012-03-31,2012-03-31,Q1,3063000000,2323000000.0,740000000.0,0.2415932092719556,0.0,184250000.0,318250000.0,0.0,2825500000.0,2825500000.0,63000000.0,129000000,366500000,0.11965393405158342,237500000.0,0.07753836108390467,0.0,190250000,0.062112308194580475,44500000,138750000,0.045298726738491675,0.17575,0.17575,789000000,789000000,https://find-and-update.company-information.service.gov.uk/search/companies?q=Associated+British+Foods+PLC,https://find-and-update.company-information.service.gov.uk/search/companies?q=Associated+British+Foods+PLC,1620586055,14:47:35,20210509
31,2012-01-31,ABF.L,GBP,2012-01-31,2012-01-31,Q1,3063000000,2323000000.0,740000000.0,0.2415932092719556,0.0,184250000.0,318250000.0,0.0,2825500000.0,2825500000.0,63000000.0,129000000,366500000,0.11965393405158342,237500000.0,0.07753836108390467,0.0,190250000,0.062112308194580475,44500000,138750000,0.045298726738491675,0.17575,0.17575,789000000,789000000,https://find-and-update.company-information.service.gov.uk/search/companies?q=Associated+British+Foods+PLC,https://find-and-update.company-information.service.gov.uk/search/companies?q=Associated+British+Foods+PLC,1620586055,14:47:35,20210509
32,2011-09-30,ABF.L,GBP,2011-09-30,2011-09-30,Q3,2766250000,2566250000.0,200000000.0,0.07230004518752824,6000000.0,0.0,304250000.0,9250000.0,-454250000.0,2556250000.0,23500000.0,103250000,313250000,0.11323994577496611,210000000.0,0.07591504744690465,0.0,189250000,0.0684139177586986,45000000,135250000,0.048892905558065976,0.17175,0.17175,788000000,788000000,https://find-and-update.company-information.service.gov.uk/search/companies?q=Associated+British+Foods+PLC,https://find-and-update.company-information.service.gov.uk/search/companies?q=Associated+British+Foods+PLC,1620586055,14:47:35,20210509
33,2011-06-30,ABF.L,GBP,2011-06-30,2011-06-30,Q2,2766250000,2566250000.0,200000000.0,0.07230004518752824,6000000.0,0.0,304250000.0,9250000.0,-454250000.0,2556250000.0,23500000.0,103250000,313250000,0.11323994577496611,210000000.0,0.07591504744690465,0.0,189250000,0.0684139177586986,45000000,135250000,0.048892905558065976,0.17175,0.17175,788000000,788000000,https://find-and-update.company-information.service.gov.uk/search/companies?q=Associated+British+Foods+PLC,https://find-and-update.company-information.service.gov.uk/search/companies?q=Associated+British+Foods+PLC,1620586055,14:47:35,20210509
34,2011-03-31,ABF.L,GBP,2011-03-31,2011-03-31,Q1,2766250000,2566250000.0,200000000.0,0.07230004518752824,6000000.0,0.0,304250000.0,9250000.0,-454250000.0,2556250000.0,23500000.0,103250000,313250000,0.11323994577496611,210000000.0,0.07591504744690465,0.0,189250000,0.0684139177586986,45000000,135250000,0.048892905558065976,0.17175,0.17175,788000000,788000000,https://find-and-update.company-information.service.gov.uk/search/companies?q=Associated+British+Foods+PLC,https://find-and-update.company-information.service.gov.uk/search/companies?q=Associated+British+Foods+PLC,1620586055,14:47:35,20210509
35,2011-01-31,ABF.L,GBP,2011-01-31,2011-01-31,Q1,2766250000,2566250000.0,200000000.0,0.07230004518752824,6000000.0,0.0,304250000.0,9250000.0,-454250000.0,2556250000.0,23500000.0,103250000,313250000,0.11323994577496611,210000000.0,0.07591504744690465,0.0,189250000,0.0684139177586986,45000000,135250000,0.048892905558065976,0.17175,0.17175,788000000,788000000,https://find-and-update.company-information.service.gov.uk/search/companies?q=Associated+British+Foods+PLC,https://find-and-update.company-information.service.gov.uk/search/companies?q=Associated+British+Foods+PLC,1620586055,14:47:35,20210509
36,2010-09-30,ABF.L,GBP,2010-09-30,2010-09-30,Q3,2541750000,2338750000.0,203000000.0,0.07986623389397068,5500000.0,0.0,288250000.0,4000000.0,-420750000.0,2341500000.0,21500000.0,103250000,303500000,0.11940592111734041,200250000.0,0.07878430215402774,0.0,190750000,0.07504671977967936,48500000,136500000,0.05370315727353202,0.17325,0.17325,788000000,788000000,https://find-and-update.company-information.service.gov.uk/search/companies?q=Associated+British+Foods+PLC,https://find-and-update.company-information.service.gov.uk/search/companies?q=Associated+British+Foods+PLC,1620586055,14:47:35,20210509
37,2010-06-30,ABF.L,GBP,2010-06-30,2010-06-30,Q2,2541750000,2338750000.0,203000000.0,0.07986623389397068,5500000.0,0.0,288250000.0,4000000.0,-420750000.0,2341500000.0,21500000.0,103250000,303500000,0.11940592111734041,200250000.0,0.07878430215402774,0.0,190750000,0.07504671977967936,48500000,136500000,0.05370315727353202,0.17325,0.17325,788000000,788000000,https://find-and-update.company-information.service.gov.uk/search/companies?q=Associated+British+Foods+PLC,https://find-and-update.company-information.service.gov.uk/search/companies?q=Associated+British+Foods+PLC,1620586055,14:47:35,20210509
38,2010-03-31,ABF.L,GBP,2010-03-31,2010-03-31,Q1,2541750000,2338750000.0,203000000.0,0.07986623389397068,5500000.0,0.0,288250000.0,4000000.0,-420750000.0,2341500000.0,21500000.0,103250000,303500000,0.11940592111734041,200250000.0,0.07878430215402774,0.0,190750000,0.07504671977967936,48500000,136500000,0.05370315727353202,0.17325,0.17325,788000000,788000000,https://find-and-update.company-information.service.gov.uk/search/companies?q=Associated+British+Foods+PLC,https://find-and-update.company-information.service.gov.uk/search/companies?q=Associated+British+Foods+PLC,1620586055,14:47:35,20210509
39,2010-01-31,ABF.L,GBP,2010-01-31,2010-01-31,Q1,2541750000,2338750000.0,203000000.0,0.07986623389397068,5500000.0,0.0,288250000.0,4000000.0,-420750000.0,2341500000.0,21500000.0,103250000,303500000,0.11940592111734041,200250000.0,0.07878430215402774,0.0,190750000,0.07504671977967936,48500000,136500000,0.05370315727353202,0.17325,0.17325,788000000,788000000,https://find-and-update.company-information.service.gov.uk/search/companies?q=Associated+British+Foods+PLC,https://find-and-update.company-information.service.gov.uk/search/companies?q=Associated+British+Foods+PLC,1620586055,14:47:35,20210509
40,2009-09-30,ABF.L,GBP,2009-09-30,2009-09-30,Q3,2313750000,1771250000.0,542500000.0,0.23446785521339816,5750000.0,0.0,250500000.0,2500000.0,-2000000.0,2142000000.0,21750000.0,93750000,265500000,0.11474878444084279,171750000.0,0.07423014586709886,0.0,123750000,0.05348460291734198,28000000,89750000,0.03878984332793085,0.11375,0.11375,789000000,789000000,https://find-and-update.company-information.service.gov.uk/search/companies?q=Associated+British+Foods+PLC,https://find-and-update.company-information.service.gov.uk/search/companies?q=Associated+British+Foods+PLC,1620586055,14:47:35,20210509
41,2009-06-30,ABF.L,GBP,2009-06-30,2009-06-30,Q2,2313750000,1771250000.0,542500000.0,0.23446785521339816,5750000.0,0.0,250500000.0,2500000.0,-2000000.0,2142000000.0,21750000.0,93750000,265500000,0.11474878444084279,171750000.0,0.07423014586709886,0.0,123750000,0.05348460291734198,28000000,89750000,0.03878984332793085,0.11375,0.11375,789000000,789000000,https://find-and-update.company-information.service.gov.uk/search/companies?q=Associated+British+Foods+PLC,https://find-and-update.company-information.service.gov.uk/search/companies?q=Associated+British+Foods+PLC,1620586055,14:47:35,20210509
42,2009-03-31,ABF.L,GBP,2009-03-31,2009-03-31,Q1,2313750000,1771250000.0,542500000.0,0.23446785521339816,5750000.0,0.0,250500000.0,2500000.0,-2000000.0,2142000000.0,21750000.0,93750000,265500000,0.11474878444084279,171750000.0,0.07423014586709886,0.0,123750000,0.05348460291734198,28000000,89750000,0.03878984332793085,0.11375,0.11375,789000000,789000000,https://find-and-update.company-information.service.gov.uk/search/companies?q=Associated+British+Foods+PLC,https://find-and-update.company-information.service.gov.uk/search/companies?q=Associated+British+Foods+PLC,1620586055,14:47:35,20210509
43,2009-01-31,ABF.L,GBP,2009-01-31,2009-01-31,Q1,2313750000,1771250000.0,542500000.0,0.23446785521339816,5750000.0,0.0,250500000.0,2500000.0,-2000000.0,2142000000.0,21750000.0,93750000,265500000,0.11474878444084279,171750000.0,0.07423014586709886,0.0,123750000,0.05348460291734198,28000000,89750000,0.03878984332793085,0.11375,0.11375,789000000,789000000,https://find-and-update.company-information.service.gov.uk/search/companies?q=Associated+British+Foods+PLC,https://find-and-update.company-information.service.gov.uk/search/companies?q=Associated+British+Foods+PLC,1620586055,14:47:35,20210509
44,2008-09-30,ABF.L,GBP,2008-09-30,2008-09-30,Q3,2058750000,1581750000.0,477000000.0,0.23169398907103825,5250000.0,0.0,227000000.0,3750000.0,1000000.0,1911750000.0,18500000.0,77500000,224500000,0.10904675166970249,147000000.0,0.07140255009107468,0.0,131750000,0.06399514268366728,34000000,89250000,0.043351548269581056,0.113,0.113,790000000,790000000,https://find-and-update.company-information.service.gov.uk/search/companies?q=Associated+British+Foods+PLC,https://find-and-update.company-information.service.gov.uk/search/companies?q=Associated+British+Foods+PLC,1620586055,14:47:35,20210509
45,2008-06-30,ABF.L,GBP,2008-06-30,2008-06-30,Q2,2058750000,1581750000.0,477000000.0,0.23169398907103825,5250000.0,0.0,227000000.0,3750000.0,1000000.0,1911750000.0,18500000.0,77500000,224500000,0.10904675166970249,147000000.0,0.07140255009107468,0.0,131750000,0.06399514268366728,34000000,89250000,0.043351548269581056,0.113,0.113,790000000,790000000,https://find-and-update.company-information.service.gov.uk/search/companies?q=Associated+British+Foods+PLC,https://find-and-update.company-information.service.gov.uk/search/companies?q=Associated+British+Foods+PLC,1620586055,14:47:35,20210509
46,2008-03-31,ABF.L,GBP,2008-03-31,2008-03-31,Q1,2058750000,1581750000.0,477000000.0,0.23169398907103825,5250000.0,0.0,227000000.0,3750000.0,1000000.0,1911750000.0,18500000.0,77500000,224500000,0.10904675166970249,147000000.0,0.07140255009107468,0.0,131750000,0.06399514268366728,34000000,89250000,0.043351548269581056,0.113,0.113,790000000,790000000,https://find-and-update.company-information.service.gov.uk/search/companies?q=Associated+British+Foods+PLC,https://find-and-update.company-information.service.gov.uk/search/companies?q=Associated+British+Foods+PLC,1620586055,14:47:35,20210509
47,2008-01-31,ABF.L,GBP,2008-01-31,2008-01-31,Q1,2058750000,1581750000.0,477000000.0,0.23169398907103825,5250000.0,0.0,227000000.0,3750000.0,1000000.0,1911750000.0,18500000.0,77500000,224500000,0.10904675166970249,147000000.0,0.07140255009107468,0.0,131750000,0.06399514268366728,34000000,89250000,0.043351548269581056,0.113,0.113,790000000,790000000,https://find-and-update.company-information.service.gov.uk/search/companies?q=Associated+British+Foods+PLC,https://find-and-update.company-information.service.gov.uk/search/companies?q=Associated+British+Foods+PLC,1620586055,14:47:35,20210509
48,2007-09-30,ABF.L,GBP,2007-09-30,2007-09-30,Q3,1700000000,1264500000.0,435500000.0,0.2561764705882353,4000000.0,0.0,201750000.0,2500000.0,-7500000.0,1553250000.0,13750000.0,73250000,220000000,0.12941176470588237,146750000.0,0.0863235294117647,0.0,127000000,0.07470588235294118,27000000,92250000,0.054264705882352944,0.11675,0.11675,790000000,790000000,https://find-and-update.company-information.service.gov.uk/search/companies?q=Associated+British+Foods+PLC,https://find-and-update.company-information.service.gov.uk/search/companies?q=Associated+British+Foods+PLC,1620586055,14:47:35,20210509
49,2007-06-30,ABF.L,GBP,2007-06-30,2007-06-30,Q2,1700000000,1264500000.0,435500000.0,0.2561764705882353,4000000.0,0.0,201750000.0,2500000.0,-7500000.0,1553250000.0,13750000.0,73250000,220000000,0.12941176470588237,146750000.0,0.0863235294117647,0.0,127000000,0.07470588235294118,27000000,92250000,0.054264705882352944,0.11675,0.11675,790000000,790000000,https://find-and-update.company-information.service.gov.uk/search/companies?q=Associated+British+Foods+PLC,https://find-and-update.company-information.service.gov.uk/search/companies?q=Associated+British+Foods+PLC,1620586055,14:47:35,20210509
50,2007-03-31,ABF.L,GBP,2007-03-31,2007-03-31,Q1,1700000000,1264500000.0,435500000.0,0.2561764705882353,4000000.0,0.0,201750000.0,2500000.0,-7500000.0,1553250000.0,13750000.0,73250000,220000000,0.12941176470588237,146750000.0,0.0863235294117647,0.0,127000000,0.07470588235294118,27000000,92250000,0.054264705882352944,0.11675,0.11675,790000000,790000000,https://find-and-update.company-information.service.gov.uk/search/companies?q=Associated+British+Foods+PLC,https://find-and-update.company-information.service.gov.uk/search/companies?q=Associated+British+Foods+PLC,1620586055,14:47:35,20210509
51,2007-01-31,ABF.L,GBP,2007-01-31,2007-01-31,Q1,1700000000,1264500000.0,435500000.0,0.2561764705882353,4000000.0,0.0,201750000.0,2500000.0,-7500000.0,1553250000.0,13750000.0,73250000,220000000,0.12941176470588237,146750000.0,0.0863235294117647,0.0,127000000,0.07470588235294118,27000000,92250000,0.054264705882352944,0.11675,0.11675,790000000,790000000,https://find-and-update.company-information.service.gov.uk/search/companies?q=Associated+British+Foods+PLC,https://find-and-update.company-information.service.gov.uk/search/companies?q=Associated+British+Foods+PLC,1620586055,14:47:35,20210509
52,2006-09-30,ABF.L,GBP,2006-09-30,2006-09-30,Q3,1499000000,1108750000.0,390250000.0,0.2603402268178786,3000000.0,0.0,192500000.0,2500000.0,-10750000.0,1363750000.0,11500000.0,54500000,189750000,0.12658438959306204,135250000.0,0.09022681787858572,0.0,104750000,0.06987991994663109,27750000,75250000,0.05020013342228152,0.09525,0.09525,790000000,790000000,https://find-and-update.company-information.service.gov.uk/search/companies?q=Associated+British+Foods+PLC,https://find-and-update.company-information.service.gov.uk/search/companies?q=Associated+British+Foods+PLC,1620586055,14:47:35,20210509
53,2006-06-30,ABF.L,GBP,2006-06-30,2006-06-30,Q2,1499000000,1108750000.0,390250000.0,0.2603402268178786,3000000.0,0.0,192500000.0,2500000.0,-10750000.0,1363750000.0,11500000.0,54500000,189750000,0.12658438959306204,135250000.0,0.09022681787858572,0.0,104750000,0.06987991994663109,27750000,75250000,0.05020013342228152,0.09525,0.09525,790000000,790000000,https://find-and-update.company-information.service.gov.uk/search/companies?q=Associated+British+Foods+PLC,https://find-and-update.company-information.service.gov.uk/search/companies?q=Associated+British+Foods+PLC,1620586055,14:47:35,20210509
54,2006-03-31,ABF.L,GBP,2006-03-31,2006-03-31,Q1,1499000000,1108750000.0,390250000.0,0.2603402268178786,3000000.0,0.0,192500000.0,2500000.0,-10750000.0,1363750000.0,11500000.0,54500000,189750000,0.12658438959306204,135250000.0,0.09022681787858572,0.0,104750000,0.06987991994663109,27750000,75250000,0.05020013342228152,0.09525,0.09525,790000000,790000000,https://find-and-update.company-information.service.gov.uk/search/companies?q=Associated+British+Foods+PLC,https://find-and-update.company-information.service.gov.uk/search/companies?q=Associated+British+Foods+PLC,1620586055,14:47:35,20210509
55,2006-01-31,ABF.L,GBP,2006-01-31,2006-01-31,Q1,1499000000,1108750000.0,390250000.0,0.2603402268178786,3000000.0,0.0,192500000.0,2500000.0,-10750000.0,1363750000.0,11500000.0,54500000,189750000,0.12658438959306204,135250000.0,0.09022681787858572,0.0,104750000,0.06987991994663109,27750000,75250000,0.05020013342228152,0.09525,0.09525,790000000,790000000,https://find-and-update.company-information.service.gov.uk/search/companies?q=Associated+British+Foods+PLC,https://find-and-update.company-information.service.gov.uk/search/companies?q=Associated+British+Foods+PLC,1620586055,14:47:35,20210509
56,2005-09-30,ABF.L,GBP,2005-09-30,2005-09-30,Q3,1405500000,0.0,0.0,0.0,2750000.0,0.0,180500000.0,1750000.0,1010250000.0,1249250000.0,34250000.0,46500000,202750000,0.14425471362504447,156250000.0,0.11117040199217361,0.0,131750000,0.09373888295980078,35250000,94750000,0.06741373176805407,0.12,0.12,789000000,789000000,https://find-and-update.company-information.service.gov.uk/search/companies?q=Associated+British+Foods+PLC,https://find-and-update.company-information.service.gov.uk/search/companies?q=Associated+British+Foods+PLC,1620586055,14:47:35,20210509
57,2005-06-30,ABF.L,GBP,2005-06-30,2005-06-30,Q2,1405500000,0.0,0.0,0.0,2750000.0,0.0,180500000.0,1750000.0,1010250000.0,1249250000.0,34250000.0,46500000,202750000,0.14425471362504447,156250000.0,0.11117040199217361,0.0,131750000,0.09373888295980078,35250000,94750000,0.06741373176805407,0.12,0.12,789000000,789000000,https://find-and-update.company-information.service.gov.uk/search/companies?q=Associated+British+Foods+PLC,https://find-and-update.company-information.service.gov.uk/search/companies?q=Associated+British+Foods+PLC,1620586055,14:47:35,20210509
58,2005-03-31,ABF.L,GBP,2005-03-31,2005-03-31,Q1,1405500000,0.0,0.0,0.0,2750000.0,0.0,180500000.0,1750000.0,1010250000.0,1249250000.0,34250000.0,46500000,202750000,0.14425471362504447,156250000.0,0.11117040199217361,0.0,131750000,0.09373888295980078,35250000,94750000,0.06741373176805407,0.12,0.12,789000000,789000000,https://find-and-update.company-information.service.gov.uk/search/companies?q=Associated+British+Foods+PLC,https://find-and-update.company-information.service.gov.uk/search/companies?q=Associated+British+Foods+PLC,1620586055,14:47:35,20210509
59,2005-01-31,ABF.L,GBP,2005-01-31,2005-01-31,Q1,1405500000,0.0,0.0,0.0,2750000.0,0.0,180500000.0,1750000.0,1010250000.0,1249250000.0,34250000.0,46500000,202750000,0.14425471362504447,156250000.0,0.11117040199217361,0.0,131750000,0.09373888295980078,35250000,94750000,0.06741373176805407,0.12,0.12,789000000,789000000,https://find-and-update.company-information.service.gov.uk/search/companies?q=Associated+British+Foods+PLC,https://find-and-update.company-information.service.gov.uk/search/companies?q=Associated+British+Foods+PLC,1620586055,14:47:35,20210509
60,2004-09-30,ABF.L,GBP,2004-09-30,2004-09-30,Q3,1291250000,1186000000.0,105250000.0,0.08151016456921588,2000000.0,0.0,0.0,-32000000.0,1131750000.0,1178250000.0,5750000.0,34750000,147750000,0.11442400774443369,113000000.0,0.08751210067763794,0.0,123500000,0.09564375605033881,36500000,85500000,0.06621490803484995,0.10825,0.10825,789000000,789000000,https://find-and-update.company-information.service.gov.uk/search/companies?q=Associated+British+Foods+PLC,https://find-and-update.company-information.service.gov.uk/search/companies?q=Associated+British+Foods+PLC,1620586055,14:47:35,20210509
61,2004-06-30,ABF.L,GBP,2004-06-30,2004-06-30,Q2,1291250000,1186000000.0,105250000.0,0.08151016456921588,2000000.0,0.0,0.0,-32000000.0,1131750000.0,1178250000.0,5750000.0,34750000,147750000,0.11442400774443369,113000000.0,0.08751210067763794,0.0,123500000,0.09564375605033881,36500000,85500000,0.06621490803484995,0.10825,0.10825,789000000,789000000,https://find-and-update.company-information.service.gov.uk/search/companies?q=Associated+British+Foods+PLC,https://find-and-update.company-information.service.gov.uk/search/companies?q=Associated+British+Foods+PLC,1620586055,14:47:35,20210509
62,2004-03-31,ABF.L,GBP,2004-03-31,2004-03-31,Q1,1291250000,1186000000.0,105250000.0,0.08151016456921588,2000000.0,0.0,0.0,-32000000.0,1131750000.0,1178250000.0,5750000.0,34750000,147750000,0.11442400774443369,113000000.0,0.08751210067763794,0.0,123500000,0.09564375605033881,36500000,85500000,0.06621490803484995,0.10825,0.10825,789000000,789000000,https://find-and-update.company-information.service.gov.uk/search/companies?q=Associated+British+Foods+PLC,https://find-and-update.company-information.service.gov.uk/search/companies?q=Associated+British+Foods+PLC,1620586055,14:47:35,20210509
63,2004-01-31,ABF.L,GBP,2004-01-31,2004-01-31,Q1,1291250000,1186000000.0,105250000.0,0.08151016456921588,2000000.0,0.0,0.0,-32000000.0,1131750000.0,1178250000.0,5750000.0,34750000,147750000,0.11442400774443369,113000000.0,0.08751210067763794,0.0,123500000,0.09564375605033881,36500000,85500000,0.06621490803484995,0.10825,0.10825,789000000,789000000,https://find-and-update.company-information.service.gov.uk/search/companies?q=Associated+British+Foods+PLC,https://find-and-update.company-information.service.gov.uk/search/companies?q=Associated+British+Foods+PLC,1620586055,14:47:35,20210509
64,2003-09-30,ABF.L,GBP,2003-09-30,2003-09-30,Q3,1227250000,1132750000.0,94500000.0,0.07700142595233245,1750000.0,0.0,0.0,-21250000.0,1084250000.0,1130250000.0,7500000.0,35500000,132500000,0.10796496231411692,97000000.0,0.07903850071297616,0.0,112000000,0.09126094927683846,31250000,81500000,0.06640863719698513,0.10325,0.10325,788599000,788599000,https://find-and-update.company-information.service.gov.uk/search/companies?q=Associated+British+Foods+PLC,https://find-and-update.company-information.service.gov.uk/search/companies?q=Associated+British+Foods+PLC,1620586055,14:47:35,20210509
65,2003-06-30,ABF.L,GBP,2003-06-30,2003-06-30,Q2,1227250000,1132750000.0,94500000.0,0.07700142595233245,1750000.0,0.0,0.0,-21250000.0,1084250000.0,1130250000.0,7500000.0,35500000,132500000,0.10796496231411692,97000000.0,0.07903850071297616,0.0,112000000,0.09126094927683846,31250000,81500000,0.06640863719698513,0.10325,0.10325,788599000,788599000,https://find-and-update.company-information.service.gov.uk/search/companies?q=Associated+British+Foods+PLC,https://find-and-update.company-information.service.gov.uk/search/companies?q=Associated+British+Foods+PLC,1620586055,14:47:35,20210509
66,2003-03-31,ABF.L,GBP,2003-03-31,2003-03-31,Q1,1227250000,1132750000.0,94500000.0,0.07700142595233245,1750000.0,0.0,0.0,-21250000.0,1084250000.0,1130250000.0,7500000.0,35500000,132500000,0.10796496231411692,97000000.0,0.07903850071297616,0.0,112000000,0.09126094927683846,31250000,81500000,0.06640863719698513,0.10325,0.10325,788599000,788599000,https://find-and-update.company-information.service.gov.uk/search/companies?q=Associated+British+Foods+PLC,https://find-and-update.company-information.service.gov.uk/search/companies?q=Associated+British+Foods+PLC,1620586055,14:47:35,20210509
67,2003-01-31,ABF.L,GBP,2003-01-31,2003-01-31,Q1,1227250000,1132750000.0,94500000.0,0.07700142595233245,1750000.0,0.0,0.0,-21250000.0,1084250000.0,1130250000.0,7500000.0,35500000,132500000,0.10796496231411692,97000000.0,0.07903850071297616,0.0,112000000,0.09126094927683846,31250000,81500000,0.06640863719698513,0.10325,0.10325,788599000,788599000,https://find-and-update.company-information.service.gov.uk/search/companies?q=Associated+British+Foods+PLC,https://find-and-update.company-information.service.gov.uk/search/companies?q=Associated+British+Foods+PLC,1620586055,14:47:35,20210509
68,2002-09-30,ABF.L,GBP,2002-09-30,2002-09-30,Q3,1136250000,1039250000.0,97000000.0,0.08536853685368537,1500000.0,0.0,0.0,-26500000.0,994750000.0,1041250000.0,5500000.0,37250000,132250000,0.11639163916391639,95000000.0,0.08360836083608361,0.0,105000000,0.0924092409240924,23750000,80500000,0.07084708470847084,0.102,0.102,789216000,789216000,https://find-and-update.company-information.service.gov.uk/search/companies?q=Associated+British+Foods+PLC,https://find-and-update.company-information.service.gov.uk/search/companies?q=Associated+British+Foods+PLC,1620586055,14:47:35,20210509
69,2002-06-30,ABF.L,GBP,2002-06-30,2002-06-30,Q2,1136250000,1039250000.0,97000000.0,0.08536853685368537,1500000.0,0.0,0.0,-26500000.0,994750000.0,1041250000.0,5500000.0,37250000,132250000,0.11639163916391639,95000000.0,0.08360836083608361,0.0,105000000,0.0924092409240924,23750000,80500000,0.07084708470847084,0.102,0.102,789216000,789216000,https://find-and-update.company-information.service.gov.uk/search/companies?q=Associated+British+Foods+PLC,https://find-and-update.company-information.service.gov.uk/search/companies?q=Associated+British+Foods+PLC,1620586055,14:47:35,20210509
70,2002-03-31,ABF.L,GBP,2002-03-31,2002-03-31,Q1,1136250000,1039250000.0,97000000.0,0.08536853685368537,1500000.0,0.0,0.0,-26500000.0,994750000.0,1041250000.0,5500000.0,37250000,132250000,0.11639163916391639,95000000.0,0.08360836083608361,0.0,105000000,0.0924092409240924,23750000,80500000,0.07084708470847084,0.102,0.102,789216000,789216000,https://find-and-update.company-information.service.gov.uk/search/companies?q=Associated+British+Foods+PLC,https://find-and-update.company-information.service.gov.uk/search/companies?q=Associated+British+Foods+PLC,1620586055,14:47:35,20210509
71,2002-01-31,ABF.L,GBP,2002-01-31,2002-01-31,Q1,1136250000,1039250000.0,97000000.0,0.08536853685368537,1500000.0,0.0,0.0,-26500000.0,994750000.0,1041250000.0,5500000.0,37250000,132250000,0.11639163916391639,95000000.0,0.08360836083608361,0.0,105000000,0.0924092409240924,23750000,80500000,0.07084708470847084,0.102,0.102,789216000,789216000,https://find-and-update.company-information.service.gov.uk/search/companies?q=Associated+British+Foods+PLC,https://find-and-update.company-information.service.gov.uk/search/companies?q=Associated+British+Foods+PLC,1620586055,14:47:35,20210509
72,2001-09-30,ABF.L,GBP,2001-09-30,2001-09-30,Q3,1104500000,0.0,1104500000.0,1.0,1750000.0,0.0,0.0,0.0,984500000.0,1030750000.0,6000000.0,37250000,111000000,0.10049796287913083,73750000.0,0.06677229515617927,0.0,92250000,0.0835219556360344,29500000,60750000,0.055002263467632415,0.077,0.077,789000000,789000000,https://find-and-update.company-information.service.gov.uk/search/companies?q=Associated+British+Foods+PLC,https://find-and-update.company-information.service.gov.uk/search/companies?q=Associated+British+Foods+PLC,1620586055,14:47:35,20210509
73,2001-06-30,ABF.L,GBP,2001-06-30,2001-06-30,Q2,1104500000,0.0,1104500000.0,1.0,1750000.0,0.0,0.0,0.0,984500000.0,1030750000.0,6000000.0,37250000,111000000,0.10049796287913083,73750000.0,0.06677229515617927,0.0,92250000,0.0835219556360344,29500000,60750000,0.055002263467632415,0.077,0.077,789000000,789000000,https://find-and-update.company-information.service.gov.uk/search/companies?q=Associated+British+Foods+PLC,https://find-and-update.company-information.service.gov.uk/search/companies?q=Associated+British+Foods+PLC,1620586055,14:47:35,20210509
74,2001-03-31,ABF.L,GBP,2001-03-31,2001-03-31,Q1,1104500000,0.0,1104500000.0,1.0,1750000.0,0.0,0.0,0.0,984500000.0,1030750000.0,6000000.0,37250000,111000000,0.10049796287913083,73750000.0,0.06677229515617927,0.0,92250000,0.0835219556360344,29500000,60750000,0.055002263467632415,0.077,0.077,789000000,789000000,https://find-and-update.company-information.service.gov.uk/search/companies?q=Associated+British+Foods+PLC,https://find-and-update.company-information.service.gov.uk/search/companies?q=Associated+British+Foods+PLC,1620586055,14:47:35,20210509
75,2001-01-31,ABF.L,GBP,2001-01-31,2001-01-31,Q1,1104500000,0.0,1104500000.0,1.0,1750000.0,0.0,0.0,0.0,984500000.0,1030750000.0,6000000.0,37250000,111000000,0.10049796287913083,73750000.0,0.06677229515617927,0.0,92250000,0.0835219556360344,29500000,60750000,0.055002263467632415,0.077,0.077,789000000,789000000,https://find-and-update.company-information.service.gov.uk/search/companies?q=Associated+British+Foods+PLC,https://find-and-update.company-information.service.gov.uk/search/companies?q=Associated+British+Foods+PLC,1620586055,14:47:35,20210509
76,2000-09-30,ABF.L,GBP,2000-09-30,2000-09-30,Q3,1101500000,0.0,0.0,0.0,2000000.0,0.0,0.0,0.0,960000000.0,1020250000.0,6500000.0,51500000,132750000,0.12051747616886065,81250000.0,0.0737630503858375,0.0,61750000,0.0560599182932365,27750000,34500000,0.031320926009986386,0.04375,0.04375,789000000,789000000,https://find-and-update.company-information.service.gov.uk/search/companies?q=Associated+British+Foods+PLC,https://find-and-update.company-information.service.gov.uk/search/companies?q=Associated+British+Foods+PLC,1620586055,14:47:35,20210509
77,2000-06-30,ABF.L,GBP,2000-06-30,2000-06-30,Q2,1101500000,0.0,0.0,0.0,2000000.0,0.0,0.0,0.0,960000000.0,1020250000.0,6500000.0,51500000,132750000,0.12051747616886065,81250000.0,0.0737630503858375,0.0,61750000,0.0560599182932365,27750000,34500000,0.031320926009986386,0.04375,0.04375,789000000,789000000,https://find-and-update.company-information.service.gov.uk/search/companies?q=Associated+British+Foods+PLC,https://find-and-update.company-information.service.gov.uk/search/companies?q=Associated+British+Foods+PLC,1620586055,14:47:35,20210509
78,2000-03-31,ABF.L,GBP,2000-03-31,2000-03-31,Q1,1101500000,0.0,0.0,0.0,2000000.0,0.0,0.0,0.0,960000000.0,1020250000.0,6500000.0,51500000,132750000,0.12051747616886065,81250000.0,0.0737630503858375,0.0,61750000,0.0560599182932365,27750000,34500000,0.031320926009986386,0.04375,0.04375,789000000,789000000,https://find-and-update.company-information.service.gov.uk/search/companies?q=Associated+British+Foods+PLC,https://find-and-update.company-information.service.gov.uk/search/companies?q=Associated+British+Foods+PLC,1620586055,14:47:35,20210509
79,2000-01-31,ABF.L,GBP,2000-01-31,2000-01-31,Q1,1101500000,0.0,0.0,0.0,2000000.0,0.0,0.0,0.0,960000000.0,1020250000.0,6500000.0,51500000,132750000,0.12051747616886065,81250000.0,0.0737630503858375,0.0,61750000,0.0560599182932365,27750000,34500000,0.031320926009986386,0.04375,0.04375,789000000,789000000,https://find-and-update.company-information.service.gov.uk/search/companies?q=Associated+British+Foods+PLC,https://find-and-update.company-information.service.gov.uk/search/companies?q=Associated+British+Foods+PLC,1620586055,14:47:35,20210509
80,1999-09-30,ABF.L,GBP,1999-09-30,1999-09-30,Q3,1074750000,0.0,0.0,0.0,1750000.0,0.0,0.0,0.0,952000000.0,995250000.0,6250000.0,35500000,115000000,0.10700162828564783,79500000.0,0.07397069085833916,0.0,75000000,0.06978367062107467,28750000,46000000,0.04280065131425913,0.0535,0.0535,860000000,860000000,https://find-and-update.company-information.service.gov.uk/search/companies?q=Associated+British+Foods+PLC,https://find-and-update.company-information.service.gov.uk/search/companies?q=Associated+British+Foods+PLC,1620586055,14:47:35,20210509
81,1999-06-30,ABF.L,GBP,1999-06-30,1999-06-30,Q2,1074750000,0.0,0.0,0.0,1750000.0,0.0,0.0,0.0,952000000.0,995250000.0,6250000.0,35500000,115000000,0.10700162828564783,79500000.0,0.07397069085833916,0.0,75000000,0.06978367062107467,28750000,46000000,0.04280065131425913,0.0535,0.0535,860000000,860000000,https://find-and-update.company-information.service.gov.uk/search/companies?q=Associated+British+Foods+PLC,https://find-and-update.company-information.service.gov.uk/search/companies?q=Associated+British+Foods+PLC,1620586055,14:47:35,20210509
82,1999-03-31,ABF.L,GBP,1999-03-31,1999-03-31,Q1,1074750000,0.0,0.0,0.0,1750000.0,0.0,0.0,0.0,952000000.0,995250000.0,6250000.0,35500000,115000000,0.10700162828564783,79500000.0,0.07397069085833916,0.0,75000000,0.06978367062107467,28750000,46000000,0.04280065131425913,0.0535,0.0535,860000000,860000000,https://find-and-update.company-information.service.gov.uk/search/companies?q=Associated+British+Foods+PLC,https://find-and-update.company-information.service.gov.uk/search/companies?q=Associated+British+Foods+PLC,1620586055,14:47:35,20210509
83,1999-01-31,ABF.L,GBP,1999-01-31,1999-01-31,Q1,1074750000,0.0,0.0,0.0,1750000.0,0.0,0.0,0.0,952000000.0,995250000.0,6250000.0,35500000,115000000,0.10700162828564783,79500000.0,0.07397069085833916,0.0,75000000,0.06978367062107467,28750000,46000000,0.04280065131425913,0.0535,0.0535,860000000,860000000,https://find-and-update.company-information.service.gov.uk/search/companies?q=Associated+British+Foods+PLC,https://find-and-update.company-information.service.gov.uk/search/companies?q=Associated+British+Foods+PLC,1620586055,14:47:35,20210509
84,1998-09-30,ABF.L,GBP,1998-09-30,1998-09-30,Q3,1048750000,0.0,0.0,0.0,2250000.0,0.0,0.0,0.0,922750000.0,968750000.0,5500000.0,37750000,117750000,0.11227651966626936,80000000.0,0.07628128724672228,0.0,97750000,0.0932061978545888,31000000,66250000,0.0631704410011919,0.084091,0.084091,789360000,789360000,https://find-and-update.company-information.service.gov.uk/search/companies?q=Associated+British+Foods+PLC,https://find-and-update.company-information.service.gov.uk/search/companies?q=Associated+British+Foods+PLC,1620586055,14:47:35,20210509
85,1998-06-30,ABF.L,GBP,1998-06-30,1998-06-30,Q2,1048750000,0.0,0.0,0.0,2250000.0,0.0,0.0,0.0,922750000.0,968750000.0,5500000.0,37750000,117750000,0.11227651966626936,80000000.0,0.07628128724672228,0.0,97750000,0.0932061978545888,31000000,66250000,0.0631704410011919,0.084091,0.084091,789360000,789360000,https://find-and-update.company-information.service.gov.uk/search/companies?q=Associated+British+Foods+PLC,https://find-and-update.company-information.service.gov.uk/search/companies?q=Associated+British+Foods+PLC,1620586055,14:47:35,20210509
86,1998-03-31,ABF.L,GBP,1998-03-31,1998-03-31,Q1,1048750000,0.0,0.0,0.0,2250000.0,0.0,0.0,0.0,922750000.0,968750000.0,5500000.0,37750000,117750000,0.11227651966626936,80000000.0,0.07628128724672228,0.0,97750000,0.0932061978545888,31000000,66250000,0.0631704410011919,0.084091,0.084091,789360000,789360000,https://find-and-update.company-information.service.gov.uk/search/companies?q=Associated+British+Foods+PLC,https://find-and-update.company-information.service.gov.uk/search/companies?q=Associated+British+Foods+PLC,1620586055,14:47:35,20210509
87,1998-01-31,ABF.L,GBP,1998-01-31,1998-01-31,Q1,1048750000,0.0,0.0,0.0,2250000.0,0.0,0.0,0.0,922750000.0,968750000.0,5500000.0,37750000,117750000,0.11227651966626936,80000000.0,0.07628128724672228,0.0,97750000,0.0932061978545888,31000000,66250000,0.0631704410011919,0.084091,0.084091,789360000,789360000,https://find-and-update.company-information.service.gov.uk/search/companies?q=Associated+British+Foods+PLC,https://find-and-update.company-information.service.gov.uk/search/companies?q=Associated+British+Foods+PLC,1620586055,14:47:35,20210509
88,1997-09-30,ABF.L,GBP,1997-09-30,1997-09-30,Q3,1300750000,0.0,1300750000.0,1.0,1750000.0,0.0,0.0,0.0,1275750000.0,1322500000.0,5500000.0,39000000,17250000,0.013261579857774361,-21750000.0,-0.01672112242936767,0.0,212500000,0.16336728810301748,40250000,170250000,0.13088602729194695,0.21477275,0.21477275,791674400,791674400,https://find-and-update.company-information.service.gov.uk/search/companies?q=Associated+British+Foods+PLC,https://find-and-update.company-information.service.gov.uk/search/companies?q=Associated+British+Foods+PLC,1620586055,14:47:35,20210509
89,1997-06-30,ABF.L,GBP,1997-06-30,1997-06-30,Q2,1300750000,0.0,1300750000.0,1.0,1750000.0,0.0,0.0,0.0,1275750000.0,1322500000.0,5500000.0,39000000,17250000,0.013261579857774361,-21750000.0,-0.01672112242936767,0.0,212500000,0.16336728810301748,40250000,170250000,0.13088602729194695,0.21477275,0.21477275,791674400,791674400,https://find-and-update.company-information.service.gov.uk/search/companies?q=Associated+British+Foods+PLC,https://find-and-update.company-information.service.gov.uk/search/companies?q=Associated+British+Foods+PLC,1620586055,14:47:35,20210509
90,1997-03-31,ABF.L,GBP,1997-03-31,1997-03-31,Q1,1300750000,0.0,1300750000.0,1.0,1750000.0,0.0,0.0,0.0,1275750000.0,1322500000.0,5500000.0,39000000,17250000,0.013261579857774361,-21750000.0,-0.01672112242936767,0.0,212500000,0.16336728810301748,40250000,170250000,0.13088602729194695,0.21477275,0.21477275,791674400,791674400,https://find-and-update.company-information.service.gov.uk/search/companies?q=Associated+British+Foods+PLC,https://find-and-update.company-information.service.gov.uk/search/companies?q=Associated+British+Foods+PLC,1620586055,14:47:35,20210509
91,1997-01-31,ABF.L,GBP,1997-01-31,1997-01-31,Q1,1300750000,0.0,1300750000.0,1.0,1750000.0,0.0,0.0,0.0,1275750000.0,1322500000.0,5500000.0,39000000,17250000,0.013261579857774361,-21750000.0,-0.01672112242936767,0.0,212500000,0.16336728810301748,40250000,170250000,0.13088602729194695,0.21477275,0.21477275,791674400,791674400,https://find-and-update.company-information.service.gov.uk/search/companies?q=Associated+British+Foods+PLC,https://find-and-update.company-information.service.gov.uk/search/companies?q=Associated+British+Foods+PLC,1620586055,14:47:35,20210509
92,1996-09-30,ABF.L,GBP,1996-09-30,1996-09-30,Q3,1426750000,0.0,1426750000.0,1.0,1750000.0,0.0,0.0,0.0,1291750000.0,1342250000.0,6250000.0,43000000,127500000,0.08936393902225337,84500000.0,0.05922551252847381,0.0,107500000,0.07534606623444892,36000000,69500000,0.048712107937620465,0.08806825,0.08806825,791674400,791674400,https://find-and-update.company-information.service.gov.uk/search/companies?q=Associated+British+Foods+PLC,https://find-and-update.company-information.service.gov.uk/search/companies?q=Associated+British+Foods+PLC,1620586055,14:47:35,20210509
93,1996-06-30,ABF.L,GBP,1996-06-30,1996-06-30,Q2,1426750000,0.0,1426750000.0,1.0,1750000.0,0.0,0.0,0.0,1291750000.0,1342250000.0,6250000.0,43000000,127500000,0.08936393902225337,84500000.0,0.05922551252847381,0.0,107500000,0.07534606623444892,36000000,69500000,0.048712107937620465,0.08806825,0.08806825,791674400,791674400,https://find-and-update.company-information.service.gov.uk/search/companies?q=Associated+British+Foods+PLC,https://find-and-update.company-information.service.gov.uk/search/companies?q=Associated+British+Foods+PLC,1620586055,14:47:35,20210509
94,1996-03-31,ABF.L,GBP,1996-03-31,1996-03-31,Q1,1426750000,0.0,1426750000.0,1.0,1750000.0,0.0,0.0,0.0,1291750000.0,1342250000.0,6250000.0,43000000,127500000,0.08936393902225337,84500000.0,0.05922551252847381,0.0,107500000,0.07534606623444892,36000000,69500000,0.048712107937620465,0.08806825,0.08806825,791674400,791674400,https://find-and-update.company-information.service.gov.uk/search/companies?q=Associated+British+Foods+PLC,https://find-and-update.company-information.service.gov.uk/search/companies?q=Associated+British+Foods+PLC,1620586055,14:47:35,20210509
95,1996-01-31,ABF.L,GBP,1996-01-31,1996-01-31,Q1,1426750000,0.0,1426750000.0,1.0,1750000.0,0.0,0.0,0.0,1291750000.0,1342250000.0,6250000.0,43000000,127500000,0.08936393902225337,84500000.0,0.05922551252847381,0.0,107500000,0.07534606623444892,36000000,69500000,0.048712107937620465,0.08806825,0.08806825,791674400,791674400,https://find-and-update.company-information.service.gov.uk/search/companies?q=Associated+British+Foods+PLC,https://find-and-update.company-information.service.gov.uk/search/companies?q=Associated+British+Foods+PLC,1620586055,14:47:35,20210509
96,1995-09-30,ABF.L,GBP,1995-09-30,1995-09-30,Q3,1223500000,0.0,1223500000.0,1.0,2250000.0,0.0,0.0,0.0,1093500000.0,1139750000.0,7250000.0,38500000,122250000,0.09991826726604004,83750000.0,0.06845116469145893,0.0,93750000,0.07662443808745402,29750000,62500000,0.05108295872496935,0.07897725,0.07897725,791672640,791672640,https://find-and-update.company-information.service.gov.uk/search/companies?q=Associated+British+Foods+PLC,https://find-and-update.company-information.service.gov.uk/search/companies?q=Associated+British+Foods+PLC,1620586055,14:47:35,20210509
97,1995-06-30,ABF.L,GBP,1995-06-30,1995-06-30,Q2,1223500000,0.0,1223500000.0,1.0,2250000.0,0.0,0.0,0.0,1093500000.0,1139750000.0,7250000.0,38500000,122250000,0.09991826726604004,83750000.0,0.06845116469145893,0.0,93750000,0.07662443808745402,29750000,62500000,0.05108295872496935,0.07897725,0.07897725,791672640,791672640,https://find-and-update.company-information.service.gov.uk/search/companies?q=Associated+British+Foods+PLC,https://find-and-update.company-information.service.gov.uk/search/companies?q=Associated+British+Foods+PLC,1620586055,14:47:35,20210509
98,1995-03-31,ABF.L,GBP,1995-03-31,1995-03-31,Q1,1223500000,0.0,1223500000.0,1.0,2250000.0,0.0,0.0,0.0,1093500000.0,1139750000.0,7250000.0,38500000,122250000,0.09991826726604004,83750000.0,0.06845116469145893,0.0,93750000,0.07662443808745402,29750000,62500000,0.05108295872496935,0.07897725,0.07897725,791672640,791672640,https://find-and-update.company-information.service.gov.uk/search/companies?q=Associated+British+Foods+PLC,https://find-and-update.company-information.service.gov.uk/search/companies?q=Associated+British+Foods+PLC,1620586055,14:47:35,20210509
99,1995-01-31,ABF.L,GBP,1995-01-31,1995-01-31,Q1,1223500000,0.0,1223500000.0,1.0,2250000.0,0.0,0.0,0.0,1093500000.0,1139750000.0,7250000.0,38500000,122250000,0.09991826726604004,83750000.0,0.06845116469145893,0.0,93750000,0.07662443808745402,29750000,62500000,0.05108295872496935,0.07897725,0.07897725,791672640,791672640,https://find-and-update.company-information.service.gov.uk/search/companies?q=Associated+British+Foods+PLC,https://find-and-update.company-information.service.gov.uk/search/companies?q=Associated+British+Foods+PLC,1620586055,14:47:35,20210509
100,1994-09-30,ABF.L,GBP,1994-09-30,1994-09-30,Q3,1128250000,0.0,1128250000.0,1.0,1750000.0,0.0,0.0,0.0,1017500000.0,1058250000.0,7500000.0,37000000,107000000,0.09483713715931753,70000000.0,0.06204298692665633,0.0,95500000,0.08464436073565255,17000000,77000000,0.06824728561932196,0.09758525,0.09758525,791672640,791672640,https://find-and-update.company-information.service.gov.uk/search/companies?q=Associated+British+Foods+PLC,https://find-and-update.company-information.service.gov.uk/search/companies?q=Associated+British+Foods+PLC,1620586055,14:47:35,20210509
101,1994-06-30,ABF.L,GBP,1994-06-30,1994-06-30,Q2,1128250000,0.0,1128250000.0,1.0,1750000.0,0.0,0.0,0.0,1017500000.0,1058250000.0,7500000.0,37000000,107000000,0.09483713715931753,70000000.0,0.06204298692665633,0.0,95500000,0.08464436073565255,17000000,77000000,0.06824728561932196,0.09758525,0.09758525,791672640,791672640,https://find-and-update.company-information.service.gov.uk/search/companies?q=Associated+British+Foods+PLC,https://find-and-update.company-information.service.gov.uk/search/companies?q=Associated+British+Foods+PLC,1620586055,14:47:35,20210509
102,1994-03-31,ABF.L,GBP,1994-03-31,1994-03-31,Q1,1128250000,0.0,1128250000.0,1.0,1750000.0,0.0,0.0,0.0,1017500000.0,1058250000.0,7500000.0,37000000,107000000,0.09483713715931753,70000000.0,0.06204298692665633,0.0,95500000,0.08464436073565255,17000000,77000000,0.06824728561932196,0.09758525,0.09758525,791672640,791672640,https://find-and-update.company-information.service.gov.uk/search/companies?q=Associated+British+Foods+PLC,https://find-and-update.company-information.service.gov.uk/search/companies?q=Associated+British+Foods+PLC,1620586055,14:47:35,20210509
103,1994-01-31,ABF.L,GBP,1994-01-31,1994-01-31,Q1,1128250000,0.0,1128250000.0,1.0,1750000.0,0.0,0.0,0.0,1017500000.0,1058250000.0,7500000.0,37000000,107000000,0.09483713715931753,70000000.0,0.06204298692665633,0.0,95500000,0.08464436073565255,17000000,77000000,0.06824728561932196,0.09758525,0.09758525,791672640,791672640,https://find-and-update.company-information.service.gov.uk/search/companies?q=Associated+British+Foods+PLC,https://find-and-update.company-information.service.gov.uk/search/companies?q=Associated+British+Foods+PLC,1620586055,14:47:35,20210509
104,1993-09-30,ABF.L,GBP,1993-09-30,1993-09-30,Q3,1096500000,0.0,1096500000.0,1.0,2000000.0,0.0,0.0,0.0,990500000.0,1029250000.0,8500000.0,34500000,101750000,0.0927952576379389,67250000.0,0.061331509347925216,0.0,84500000,0.07706338349293206,26000000,57000000,0.05198358413132695,0.072017,0.072017,790240000,790240000,https://find-and-update.company-information.service.gov.uk/search/companies?q=Associated+British+Foods+PLC,https://find-and-update.company-information.service.gov.uk/search/companies?q=Associated+British+Foods+PLC,1620586055,14:47:35,20210509
105,1993-06-30,ABF.L,GBP,1993-06-30,1993-06-30,Q2,1096500000,0.0,1096500000.0,1.0,2000000.0,0.0,0.0,0.0,990500000.0,1029250000.0,8500000.0,34500000,101750000,0.0927952576379389,67250000.0,0.061331509347925216,0.0,84500000,0.07706338349293206,26000000,57000000,0.05198358413132695,0.072017,0.072017,790240000,790240000,https://find-and-update.company-information.service.gov.uk/search/companies?q=Associated+British+Foods+PLC,https://find-and-update.company-information.service.gov.uk/search/companies?q=Associated+British+Foods+PLC,1620586055,14:47:35,20210509
106,1993-03-31,ABF.L,GBP,1993-03-31,1993-03-31,Q1,1096500000,0.0,1096500000.0,1.0,2000000.0,0.0,0.0,0.0,990500000.0,1029250000.0,8500000.0,34500000,101750000,0.0927952576379389,67250000.0,0.061331509347925216,0.0,84500000,0.07706338349293206,26000000,57000000,0.05198358413132695,0.072017,0.072017,790240000,790240000,https://find-and-update.company-information.service.gov.uk/search/companies?q=Associated+British+Foods+PLC,https://find-and-update.company-information.service.gov.uk/search/companies?q=Associated+British+Foods+PLC,1620586055,14:47:35,20210509
107,1993-01-31,ABF.L,GBP,1993-01-31,1993-01-31,Q1,1096500000,0.0,1096500000.0,1.0,2000000.0,0.0,0.0,0.0,990500000.0,1029250000.0,8500000.0,34500000,101750000,0.0927952576379389,67250000.0,0.061331509347925216,0.0,84500000,0.07706338349293206,26000000,57000000,0.05198358413132695,0.072017,0.072017,790240000,790240000,https://find-and-update.company-information.service.gov.uk/search/companies?q=Associated+British+Foods+PLC,https://find-and-update.company-information.service.gov.uk/search/companies?q=Associated+British+Foods+PLC,1620586055,14:47:35,20210509
108,1992-09-30,ABF.L,GBP,1992-09-30,1992-09-30,Q3,988500000,0.0,988500000.0,1.0,1750000.0,0.0,0.0,0.0,890500000.0,925250000.0,10250000.0,30500000,93750000,0.09484066767830046,63250000.0,0.06398583712696004,0.0,66750000,0.06752655538694992,24000000,41500000,0.041982802225594334,0.05255675,0.05255675,790240000,790240000,https://find-and-update.company-information.service.gov.uk/search/companies?q=Associated+British+Foods+PLC,https://find-and-update.company-information.service.gov.uk/search/companies?q=Associated+British+Foods+PLC,1620586055,14:47:35,20210509
109,1992-06-30,ABF.L,GBP,1992-06-30,1992-06-30,Q2,988500000,0.0,988500000.0,1.0,1750000.0,0.0,0.0,0.0,890500000.0,925250000.0,10250000.0,30500000,93750000,0.09484066767830046,63250000.0,0.06398583712696004,0.0,66750000,0.06752655538694992,24000000,41500000,0.041982802225594334,0.05255675,0.05255675,790240000,790240000,https://find-and-update.company-information.service.gov.uk/search/companies?q=Associated+British+Foods+PLC,https://find-and-update.company-information.service.gov.uk/search/companies?q=Associated+British+Foods+PLC,1620586055,14:47:35,20210509
110,1992-03-31,ABF.L,GBP,1992-03-31,1992-03-31,Q1,988500000,0.0,988500000.0,1.0,1750000.0,0.0,0.0,0.0,890500000.0,925250000.0,10250000.0,30500000,93750000,0.09484066767830046,63250000.0,0.06398583712696004,0.0,66750000,0.06752655538694992,24000000,41500000,0.041982802225594334,0.05255675,0.05255675,790240000,790240000,https://find-and-update.company-information.service.gov.uk/search/companies?q=Associated+British+Foods+PLC,https://find-and-update.company-information.service.gov.uk/search/companies?q=Associated+British+Foods+PLC,1620586055,14:47:35,20210509
111,1992-01-31,ABF.L,GBP,1992-01-31,1992-01-31,Q1,988500000,0.0,988500000.0,1.0,1750000.0,0.0,0.0,0.0,890500000.0,925250000.0,10250000.0,30500000,93750000,0.09484066767830046,63250000.0,0.06398583712696004,0.0,66750000,0.06752655538694992,24000000,41500000,0.041982802225594334,0.05255675,0.05255675,790240000,790240000,https://find-and-update.company-information.service.gov.uk/search/companies?q=Associated+British+Foods+PLC,https://find-and-update.company-information.service.gov.uk/search/companies?q=Associated+British+Foods+PLC,1620586055,14:47:35,20210509
112,1991-09-30,ABF.L,GBP,1991-09-30,1991-09-30,Q3,1219350000,0.0,1219350000.0,1.0,0.0,0.0,0.0,0.0,1182475000.0,1219350000.0,11950000.0,34750000,162875000,7.486415963161934,0.0,0.0,0.0,116175000,0.0952761717308402,37375000,48400000,0.03969327920613441,0.03394875,0.03394875,789184000,789184000,https://find-and-update.company-information.service.gov.uk/search/companies?q=Associated+British+Foods+PLC,https://find-and-update.company-information.service.gov.uk/search/companies?q=Associated+British+Foods+PLC,1620586055,14:47:35,20210509
113,1991-06-30,ABF.L,GBP,1991-06-30,1991-06-30,Q2,1219350000,0.0,1219350000.0,1.0,0.0,0.0,0.0,0.0,1182475000.0,1219350000.0,11950000.0,34750000,162875000,7.486415963161934,0.0,0.0,0.0,116175000,0.0952761717308402,37375000,48400000,0.03969327920613441,0.03394875,0.03394875,789184000,789184000,https://find-and-update.company-information.service.gov.uk/search/companies?q=Associated+British+Foods+PLC,https://find-and-update.company-information.service.gov.uk/search/companies?q=Associated+British+Foods+PLC,1620586055,14:47:35,20210509
114,1991-03-31,ABF.L,GBP,1991-03-31,1991-03-31,Q1,1219350000,0.0,1219350000.0,1.0,0.0,0.0,0.0,0.0,1182475000.0,1219350000.0,11950000.0,34750000,162875000,7.486415963161934,0.0,0.0,0.0,116175000,0.0952761717308402,37375000,48400000,0.03969327920613441,0.03394875,0.03394875,789184000,789184000,https://find-and-update.company-information.service.gov.uk/search/companies?q=Associated+British+Foods+PLC,https://find-and-update.company-information.service.gov.uk/search/companies?q=Associated+British+Foods+PLC,1620586055,14:47:35,20210509
115,1991-01-31,ABF.L,GBP,1991-01-31,1991-01-31,Q1,1219350000,0.0,1219350000.0,1.0,0.0,0.0,0.0,0.0,1182475000.0,1219350000.0,11950000.0,34750000,162875000,7.486415963161934,0.0,0.0,0.0,116175000,0.0952761717308402,37375000,48400000,0.03969327920613441,0.03394875,0.03394875,789184000,789184000,https://find-and-update.company-information.service.gov.uk/search/companies?q=Associated+British+Foods+PLC,https://find-and-update.company-information.service.gov.uk/search/companies?q=Associated+British+Foods+PLC,1620586055,14:47:35,20210509
116,1990-09-30,ABF.L,GBP,1990-09-30,1990-09-30,Q3,693675000,0.0,693675000.0,1.0,0.0,0.0,0.0,0.0,675675000.0,693675000.0,1750000.0,17650000,90350000,7.677642501383509,0.0,0.0,0.0,70950000,0.1022813277111039,22675000,66800000,0.09629869895844596,0.08480125,0.08480125,787248000,787248000,https://find-and-update.company-information.service.gov.uk/search/companies?q=Associated+British+Foods+PLC,https://find-and-update.company-information.service.gov.uk/search/companies?q=Associated+British+Foods+PLC,1620586055,14:47:35,20210509
117,1990-06-30,ABF.L,GBP,1990-06-30,1990-06-30,Q2,693675000,0.0,693675000.0,1.0,0.0,0.0,0.0,0.0,675675000.0,693675000.0,1750000.0,17650000,90350000,7.677642501383509,0.0,0.0,0.0,70950000,0.1022813277111039,22675000,66800000,0.09629869895844596,0.08480125,0.08480125,787248000,787248000,https://find-and-update.company-information.service.gov.uk/search/companies?q=Associated+British+Foods+PLC,https://find-and-update.company-information.service.gov.uk/search/companies?q=Associated+British+Foods+PLC,1620586055,14:47:35,20210509
118,1990-03-31,ABF.L,GBP,1990-03-31,1990-03-31,Q1,693675000,0.0,693675000.0,1.0,0.0,0.0,0.0,0.0,675675000.0,693675000.0,1750000.0,17650000,90350000,7.677642501383509,0.0,0.0,0.0,70950000,0.1022813277111039,22675000,66800000,0.09629869895844596,0.08480125,0.08480125,787248000,787248000,https://find-and-update.company-information.service.gov.uk/search/companies?q=Associated+British+Foods+PLC,https://find-and-update.company-information.service.gov.uk/search/companies?q=Associated+British+Foods+PLC,1620586055,14:47:35,20210509
119,1990-01-31,ABF.L,GBP,1990-01-31,1990-01-31,Q1,693675000,0.0,693675000.0,1.0,0.0,0.0,0.0,0.0,675675000.0,693675000.0,1750000.0,17650000,90350000,7.677642501383509,0.0,0.0,0.0,70950000,0.1022813277111039,22675000,66800000,0.09629869895844596,0.08480125,0.08480125,787248000,787248000,https://find-and-update.company-information.service.gov.uk/search/companies?q=Associated+British+Foods+PLC,https://find-and-update.company-information.service.gov.uk/search/companies?q=Associated+British+Foods+PLC,1620586055,14:47:35,20210509
120,1989-09-30,ABF.L,GBP,1989-09-30,1989-09-30,Q3,624100000,0.0,624100000.0,1.0,0.0,0.0,0.0,0.0,608650000.0,624100000.0,1725000.0,15075000,76075000,8.20374630299047,0.0,0.0,0.0,59275000,0.0949767665438231,18050000,49050000,0.07859317417080595,0.062358,0.062358,786544000,786544000,https://find-and-update.company-information.service.gov.uk/search/companies?q=Associated+British+Foods+PLC,https://find-and-update.company-information.service.gov.uk/search/companies?q=Associated+British+Foods+PLC,1620586055,14:47:35,20210509
121,1989-06-30,ABF.L,GBP,1989-06-30,1989-06-30,Q2,624100000,0.0,624100000.0,1.0,0.0,0.0,0.0,0.0,608650000.0,624100000.0,1725000.0,15075000,76075000,8.20374630299047,0.0,0.0,0.0,59275000,0.0949767665438231,18050000,49050000,0.07859317417080595,0.062358,0.062358,786544000,786544000,https://find-and-update.company-information.service.gov.uk/search/companies?q=Associated+British+Foods+PLC,https://find-and-update.company-information.service.gov.uk/search/companies?q=Associated+British+Foods+PLC,1620586055,14:47:35,20210509
122,1989-03-31,ABF.L,GBP,1989-03-31,1989-03-31,Q1,624100000,0.0,624100000.0,1.0,0.0,0.0,0.0,0.0,608650000.0,624100000.0,1725000.0,15075000,76075000,8.20374630299047,0.0,0.0,0.0,59275000,0.0949767665438231,18050000,49050000,0.07859317417080595,0.062358,0.062358,786544000,786544000,https://find-and-update.company-information.service.gov.uk/search/companies?q=Associated+British+Foods+PLC,https://find-and-update.company-information.service.gov.uk/search/companies?q=Associated+British+Foods+PLC,1620586055,14:47:35,20210509
123,1989-01-31,ABF.L,GBP,1989-01-31,1989-01-31,Q1,624100000,0.0,624100000.0,1.0,0.0,0.0,0.0,0.0,608650000.0,624100000.0,1725000.0,15075000,76075000,8.20374630299047,0.0,0.0,0.0,59275000,0.0949767665438231,18050000,49050000,0.07859317417080595,0.062358,0.062358,786544000,786544000,https://find-and-update.company-information.service.gov.uk/search/companies?q=Associated+British+Foods+PLC,https://find-and-update.company-information.service.gov.uk/search/companies?q=Associated+British+Foods+PLC,1620586055,14:47:35,20210509
124,1988-09-30,ABF.L,GBP,1988-09-30,1988-09-30,Q3,568000000,0.0,568000000.0,1.0,0.0,0.0,0.0,0.0,553875000.0,568000000.0,1425000.0,13800000,67825000,8.374493180980464,0.0,0.0,0.0,52600000,0.0926056338028169,17700000,27225000,0.04793133802816901,0.03468325,0.03468325,784960000,784960000,https://find-and-update.company-information.service.gov.uk/search/companies?q=Associated+British+Foods+PLC,https://find-and-update.company-information.service.gov.uk/search/companies?q=Associated+British+Foods+PLC,1620586055,14:47:35,20210509
125,1988-06-30,ABF.L,GBP,1988-06-30,1988-06-30,Q2,568000000,0.0,568000000.0,1.0,0.0,0.0,0.0,0.0,553875000.0,568000000.0,1425000.0,13800000,67825000,8.374493180980464,0.0,0.0,0.0,52600000,0.0926056338028169,17700000,27225000,0.04793133802816901,0.03468325,0.03468325,784960000,784960000,https://find-and-update.company-information.service.gov.uk/search/companies?q=Associated+British+Foods+PLC,https://find-and-update.company-information.service.gov.uk/search/companies?q=Associated+British+Foods+PLC,1620586055,14:47:35,20210509
126,1988-03-31,ABF.L,GBP,1988-03-31,1988-03-31,Q1,568000000,0.0,568000000.0,1.0,0.0,0.0,0.0,0.0,553875000.0,568000000.0,1425000.0,13800000,67825000,8.374493180980464,0.0,0.0,0.0,52600000,0.0926056338028169,17700000,27225000,0.04793133802816901,0.03468325,0.03468325,784960000,784960000,https://find-and-update.company-information.service.gov.uk/search/companies?q=Associated+British+Foods+PLC,https://find-and-update.company-information.service.gov.uk/search/companies?q=Associated+British+Foods+PLC,1620586055,14:47:35,20210509
127,1988-01-31,ABF.L,GBP,1988-01-31,1988-01-31,Q1,568000000,0.0,568000000.0,1.0,0.0,0.0,0.0,0.0,553875000.0,568000000.0,1425000.0,13800000,67825000,8.374493180980464,0.0,0.0,0.0,52600000,0.0926056338028169,17700000,27225000,0.04793133802816901,0.03468325,0.03468325,784960000,784960000,https://find-and-update.company-information.service.gov.uk/search/companies?q=Associated+British+Foods+PLC,https://find-and-update.company-information.service.gov.uk/search/companies?q=Associated+British+Foods+PLC,1620586055,14:47:35,20210509
128,1987-09-30,ABF.L,GBP,1987-09-30,1987-09-30,Q3,550475000,0.0,550475000.0,1.0,0.0,0.0,0.0,0.0,537025000.0,550475000.0,2000000.0,12750000,62375000,8.825250501002005,0.0,0.0,0.0,47625000,0.08651619056269585,16025000,112850000,0.20500476860892866,0.1519415,0.1519415,742720000,742720000,https://find-and-update.company-information.service.gov.uk/search/companies?q=Associated+British+Foods+PLC,https://find-and-update.company-information.service.gov.uk/search/companies?q=Associated+British+Foods+PLC,1620586055,14:47:35,20210509
129,1987-06-30,ABF.L,GBP,1987-06-30,1987-06-30,Q2,550475000,0.0,550475000.0,1.0,0.0,0.0,0.0,0.0,537025000.0,550475000.0,2000000.0,12750000,62375000,8.825250501002005,0.0,0.0,0.0,47625000,0.08651619056269585,16025000,112850000,0.20500476860892866,0.1519415,0.1519415,742720000,742720000,https://find-and-update.company-information.service.gov.uk/search/companies?q=Associated+British+Foods+PLC,https://find-and-update.company-information.service.gov.uk/search/companies?q=Associated+British+Foods+PLC,1620586055,14:47:35,20210509
130,1987-03-31,ABF.L,GBP,1987-03-31,1987-03-31,Q1,550475000,0.0,550475000.0,1.0,0.0,0.0,0.0,0.0,537025000.0,550475000.0,2000000.0,12750000,62375000,8.825250501002005,0.0,0.0,0.0,47625000,0.08651619056269585,16025000,112850000,0.20500476860892866,0.1519415,0.1519415,742720000,742720000,https://find-and-update.company-information.service.gov.uk/search/companies?q=Associated+British+Foods+PLC,https://find-and-update.company-information.service.gov.uk/search/companies?q=Associated+British+Foods+PLC,1620586055,14:47:35,20210509
131,1987-01-31,ABF.L,GBP,1987-01-31,1987-01-31,Q1,550475000,0.0,550475000.0,1.0,0.0,0.0,0.0,0.0,537025000.0,550475000.0,2000000.0,12750000,62375000,8.825250501002005,0.0,0.0,0.0,47625000,0.08651619056269585,16025000,112850000,0.20500476860892866,0.1519415,0.1519415,742720000,742720000,https://find-and-update.company-information.service.gov.uk/search/companies?q=Associated+British+Foods+PLC,https://find-and-update.company-information.service.gov.uk/search/companies?q=Associated+British+Foods+PLC,1620586055,14:47:35,20210509
132,1986-09-30,ABF.L,GBP,1986-09-30,1986-09-30,Q3,782300000,0.0,782300000.0,1.0,0.0,0.0,0.0,0.0,766225000.0,782300000.0,1875000.0,15400000,58150000,13.453138435081685,0.0,0.0,0.0,40875000,0.052249776300651925,15800000,27950000,0.03572798159273936,0.03990125,0.03990125,700480000,700480000,https://find-and-update.company-information.service.gov.uk/search/companies?q=Associated+British+Foods+PLC,https://find-and-update.company-information.service.gov.uk/search/companies?q=Associated+British+Foods+PLC,1620586055,14:47:35,20210509
133,1986-06-30,ABF.L,GBP,1986-06-30,1986-06-30,Q2,782300000,0.0,782300000.0,1.0,0.0,0.0,0.0,0.0,766225000.0,782300000.0,1875000.0,15400000,58150000,13.453138435081685,0.0,0.0,0.0,40875000,0.052249776300651925,15800000,27950000,0.03572798159273936,0.03990125,0.03990125,700480000,700480000,https://find-and-update.company-information.service.gov.uk/search/companies?q=Associated+British+Foods+PLC,https://find-and-update.company-information.service.gov.uk/search/companies?q=Associated+British+Foods+PLC,1620586055,14:47:35,20210509
134,1986-03-31,ABF.L,GBP,1986-03-31,1986-03-31,Q1,782300000,0.0,782300000.0,1.0,0.0,0.0,0.0,0.0,766225000.0,782300000.0,1875000.0,15400000,58150000,13.453138435081685,0.0,0.0,0.0,40875000,0.052249776300651925,15800000,27950000,0.03572798159273936,0.03990125,0.03990125,700480000,700480000,https://find-and-update.company-information.service.gov.uk/search/companies?q=Associated+British+Foods+PLC,https://find-and-update.company-information.service.gov.uk/search/companies?q=Associated+British+Foods+PLC,1620586055,14:47:35,20210509
135,1986-01-31,ABF.L,GBP,1986-01-31,1986-01-31,Q1,782300000,0.0,782300000.0,1.0,0.0,0.0,0.0,0.0,766225000.0,782300000.0,1875000.0,15400000,58150000,13.453138435081685,0.0,0.0,0.0,40875000,0.052249776300651925,15800000,27950000,0.03572798159273936,0.03990125,0.03990125,700480000,700480000,https://find-and-update.company-information.service.gov.uk/search/companies?q=Associated+British+Foods+PLC,https://find-and-update.company-information.service.gov.uk/search/companies?q=Associated+British+Foods+PLC,1620586055,14:47:35,20210509
