,date,symbol,reportedCurrency,fillingDate,acceptedDate,period,revenue,costOfRevenue,grossProfit,grossProfitRatio,researchAndDevelopmentExpenses,generalAndAdministrativeExpenses,sellingAndMarketingExpenses,otherExpenses,operatingExpenses,costAndExpenses,interestExpense,depreciationAndAmortization,ebitda,ebitdaratio,operatingIncome,operatingIncomeRatio,totalOtherIncomeExpensesNet,incomeBeforeTax,incomeBeforeTaxRatio,incomeTaxExpense,netIncome,netIncomeRatio,eps,epsdiluted,weightedAverageShsOut,weightedAverageShsOutDil,link,finalLink,timestamp,est_time,est_date
0,2020-12-31,SUN,USD,2021-02-19,2021-02-19 16:43:12,Q4,2553000000,9906000000,-7353000.0,-0.002880141010575793,0.0,40000000.0,0.0,7400000000.0,9941000.0,2409000000.0,44000000.0,47000000.0,191000000.0,0.07481394437916176,144000000.0,0.0564042303172738,2000.0,91000000.0,0.03564433999216608,8000000.0,-128000000.0,-0.05013709361535448,-1.531123738363011,-1.531123738363011,83598730,83598730,https://www.sec.gov/Archives/edgar/data/1552275/000155227521000011/0001552275-21-000011-index.htm,https://www.sec.gov/Archives/edgar/data/1552275/000155227521000011/sun-20201231.htm,1620598432,18:13:52,20210509
1,2020-09-30,SUN,USD,2020-11-05,2020-11-05 13:38:42,Q3,2805000000,5155000000,-2350000000.0,-0.8377896613190731,0.0,44000000.0,0.0,2630000000.0,112000000.0,2658000000.0,43000000.0,50000000.0,197000000.0,0.07023172905525847,147000000.0,0.052406417112299465,0.0,105000000.0,0.0374331550802139,5000000.0,100000000.0,0.035650623885918005,1.1961904205961023,1.1961904205961023,83598730,83598730,https://www.sec.gov/Archives/edgar/data/1552275/000155227520000058/0001552275-20-000058-index.htm,https://www.sec.gov/Archives/edgar/data/1552275/000155227520000058/sun-20200930.htm,1620598432,18:13:52,20210509
2,2020-06-30,SUN,USD,2020-08-06,2020-08-06 14:24:57,Q2,2080000000,1722000000,358000000.0,0.17211538461538461,0.0,41000000.0,0.0,56000000.0,97000000.0,1872000000.0,44000000.0,47000000.0,255000000.0,0.12259615384615384,208000000.0,0.1,0.0,165000000.0,0.07932692307692307,8000000.0,157000000.0,0.07548076923076923,1.87802,1.87802,83598730,83598730,https://www.sec.gov/Archives/edgar/data/1552275/000155227520000032/0001552275-20-000032-index.htm,https://www.sec.gov/Archives/edgar/data/1552275/000155227520000032/sun-06302020x10q.htm,1620598432,18:13:52,20210509
3,2020-03-31,SUN,USD,2020-05-11,2020-05-11 16:20:27,Q1,3272000000,3164000000,108000000.0,0.03300733496332518,0.0,48000000.0,0.0,95000000.0,143000000.0,3354000000.0,44000000.0,45000000.0,-37000000.0,-0.011308068459657702,-82000000.0,-0.02506112469437653,0.0,-125000000.0,-0.038202933985330076,3000000.0,-128000000.0,-0.039119804400977995,-1.54191,-1.54191,83013770,83013770,https://www.sec.gov/Archives/edgar/data/1552275/000155227520000015/0001552275-20-000015-index.htm,https://www.sec.gov/Archives/edgar/data/1552275/000155227520000007/sun-12312019x10k.htm,1620598432,18:13:52,20210509
4,2019-12-31,SUN,USD,2020-02-21,2020-02-21 13:30:15,Q4,4098000000,3813000000,285000000.0,0.06954612005856516,0.0,51000000.0,0.0,68000000.0,119000000.0,4003000000.0,-43000000.0,46000000.0,141000000.0,0.034407027818448024,95000000.0,0.02318204001952172,3000000.0,57000000.0,0.013909224011713031,-26000000.0,83000000.0,0.02025378233284529,0.99197,0.99197,83671490,83671490,https://www.sec.gov/Archives/edgar/data/1552275/000155227520000007/0001552275-20-000007-index.htm,https://www.sec.gov/Archives/edgar/data/1552275/000155227520000007/sun-12312019x10k.htm,1620598432,18:13:52,20210509
5,2019-09-30,SUN,USD,2019-11-07,2019-11-07 13:25:16,Q3,4331000000,4039000000,292000000.0,0.06742091895636111,0.0,55000000.0,0.0,79000000.0,134000000.0,4214000000.0,45000000.0,45000000.0,162000000.0,0.037404756407296236,117000000.0,0.027014546294158392,0.0,72000000.0,0.01662433618102055,6000000.0,66000000.0,0.01523897483260217,0.789,0.789,83649900,83649900,https://www.sec.gov/Archives/edgar/data/1552275/000155227519000040/0001552275-19-000040-index.htm,https://www.sec.gov/Archives/edgar/data/1552275/000155227519000040/sun-09302019x10q.htm,1620598432,18:13:52,20210509
6,2019-06-30,SUN,USD,2019-08-08,2019-08-08 12:54:09,Q2,4475000000,4206000000,269000000.0,0.06011173184357542,0.0,50000000.0,0.0,73000000.0,123000000.0,4372000000.0,43000000.0,47000000.0,150000000.0,0.0335195530726257,103000000.0,0.023016759776536312,0.0,60000000.0,0.013407821229050279,5000000.0,55000000.0,0.012290502793296089,0.6586,0.6586,83509990,83509990,https://www.sec.gov/Archives/edgar/data/1552275/000155227519000030/0001552275-19-000030-index.htm,https://www.sec.gov/Archives/edgar/data/1552275/000155227519000030/sun-06302019x10q.htm,1620598432,18:13:52,20210509
7,2019-03-31,SUN,USD,2019-05-09,2019-05-09 12:05:38,Q1,3692000000,3322000000,370000000.0,0.10021668472372698,0.0,41000000.0,0.0,84000000.0,125000000.0,3543000000.0,42000000.0,45000000.0,194000000.0,0.05254604550379198,149000000.0,0.04035752979414951,0.0,107000000.0,0.028981581798483206,-2000000.0,109000000.0,0.02952329360780065,1.30727,1.30727,83380170,83380170,https://www.sec.gov/Archives/edgar/data/1552275/000155227519000020/0001552275-19-000020-index.htm,https://www.sec.gov/Archives/edgar/data/1552275/000155227519000011/sun-12312018x10k.htm,1620598432,18:13:52,20210509
8,2018-12-31,SUN,USD,2019-02-22,2019-02-22 13:13:34,Q4,3877000000,3694000000,183000000.0,0.0472014444157854,0.0,56000000.0,0.0,93000000.0,149000000.0,3915000000.0,39000000.0,50000000.0,12000000.0,0.003095176683002321,-38000000.0,-0.00980139282950735,0.0,-77000000.0,-0.019860717049264894,-5000000.0,-72000000.0,-0.018571060098013927,-0.87247,-0.87247,82524010,82524010,https://www.sec.gov/Archives/edgar/data/1552275/000155227519000011/0001552275-19-000011-index.htm,https://www.sec.gov/Archives/edgar/data/1552275/000155227519000011/sun-12312018x10k.htm,1620598432,18:13:52,20210509
9,2018-09-30,SUN,USD,2018-11-08,2018-11-08 12:59:38,Q3,4761000000,4428000000,333000000.0,0.06994328922495274,0.0,54000000.0,0.0,86000000.0,140000000.0,4602000000.0,35000000.0,42000000.0,201000000.0,0.04221802142407057,159000000.0,0.03339634530560807,0.0,124000000.0,0.026044948540222643,10000000.0,112000000.0,0.023524469649233354,1.34802,1.34802,83084710,83084710,https://www.sec.gov/Archives/edgar/data/1552275/000155227518000052/0001552275-18-000052-index.htm,https://www.sec.gov/Archives/edgar/data/1552275/000155227518000052/sun-09302018x10q.htm,1620598432,18:13:52,20210509
10,2018-06-30,SUN,USD,2018-08-09,2018-08-09 12:49:20,Q2,4607000000,4297000000,310000000.0,0.06728890818319948,0.0,53000000.0,0.0,86000000.0,139000000.0,4479000000.0,36000000.0,41000000.0,169000000.0,0.036683308009550684,128000000.0,0.027783807249837204,0.0,92000000.0,0.01996961146082049,-2000000.0,68000000.0,0.014760147601476014,0.82027,0.82027,82900000,82900000,https://www.sec.gov/Archives/edgar/data/1552275/000155227518000042/0001552275-18-000042-index.htm,https://www.sec.gov/Archives/edgar/data/1552275/000155227518000042/sun-06302018x10q.htm,1620598432,18:13:52,20210509
11,2018-03-31,SUN,USD,2018-05-10,2018-05-10 12:38:39,Q1,3749000000,3453000000,296000000.0,0.07895438783675647,0.0,50000000.0,0.0,98000000.0,148000000.0,3762000000.0,36000000.0,49000000.0,36000000.0,0.00960256068284876,-13000000.0,-0.0034675913576953854,0.0,-47000000.0,-0.012536676447052548,31000000.0,-315000000.0,-0.08402240597492665,-3.5078,-3.5078,89800000,89800000,https://www.sec.gov/Archives/edgar/data/1552275/000155227518000027/0001552275-18-000027-index.htm,https://www.sec.gov/Archives/edgar/data/1552275/000155227518000013/sun-12312017x10k.htm,1620598432,18:13:52,20210509
12,2017-12-31,SUN,USD,2018-02-23,2018-02-23 16:08:34,Q4,4393000000,3885000000,508000000.0,0.11563851582062372,0.0,81000000.0,0.0,231000000.0,312000000.0,4393000000.0,47000000.0,45000000.0,357000000.0,0.081266,0.0,0.0,0.0,-47000000.0,-0.01069883906214432,33000000.0,232000000.0,0.05281129068973367,0.97234,0.97234,238600000,238600000,https://www.sec.gov/Archives/edgar/data/1552275/000155227518000013/0001552275-18-000013-index.htm,https://www.sec.gov/Archives/edgar/data/1552275/000155227518000013/sun-12312017x10k.htm,1620598432,18:13:52,20210509
13,2017-09-30,SUN,USD,2017-11-07,2017-11-07 16:43:31,Q3,3064000000,2748000000,316000000.0,0.1031331592689295,0.0,43000000.0,0.0,96000000.0,92000000.0,2936000000.0,51000000.0,34000000.0,162000000.0,0.05287206266318538,128000000.0,0.04177545691906005,0.0,77000000.0,0.025130548302872063,-44000000.0,138000000.0,0.04503916449086162,1.37862,1.37862,100100000,100100000,https://www.sec.gov/Archives/edgar/data/1552275/000155227517000055/0001552275-17-000055-index.htm,https://www.sec.gov/Archives/edgar/data/1552275/000155227517000055/sun-09302017x10q.htm,1620598432,18:13:52,20210509
14,2017-06-30,SUN,USD,2017-08-09,2017-08-09 14:12:21,Q2,2892000000,2633000000,259000000.0,0.08955739972337483,0.0,52000000.0,0.0,93000000.0,98000000.0,2912000000.0,47000000.0,36000000.0,16000000.0,0.005532503457814661,-20000000.0,-0.006915629322268326,0.0,-74000000.0,-0.025587828492392807,-45000000.0,-222000000.0,-0.07676348547717843,-2.22222,-2.22222,99900000,99900000,https://www.sec.gov/Archives/edgar/data/1552275/000155227517000036/0001552275-17-000036-index.htm,https://www.sec.gov/Archives/edgar/data/1552275/000155227517000036/sun-06302017x10q.htm,1620598432,18:13:52,20210509
15,2017-03-31,SUN,USD,2017-05-04,2017-05-04 11:58:40,Q1,2808000000,2552000000,256000000.0,0.09116809116809117,0.0,98000000.0,0.0,92000000.0,361000000.0,2752000000.0,64000000.0,54000000.0,110000000.0,0.03917378917378917,56000000.0,0.019943019943019943,0.0,-2000000.0,-0.0007122507122507123,-14000000.0,1000000.0,0.00035612535612535614,0.01014,0.01014,98600000,98600000,https://www.sec.gov/Archives/edgar/data/1552275/000155227517000023/0001552275-17-000023-index.htm,https://www.sec.gov/Archives/edgar/data/1552275/000155227517000012/sun-12312016x10k.htm,1620598432,18:13:52,20210509
16,2016-12-31,SUN,USD,2017-02-24,2017-02-24 16:19:59,Q4,4068000000,3540000000,528000000.0,0.12979351032448377,0.0,101985000.0,0.0,239000000.0,368791000.0,4168000000.0,56435000.0,91000000.0,-9000000.0,-0.0022123893805309734,-100000000.0,-0.024582104228121928,0.0,-150000000.0,-0.03687315634218289,-51000000.0,-585000000.0,-0.14380530973451328,-6.08741,-6.08741,96100000,96100000,https://www.sec.gov/Archives/edgar/data/1552275/000155227517000012/0001552275-17-000012-index.htm,https://www.sec.gov/Archives/edgar/data/1552275/000155227517000012/sun-12312016x10k.htm,1620598432,18:13:52,20210509
17,2016-09-30,SUN,USD,2016-11-09,2016-11-09 16:04:53,Q3,2167000000,1975000000,192000000.0,0.08860175357637287,0.0,119005000.0,0.0,50000000.0,395406000.0,2113000000.0,54289000.0,31000000.0,85000000.0,0.03922473465620674,54000000.0,0.024919243193354867,0.0,7000000.0,0.003230272265805261,-26000000.0,45000000.0,0.02076603599446239,0.4717,0.4717,95400000,95400000,https://www.sec.gov/Archives/edgar/data/1552275/000155227516000031/0001552275-16-000031-index.htm,https://www.sec.gov/Archives/edgar/data/1552275/000155227516000031/sun-09302016x10q.htm,1620598432,18:13:52,20210509
18,2016-06-30,SUN,USD,2016-08-04,2016-08-04 17:04:25,Q2,2123000000,1896000000,227000000.0,0.10692416391898257,0.0,109362000.0,0.0,47000000.0,376150000.0,2019000000.0,50587000.0,-24099999.999999993,79900000.0,0.037635421573245405,104000000.0,0.04898728214790391,0.0,60000000.0,0.02826189354686764,3000000.0,72000000.0,0.03391427225624117,0.75472,0.75472,95400000,95400000,https://www.sec.gov/Archives/edgar/data/1552275/000156459016022749/0001564590-16-022749-index.htm,https://www.sec.gov/Archives/edgar/data/1552275/000156459016022749/sun-10q_20160630.htm,1620598432,18:13:52,20210509
19,2016-03-31,SUN,USD,2016-05-05,2016-05-05 17:10:16,Q1,1628000000,1419000000,209000000.0,0.12837837837837837,0.0,78648000.0,0.0,38000000.0,327653000.0,1541000000.0,27689000.0,78100000.0,165100000.0,0.1014127764127764,87000000.0,0.05343980343980344,0.0,67000000.0,0.041154791154791155,2000000.0,62000000.0,0.038083538083538086,0.66381,0.66381,93400000,93400000,https://www.sec.gov/Archives/edgar/data/1552275/000156459016018038/0001564590-16-018038-index.htm,https://www.sec.gov/Archives/edgar/data/1552275/000156459016013451/sun-10k_20151231.htm,1620598432,18:13:52,20210509
20,2015-12-31,SUN,USD,2016-02-26,2016-02-25 21:48:43,Q4,-1953700000,1414500000,539200000.0,-0.27598914879459485,0.0,58366000.0,0.0,-387700000.0,230760000.0,-1923400000.0,29883000.0,5900000.000000006,-24499999.999999993,0.012540308133285556,-30400000.0,0.015560219071505349,0.0,-39700000.0,0.020320417669038235,-18100000.0,29700000.0,-0.015201924553411475,2.94059,2.94059,10100000,10100000,https://www.sec.gov/Archives/edgar/data/1552275/000156459016013451/0001564590-16-013451-index.htm,https://www.sec.gov/Archives/edgar/data/1552275/000156459016013451/sun-10k_20151231.htm,1620598432,18:13:52,20210509
21,2015-09-30,SUN,USD,2015-11-06,2015-11-06 06:05:27,Q3,4906800000,4382000000,524800000.0,0.10695361539088612,0.0,66338000.0,0.0,266700000.0,249961000.0,4813400000.0,30239000.0,80600000.0,174000000.0,0.03546099290780142,93400000.0,0.019034808836716394,-15060000.0,64800000.0,0.013206162876008804,30100000.0,27500000.0,0.005604467269911144,0.50274,0.50274,54700000,54700000,https://www.sec.gov/Archives/edgar/data/1552275/000156459015009813/0001564590-15-009813-index.htm,https://www.sec.gov/Archives/edgar/data/1552275/000156459015009813/sun-10q_20150930.htm,1620598432,18:13:52,20210509
22,2015-06-30,SUN,USD,2015-08-06,2015-08-06 15:06:37,Q2,5953000000,5120600000,832400000.0,0.13982865781958675,0.0,39021000.0,0.0,446700000.0,87780000.0,5814399999.999999,19256000.0,-3200000.000000003,135400000.0,0.02274483453720813,138600000.0,0.023282378632622207,8321000.0,116600000.0,0.019586762976650428,16200000.0,12700000.0,0.002133378128674618,0.2065,0.2065,61500000,61500000,https://www.sec.gov/Archives/edgar/data/1552275/000156459015006425/0001564590-15-006425-index.htm,https://www.sec.gov/Archives/edgar/data/1552275/000156459015006425/sun-10q_20150630.htm,1620598432,18:13:52,20210509
23,2015-03-31,SUN,USD,2015-05-08,2015-05-08 08:42:03,Q1,3523900000,3361800000,162100000.0,0.04600017026589858,0.0,26195000.0,0.0,46300000.0,42804000.0,3473500000.0,8197000.0,66700000.0,117100000.0,0.0332302278725276,50400000.0,0.014302335480575499,6739000.0,43300000.0,0.012287522347399188,800000.0,17100000.0,0.004852578109480973,0.47899,0.47899,35700000,35700000,https://www.sec.gov/Archives/edgar/data/1552275/000155227515000019/0001552275-15-000019-index.htm,https://www.sec.gov/Archives/edgar/data/1552275/000155227515000007/sun-20141231x10k.htm,1620598432,18:13:52,20210509
24,2014-12-31,SUN,USD,2015-02-27,2015-02-27 15:23:58,Q4,1484500000,1374800000,109700000.0,0.07389693499494779,0.0,15341000.0,0.0,28400000.0,38369000.0,1437900000.0000002,-7500000.0,14900000.0,61500000.0,0.04142809026608286,46600000.0,0.03139104075446278,4683000.0,39100000.0,0.02633883462445268,2100000.0,36000000.0,0.0242505894240485,0.599,0.599,60100000,60100000,https://www.sec.gov/Archives/edgar/data/1552275/000155227515000007/0001552275-15-000007-index.htm,https://www.sec.gov/Archives/edgar/data/1552275/000155227515000007/sun-20141231x10k.htm,1620598432,18:13:52,20210509
25,2014-09-30,SUN,USD,2014-11-06,2014-11-06 15:25:15,Q3,1304900000,1283000000,21900000.0,0.016782895241014638,0.0,0.0,0.0,2000000.0,17200000.000000045,1300200000.0,-3276000.0,5399999.999999999,10100000.0,0.007740056709326385,4700000.0,0.003601808567706338,1117000.0,1100000.0,0.0008429764732929727,100000.0,1000000.0,0.000766342248448157,0.04545,0.04545,22000000,22000000,https://www.sec.gov/Archives/edgar/data/1552275/000155227514000059/0001552275-14-000059-index.htm,https://www.sec.gov/Archives/edgar/data/1552275/000155227514000059/sun-2014930x10q.htm,1620598432,18:13:52,20210509
26,2014-06-30,SUN,USD,2014-08-08,2014-08-08 16:37:37,Q2,1376000000,1353800000,22200000.0,0.01613372093023256,0.0,5656000.0,0.0,1800000.0,7417000.0,1364500000.0,1774000.0,3400000.0000000005,14900000.0,0.010828488372093024,11500000.0,0.008357558139534883,3566000.0,9700000.0,0.0070494186046511625,100000.0,9600000.0,0.0069767441860465115,0.43636,0.43636,22000000,22000000,https://www.sec.gov/Archives/edgar/data/1552275/000155227514000045/0001552275-14-000045-index.htm,https://www.sec.gov/Archives/edgar/data/1552275/000155227514000045/susp-2014630x10q.htm,1620598432,18:13:52,20210509
27,2014-03-31,SUN,USD,2014-05-09,2014-05-09 14:14:15,Q1,1216600000,1194500000,22100000.0,0.018165378924872595,0.0,5119000.0,0.0,2000000.0,7153000.0,1204900000.0,1502000.0,3300000.0,14900000.0,0.012247246424461615,11600000.0,0.009534769028439914,0.0,10100000.0,0.00830182475752096,-7000.0,10100000.0,0.00830182475752096,0.45909,0.45909,22000000,22000000,https://www.sec.gov/Archives/edgar/data/1552275/000155227514000028/0001552275-14-000028-index.htm,https://www.sec.gov/Archives/edgar/data/1552275/000155227514000019/susp-20131231x10k.htm,1620598432,18:13:52,20210509
28,2013-12-31,SUN,USD,2014-03-14,2014-03-14 12:50:19,Q4,1129600000,1109600000,20000000.0,0.017705382436260624,0.0,5186000.0,0.0,1400000.0,6568000.0,1118800000.0,1101000.0,2599999.9999999995,13400000.0,0.011862606232294617,10800000.0,0.009560906515580737,3777000.0,9700000.0,0.008587110481586403,100000.0,9500000.0,0.008410056657223795,0.43578,0.43578,21800000,21800000,https://www.sec.gov/Archives/edgar/data/1552275/000155227514000019/0001552275-14-000019-index.htm,https://www.sec.gov/Archives/edgar/data/1552275/000155227514000019/susp-20131231x10k.htm,1620598432,18:13:52,20210509
29,2013-09-30,SUN,USD,2013-11-08,2013-11-08 14:48:03,Q3,1166800000,1148400000,18400000.0,0.01576962632841961,0.0,4590000.0,0.0,600000.0,5196000.0,1156099999.9999998,921000.0,2399999.9999999995,13100000.0,0.011227288309907438,10700000.0,0.009170380527939665,1231000.0,9700000.0,0.008313335618786425,100000.0,9600000.0,0.0082276311278711,0.44037,0.44037,21800000,21800000,https://www.sec.gov/Archives/edgar/data/1552275/000155227513000052/0001552275-13-000052-index.htm,https://www.sec.gov/Archives/edgar/data/1552275/000155227513000052/susp-2013930x10q.htm,1620598432,18:13:52,20210509
30,2013-06-30,SUN,USD,2013-08-14,2013-08-14 11:22:10,Q2,1120900000,1103900000,17000000.0,0.015166384155589258,0.0,3949000.0,0.0,600000.0,4517000.0,1110400000.0,766000.0,1900000.0,12400000.0,0.011062539031135694,10500000.0,0.009367472566687483,1207000.0,9800000.0,0.008742974395574985,100000.0,9700000.0,0.008653760371130342,0.44292,0.44292,21900000,21900000,https://www.sec.gov/Archives/edgar/data/1552275/000155227513000032/0001552275-13-000032-index.htm,https://www.sec.gov/Archives/edgar/data/1552275/000155227513000032/susp-2013630x10q.htm,1620598432,18:13:52,20210509
31,2013-03-31,SUN,USD,2013-05-15,2013-05-15 15:50:57,Q1,1090400000,1074900000,15500000.0,0.01421496698459281,0.0,4103000.0,0.0,600000.0,4734000.0,1081400000.0,683000.0,1800000.0,10800000.0,0.009904622157006602,9000000.0,0.008253851797505502,1299000.0,8300000.0,0.007611885546588408,100000.0,8200000.0,0.00752017608217168,0.37443,0.37443,21900000,21900000,https://www.sec.gov/Archives/edgar/data/1552275/000155227513000021/0001552275-13-000021-index.htm,https://www.sec.gov/Archives/edgar/data/1552275/000155227513000013/susp-20121231x10k1.htm,1620598432,18:13:52,20210509
32,2012-12-31,SUN,USD,2013-03-29,2013-03-29 12:02:41,Q4,1008600000,993900000,14700000.0,0.014574657941701367,0.0,3446000.0,0.0,500000.0,-1844000.0,999200000.0000001,516000.0,1200000.0000000002,10500000.0,0.01041046995835812,9300000.0,0.009220701963117191,1643000.0,8800000.0,0.008724965298433472,200000.0,8600000.0,0.008526670632559984,0.39269,0.39269,21900000,21900000,https://www.sec.gov/Archives/edgar/data/1552275/000155227513000013/0001552275-13-000013-index.htm,https://www.sec.gov/Archives/edgar/data/1552275/000155227513000013/susp-20121231x10k1.htm,1620598432,18:13:52,20210509
33,2012-09-30,SUN,USD,2012-11-14 00:00:00,2012-11-14 14:43:35,Q3,1109600000,1096800000,12800000.0,0.011535688536409516,0.0,4113000.0,-2147000.0,1000000.0,7165000.0,1104100000.0,276000.0,2000000.0,7500000.0,0.006759192501802451,5500000.0,0.004956741167988464,0.0,5400000.0,0.004866618601297765,1700000.0,3600000.0,0.0032444124008651765,0.16438,0.16438,21900000,21900000,https://www.sec.gov/Archives/edgar/data/1552275/000155227512000006/0001552275-12-000006-index.html,https://www.sec.gov/Archives/edgar/data/1552275/000155227512000006/susp-2012930x10q.htm,1620598432,18:13:52,20210509
34,2012-06-30,SUN,USD,2012-08-02 00:00:00,2012-08-02 17:14:43,Q2,1086500000,1072300000,14200000.0,0.013069489185457892,0.0,4261000.0,0.0,2200000.0,6154000.0,1080600000.0,-100000.0,1900000.0,7800000.0,0.007179015186378279,5900000.0,0.005430280717901519,0.0,5800000.0,0.0053382420616659,2100000.0,3700000.0,0.0034054302807179017,3653.03,3653.03,21900000,21900000,https://www.sec.gov/Archives/edgar/data/95304/000119312512332203/0001193125-12-332203-index.html,https://www.sec.gov/Archives/edgar/data/95304/000119312512332203/d366684d10q.htm,1620598432,18:13:52,20210509
