,date,symbol,reportedCurrency,fillingDate,acceptedDate,period,revenue,costOfRevenue,grossProfit,grossProfitRatio,researchAndDevelopmentExpenses,generalAndAdministrativeExpenses,sellingAndMarketingExpenses,otherExpenses,operatingExpenses,costAndExpenses,interestExpense,depreciationAndAmortization,ebitda,ebitdaratio,operatingIncome,operatingIncomeRatio,totalOtherIncomeExpensesNet,incomeBeforeTax,incomeBeforeTaxRatio,incomeTaxExpense,netIncome,netIncomeRatio,eps,epsdiluted,weightedAverageShsOut,weightedAverageShsOutDil,link,finalLink,timestamp,est_time,est_date
0,2020-12-31,CRSAW,USD,2021-03-03,2021-03-02 20:32:54,Q4,0.00041703300000000003,0.0,0.00041703300000000003,1.0,0.0,0.117159735185,0.0,0.0,0.000117159735185,0.000117159735185,0.0,0.0,0.754093735185,1.8082351640877342e-06,0.000754093735185,1.8082351640877339,0.0,-0.000149579354745,-0.3586751042363554,-0.23532913673,8.574978198500001e-05,0.2056186968057684,1.3719965117600002e-08,1.3719965117600002e-08,6250000.0,6250000.0,https://www.sec.gov/Archives/edgar/data/1723648/000156459021010384/0001564590-21-010384-index.htm,https://www.sec.gov/Archives/edgar/data/1723648/000156459021010384/crsa-10k_20201231.htm,1620590705,16:05:05,20210509
1,2020-09-30,CRSAW,USD,2020-11-13,2020-11-13 17:16:00,Q3,-417033.0,0.0,417033.0,-1.0,0.0,-435630.0,0.0,0.0,-435630.0,-435630.0,0.0,0.0,-435630.0,1.0445935933127595,-435630.0,1.0445935933127595,0.0,-429235.0,1.02925907542089,12202.0,-441437.0,1.0585181508417798,-0.07062992,-0.07062992,6250000.0,6250000.0,https://www.sec.gov/Archives/edgar/data/1723648/000156459020053921/0001564590-20-053921-index.htm,https://www.sec.gov/Archives/edgar/data/1723648/000156459020053921/crsa-10q_20200930.htm,1620590705,16:05:05,20210509
2,2020-06-30,CRSAW,USD,2020-08-14,2020-08-14,Q2,0.0,0.0,0.0,0.0,0.0,189349.0,0.0,0.0,189349.0,189349.0,0.0,0.0,-189349.0,0.0,-189349.0,0.0,0.0,-126001.0,0.0,3736.0,-129737.0,0.0,-0.02076,-0.02076,6250000.0,6250000.0,https://www.sec.gov/Archives/edgar/data/1723648/000156459020040319/0001564590-20-040319-index.htm,https://www.sec.gov/Archives/edgar/data/1723648/000156459020040319/crsa-10q_20200630.htm,1620590705,16:05:05,20210509
3,2020-03-31,CRSAW,USD,2020-05-15,2020-05-15,Q1,0.0,0.0,0.0,0.0,0.0,129118.0,0.0,0.0,129118.0,129118.0,0.0,0.0,-129118.0,0.0,-129118.0,0.0,0.0,704813.0,0.0,219391.0,485422.0,0.0,0.07767,0.07767,6250000.0,6250000.0,https://www.sec.gov/Archives/edgar/data/1723648/000156459020025856/0001564590-20-025856-index.htm,https://www.sec.gov/Archives/edgar/data/1723648/000156459020025856/crsa-10q_20200331.htm,1620590705,16:05:05,20210509
4,2019-12-31,CRSAW,USD,2020-03-20,2020-03-20,Q4,0.0,0.0,0.0,0.0,0.0,155122.0,0.0,0.0,155122.0,155122.0,0.0,0.0,-155122.0,0.0,-155122.0,0.0,0.0,1006275.0,0.0,530481.0,475794.0,0.0,0.07613,0.07613,6250000.0,6250000.0,https://www.sec.gov/Archives/edgar/data/1723648/000156459020012055/0001564590-20-012055-index.htm,https://www.sec.gov/Archives/edgar/data/1723648/000156459020012055/crsa-10k_20191231.htm,1620590705,16:05:05,20210509
5,2019-09-30,CRSAW,USD,2019-11-08,2019-11-08,Q3,0.0,0.0,0.0,0.0,0.0,124880.0,0.0,0.0,124880.0,124880.0,0.0,0.0,-124880.0,0.0,-124880.0,0.0,0.0,1353400.0,0.0,299928.0,1053472.0,0.0,0.16856,0.16856,6250000.0,6250000.0,https://www.sec.gov/Archives/edgar/data/1723648/000156459019042318/0001564590-19-042318-index.htm,https://www.sec.gov/Archives/edgar/data/1723648/000156459019042318/crsa-10q_20190930.htm,1620590705,16:05:05,20210509
6,2019-06-30,CRSAW,USD,2019-08-09,2019-08-09,Q2,0.0,0.0,0.0,0.0,0.0,160880.0,0.0,0.0,160880.0,160880.0,0.0,0.0,-160880.0,0.0,-160880.0,0.0,0.0,1369240.0,0.0,319646.0,1049594.0,0.0,0.16794,0.16794,6250000.0,6250000.0,https://www.sec.gov/Archives/edgar/data/1723648/000156459019031299/0001564590-19-031299-index.htm,https://www.sec.gov/Archives/edgar/data/1723648/000156459019031299/crsa-10q_20190630.htm,1620590705,16:05:05,20210509
7,2019-03-31,CRSAW,USD,2019-05-15,2019-05-15,Q1,0.0,0.0,0.0,0.0,0.0,85743.0,0.0,0.0,85743.0,85743.0,0.0,0.0,-85743.0,0.0,-85743.0,0.0,0.0,216918.0,0.0,45552.0,171366.0,0.0,0.02742,0.02742,6250000.0,6250000.0,https://www.sec.gov/Archives/edgar/data/1723648/000156459019019365/0001564590-19-019365-index.htm,https://www.sec.gov/Archives/edgar/data/1723648/000156459019019365/crsa-10q_20190331.htm,1620590705,16:05:05,20210509
