,date,symbol,reportedCurrency,fillingDate,acceptedDate,period,revenue,costOfRevenue,grossProfit,grossProfitRatio,researchAndDevelopmentExpenses,generalAndAdministrativeExpenses,sellingAndMarketingExpenses,otherExpenses,operatingExpenses,costAndExpenses,interestExpense,depreciationAndAmortization,ebitda,ebitdaratio,operatingIncome,operatingIncomeRatio,totalOtherIncomeExpensesNet,incomeBeforeTax,incomeBeforeTaxRatio,incomeTaxExpense,netIncome,netIncomeRatio,eps,epsdiluted,weightedAverageShsOut,weightedAverageShsOutDil,link,finalLink,timestamp,est_time,est_date
0,2020-09-30,0073.HK,CNY,2020-09-30,2020-09-30,Q3,112939000.0,102333000.0,10606000.0,0.09390910137330771,0.0,5433250.0,1020250.0,7888000.0,0.0,112548750.0,17750.0,2465750.0,2856000.0,0.02528798732058899,390250.0,0.00345540513020303,0.0,8269500.0,0.07322094227857516,2076500.0,6193000.0,0.05483491088109511,0.0049558352098767805,0.0049558352098767805,1249638000,1249638000,https://www1.hkexnews.hk/search/titlesearch.xhtml,https://www1.hkexnews.hk/search/titlesearch.xhtml,1620584507,14:21:47,20210509
1,2020-06-30,0073.HK,CNY,2020-06-30,2020-06-30,Q2,112939000.0,102333000.0,10606000.0,0.09390910137330771,0.0,5433250.0,1020250.0,7888000.0,0.0,112548750.0,17750.0,2465750.0,2856000.0,0.02528798732058899,390250.0,0.00345540513020303,0.0,8269500.0,0.07322094227857516,2076500.0,6193000.0,0.05483491088109511,0.0049558352098767805,0.0049558352098767805,1249638000,1249638000,https://www1.hkexnews.hk/search/titlesearch.xhtml,https://www1.hkexnews.hk/search/titlesearch.xhtml,1620584507,14:21:47,20210509
2,2020-03-31,0073.HK,CNY,2020-03-31,2020-03-31,Q1,112939000.0,102333000.0,10606000.0,0.09390910137330771,0.0,5433250.0,1020250.0,7888000.0,0.0,112548750.0,17750.0,2465750.0,2856000.0,0.02528798732058899,390250.0,0.00345540513020303,0.0,8269500.0,0.07322094227857516,2076500.0,6193000.0,0.05483491088109511,0.0049558352098767805,0.0049558352098767805,1249638000,1249638000,https://www1.hkexnews.hk/search/titlesearch.xhtml,https://www1.hkexnews.hk/search/titlesearch.xhtml,1620584507,14:21:47,20210509
3,2020-01-31,0073.HK,CNY,2020-01-31,2020-01-31,Q1,112939000.0,102333000.0,10606000.0,0.09390910137330771,0.0,5433250.0,1020250.0,7888000.0,0.0,112548750.0,17750.0,2465750.0,2856000.0,0.02528798732058899,390250.0,0.00345540513020303,0.0,8269500.0,0.07322094227857516,2076500.0,6193000.0,0.05483491088109511,0.0049558352098767805,0.0049558352098767805,1249638000,1249638000,https://www1.hkexnews.hk/search/titlesearch.xhtml,https://www1.hkexnews.hk/search/titlesearch.xhtml,1620584507,14:21:47,20210509
4,2019-09-30,0073.HK,CNY,2019-09-30,2019-09-30,Q3,13205500.0,13040500.0,165000.0,0.012494793835901708,0.0,7959750.0,498500.0,2675500.0,0.0,25626500.0,0.0,2605250.0,-9815750.0,-0.7433077126954678,-12421000.0,-0.940592934762031,0.0,135404000.0,10.25360645185718,0.0,135404000.0,10.25360645185718,0.10825,0.10825,1249638000,1249638000,https://www1.hkexnews.hk/search/titlesearch.xhtml,https://www1.hkexnews.hk/search/titlesearch.xhtml,1620584507,14:21:47,20210509
5,2019-06-30,0073.HK,CNY,2019-06-30,2019-06-30,Q2,13205500.0,13040500.0,165000.0,0.012494793835901708,0.0,7959750.0,498500.0,2675500.0,0.0,25626500.0,0.0,2605250.0,-9815750.0,-0.7433077126954678,-12421000.0,-0.940592934762031,0.0,135404000.0,10.25360645185718,0.0,135404000.0,10.25360645185718,0.10825,0.10825,1249638000,1249638000,https://www1.hkexnews.hk/search/titlesearch.xhtml,https://www1.hkexnews.hk/search/titlesearch.xhtml,1620584507,14:21:47,20210509
6,2019-03-31,0073.HK,CNY,2019-03-31,2019-03-31,Q1,13205500.0,13040500.0,165000.0,0.012494793835901708,0.0,7959750.0,498500.0,2675500.0,0.0,25626500.0,0.0,2605250.0,-9815750.0,-0.7433077126954678,-12421000.0,-0.940592934762031,0.0,135404000.0,10.25360645185718,0.0,135404000.0,10.25360645185718,0.10825,0.10825,1249638000,1249638000,https://www1.hkexnews.hk/search/titlesearch.xhtml,https://www1.hkexnews.hk/search/titlesearch.xhtml,1620584507,14:21:47,20210509
7,2019-01-31,0073.HK,CNY,2019-01-31,2019-01-31,Q1,13205500.0,13040500.0,165000.0,0.012494793835901708,0.0,7959750.0,498500.0,2675500.0,0.0,25626500.0,0.0,2605250.0,-9815750.0,-0.7433077126954678,-12421000.0,-0.940592934762031,0.0,135404000.0,10.25360645185718,0.0,135404000.0,10.25360645185718,0.10825,0.10825,1249638000,1249638000,https://www1.hkexnews.hk/search/titlesearch.xhtml,https://www1.hkexnews.hk/search/titlesearch.xhtml,1620584507,14:21:47,20210509
8,2018-09-30,0073.HK,CNY,2018-09-30,2018-09-30,Q3,13562250.0,13407000.0,155250.0,0.01144721561687773,0.0,6798250.0,1308500.0,8080000.0,0.0,26852750.0,0.0,2971000.0,-10319500.0,-0.7608988184113993,-13290500.0,-0.979962764290586,0.0,-55448000.0,-4.088407159578979,0.0,-55448000.0,-4.088407159578979,-0.04425,-0.04425,1249638000,1249638000,https://www1.hkexnews.hk/search/titlesearch.xhtml,https://www1.hkexnews.hk/search/titlesearch.xhtml,1620584507,14:21:47,20210509
9,2018-06-30,0073.HK,CNY,2018-06-30,2018-06-30,Q2,13562250.0,13407000.0,155250.0,0.01144721561687773,0.0,6798250.0,1308500.0,8080000.0,0.0,26852750.0,0.0,2971000.0,-10319500.0,-0.7608988184113993,-13290500.0,-0.979962764290586,0.0,-55448000.0,-4.088407159578979,0.0,-55448000.0,-4.088407159578979,-0.04425,-0.04425,1249638000,1249638000,https://www1.hkexnews.hk/search/titlesearch.xhtml,https://www1.hkexnews.hk/search/titlesearch.xhtml,1620584507,14:21:47,20210509
10,2018-03-31,0073.HK,CNY,2018-03-31,2018-03-31,Q1,13562250.0,13407000.0,155250.0,0.01144721561687773,0.0,6798250.0,1308500.0,8080000.0,0.0,26852750.0,0.0,2971000.0,-10319500.0,-0.7608988184113993,-13290500.0,-0.979962764290586,0.0,-55448000.0,-4.088407159578979,0.0,-55448000.0,-4.088407159578979,-0.04425,-0.04425,1249638000,1249638000,https://www1.hkexnews.hk/search/titlesearch.xhtml,https://www1.hkexnews.hk/search/titlesearch.xhtml,1620584507,14:21:47,20210509
11,2018-01-31,0073.HK,CNY,2018-01-31,2018-01-31,Q1,13562250.0,13407000.0,155250.0,0.01144721561687773,0.0,6798250.0,1308500.0,8080000.0,0.0,26852750.0,0.0,2971000.0,-10319500.0,-0.7608988184113993,-13290500.0,-0.979962764290586,0.0,-55448000.0,-4.088407159578979,0.0,-55448000.0,-4.088407159578979,-0.04425,-0.04425,1249638000,1249638000,https://www1.hkexnews.hk/search/titlesearch.xhtml,https://www1.hkexnews.hk/search/titlesearch.xhtml,1620584507,14:21:47,20210509
12,2017-09-30,0073.HK,CNY,2017-09-30,2017-09-30,Q3,0.0,0.0,0.0,0.0,0.0,4344000.0,295750.0,385500.0,0.0,7143000.0,0.0,437750.0,-6705250.0,0.0,-7143000.0,0.0,0.0,-7116500.0,0.0,0.0,-7116500.0,0.0,-0.00575,-0.00575,1249638000,1249638000,https://www1.hkexnews.hk/search/titlesearch.xhtml,https://www1.hkexnews.hk/search/titlesearch.xhtml,1620584507,14:21:47,20210509
13,2017-06-30,0073.HK,CNY,2017-06-30,2017-06-30,Q2,0.0,0.0,0.0,0.0,0.0,4344000.0,295750.0,385500.0,0.0,7143000.0,0.0,437750.0,-6705250.0,0.0,-7143000.0,0.0,0.0,-7116500.0,0.0,0.0,-7116500.0,0.0,-0.00575,-0.00575,1249638000,1249638000,https://www1.hkexnews.hk/search/titlesearch.xhtml,https://www1.hkexnews.hk/search/titlesearch.xhtml,1620584507,14:21:47,20210509
14,2017-03-31,0073.HK,CNY,2017-03-31,2017-03-31,Q1,0.0,0.0,0.0,0.0,0.0,4344000.0,295750.0,385500.0,0.0,7143000.0,0.0,437750.0,-6705250.0,0.0,-7143000.0,0.0,0.0,-7116500.0,0.0,0.0,-7116500.0,0.0,-0.00575,-0.00575,1249638000,1249638000,https://www1.hkexnews.hk/search/titlesearch.xhtml,https://www1.hkexnews.hk/search/titlesearch.xhtml,1620584507,14:21:47,20210509
15,2017-01-31,0073.HK,CNY,2017-01-31,2017-01-31,Q1,0.0,0.0,0.0,0.0,0.0,4344000.0,295750.0,385500.0,0.0,7143000.0,0.0,437750.0,-6705250.0,0.0,-7143000.0,0.0,0.0,-7116500.0,0.0,0.0,-7116500.0,0.0,-0.00575,-0.00575,1249638000,1249638000,https://www1.hkexnews.hk/search/titlesearch.xhtml,https://www1.hkexnews.hk/search/titlesearch.xhtml,1620584507,14:21:47,20210509
16,2016-09-30,0073.HK,CNY,2016-09-30,2016-09-30,Q3,0.0,0.0,0.0,0.0,0.0,7750250.0,0.0,-983858000.0,0.0,7750250.0,0.0,187000.0,-7563250.0,0.0,-7750250.0,0.0,0.0,-1304157250.0,0.0,0.0,-1304157250.0,0.0,-1.04375,-1.04375,1249638000,1249638000,https://www1.hkexnews.hk/search/titlesearch.xhtml,https://www1.hkexnews.hk/search/titlesearch.xhtml,1620584507,14:21:47,20210509
17,2016-06-30,0073.HK,CNY,2016-06-30,2016-06-30,Q2,0.0,0.0,0.0,0.0,0.0,7750250.0,0.0,-983858000.0,0.0,7750250.0,0.0,187000.0,-7563250.0,0.0,-7750250.0,0.0,0.0,-1304157250.0,0.0,0.0,-1304157250.0,0.0,-1.04375,-1.04375,1249638000,1249638000,https://www1.hkexnews.hk/search/titlesearch.xhtml,https://www1.hkexnews.hk/search/titlesearch.xhtml,1620584507,14:21:47,20210509
18,2016-03-31,0073.HK,CNY,2016-03-31,2016-03-31,Q1,0.0,0.0,0.0,0.0,0.0,7750250.0,0.0,-983858000.0,0.0,7750250.0,0.0,187000.0,-7563250.0,0.0,-7750250.0,0.0,0.0,-1304157250.0,0.0,0.0,-1304157250.0,0.0,-1.04375,-1.04375,1249638000,1249638000,https://www1.hkexnews.hk/search/titlesearch.xhtml,https://www1.hkexnews.hk/search/titlesearch.xhtml,1620584507,14:21:47,20210509
19,2016-01-31,0073.HK,CNY,2016-01-31,2016-01-31,Q1,0.0,0.0,0.0,0.0,0.0,7750250.0,0.0,-983858000.0,0.0,7750250.0,0.0,187000.0,-7563250.0,0.0,-7750250.0,0.0,0.0,-1304157250.0,0.0,0.0,-1304157250.0,0.0,-1.04375,-1.04375,1249638000,1249638000,https://www1.hkexnews.hk/search/titlesearch.xhtml,https://www1.hkexnews.hk/search/titlesearch.xhtml,1620584507,14:21:47,20210509
20,2015-09-30,0073.HK,CNY,2015-09-30,2015-09-30,Q3,240681750.0,345391250.0,-104709500.0,-0.43505375874988444,0.0,33612000.0,9433500.0,-60708250.0,0.0,388414250.0,16750.0,53368750.0,-94363750.0,-0.392068571879671,-147732500.0,-0.6138084836095798,0.0,-305999750.0,-1.2713874234336422,0.0,-305592750.0,-1.2696963936816978,-0.2445,-0.2445,1249638000,1249638000,https://www1.hkexnews.hk/search/titlesearch.xhtml,https://www1.hkexnews.hk/search/titlesearch.xhtml,1620584507,14:21:47,20210509
21,2015-06-30,0073.HK,CNY,2015-06-30,2015-06-30,Q2,240681750.0,345391250.0,-104709500.0,-0.43505375874988444,0.0,33612000.0,9433500.0,-60708250.0,0.0,388414250.0,16750.0,53368750.0,-94363750.0,-0.392068571879671,-147732500.0,-0.6138084836095798,0.0,-305999750.0,-1.2713874234336422,0.0,-305592750.0,-1.2696963936816978,-0.2445,-0.2445,1249638000,1249638000,https://www1.hkexnews.hk/search/titlesearch.xhtml,https://www1.hkexnews.hk/search/titlesearch.xhtml,1620584507,14:21:47,20210509
22,2015-03-31,0073.HK,CNY,2015-03-31,2015-03-31,Q1,240681750.0,345391250.0,-104709500.0,-0.43505375874988444,0.0,33612000.0,9433500.0,-60708250.0,0.0,388414250.0,16750.0,53368750.0,-94363750.0,-0.392068571879671,-147732500.0,-0.6138084836095798,0.0,-305999750.0,-1.2713874234336422,0.0,-305592750.0,-1.2696963936816978,-0.2445,-0.2445,1249638000,1249638000,https://www1.hkexnews.hk/search/titlesearch.xhtml,https://www1.hkexnews.hk/search/titlesearch.xhtml,1620584507,14:21:47,20210509
23,2015-01-31,0073.HK,CNY,2015-01-31,2015-01-31,Q1,240681750.0,345391250.0,-104709500.0,-0.43505375874988444,0.0,33612000.0,9433500.0,-60708250.0,0.0,388414250.0,16750.0,53368750.0,-94363750.0,-0.392068571879671,-147732500.0,-0.6138084836095798,0.0,-305999750.0,-1.2713874234336422,0.0,-305592750.0,-1.2696963936816978,-0.2445,-0.2445,1249638000,1249638000,https://www1.hkexnews.hk/search/titlesearch.xhtml,https://www1.hkexnews.hk/search/titlesearch.xhtml,1620584507,14:21:47,20210509
24,2014-09-30,0073.HK,CNY,2014-09-30,2014-09-30,Q3,317792750.0,284310250.0,33482500.0,0.10535954643395735,0.0,35870250.0,11334750.0,-230964250.0,0.0,331078000.0,18750.0,41004750.0,27719500.0,0.08722508616071323,-13285250.0,-0.04180476112183176,0.0,-459111500.0,-1.4446884014817833,0.0,-459794750.0,-1.446838387596948,-0.37075,-0.37075,1240168000,1240168000,https://www1.hkexnews.hk/search/titlesearch.xhtml,https://www1.hkexnews.hk/search/titlesearch.xhtml,1620584507,14:21:47,20210509
25,2014-06-30,0073.HK,CNY,2014-06-30,2014-06-30,Q2,317792750.0,284310250.0,33482500.0,0.10535954643395735,0.0,35870250.0,11334750.0,-230964250.0,0.0,331078000.0,18750.0,41004750.0,27719500.0,0.08722508616071323,-13285250.0,-0.04180476112183176,0.0,-459111500.0,-1.4446884014817833,0.0,-459794750.0,-1.446838387596948,-0.37075,-0.37075,1240168000,1240168000,https://www1.hkexnews.hk/search/titlesearch.xhtml,https://www1.hkexnews.hk/search/titlesearch.xhtml,1620584507,14:21:47,20210509
26,2014-03-31,0073.HK,CNY,2014-03-31,2014-03-31,Q1,317792750.0,284310250.0,33482500.0,0.10535954643395735,0.0,35870250.0,11334750.0,-230964250.0,0.0,331078000.0,18750.0,41004750.0,27719500.0,0.08722508616071323,-13285250.0,-0.04180476112183176,0.0,-459111500.0,-1.4446884014817833,0.0,-459794750.0,-1.446838387596948,-0.37075,-0.37075,1240168000,1240168000,https://www1.hkexnews.hk/search/titlesearch.xhtml,https://www1.hkexnews.hk/search/titlesearch.xhtml,1620584507,14:21:47,20210509
27,2014-01-31,0073.HK,CNY,2014-01-31,2014-01-31,Q1,317792750.0,284310250.0,33482500.0,0.10535954643395735,0.0,35870250.0,11334750.0,-230964250.0,0.0,331078000.0,18750.0,41004750.0,27719500.0,0.08722508616071323,-13285250.0,-0.04180476112183176,0.0,-459111500.0,-1.4446884014817833,0.0,-459794750.0,-1.446838387596948,-0.37075,-0.37075,1240168000,1240168000,https://www1.hkexnews.hk/search/titlesearch.xhtml,https://www1.hkexnews.hk/search/titlesearch.xhtml,1620584507,14:21:47,20210509
28,2013-09-30,0073.HK,CNY,2013-09-30,2013-09-30,Q3,371478000.0,247078250.0,124399750.0,0.3348778393336887,0.0,30035250.0,11410000.0,-65117000.0,0.0,287791250.0,20750.0,34262500.0,117949250.0,0.31751341936803795,83686750.0,0.22528050113331072,0.0,31165500.0,0.08389595076962834,0.0,28598750.0,0.07698638950355068,0.0235,0.02325,1222727000,1232762000,https://www1.hkexnews.hk/search/titlesearch.xhtml,https://www1.hkexnews.hk/search/titlesearch.xhtml,1620584507,14:21:47,20210509
29,2013-06-30,0073.HK,CNY,2013-06-30,2013-06-30,Q2,371478000.0,247078250.0,124399750.0,0.3348778393336887,0.0,30035250.0,11410000.0,-65117000.0,0.0,287791250.0,20750.0,34262500.0,117949250.0,0.31751341936803795,83686750.0,0.22528050113331072,0.0,31165500.0,0.08389595076962834,0.0,28598750.0,0.07698638950355068,0.0235,0.02325,1222727000,1232762000,https://www1.hkexnews.hk/search/titlesearch.xhtml,https://www1.hkexnews.hk/search/titlesearch.xhtml,1620584507,14:21:47,20210509
30,2013-03-31,0073.HK,CNY,2013-03-31,2013-03-31,Q1,371478000.0,247078250.0,124399750.0,0.3348778393336887,0.0,30035250.0,11410000.0,-65117000.0,0.0,287791250.0,20750.0,34262500.0,117949250.0,0.31751341936803795,83686750.0,0.22528050113331072,0.0,31165500.0,0.08389595076962834,0.0,28598750.0,0.07698638950355068,0.0235,0.02325,1222727000,1232762000,https://www1.hkexnews.hk/search/titlesearch.xhtml,https://www1.hkexnews.hk/search/titlesearch.xhtml,1620584507,14:21:47,20210509
31,2013-01-31,0073.HK,CNY,2013-01-31,2013-01-31,Q1,371478000.0,247078250.0,124399750.0,0.3348778393336887,0.0,30035250.0,11410000.0,-65117000.0,0.0,287791250.0,20750.0,34262500.0,117949250.0,0.31751341936803795,83686750.0,0.22528050113331072,0.0,31165500.0,0.08389595076962834,0.0,28598750.0,0.07698638950355068,0.0235,0.02325,1222727000,1232762000,https://www1.hkexnews.hk/search/titlesearch.xhtml,https://www1.hkexnews.hk/search/titlesearch.xhtml,1620584507,14:21:47,20210509
32,2012-09-30,0073.HK,CNY,2012-09-30,2012-09-30,Q3,444036119.28,245936181.09,198099938.19,0.44613473901901723,2313207.99,0.0,15144400.53,0.0,0.0,249918791.61,34935.18,33263282.1,227380609.76999998,0.5120768331609945,194117327.67,0.4371656251404936,0.0,191265119.76,0.43074225599064875,0.0,187549513.83,0.4223744548846829,0.15375,0.15325,1220440000,1224628000,https://www1.hkexnews.hk/search/titlesearch.xhtml,https://www1.hkexnews.hk/search/titlesearch.xhtml,1620584507,14:21:47,20210509
33,2012-06-30,0073.HK,CNY,2012-06-30,2012-06-30,Q2,444036119.28,245936181.09,198099938.19,0.44613473901901723,2313207.99,0.0,15144400.53,0.0,0.0,249918791.61,34935.18,33263282.1,227380609.76999998,0.5120768331609945,194117327.67,0.4371656251404936,0.0,191265119.76,0.43074225599064875,0.0,187549513.83,0.4223744548846829,0.15375,0.15325,1220440000,1224628000,https://www1.hkexnews.hk/search/titlesearch.xhtml,https://www1.hkexnews.hk/search/titlesearch.xhtml,1620584507,14:21:47,20210509
34,2012-03-31,0073.HK,CNY,2012-03-31,2012-03-31,Q1,444036119.28,245936181.09,198099938.19,0.44613473901901723,2313207.99,0.0,15144400.53,0.0,0.0,249918791.61,34935.18,33263282.1,227380609.76999998,0.5120768331609945,194117327.67,0.4371656251404936,0.0,191265119.76,0.43074225599064875,0.0,187549513.83,0.4223744548846829,0.15375,0.15325,1220440000,1224628000,https://www1.hkexnews.hk/search/titlesearch.xhtml,https://www1.hkexnews.hk/search/titlesearch.xhtml,1620584507,14:21:47,20210509
35,2012-01-31,0073.HK,CNY,2012-01-31,2012-01-31,Q1,444036119.28,245936181.09,198099938.19,0.44613473901901723,2313207.99,0.0,15144400.53,0.0,0.0,249918791.61,34935.18,33263282.1,227380609.76999998,0.5120768331609945,194117327.67,0.4371656251404936,0.0,191265119.76,0.43074225599064875,0.0,187549513.83,0.4223744548846829,0.15375,0.15325,1220440000,1224628000,https://www1.hkexnews.hk/search/titlesearch.xhtml,https://www1.hkexnews.hk/search/titlesearch.xhtml,1620584507,14:21:47,20210509
36,2011-09-30,0073.HK,CNY,2011-09-30,2011-09-30,Q3,353155063.505,168506031.58,184649031.925,0.5228553998133053,2040263.43,0.0,15828913.99,0.0,0.0,87894860.055,44127.835,22912729.385,288172932.835,0.8159954722861279,265260203.45,0.7511153905520723,0.0,262560618.25,0.7434711983006372,446469.86,259739032.565,0.7354815473609161,0.247,0.24575,1051215000,1057259000,https://www1.hkexnews.hk/search/titlesearch.xhtml,https://www1.hkexnews.hk/search/titlesearch.xhtml,1620584507,14:21:47,20210509
37,2011-06-30,0073.HK,CNY,2011-06-30,2011-06-30,Q2,353155063.505,168506031.58,184649031.925,0.5228553998133053,2040263.43,0.0,15828913.99,0.0,0.0,87894860.055,44127.835,22912729.385,288172932.835,0.8159954722861279,265260203.45,0.7511153905520723,0.0,262560618.25,0.7434711983006372,446469.86,259739032.565,0.7354815473609161,0.247,0.24575,1051215000,1057259000,https://www1.hkexnews.hk/search/titlesearch.xhtml,https://www1.hkexnews.hk/search/titlesearch.xhtml,1620584507,14:21:47,20210509
38,2011-03-31,0073.HK,CNY,2011-03-31,2011-03-31,Q1,353155063.505,168506031.58,184649031.925,0.5228553998133053,2040263.43,0.0,15828913.99,0.0,0.0,87894860.055,44127.835,22912729.385,288172932.835,0.8159954722861279,265260203.45,0.7511153905520723,0.0,262560618.25,0.7434711983006372,446469.86,259739032.565,0.7354815473609161,0.247,0.24575,1051215000,1057259000,https://www1.hkexnews.hk/search/titlesearch.xhtml,https://www1.hkexnews.hk/search/titlesearch.xhtml,1620584507,14:21:47,20210509
39,2011-01-31,0073.HK,CNY,2011-01-31,2011-01-31,Q1,353155063.505,168506031.58,184649031.925,0.5228553998133053,2040263.43,0.0,15828913.99,0.0,0.0,87894860.055,44127.835,22912729.385,288172932.835,0.8159954722861279,265260203.45,0.7511153905520723,0.0,262560618.25,0.7434711983006372,446469.86,259739032.565,0.7354815473609161,0.247,0.24575,1051215000,1057259000,https://www1.hkexnews.hk/search/titlesearch.xhtml,https://www1.hkexnews.hk/search/titlesearch.xhtml,1620584507,14:21:47,20210509
40,2010-09-30,0073.HK,CNY,2010-09-30,2010-09-30,Q3,203120653.58,86025691.26,117094962.32,0.5764798421834616,1448090.26,0.0,11374229.1,-461562.92,0.0,55950555.72,20288.48,18033922.66,165204020.52,0.8133295044510757,147170097.86,0.7245452161861836,0.0,146830265.82,0.7228721611127064,464098.98,146366166.84,0.7205873172437042,0.18525,0.18375,790649000,796322000,https://www1.hkexnews.hk/search/titlesearch.xhtml,https://www1.hkexnews.hk/search/titlesearch.xhtml,1620584507,14:21:47,20210509
41,2010-06-30,0073.HK,CNY,2010-06-30,2010-06-30,Q2,203120653.58,86025691.26,117094962.32,0.5764798421834616,1448090.26,0.0,11374229.1,-461562.92,0.0,55950555.72,20288.48,18033922.66,165204020.52,0.8133295044510757,147170097.86,0.7245452161861836,0.0,146830265.82,0.7228721611127064,464098.98,146366166.84,0.7205873172437042,0.18525,0.18375,790649000,796322000,https://www1.hkexnews.hk/search/titlesearch.xhtml,https://www1.hkexnews.hk/search/titlesearch.xhtml,1620584507,14:21:47,20210509
42,2010-03-31,0073.HK,CNY,2010-03-31,2010-03-31,Q1,203120653.58,86025691.26,117094962.32,0.5764798421834616,1448090.26,0.0,11374229.1,-461562.92,0.0,55950555.72,20288.48,18033922.66,165204020.52,0.8133295044510757,147170097.86,0.7245452161861836,0.0,146830265.82,0.7228721611127064,464098.98,146366166.84,0.7205873172437042,0.18525,0.18375,790649000,796322000,https://www1.hkexnews.hk/search/titlesearch.xhtml,https://www1.hkexnews.hk/search/titlesearch.xhtml,1620584507,14:21:47,20210509
43,2010-01-31,0073.HK,CNY,2010-01-31,2010-01-31,Q1,203120653.58,86025691.26,117094962.32,0.5764798421834616,1448090.26,0.0,11374229.1,-461562.92,0.0,55950555.72,20288.48,18033922.66,165204020.52,0.8133295044510757,147170097.86,0.7245452161861836,0.0,146830265.82,0.7228721611127064,464098.98,146366166.84,0.7205873172437042,0.18525,0.18375,790649000,796322000,https://www1.hkexnews.hk/search/titlesearch.xhtml,https://www1.hkexnews.hk/search/titlesearch.xhtml,1620584507,14:21:47,20210509
44,2009-09-30,0073.HK,CNY,2009-09-30,2009-09-30,Q3,167131189.5775,0.0,167131189.5775,1.0,1550762.58,0.0,9681028.715,-474780.5725,0.0,56215143.525,2809.3525,16490899.175,127406945.22749999,0.7623169891244054,110916046.0525,0.6636466020070263,0.0,110567686.3425,0.6615622531139165,553442.4425,110014243.9,0.6582508278563145,0.14525,0.14525,75703000,75703000,https://www1.hkexnews.hk/search/titlesearch.xhtml,https://www1.hkexnews.hk/search/titlesearch.xhtml,1620584507,14:21:47,20210509
45,2009-06-30,0073.HK,CNY,2009-06-30,2009-06-30,Q2,167131189.5775,0.0,167131189.5775,1.0,1550762.58,0.0,9681028.715,-474780.5725,0.0,56215143.525,2809.3525,16490899.175,127406945.22749999,0.7623169891244054,110916046.0525,0.6636466020070263,0.0,110567686.3425,0.6615622531139165,553442.4425,110014243.9,0.6582508278563145,0.14525,0.14525,75703000,75703000,https://www1.hkexnews.hk/search/titlesearch.xhtml,https://www1.hkexnews.hk/search/titlesearch.xhtml,1620584507,14:21:47,20210509
46,2009-03-31,0073.HK,CNY,2009-03-31,2009-03-31,Q1,167131189.5775,0.0,167131189.5775,1.0,1550762.58,0.0,9681028.715,-474780.5725,0.0,56215143.525,2809.3525,16490899.175,127406945.22749999,0.7623169891244054,110916046.0525,0.6636466020070263,0.0,110567686.3425,0.6615622531139165,553442.4425,110014243.9,0.6582508278563145,0.14525,0.14525,75703000,75703000,https://www1.hkexnews.hk/search/titlesearch.xhtml,https://www1.hkexnews.hk/search/titlesearch.xhtml,1620584507,14:21:47,20210509
47,2009-01-31,0073.HK,CNY,2009-01-31,2009-01-31,Q1,167131189.5775,0.0,167131189.5775,1.0,1550762.58,0.0,9681028.715,-474780.5725,0.0,56215143.525,2809.3525,16490899.175,127406945.22749999,0.7623169891244054,110916046.0525,0.6636466020070263,0.0,110567686.3425,0.6615622531139165,553442.4425,110014243.9,0.6582508278563145,0.14525,0.14525,75703000,75703000,https://www1.hkexnews.hk/search/titlesearch.xhtml,https://www1.hkexnews.hk/search/titlesearch.xhtml,1620584507,14:21:47,20210509
48,2008-09-30,0073.HK,CNY,2008-09-30,2008-09-30,Q3,133444004.1675,0.0,133444004.1675,1.0,1139351.655,0.0,8606539.5975,0.0,0.0,38874405.57,3411.2325,12966094.7325,107535693.33,0.8058488202663667,94569598.5975,0.708683759809811,0.0,91936127.1075,0.6889491040159513,-7886769.54,99822896.6475,0.7480508192949716,1.345,1.3425,74194000,74403000,https://www1.hkexnews.hk/search/titlesearch.xhtml,https://www1.hkexnews.hk/search/titlesearch.xhtml,1620584507,14:21:47,20210509
49,2008-06-30,0073.HK,CNY,2008-06-30,2008-06-30,Q2,133444004.1675,0.0,133444004.1675,1.0,1139351.655,0.0,8606539.5975,0.0,0.0,38874405.57,3411.2325,12966094.7325,107535693.33,0.8058488202663667,94569598.5975,0.708683759809811,0.0,91936127.1075,0.6889491040159513,-7886769.54,99822896.6475,0.7480508192949716,1.345,1.3425,74194000,74403000,https://www1.hkexnews.hk/search/titlesearch.xhtml,https://www1.hkexnews.hk/search/titlesearch.xhtml,1620584507,14:21:47,20210509
50,2008-03-31,0073.HK,CNY,2008-03-31,2008-03-31,Q1,133444004.1675,0.0,133444004.1675,1.0,1139351.655,0.0,8606539.5975,0.0,0.0,38874405.57,3411.2325,12966094.7325,107535693.33,0.8058488202663667,94569598.5975,0.708683759809811,0.0,91936127.1075,0.6889491040159513,-7886769.54,99822896.6475,0.7480508192949716,1.345,1.3425,74194000,74403000,https://www1.hkexnews.hk/search/titlesearch.xhtml,https://www1.hkexnews.hk/search/titlesearch.xhtml,1620584507,14:21:47,20210509
51,2008-01-31,0073.HK,CNY,2008-01-31,2008-01-31,Q1,133444004.1675,0.0,133444004.1675,1.0,1139351.655,0.0,8606539.5975,0.0,0.0,38874405.57,3411.2325,12966094.7325,107535693.33,0.8058488202663667,94569598.5975,0.708683759809811,0.0,91936127.1075,0.6889491040159513,-7886769.54,99822896.6475,0.7480508192949716,1.345,1.3425,74194000,74403000,https://www1.hkexnews.hk/search/titlesearch.xhtml,https://www1.hkexnews.hk/search/titlesearch.xhtml,1620584507,14:21:47,20210509
52,2007-09-30,0073.HK,CNY,2007-09-30,2007-09-30,Q3,119933391.875,0.0,119933391.875,1.0,1288414.1875,4859271.3125,7596673.5625,0.0,0.0,26815837.125,1097254.8125,6897030.25,100014585.0,0.8339177558176601,93117554.75,0.776410583359898,0.0,93496050.3125,0.779566464775263,13820822.8125,79675227.5,0.6643289767293593,1.22,1.21775,65303000,65451000,https://www1.hkexnews.hk/search/titlesearch.xhtml,https://www1.hkexnews.hk/search/titlesearch.xhtml,1620584507,14:21:47,20210509
53,2007-06-30,0073.HK,CNY,2007-06-30,2007-06-30,Q2,119933391.875,0.0,119933391.875,1.0,1288414.1875,4859271.3125,7596673.5625,0.0,0.0,26815837.125,1097254.8125,6897030.25,100014585.0,0.8339177558176601,93117554.75,0.776410583359898,0.0,93496050.3125,0.779566464775263,13820822.8125,79675227.5,0.6643289767293593,1.22,1.21775,65303000,65451000,https://www1.hkexnews.hk/search/titlesearch.xhtml,https://www1.hkexnews.hk/search/titlesearch.xhtml,1620584507,14:21:47,20210509
54,2007-03-31,0073.HK,CNY,2007-03-31,2007-03-31,Q1,119933391.875,0.0,119933391.875,1.0,1288414.1875,4859271.3125,7596673.5625,0.0,0.0,26815837.125,1097254.8125,6897030.25,100014585.0,0.8339177558176601,93117554.75,0.776410583359898,0.0,93496050.3125,0.779566464775263,13820822.8125,79675227.5,0.6643289767293593,1.22,1.21775,65303000,65451000,https://www1.hkexnews.hk/search/titlesearch.xhtml,https://www1.hkexnews.hk/search/titlesearch.xhtml,1620584507,14:21:47,20210509
55,2007-01-31,0073.HK,CNY,2007-01-31,2007-01-31,Q1,119933391.875,0.0,119933391.875,1.0,1288414.1875,4859271.3125,7596673.5625,0.0,0.0,26815837.125,1097254.8125,6897030.25,100014585.0,0.8339177558176601,93117554.75,0.776410583359898,0.0,93496050.3125,0.779566464775263,13820822.8125,79675227.5,0.6643289767293593,1.22,1.21775,65303000,65451000,https://www1.hkexnews.hk/search/titlesearch.xhtml,https://www1.hkexnews.hk/search/titlesearch.xhtml,1620584507,14:21:47,20210509
56,2006-09-30,0073.HK,CNY,2006-09-30,2006-09-30,Q3,101141500.0,28252000.0,72889500.0,0.7206685682929361,135500.0,6924000.0,5215500.0,0.0,0.0,23392000.0,1786250.0,4318250.0,82067750.0,0.811415195542878,77749500.0,0.7687200605092865,0.0,77215750.0,0.7634428004330567,12734250.0,64481500.0,0.6375375093309867,1.07,1.04,60233000,63744000,https://www1.hkexnews.hk/search/titlesearch.xhtml,https://www1.hkexnews.hk/search/titlesearch.xhtml,1620584507,14:21:47,20210509
57,2006-06-30,0073.HK,CNY,2006-06-30,2006-06-30,Q2,101141500.0,28252000.0,72889500.0,0.7206685682929361,135500.0,6924000.0,5215500.0,0.0,0.0,23392000.0,1786250.0,4318250.0,82067750.0,0.811415195542878,77749500.0,0.7687200605092865,0.0,77215750.0,0.7634428004330567,12734250.0,64481500.0,0.6375375093309867,1.07,1.04,60233000,63744000,https://www1.hkexnews.hk/search/titlesearch.xhtml,https://www1.hkexnews.hk/search/titlesearch.xhtml,1620584507,14:21:47,20210509
58,2006-03-31,0073.HK,CNY,2006-03-31,2006-03-31,Q1,101141500.0,28252000.0,72889500.0,0.7206685682929361,135500.0,6924000.0,5215500.0,0.0,0.0,23392000.0,1786250.0,4318250.0,82067750.0,0.811415195542878,77749500.0,0.7687200605092865,0.0,77215750.0,0.7634428004330567,12734250.0,64481500.0,0.6375375093309867,1.07,1.04,60233000,63744000,https://www1.hkexnews.hk/search/titlesearch.xhtml,https://www1.hkexnews.hk/search/titlesearch.xhtml,1620584507,14:21:47,20210509
59,2006-01-31,0073.HK,CNY,2006-01-31,2006-01-31,Q1,101141500.0,28252000.0,72889500.0,0.7206685682929361,135500.0,6924000.0,5215500.0,0.0,0.0,23392000.0,1786250.0,4318250.0,82067750.0,0.811415195542878,77749500.0,0.7687200605092865,0.0,77215750.0,0.7634428004330567,12734250.0,64481500.0,0.6375375093309867,1.07,1.04,60233000,63744000,https://www1.hkexnews.hk/search/titlesearch.xhtml,https://www1.hkexnews.hk/search/titlesearch.xhtml,1620584507,14:21:47,20210509
60,2005-09-30,0073.HK,CNY,2005-09-30,2005-09-30,Q3,80578250.0,0.0,80578250.0,1.0,72750.0,0.0,0.0,0.0,0.0,817750.0,60000.0,250500.0,80011000.0,0.9929602591269977,79760500.0,0.9898514797727674,0.0,4545500.0,0.0564110042101932,353250.0,4192250.0,0.05202706685737156,1.245,1.2175,50000000,51781000,https://www1.hkexnews.hk/search/titlesearch.xhtml,https://www1.hkexnews.hk/search/titlesearch.xhtml,1620584507,14:21:47,20210509
61,2005-06-30,0073.HK,CNY,2005-06-30,2005-06-30,Q2,80578250.0,0.0,80578250.0,1.0,72750.0,0.0,0.0,0.0,0.0,817750.0,60000.0,250500.0,80011000.0,0.9929602591269977,79760500.0,0.9898514797727674,0.0,4545500.0,0.0564110042101932,353250.0,4192250.0,0.05202706685737156,1.245,1.2175,50000000,51781000,https://www1.hkexnews.hk/search/titlesearch.xhtml,https://www1.hkexnews.hk/search/titlesearch.xhtml,1620584507,14:21:47,20210509
62,2005-03-31,0073.HK,CNY,2005-03-31,2005-03-31,Q1,80578250.0,0.0,80578250.0,1.0,72750.0,0.0,0.0,0.0,0.0,817750.0,60000.0,250500.0,80011000.0,0.9929602591269977,79760500.0,0.9898514797727674,0.0,4545500.0,0.0564110042101932,353250.0,4192250.0,0.05202706685737156,1.245,1.2175,50000000,51781000,https://www1.hkexnews.hk/search/titlesearch.xhtml,https://www1.hkexnews.hk/search/titlesearch.xhtml,1620584507,14:21:47,20210509
63,2005-01-31,0073.HK,CNY,2005-01-31,2005-01-31,Q1,80578250.0,0.0,80578250.0,1.0,72750.0,0.0,0.0,0.0,0.0,817750.0,60000.0,250500.0,80011000.0,0.9929602591269977,79760500.0,0.9898514797727674,0.0,4545500.0,0.0564110042101932,353250.0,4192250.0,0.05202706685737156,1.245,1.2175,50000000,51781000,https://www1.hkexnews.hk/search/titlesearch.xhtml,https://www1.hkexnews.hk/search/titlesearch.xhtml,1620584507,14:21:47,20210509
64,2004-09-30,0073.HK,CNY,2004-09-30,2004-09-30,Q3,71311500.0,0.0,71310500.0,0.9999859770163297,69000.0,0.0,0.0,0.0,0.0,1833250.0,16500.0,187750.0,69666000.0,0.9769251803706275,69478250.0,0.9742923651865407,0.0,2734750.0,0.03834935459217658,206250.0,2528500.0,0.0354571142101905,0.0415,0.0415,60776000,60776000,https://www1.hkexnews.hk/search/titlesearch.xhtml,https://www1.hkexnews.hk/search/titlesearch.xhtml,1620584507,14:21:47,20210509
65,2004-06-30,0073.HK,CNY,2004-06-30,2004-06-30,Q2,71311500.0,0.0,71310500.0,0.9999859770163297,69000.0,0.0,0.0,0.0,0.0,1833250.0,16500.0,187750.0,69666000.0,0.9769251803706275,69478250.0,0.9742923651865407,0.0,2734750.0,0.03834935459217658,206250.0,2528500.0,0.0354571142101905,0.0415,0.0415,60776000,60776000,https://www1.hkexnews.hk/search/titlesearch.xhtml,https://www1.hkexnews.hk/search/titlesearch.xhtml,1620584507,14:21:47,20210509
66,2004-03-31,0073.HK,CNY,2004-03-31,2004-03-31,Q1,71311500.0,0.0,71310500.0,0.9999859770163297,69000.0,0.0,0.0,0.0,0.0,1833250.0,16500.0,187750.0,69666000.0,0.9769251803706275,69478250.0,0.9742923651865407,0.0,2734750.0,0.03834935459217658,206250.0,2528500.0,0.0354571142101905,0.0415,0.0415,60776000,60776000,https://www1.hkexnews.hk/search/titlesearch.xhtml,https://www1.hkexnews.hk/search/titlesearch.xhtml,1620584507,14:21:47,20210509
67,2004-01-31,0073.HK,CNY,2004-01-31,2004-01-31,Q1,71311500.0,0.0,71310500.0,0.9999859770163297,69000.0,0.0,0.0,0.0,0.0,1833250.0,16500.0,187750.0,69666000.0,0.9769251803706275,69478250.0,0.9742923651865407,0.0,2734750.0,0.03834935459217658,206250.0,2528500.0,0.0354571142101905,0.0415,0.0415,60776000,60776000,https://www1.hkexnews.hk/search/titlesearch.xhtml,https://www1.hkexnews.hk/search/titlesearch.xhtml,1620584507,14:21:47,20210509
68,2003-09-30,0073.HK,CNY,2003-09-30,2003-09-30,Q3,56587000.0,0.0,0.0,0.0,62000.0,0.0,0.0,0.0,0.0,981000.0,14750.0,185000.0,55791000.0,0.9859331648611872,55606000.0,0.9826638627246541,0.0,2381750.0,0.04209005601993391,179750.0,2202000.0,0.03891353137646456,0.03625,0.03625,60776000,60776000,https://www1.hkexnews.hk/search/titlesearch.xhtml,https://www1.hkexnews.hk/search/titlesearch.xhtml,1620584507,14:21:47,20210509
69,2003-06-30,0073.HK,CNY,2003-06-30,2003-06-30,Q2,56587000.0,0.0,0.0,0.0,62000.0,0.0,0.0,0.0,0.0,981000.0,14750.0,185000.0,55791000.0,0.9859331648611872,55606000.0,0.9826638627246541,0.0,2381750.0,0.04209005601993391,179750.0,2202000.0,0.03891353137646456,0.03625,0.03625,60776000,60776000,https://www1.hkexnews.hk/search/titlesearch.xhtml,https://www1.hkexnews.hk/search/titlesearch.xhtml,1620584507,14:21:47,20210509
70,2003-03-31,0073.HK,CNY,2003-03-31,2003-03-31,Q1,56587000.0,0.0,0.0,0.0,62000.0,0.0,0.0,0.0,0.0,981000.0,14750.0,185000.0,55791000.0,0.9859331648611872,55606000.0,0.9826638627246541,0.0,2381750.0,0.04209005601993391,179750.0,2202000.0,0.03891353137646456,0.03625,0.03625,60776000,60776000,https://www1.hkexnews.hk/search/titlesearch.xhtml,https://www1.hkexnews.hk/search/titlesearch.xhtml,1620584507,14:21:47,20210509
71,2003-01-31,0073.HK,CNY,2003-01-31,2003-01-31,Q1,56587000.0,0.0,0.0,0.0,62000.0,0.0,0.0,0.0,0.0,981000.0,14750.0,185000.0,55791000.0,0.9859331648611872,55606000.0,0.9826638627246541,0.0,2381750.0,0.04209005601993391,179750.0,2202000.0,0.03891353137646456,0.03625,0.03625,60776000,60776000,https://www1.hkexnews.hk/search/titlesearch.xhtml,https://www1.hkexnews.hk/search/titlesearch.xhtml,1620584507,14:21:47,20210509
72,2002-09-30,0073.HK,CNY,2002-09-30,2002-09-30,Q3,41518250.0,0.0,41518250.0,1.0,9750.0,0.0,0.0,2500.0,0.0,718250.0,0.0,169750.0,40969750.0,0.9867889422121597,40800000.0,0.9827003787491043,0.0,1927000.0,0.04641332426101775,66250.0,1860750.0,0.04481764043523029,0.03075,0.03075,60776000,60776000,https://www1.hkexnews.hk/search/titlesearch.xhtml,https://www1.hkexnews.hk/search/titlesearch.xhtml,1620584507,14:21:47,20210509
73,2002-06-30,0073.HK,CNY,2002-06-30,2002-06-30,Q2,41518250.0,0.0,41518250.0,1.0,9750.0,0.0,0.0,2500.0,0.0,718250.0,0.0,169750.0,40969750.0,0.9867889422121597,40800000.0,0.9827003787491043,0.0,1927000.0,0.04641332426101775,66250.0,1860750.0,0.04481764043523029,0.03075,0.03075,60776000,60776000,https://www1.hkexnews.hk/search/titlesearch.xhtml,https://www1.hkexnews.hk/search/titlesearch.xhtml,1620584507,14:21:47,20210509
74,2002-03-31,0073.HK,CNY,2002-03-31,2002-03-31,Q1,41518250.0,0.0,41518250.0,1.0,9750.0,0.0,0.0,2500.0,0.0,718250.0,0.0,169750.0,40969750.0,0.9867889422121597,40800000.0,0.9827003787491043,0.0,1927000.0,0.04641332426101775,66250.0,1860750.0,0.04481764043523029,0.03075,0.03075,60776000,60776000,https://www1.hkexnews.hk/search/titlesearch.xhtml,https://www1.hkexnews.hk/search/titlesearch.xhtml,1620584507,14:21:47,20210509
75,2002-01-31,0073.HK,CNY,2002-01-31,2002-01-31,Q1,41518250.0,0.0,41518250.0,1.0,9750.0,0.0,0.0,2500.0,0.0,718250.0,0.0,169750.0,40969750.0,0.9867889422121597,40800000.0,0.9827003787491043,0.0,1927000.0,0.04641332426101775,66250.0,1860750.0,0.04481764043523029,0.03075,0.03075,60776000,60776000,https://www1.hkexnews.hk/search/titlesearch.xhtml,https://www1.hkexnews.hk/search/titlesearch.xhtml,1620584507,14:21:47,20210509
