,date,symbol,reportedCurrency,fillingDate,acceptedDate,period,revenue,costOfRevenue,grossProfit,grossProfitRatio,researchAndDevelopmentExpenses,generalAndAdministrativeExpenses,sellingAndMarketingExpenses,otherExpenses,operatingExpenses,costAndExpenses,interestExpense,depreciationAndAmortization,ebitda,ebitdaratio,operatingIncome,operatingIncomeRatio,totalOtherIncomeExpensesNet,incomeBeforeTax,incomeBeforeTaxRatio,incomeTaxExpense,netIncome,netIncomeRatio,eps,epsdiluted,weightedAverageShsOut,weightedAverageShsOutDil,link,finalLink,timestamp,est_time,est_date
0,2020-12-31,DRREDDY.NS,INR,2020-12-31,2020-12-31,Q4,49296000000.0,22758000000.0,26538000000.0,0.5383398247322297,4108000000.0,14387000000.0,0.0,0.0,18344000000.0,41102000000.0,188000000.0,3216000000.0,11410000000.0,0.23145894190197988,8194000000.0,0.1662203829925349,-5420000000.0,2843000000.0,0.05767202207075625,2645000000.0,198000000.0,0.004016553067185979,1.19,1.19,166386555,166386555,,,1620591271,16:14:31,20210509
1,2020-09-30,DRREDDY.NS,INR,2020-09-30,2020-09-30,Q3,48967000000.0,22558000000.0,26409000000.0,0.5393224008005392,4359000000.0,13107000000.0,0.0,0.0,17303000000.0,39861000000.0,252000000.0,3271000000.0,12377000000.0,0.25276206424735026,9106000000.0,0.18596197439091633,-355000000.0,8621000000.0,0.17605734474237753,998000000.0,7623000000.0,0.15567627177486879,45.953183,45.83,165886225,166332097,https://www.nseindia.com/companies-listing/corporate-filings-annual-reports,https://www.nseindia.com/companies-listing/corporate-filings-annual-reports,1620591271,16:14:31,20210509
2,2020-06-30,DRREDDY.NS,INR,2020-06-30,2020-06-30,Q2,44175000000.0,19420000000.0,24755000000.0,0.5603848330503679,3980000000.0,12786000000.0,0.0,0.0,16647000000.0,36067000000.0,233000000.0,3140000000.0,11248000000.0,0.2546236559139785,8108000000.0,0.18354272778720995,633000000.0,8789000000.0,0.1989586870401811,2996000000.0,5793000000.0,0.13113752122241087,34.94,34.86,165798512,166179002,https://www.nseindia.com/companies-listing/corporate-filings-annual-reports,https://www.nseindia.com/companies-listing/corporate-filings-annual-reports,1620591271,16:14:31,20210509
3,2020-03-31,DRREDDY.NS,INR,2020-03-31,2020-03-31,Q1,44318000000.0,21510000000.0,22808000000.0,0.5146441626427185,4190000000.0,12177000000.0,0.0,0.0,16125000000.0,37635000000.0,230000000.0,2965000000.0,9648000000.0,0.21769935466401913,6683000000.0,0.15079651608827113,508000000.0,7142000000.0,0.16115348165530935,-500000000.0,7642000000.0,0.17243557922288913,46.098313,46.01,165776132,166094327,https://www.nseindia.com/companies-listing/corporate-filings-annual-reports,https://www.nseindia.com/companies-listing/corporate-filings-annual-reports,1620591271,16:14:31,20210509
4,2019-12-31,DRREDDY.NS,INR,2019-12-31,2019-12-31,Q4,43838000000.0,20116000000.0,23722000000.0,0.5411287011268763,3949000000.0,12670000000.0,0.0,0.0,16436000000.0,36552000000.0,152000000.0,3085000000.0,10371000000.0,0.2365755737031799,7286000000.0,0.16620283772069894,-12615000000.0,-5274000000.0,-0.12030658332953145,423000000.0,-5697000000.0,-0.12995574615630276,-34.37,-34.37,165755019,165755019,https://www.nseindia.com/companies-listing/corporate-filings-annual-reports,https://www.nseindia.com/companies-listing/corporate-filings-annual-reports,1620591271,16:14:31,20210509
5,2019-09-30,DRREDDY.NS,INR,2019-09-30,2019-09-30,Q3,48009000000.0,20389000000.0,27620000000.0,0.5753087962673665,3662000000.0,16777000000.0,0.0,0.0,20318000000.0,40707000000.0,304000000.0,3339000000.0,10641000000.0,0.22164594138599011,7302000000.0,0.15209648190964195,388000000.0,7664000000.0,0.15963673477889562,-3261000000.0,10925000000.0,0.2275614988856256,65.93,65.82,165706052,165982984,https://www.nseindia.com/companies-listing/corporate-filings-annual-reports,https://www.nseindia.com/companies-listing/corporate-filings-annual-reports,1620591271,16:14:31,20210509
6,2019-06-30,DRREDDY.NS,INR,2019-06-30,2019-06-30,Q2,38435000000.0,18576000000.0,19859000000.0,0.5166905164563549,3609000000.0,12065000000.0,0.0,0.0,11920000000.0,30496000000.0,297000000.0,3083000000.0,11022000000.0,0.2867698712111357,7939000000.0,0.20655652400156108,633000000.0,8500000000.0,0.22115259529075063,1872000000.0,6628000000.0,0.1724469884220112,39.98,39.91,165782891,166073666,https://www.nseindia.com/companies-listing/corporate-filings-annual-reports,https://www.nseindia.com/companies-listing/corporate-filings-annual-reports,1620591271,16:14:31,20210509
7,2019-03-31,DRREDDY.NS,INR,2019-03-31,2019-03-31,Q1,40166000000.0,19113000000.0,21053000000.0,0.5241497784195588,3662000000.0,12376000000.0,0.0,0.0,15708000000.0,34821000000.0,245000000.0,3101000000.0,8446000000.0,0.2102773490016432,5345000000.0,0.13307274809540406,157000000.0,5851000000.0,0.14567046755962754,1507000000.0,4344000000.0,0.10815117263357069,26.2,26.16,165801527,166055046,https://www.nseindia.com/companies-listing/corporate-filings-annual-reports,https://www.nseindia.com/companies-listing/corporate-filings-annual-reports,1620591271,16:14:31,20210509
8,2018-12-31,DRREDDY.NS,INR,2018-12-31,2018-12-31,Q4,38500000000.0,17748000000.0,20752000000.0,0.539012987012987,3668000000.0,12036000000.0,0.0,0.0,15526000000.0,33274000000.0,241000000.0,3108000000.0,8334000000.0,0.21646753246753248,5226000000.0,0.13574025974025974,600000000.0,5805000000.0,0.1507792207792208,953000000.0,4852000000.0,0.126025974025974,29.25,29.21,165880342,166107497,https://www.nseindia.com/companies-listing/corporate-filings-annual-reports,https://www.nseindia.com/companies-listing/corporate-filings-annual-reports,1620591271,16:14:31,20210509
9,2018-09-30,DRREDDY.NS,INR,2018-09-30,2018-09-30,Q3,37978000000.0,17081000000.0,20897000000.0,0.5502396124071831,4120000000.0,12372000000.0,0.0,0.0,16323000000.0,33404000000.0,208000000.0,2998000000.0,7572000000.0,0.1993785876033493,4574000000.0,0.12043814840170625,1187000000.0,5780000000.0,0.1521933751119069,742000000.0,5038000000.0,0.132655748064669,30.35,30.31,165996705,166215770,https://www.nseindia.com/companies-listing/corporate-filings-annual-reports,https://www.nseindia.com/companies-listing/corporate-filings-annual-reports,1620591271,16:14:31,20210509
10,2018-06-30,DRREDDY.NS,INR,2018-06-30,2018-06-30,Q2,37207000000.0,16479000000.0,20728000000.0,0.5570994705297391,4157000000.0,12106000000.0,0.0,0.0,16028000000.0,32507000000.0,195000000.0,2983000000.0,7683000000.0,0.2064934017792351,4700000000.0,0.1263203160695568,369000000.0,5007000000.0,0.1345714516085683,446000000.0,4561000000.0,0.12258445991345715,27.48,27.45,165975255,166156648,https://www.nseindia.com/companies-listing/corporate-filings-annual-reports,https://www.nseindia.com/companies-listing/corporate-filings-annual-reports,1620591271,16:14:31,20210509
11,2018-03-31,DRREDDY.NS,INR,2018-03-31,2018-03-31,Q1,35349000000.0,16454000000.0,18895000000.0,0.5345271436249964,4348000000.0,12067000000.0,0.0,0.0,16248000000.0,32702000000.0,0.0,2998000000.0,5645000000.0,0.15969334351749695,2647000000.0,0.07488189199128688,69000000.0,3748000000.0,0.10602845907946476,726000000.0,3022000000.0,0.08549039576791423,18.21,18.18,165952773,166226623,https://www.nseindia.com/companies-listing/corporate-filings-annual-reports,https://www.nseindia.com/companies-listing/corporate-filings-annual-reports,1620591271,16:14:31,20210509
12,2017-12-31,DRREDDY.NS,INR,2017-12-31,2017-12-31,Q4,38060000000.0,16649000000.0,21411000000.0,0.5625591171833947,4667000000.0,12048000000.0,0.0,0.0,16379000000.0,33028000000.0,172000000.0,2972000000.0,8004000000.0,0.21029952706253285,5032000000.0,0.13221229637414608,838000000.0,5945000000.0,0.15620073568050447,2601000000.0,3344000000.0,0.08786127167630058,20.16,20.13,165873016,166120219,https://www.nseindia.com/companies-listing/corporate-filings-annual-reports,https://www.nseindia.com/companies-listing/corporate-filings-annual-reports,1620591271,16:14:31,20210509
13,2017-09-30,DRREDDY.NS,INR,2017-09-30,2017-09-30,Q3,35460000000.0,16559000000.0,18901000000.0,0.5330231246474901,4175000000.0,11032000000.0,0.0,0.0,15099000000.0,31658000000.0,223000000.0,2941000000.0,6743000000.0,0.1901579244218838,3802000000.0,0.10721940214326,233000000.0,3876000000.0,0.1093062605752961,1027000000.0,2849000000.0,0.08034404963338973,17.18,17.15,165832363,166122449,https://www.nseindia.com/companies-listing/corporate-filings-annual-reports,https://www.nseindia.com/companies-listing/corporate-filings-annual-reports,1620591271,16:14:31,20210509
14,2017-06-30,DRREDDY.NS,INR,2017-06-30,2017-06-30,Q2,33159000000.0,16062000000.0,17097000000.0,0.5156066226363883,5075000000.0,11763000000.0,0.0,0.0,16640000000.0,32702000000.0,215000000.0,2799000000.0,3256000000.0,0.09819355227841611,457000000.0,0.013782080279863686,387000000.0,772000000.0,0.023281763623752224,181000000.0,591000000.0,0.01782321541662897,3.57,3.56,165546218,166011236,https://www.nseindia.com/companies-listing/corporate-filings-annual-reports,https://www.nseindia.com/companies-listing/corporate-filings-annual-reports,1620591271,16:14:31,20210509
15,2017-03-31,DRREDDY.NS,INR,2017-03-31,2017-03-31,Q1,35542000000.0,17360000000.0,18182000000.0,0.5115637836925327,4579000000.0,10973000000.0,0.0,0.0,14955000000.0,32315000000.0,196000000.0,2858000000.0,6085000000.0,0.1712058972483259,3227000000.0,0.09079399020876709,59000000.0,3189000000.0,0.08972483259242586,64000000.0,3125000000.0,0.08792414608069327,18.854638,18.83,165741713,165958577,https://www.nseindia.com/companies-listing/corporate-filings-annual-reports,https://www.nseindia.com/companies-listing/corporate-filings-annual-reports,1620591271,16:14:31,20210509
16,2016-12-31,DRREDDY.NS,INR,2016-12-31,2016-12-31,Q4,37065000000.0,15166000000.0,21899000000.0,0.5908269256711183,4956000000.0,11341000000.0,0.0,0.0,16128000000.0,31294000000.0,164000000.0,2891000000.0,8662000000.0,0.23369755834345068,5771000000.0,0.15569944691757723,204000000.0,5922000000.0,0.15977337110481588,1221000000.0,4701000000.0,0.12683124241197896,28.38,28.32,165644820,165995763,https://www.nseindia.com/companies-listing/corporate-filings-annual-reports,https://www.nseindia.com/companies-listing/corporate-filings-annual-reports,1620591271,16:14:31,20210509
17,2016-09-30,DRREDDY.NS,INR,2016-09-30,2016-09-30,Q3,35857000000.0,15760000000.0,20097000000.0,0.5604763365591098,5214000000.0,11774000000.0,0.0,0.0,16709000000.0,32469000000.0,126000000.0,2847000000.0,6235000000.0,0.17388515492093595,3388000000.0,0.09448643221686143,496000000.0,3835000000.0,0.10695261734110495,885000000.0,2950000000.0,0.08227124410854227,17.8,17.76,165730337,166103604,https://www.nseindia.com/companies-listing/corporate-filings-annual-reports,https://www.nseindia.com/companies-listing/corporate-filings-annual-reports,1620591271,16:14:31,20210509
18,2016-06-30,DRREDDY.NS,INR,2016-06-30,2016-06-30,Q2,32345000000.0,14167000000.0,18178000000.0,0.5620034008347503,4802000000.0,12284000000.0,0.0,0.0,16986000000.0,31153000000.0,148000000.0,2681000000.0,3873000000.0,0.11974029989179162,1192000000.0,0.03685268202195084,392000000.0,1707000000.0,0.05277477198948833,444000000.0,1263000000.0,0.03904776626990261,7.45,7.43,169530201,169986541,https://www.nseindia.com/companies-listing/corporate-filings-annual-reports,https://www.nseindia.com/companies-listing/corporate-filings-annual-reports,1620591271,16:14:31,20210509
19,2016-03-31,DRREDDY.NS,INR,2016-03-31,2016-03-31,Q1,37562000000.0,16286000000.0,21276000000.0,0.5664235131249667,4879000000.0,11632000000.0,0.0,0.0,16115000000.0,32401000000.0,169000000.0,2940000000.0,8101000000.0,0.2156700921143709,5161000000.0,0.13739949949416963,-2944000000.0,2485000000.0,0.06615728661945583,1739000000.0,746000000.0,0.019860497311112293,4.372606,4.372606,170607653,170607653,https://www.nseindia.com/companies-listing/corporate-filings-annual-reports,https://www.nseindia.com/companies-listing/corporate-filings-annual-reports,1620591271,16:14:31,20210509
20,2015-12-31,DRREDDY.NS,INR,2015-12-31,2015-12-31,Q4,39679000000.0,16089000000.0,23590000000.0,0.5945210312759898,4095000000.0,12039000000.0,0.0,0.0,16011000000.0,32100000000.0,161000000.0,2577000000.0,10156000000.0,0.2559540310995741,7579000000.0,0.1910078378991406,-163000000.0,7580000000.0,0.19103304014718112,1788000000.0,5792000000.0,0.14597142065072205,33.95,33.86,170603829,171057295,https://www.nseindia.com/companies-listing/corporate-filings-annual-reports,https://www.nseindia.com/companies-listing/corporate-filings-annual-reports,1620591271,16:14:31,20210509
21,2015-09-30,DRREDDY.NS,INR,2015-09-30,2015-09-30,Q3,39889000000.0,15421000000.0,24468000000.0,0.6134021910802477,4473000000.0,11058000000.0,0.0,0.0,15215000000.0,30636000000.0,215000000.0,2466000000.0,11719000000.0,0.29379026799368246,9253000000.0,0.23196871317907192,-225000000.0,9098000000.0,0.22808293013111383,1880000000.0,7218000000.0,0.18095214219459,42.32,42.2,170557656,171042654,https://www.nseindia.com/companies-listing/corporate-filings-annual-reports,https://www.nseindia.com/companies-listing/corporate-filings-annual-reports,1620591271,16:14:31,20210509
22,2015-06-30,DRREDDY.NS,INR,2015-06-30,2015-06-30,Q2,37578000000.0,14631000000.0,22947000000.0,0.6106498483155037,4387000000.0,10973000000.0,0.0,0.0,15209000000.0,29840000000.0,281000000.0,2267000000.0,10005000000.0,0.2662462078875938,7738000000.0,0.2059183564851775,168000000.0,7977000000.0,0.21227846080153281,1720000000.0,6257000000.0,0.16650699877587952,36.71,36.58,170444021,171049754,https://www.nseindia.com/companies-listing/corporate-filings-annual-reports,https://www.nseindia.com/companies-listing/corporate-filings-annual-reports,1620591271,16:14:31,20210509
23,2015-03-31,DRREDDY.NS,INR,2015-03-31,2015-03-31,Q1,38704000000.0,17483000000.0,21221000000.0,0.5482895824720959,5145000000.0,10082000000.0,0.0,0.0,14998000000.0,32481000000.0,295000000.0,2229000000.0,8452000000.0,0.21837536171971889,6223000000.0,0.16078441504754032,-189000000.0,5931000000.0,0.15323997519636212,742000000.0,5189000000.0,0.1340688300950806,30.455243,30.35,170381174,170971993,https://www.nseindia.com/companies-listing/corporate-filings-annual-reports,https://www.nseindia.com/companies-listing/corporate-filings-annual-reports,1620591271,16:14:31,20210509
24,2014-12-31,DRREDDY.NS,INR,2014-12-31,2014-12-31,Q4,38431000000.0,16079000000.0,22352000000.0,0.5816138013582784,4316000000.0,11151000000.0,0.0,0.0,15125000000.0,31204000000.0,251000000.0,2041000000.0,9268000000.0,0.24115948062761833,7227000000.0,0.1880513127423174,923000000.0,8286000000.0,0.21560719211053578,2541000000.0,5745000000.0,0.1494886940230543,33.72,33.61,170373665,170931270,https://www.nseindia.com/companies-listing/corporate-filings-annual-reports,https://www.nseindia.com/companies-listing/corporate-filings-annual-reports,1620591271,16:14:31,20210509
25,2014-09-30,DRREDDY.NS,INR,2014-09-30,2014-09-30,Q3,35879000000.0,14893000000.0,20986000000.0,0.584910393266256,4113000000.0,10673000000.0,0.0,0.0,14521000000.0,29414000000.0,274000000.0,1958000000.0,8423000000.0,0.23476128097215643,6465000000.0,0.1801889684773823,488000000.0,6937000000.0,0.19334429610635748,1196000000.0,5741000000.0,0.1600100337244628,33.7,33.6,170356083,170863095,https://www.nseindia.com/companies-listing/corporate-filings-annual-reports,https://www.nseindia.com/companies-listing/corporate-filings-annual-reports,1620591271,16:14:31,20210509
26,2014-06-30,DRREDDY.NS,INR,2014-06-30,2014-06-30,Q2,35175000000.0,14331000000.0,20844000000.0,0.5925799573560767,3875000000.0,10679000000.0,0.0,0.0,14329000000.0,28660000000.0,272000000.0,1872000000.0,8387000000.0,0.2384363894811656,6515000000.0,0.18521677327647476,542000000.0,7009000000.0,0.19926083866382374,1505000000.0,5504000000.0,0.15647476901208243,32.34,32.24,170191713,170719603,https://www.nseindia.com/companies-listing/corporate-filings-annual-reports,https://www.nseindia.com/companies-listing/corporate-filings-annual-reports,1620591271,16:14:31,20210509
27,2014-03-31,DRREDDY.NS,INR,2014-03-31,2014-03-31,Q1,34809000000.0,14887000000.0,19922000000.0,0.5723232497342641,3985000000.0,9810000000.0,0.0,0.0,13563000000.0,28450000000.0,341000000.0,1966000000.0,8325000000.0,0.23916228561578903,6359000000.0,0.18268263954724354,-245000000.0,6069000000.0,0.17435146082909592,1253000000.0,4816000000.0,0.138355023126203,28.311281,28.22,170108868,170659107,https://www.nseindia.com/companies-listing/corporate-filings-annual-reports,https://www.nseindia.com/companies-listing/corporate-filings-annual-reports,1620591271,16:14:31,20210509
28,2013-12-31,DRREDDY.NS,INR,2013-12-31,2013-12-31,Q4,35338000000.0,13947000000.0,21391000000.0,0.605325711698455,2979000000.0,10442000000.0,0.0,0.0,13275000000.0,27222000000.0,315000000.0,1794000000.0,9910000000.0,0.2804346595732639,8116000000.0,0.22966777972720584,674000000.0,8705000000.0,0.24633538966551588,2521000000.0,6185000000.0,0.17502405342690588,36.36,36.25,170104510,170620690,https://www.nseindia.com/companies-listing/corporate-filings-annual-reports,https://www.nseindia.com/companies-listing/corporate-filings-annual-reports,1620591271,16:14:31,20210509
29,2013-09-30,DRREDDY.NS,INR,2013-09-30,2013-09-30,Q3,33575000000.0,14106000000.0,19469000000.0,0.5798659717051378,3009000000.0,9736000000.0,0.0,0.0,12108000000.0,26214000000.0,372000000.0,1733000000.0,9094000000.0,0.27085629188384214,7361000000.0,0.21924050632911393,450000000.0,7695000000.0,0.22918838421444526,792000000.0,6904000000.0,0.20562918838421446,40.59,40.47,170077680,170601560,https://www.nseindia.com/companies-listing/corporate-filings-annual-reports,https://www.nseindia.com/companies-listing/corporate-filings-annual-reports,1620591271,16:14:31,20210509
30,2013-06-30,DRREDDY.NS,INR,2013-06-30,2013-06-30,Q2,28449000000.0,13430000000.0,15019000000.0,0.5279271679145137,2430000000.0,8794000000.0,0.0,0.0,10876000000.0,24306000000.0,246000000.0,1613000000.0,5756000000.0,0.2023269710710394,4143000000.0,0.1456290203522092,-63000000.0,4137000000.0,0.1454181166297585,528000000.0,3610000000.0,0.12689373967450526,21.25,21.17,169890238,170507499,https://www.nseindia.com/companies-listing/corporate-filings-annual-reports,https://www.nseindia.com/companies-listing/corporate-filings-annual-reports,1620591271,16:14:31,20210509
31,2013-03-31,DRREDDY.NS,INR,2013-03-31,2013-03-31,Q1,33400000000.0,16554000000.0,16846000000.0,0.50437125748503,2327000000.0,8722000000.0,0.0,0.0,9588000000.0,26142000000.0,287000000.0,1494000000.0,8752000000.0,0.26203592814371257,7258000000.0,0.2173053892215569,647000000.0,7850000000.0,0.23502994011976047,2141000000.0,5710000000.0,0.17095808383233532,33.62,33.51,169809637,170367055,https://www.nseindia.com/companies-listing/corporate-filings-annual-reports,https://www.nseindia.com/companies-listing/corporate-filings-annual-reports,1620591271,16:14:31,20210509
32,2012-12-31,DRREDDY.NS,INR,2012-12-31,2012-12-31,Q4,28651000000.0,13560000000.0,15091000000.0,0.5267180901190185,2025000000.0,8571000000.0,0.0,0.0,10356000000.0,23916000000.0,204000000.0,1382000000.0,6117000000.0,0.2135004013821507,4735000000.0,0.16526473770549022,-72000000.0,4664000000.0,0.16278663920980072,882000000.0,3782000000.0,0.13200237339010853,22.27,22.2,169833995,170346842,https://www.nseindia.com/companies-listing/corporate-filings-annual-reports,https://www.nseindia.com/companies-listing/corporate-filings-annual-reports,1620591271,16:14:31,20210509
33,2012-09-30,DRREDDY.NS,INR,2012-09-30,2012-09-30,Q3,28809000000.0,13708000000.0,15101000000.0,0.5241764726300808,1759000000.0,8013000000.0,0.0,0.0,9358000000.0,23066000000.0,245000000.0,1376000000.0,7119000000.0,0.24711027803811308,5743000000.0,0.19934742615154985,-287000000.0,5437000000.0,0.18872574542677636,1512000000.0,3925000000.0,0.13624214655142491,24.026844,23.9,169560346,170460251,https://www.nseindia.com/companies-listing/corporate-filings-annual-reports,https://www.nseindia.com/companies-listing/corporate-filings-annual-reports,1620591271,16:14:31,20210509
34,2012-06-30,DRREDDY.NS,INR,2012-06-30,2012-06-30,Q2,25406000000.0,11865000000.0,13541000000.0,0.5329843344091947,1564000000.0,8277000000.0,0.0,0.0,9620000000.0,21485000000.0,281000000.0,1297000000.0,5218000000.0,0.20538455482956783,3921000000.0,0.15433362197906006,-152000000.0,3725000000.0,0.14661890891915297,365000000.0,3360000000.0,0.13225222388412186,19.81,19.74,169623020,170224980,https://www.nseindia.com/companies-listing/corporate-filings-annual-reports,https://www.nseindia.com/companies-listing/corporate-filings-annual-reports,1620591271,16:14:31,20210509
35,2012-03-31,DRREDDY.NS,INR,2012-03-31,2012-03-31,Q1,19783000000.0,9228000000.0,10555000000.0,0.533538897032806,1197000000.0,6755000000.0,0.0,0.0,7766000000.0,16994000000.0,46000000.0,1405000000.0,4194000000.0,0.21200020219380275,2789000000.0,0.14097962897437194,4000000.0,2747000000.0,0.1388565940453925,120000000.0,2627000000.0,0.13279077996259414,20.211093,20.1,169560346,170497512,https://www.nseindia.com/companies-listing/corporate-filings-annual-reports,https://www.nseindia.com/companies-listing/corporate-filings-annual-reports,1620591271,16:14:31,20210509
36,2011-12-31,DRREDDY.NS,INR,2011-12-31,2011-12-31,Q4,27692000000.0,11117000000.0,16575000000.0,0.5985483172035245,1514000000.0,7679000000.0,0.0,0.0,9193000000.0,20310000000.0,302000000.0,1306000000.0,8688000000.0,0.3137368192979922,7382000000.0,0.266575184168713,191000000.0,7747000000.0,0.2797558861765131,2617000000.0,5130000000.0,0.18525205835620395,30.263521,30.2,169544051,169900662,https://www.nseindia.com/companies-listing/corporate-filings-annual-reports,https://www.nseindia.com/companies-listing/corporate-filings-annual-reports,1620591271,16:14:31,20210509
37,2011-09-30,DRREDDY.NS,INR,2011-09-30,2011-09-30,Q3,22678000000.0,10473000000.0,12205000000.0,0.538186788958462,1459000000.0,7217000000.0,0.0,0.0,8460000000.0,18933000000.0,249000000.0,1269000000.0,5014000000.0,0.2210953346855984,3745000000.0,0.16513801922568128,13000000.0,3708000000.0,0.1635064820530911,630000000.0,3078000000.0,0.13572625451979892,18.16,18.1,169488496,170060797,https://www.nseindia.com/companies-listing/corporate-filings-annual-reports,https://www.nseindia.com/companies-listing/corporate-filings-annual-reports,1620591271,16:14:31,20210509
38,2011-06-30,DRREDDY.NS,INR,2011-06-30,2011-06-30,Q2,19783000000.0,9228000000.0,10555000000.0,0.533538897032806,1197000000.0,6755000000.0,0.0,0.0,7766000000.0,16994000000.0,233000000.0,1233000000.0,4022000000.0,0.2033058686751251,2789000000.0,0.14097962897437194,4000000.0,2747000000.0,0.1388565940453925,120000000.0,2627000000.0,0.13279077996259414,15.52,15.45,169305365,170026123,https://www.nseindia.com/companies-listing/corporate-filings-annual-reports,https://www.nseindia.com/companies-listing/corporate-filings-annual-reports,1620591271,16:14:31,20210509
39,2011-03-31,DRREDDY.NS,INR,2011-03-31,2011-03-31,Q1,20173000000.0,9224000000.0,10949000000.0,0.5427551677985426,1491000000.0,6127000000.0,0.0,0.0,7106000000.0,16330000000.0,-63000000.0,1058000000.0,4901000000.0,0.24294849551380557,3843000000.0,0.19050215634759332,-4000000.0,3912000000.0,0.19392256977147673,567000000.0,3345000000.0,0.16581569424478262,20.164422935056844,20.164422935056844,165886225,165886225,https://www.nseindia.com/companies-listing/corporate-filings-annual-reports,https://www.nseindia.com/companies-listing/corporate-filings-annual-reports,1620591271,16:14:31,20210509
40,2010-12-31,DRREDDY.NS,INR,2010-12-31,2010-12-31,Q4,18985000000.0,8571000000.0,10414000000.0,0.5485383197260996,1306000000.0,6374000000.0,0.0,0.0,7481000000.0,16052000000.0,57000000.0,1065000000.0,3998000000.0,0.21058730576771134,2933000000.0,0.1544903871477482,-1000000.0,2884000000.0,0.1519094021595997,152000000.0,2732000000.0,0.14390308138003688,16.14,16.07,169219196,169935130,https://www.nseindia.com/companies-listing/corporate-filings-annual-reports,https://www.nseindia.com/companies-listing/corporate-filings-annual-reports,1620591271,16:14:31,20210509
41,2010-09-30,DRREDDY.NS,INR,2010-09-30,2010-09-30,Q3,18704000000.0,8718000000.0,9986000000.0,0.5338964927288281,1270000000.0,5708000000.0,0.0,0.0,6759000000.0,15477000000.0,91000000.0,1049000000.0,4276000000.0,0.2286142001710864,3227000000.0,0.17252994011976047,3000000.0,3195000000.0,0.17081907613344738,327000000.0,2868000000.0,0.1533361847733105,16.95,16.88,169164198,169864395,https://www.nseindia.com/companies-listing/corporate-filings-annual-reports,https://www.nseindia.com/companies-listing/corporate-filings-annual-reports,1620591271,16:14:31,20210509
42,2010-06-30,DRREDDY.NS,INR,2010-06-30,2010-06-30,Q2,16831000000.0,7917000000.0,8914000000.0,0.5296179668468897,993000000.0,5481000000.0,0.0,0.0,6289000000.0,14206000000.0,51000000.0,976000000.0,3601000000.0,0.21395044857703047,2625000000.0,0.1559622125839225,-186000000.0,2453000000.0,0.1457429742736617,357000000.0,2096000000.0,0.12453211336224823,12.391789,12.3,169144263,170406504,https://www.nseindia.com/companies-listing/corporate-filings-annual-reports,https://www.nseindia.com/companies-listing/corporate-filings-annual-reports,1620591271,16:14:31,20210509
43,2010-03-31,DRREDDY.NS,INR,2010-03-31,2010-03-31,Q1,16423000000.0,7785000000.0,8638000000.0,0.5259696766729587,952000000.0,5812000000.0,0.0,0.0,6527000000.0,14312000000.0,51000000.0,1001000000.0,3112000000.0,0.1894903489009316,2111000000.0,0.1285392437435304,0.0,2105000000.0,0.12817390245387567,440000000.0,1665000000.0,0.10138220787919382,10.036999756911703,10.036999756911703,165886225,165886225,https://www.nseindia.com/companies-listing/corporate-filings-annual-reports,https://www.nseindia.com/companies-listing/corporate-filings-annual-reports,1620591271,16:14:31,20210509
44,2009-12-31,DRREDDY.NS,INR,2009-12-31,2009-12-31,Q4,17296000000.0,8487000000.0,8809000000.0,0.5093085106382979,892000000.0,5431000000.0,0.0,0.0,6152000000.0,14639000000.0,97000000.0,1038000000.0,3695000000.0,0.2136332099907493,2657000000.0,0.15361933395004626,-8603000000.0,-5994000000.0,-0.3465541165587419,-777000000.0,-5217000000.0,-0.3016304347826087,-30.9,-30.9,168805335,168805335,https://www.nseindia.com/companies-listing/corporate-filings-annual-reports,https://www.nseindia.com/companies-listing/corporate-filings-annual-reports,1620591271,16:14:31,20210509
45,2009-09-30,DRREDDY.NS,INR,2009-09-30,2009-09-30,Q3,18368000000.0,9649000000.0,8719000000.0,0.47468423344947736,963000000.0,5337000000.0,0.0,0.0,6175000000.0,15824000000.0,85000000.0,987000000.0,3531000000.0,0.19223649825783973,2544000000.0,0.13850174216027875,0.0,2768000000.0,0.15069686411149827,595000000.0,2173000000.0,0.11830357142857142,12.88,12.82,168691012,168691012,https://www.nseindia.com/companies-listing/corporate-filings-annual-reports,https://www.nseindia.com/companies-listing/corporate-filings-annual-reports,1620591271,16:14:31,20210509
46,2009-06-30,DRREDDY.NS,INR,2009-06-30,2009-06-30,Q2,18189000000.0,8017000000.0,10172000000.0,0.5592391005552807,985000000.0,5927000000.0,0.0,0.0,6912000000.0,14929000000.0,223000000.0,1134000000.0,4394000000.0,0.24157457804167354,3260000000.0,0.17922920446423662,46000000.0,3171000000.0,0.1743361372257958,726000000.0,2445000000.0,0.13442190334817747,14.513075,14.5,168468777,168900000,https://www.nseindia.com/companies-listing/corporate-filings-annual-reports,https://www.nseindia.com/companies-listing/corporate-filings-annual-reports,1620591271,16:14:31,20210509
47,2009-03-31,DRREDDY.NS,INR,2009-03-31,2009-03-31,Q1,19851000000.0,9082000000.0,10769000000.0,0.5424915621379276,1134000000.0,5266000000.0,0.0,0.0,6215000000.0,15297000000.0,240000000.0,968000000.0,5522000000.0,0.27817238426275753,4554000000.0,0.22940909777844945,-14033000000.0,-9538000000.0,-0.4804795728174903,239000000.0,-9777000000.0,-0.4925192685507027,-58.937985959955384,-58.937985959955384,165886225,165886225,https://www.nseindia.com/companies-listing/corporate-filings-annual-reports,https://www.nseindia.com/companies-listing/corporate-filings-annual-reports,1620591271,16:14:31,20210509
48,2008-12-31,DRREDDY.NS,INR,2008-12-31,2008-12-31,Q4,18401000000.0,8129000000.0,10272000000.0,0.5582305309494049,1027000000.0,5382000000.0,0.0,0.0,6519000000.0,14648000000.0,788000000.0,915678000.0,4668678000.0,0.25371871093962284,3753000000.0,0.20395630672246073,8000000.0,3062000000.0,0.16640399978262052,617000000.0,2445000000.0,0.13287321341231456,14.52,14.49,168050690,168781797,https://www.nseindia.com/companies-listing/corporate-filings-annual-reports,https://www.nseindia.com/companies-listing/corporate-filings-annual-reports,1620591271,16:14:31,20210509
49,2008-09-30,DRREDDY.NS,INR,2008-09-30,2008-09-30,Q3,16150970000.0,8187444000.0,7963526000.0,0.49306797053056256,824694000.0,5285810000.0,0.0,0.0,6198015000.0,14385459000.0,574907000.0,997433000.0,2762944000.0,0.17106984905550565,1765511000.0,0.10931300101479972,1756000.0,1284930000.0,0.0795574507289655,232298000.0,1052632000.0,0.06517453750455855,6.25,6.23,168421120,168961798,https://www.nseindia.com/companies-listing/corporate-filings-annual-reports,https://www.nseindia.com/companies-listing/corporate-filings-annual-reports,1620591271,16:14:31,20210509
50,2008-06-30,DRREDDY.NS,INR,2008-06-30,2008-06-30,Q2,15037803000.0,7543466000.0,7494337000.0,0.49836648345506324,1050070000.0,5085351000.0,0.0,0.0,6376525000.0,13919991000.0,242983000.0,932889000.0,2050701000.0,0.13636972102906256,1117812000.0,0.07433346480200599,297000.0,1195139000.0,0.0794756388283581,83846000.0,1111293000.0,0.07389995732754312,0.19,0.19,168297383,168297383,https://www.nseindia.com/companies-listing/corporate-filings-annual-reports,https://www.nseindia.com/companies-listing/corporate-filings-annual-reports,1620591271,16:14:31,20210509
51,2008-03-31,DRREDDY.NS,INR,2008-03-31,2008-03-31,Q1,13218392752.0,6211857528.0,7006535224.0,0.5300595432027756,1020959828.8,4264612576.96,0.0,0.0,5751743012.16,11963600540.16,0.0,1454554443.52,2709346655.3599997,0.20496793416507192,1254792211.84,0.09492774464960155,450489633.92,1243495602.56,0.09407313172562932,218839897.28,1024653178.88,0.07751722906893999,6.176843067469888,6.176843067469888,165886225,165886225,https://www.nseindia.com/companies-listing/corporate-filings-annual-reports,https://www.nseindia.com/companies-listing/corporate-filings-annual-reports,1620591271,16:14:31,20210509
52,2007-12-31,DRREDDY.NS,INR,2007-12-31,2007-12-31,Q4,12330811013.44,6290893149.44,6039917864.0,0.4898232449931132,894628969.28,3763092456.96,0.0,0.0,7312211637.12,13603104786.56,0.0,3189444364.01,1917150590.8900003,0.15547643936805106,-1272293773.12,-0.10318005618067294,126413678.08,-1234030780.16,-0.10007701673596042,-380265584.0,-847381463.04,-0.06872065933995698,-5.040018275789159,-5.023389613106773,168130633,168687187,https://www.nseindia.com/companies-listing/corporate-filings-annual-reports,https://www.nseindia.com/companies-listing/corporate-filings-annual-reports,1620591271,16:14:31,20210509
53,2007-09-30,DRREDDY.NS,INR,2007-09-30,2007-09-30,Q3,12194009824.5,6030510165.33,6163499659.17,0.5054530665365219,806387667.75,3564332678.13,0.0,0.0,4480619181.78,10511129347.11,0.0,815587788.31,2498468265.7,0.204893082887314,1682880477.39,0.13800878477306003,296290435.56,1709502180.96,0.1401919635594599,-532473746.07,2244078684.54,0.18403123474865787,13.356776418973814,13.30333819050189,168010500,168685382,https://www.nseindia.com/companies-listing/corporate-filings-annual-reports,https://www.nseindia.com/companies-listing/corporate-filings-annual-reports,1620591271,16:14:31,20210509
54,2007-06-30,DRREDDY.NS,INR,2007-06-30,2007-06-30,Q2,12005324531.2,5925152821.76,6080171709.44,0.5064562556087979,807781347.84,3136926922.24,0.0,0.0,4011301749.76,9936454571.52,0.0,745253404.16,2814123363.84,0.23440627169440728,2068869959.68,0.17232936554970452,223157271.04,2007236433.92,0.1671955163480587,181810769.92,1828474816.0,0.15230532179684722,10.888489947754715,10.836842174543293,167927309,168727641,https://www.nseindia.com/companies-listing/corporate-filings-annual-reports,https://www.nseindia.com/companies-listing/corporate-filings-annual-reports,1620591271,16:14:31,20210509
55,2007-03-31,DRREDDY.NS,INR,2007-03-31,2007-03-31,Q1,15598106840.14,5825441892.36,9772664947.78,0.6265289145623192,853670058.06,3439038317.16,0.0,0.0,6337482977.8,12162924870.16,0.0,831068859.54,4266250829.52,0.2735108095644836,3435181969.98,0.2202306988396784,-452018669.26,3519334498.1,0.22562574639143915,260017652.8,3258399452.64,0.20889711078621861,19.64237508352487,19.64237508352487,165886225,165886225,https://www.nseindia.com/companies-listing/corporate-filings-annual-reports,https://www.nseindia.com/companies-listing/corporate-filings-annual-reports,1620591271,16:14:31,20210509
56,2006-12-31,DRREDDY.NS,INR,2006-12-31,2006-12-31,Q4,15474493022.28,8713130958.84,6761362063.44,0.43693593410169024,677973581.0,3613488767.58,0.0,0.0,4650942933.32,13364073892.16,0.0,700154708.06,2810573838.18,0.18162623060628658,2110419130.12,0.13638050222914846,-282452185.7,1856499252.78,0.11997157193499221,-27383949.2,1884324878.58,0.12176973267343687,11.819266,11.757431,159471547,160267534,https://www.nseindia.com/companies-listing/corporate-filings-annual-reports,https://www.nseindia.com/companies-listing/corporate-filings-annual-reports,1620591271,16:14:31,20210509
57,2006-09-30,DRREDDY.NS,INR,2006-09-30,2006-09-30,Q3,19970101284.4,11710148485.96,8259952798.44,0.4136159692335866,400188322.14,3654952769.41,0.0,0.0,4399785798.04,16109934284.0,0.0,754859155.58,4615026155.9800005,0.2310967826480234,3860167000.4,0.19329731709550407,-285078178.76,3518722337.61,0.17619952385312698,734592888.79,2788106645.99,0.1396140463327534,18.167105,18.08939,153478168,154147090,https://www.nseindia.com/companies-listing/corporate-filings-annual-reports,https://www.nseindia.com/companies-listing/corporate-filings-annual-reports,1620591271,16:14:31,20210509
58,2006-06-30,DRREDDY.NS,INR,2006-06-30,2006-06-30,Q2,14073749820.85,7974268705.2,6099481115.65,0.43339416952074356,533795922.35,3351927773.4,0.0,0.0,4279189692.4,12253458397.6,0.0,731241138.7,2551532561.95,0.18129728000208953,1820291423.25,0.12933947572048438,-217341371.5,1608004502.25,0.11425558381517988,207921713.75,1400036838.95,0.09947859360664997,9.126850767113135,9.089739395263864,153397582,154023870,https://www.nseindia.com/companies-listing/corporate-filings-annual-reports,https://www.nseindia.com/companies-listing/corporate-filings-annual-reports,1620591271,16:14:31,20210509
59,2006-03-31,DRREDDY.NS,INR,2006-03-31,2006-03-31,Q1,7001404269.45,4072145379.65,2929258889.8,0.4183816241809602,684410484.69,2315207484.26,0.0,0.0,3185229083.84,7257374463.49,0.0,523567974.46,267597780.42,0.038220586916775955,-255970194.04,-0.036559836311253015,-477622898.48,-291182974.74,-0.04158922460891893,-60577353.87,-231460194.92,-0.033059110145939694,-1.3952948469350002,-1.3952948469350002,165886225,165886225,https://www.nseindia.com/companies-listing/corporate-filings-annual-reports,https://www.nseindia.com/companies-listing/corporate-filings-annual-reports,1620591271,16:14:31,20210509
60,2005-12-31,DRREDDY.NS,INR,2005-12-31,2005-12-31,Q4,5923949626.35,2909270955.48,3014678670.87,0.5088967430547637,516277174.14,2021837951.37,0.0,0.0,2267459090.82,5176730046.3,0.0,322086756.48,1069306336.53,0.18050564302128366,747219580.05,0.126135370349257,524652157.08,915304587.12,0.15450917797286512,286640545.14,628123720.5,0.106031239311367,4.103294653941485,4.093781375537589,153077898,153433626,https://www.nseindia.com/companies-listing/corporate-filings-annual-reports,https://www.nseindia.com/companies-listing/corporate-filings-annual-reports,1620591271,16:14:31,20210509
61,2005-09-30,DRREDDY.NS,INR,2005-09-30,2005-09-30,Q3,5745681259.2,2779526054.07,2966155205.13,0.5162408200734394,438178522.59,1748098908.81,0.0,0.0,2273965880.85,5053491934.92,0.0,355810894.88,1048000219.16,0.18239790407481085,692189324.28,0.12047123623011016,140169656.79,844490315.43,0.1469782741738066,-40305918.87,886202765.82,0.15423806609547125,5.789467134325933,5.7818531606217025,153071560,153273136,https://www.nseindia.com/companies-listing/corporate-filings-annual-reports,https://www.nseindia.com/companies-listing/corporate-filings-annual-reports,1620591271,16:14:31,20210509
62,2005-06-30,DRREDDY.NS,INR,2005-06-30,2005-06-30,Q2,5587217279.56,2662869511.96,2924347767.6,0.5233996856177922,514695641.88,1955999960.88,0.0,0.0,2632086903.88,5294956415.84,0.0,369695644.78,661956508.5,0.11847695827432181,292260863.72,0.05230884161050846,61869563.98,419913035.08,0.07515602384324467,72521737.68,347304340.88,0.06216052168770329,2.269565,2.265217,153065150,153324350,https://www.nseindia.com/companies-listing/corporate-filings-annual-reports,https://www.nseindia.com/companies-listing/corporate-filings-annual-reports,1620591271,16:14:31,20210509
63,2005-03-31,DRREDDY.NS,INR,2005-03-31,2005-03-31,Q1,5443181534.98,2778981417.38,2664200117.6,0.4894564145029547,1091188230.98,2119392942.64,0.0,0.0,3419793407.64,6198774825.02,0.0,422649085.78,-332944204.26,-0.061167205635228435,-755593290.04,-0.1388146408831423,140949871.9,-586360728.36,-0.10772389724498772,-124714253.08,-462081448.06,-0.08489179445706249,-2.7855323614724488,-2.7855323614724488,165886225,165886225,https://www.nseindia.com/companies-listing/corporate-filings-annual-reports,https://www.nseindia.com/companies-listing/corporate-filings-annual-reports,1620591271,16:14:31,20210509
64,2004-12-31,DRREDDY.NS,INR,2004-12-31,2004-12-31,Q4,4336434695.88,2069478219.48,2266956476.4,0.52276965650003,650217378.3,1580782577.08,0.0,0.0,2356260822.44,4425739041.92,0.0,265551233.78,176246887.74,0.040643270359277006,-89304346.04,-0.0205939561651527,55217390.2,10478260.66,0.002416330786661052,-24782608.2,36913042.74,0.00851230223184744,0.24120197168416416,0.24114917151802998,153037898,153071406,https://www.nseindia.com/companies-listing/corporate-filings-annual-reports,https://www.nseindia.com/companies-listing/corporate-filings-annual-reports,1620591271,16:14:31,20210509
65,2004-09-30,DRREDDY.NS,INR,2004-09-30,2004-09-30,Q3,5407385364.36,2440229377.32,2967155987.04,0.5487228645837752,626651381.16,1729266068.88,0.0,0.0,2491880753.88,4932110131.2,0.0,325422771.09,800698004.25,0.14807489207767385,475275233.16,0.08789372333115601,72935780.4,596788995.6,0.1103655381274336,84541285.08,517018352.76,0.09561337280817096,3.380734,3.376147,153037898,153130524,https://www.nseindia.com/companies-listing/corporate-filings-annual-reports,https://www.nseindia.com/companies-listing/corporate-filings-annual-reports,1620591271,16:14:31,20210509
66,2004-06-30,DRREDDY.NS,INR,2004-06-30,2004-06-30,Q2,5106436615.65,2481655091.76,2624781523.89,0.5140143159411156,525241362.24,1644597647.7,0.0,0.0,2580965433.36,5062620525.12,0.0,295678151.31,339494241.84000003,0.06648359069013642,43816090.53,0.008580560932787107,-222298843.35,144091949.34,0.02821771034979517,-24643677.36,173379304.71,0.03395309053257102,1.149425,1.149425,153037898,153037898,https://www.nseindia.com/companies-listing/corporate-filings-annual-reports,https://www.nseindia.com/companies-listing/corporate-filings-annual-reports,1620591271,16:14:31,20210509
67,2004-03-31,DRREDDY.NS,INR,2004-03-31,2004-03-31,Q1,4798424033.35,2286743252.85,2511680780.5,0.5234386880032527,663180012.85,2094079934.1,0.0,0.0,2806632172.65,5093375425.5,0.0,303903131.55,8951739.400000036,0.001865558220320603,-294951392.15,-0.06146838839169469,-332630550.15,-265679582.35,-0.05536809179502981,-429718095.1,167468122.95,0.034900651085869705,1.0095360416454109,1.0095360416454109,165886225,165886225,https://www.nseindia.com/companies-listing/corporate-filings-annual-reports,https://www.nseindia.com/companies-listing/corporate-filings-annual-reports,1620591271,16:14:31,20210509
68,2003-12-31,DRREDDY.NS,INR,2003-12-31,2003-12-31,Q4,5138036478.3,2463789929.7,2674246548.6,0.5204802573696043,516438351.0,1547671217.4,0.0,0.0,2099178061.2,4562967990.9,0.0,283919936.16,858988423.56,0.16718223531262466,575068487.4,0.11192378447073043,210684929.4,724018257.6,0.14091341325773396,132465752.1,591552505.5,0.11513201745420935,3.865297,3.860731,153013440,153181204,https://www.nseindia.com/companies-listing/corporate-filings-annual-reports,https://www.nseindia.com/companies-listing/corporate-filings-annual-reports,1620591271,16:14:31,20210509
69,2003-09-30,DRREDDY.NS,INR,2003-09-30,2003-09-30,Q3,5389015972.5,2459816912.73,2929199059.77,0.5435498938428874,491533176.6,1474874129.34,0.0,0.0,1964485109.16,4424302021.89,0.0,273717507.61,1238431458.22,0.22980660375468948,964713950.61,0.17901486199575373,253867274.73,1121006855.46,0.20801698513800426,189977115.09,931029740.37,0.17276433121019108,6.08238,6.08238,153031896,153031896,https://www.nseindia.com/companies-listing/corporate-filings-annual-reports,https://www.nseindia.com/companies-listing/corporate-filings-annual-reports,1620591271,16:14:31,20210509
70,2003-06-30,DRREDDY.NS,INR,2003-06-30,2003-06-30,Q2,4834000217.53,2171674516.33,2662325701.2,0.5507500168380945,327488386.83,1470697740.6,0.0,0.0,1816279151.5,3987953667.83,0.0,269348849.33,1115395399.03,0.23073962532834286,846046549.7,0.17501996516919882,205813962.75,973302369.38,0.20134512320674294,178046519.64,795255849.74,0.16451299419807372,5.2,5.2,153031896,153031896,https://www.nseindia.com/companies-listing/corporate-filings-annual-reports,https://www.nseindia.com/companies-listing/corporate-filings-annual-reports,1620591271,16:14:31,20210509
71,2003-03-31,DRREDDY.NS,INR,2003-03-31,2003-03-31,Q1,4220747124.39,1539756345.78,2680990778.61,0.6351934147197857,481451624.01,1484630361.54,0.0,0.0,2128861998.63,3668618344.41,0.0,257999142.15,810127922.13,0.1919394595920226,552128779.98,0.1308130441621271,-241001258.49,713968097.4,0.16915680479274997,47375114.31,666592983.09,0.15793246158672414,4.0183745400801065,4.0183745400801065,165886225,165886225,https://www.nseindia.com/companies-listing/corporate-filings-annual-reports,https://www.nseindia.com/companies-listing/corporate-filings-annual-reports,1620591271,16:14:31,20210509
72,2002-12-31,DRREDDY.NS,INR,2002-12-31,2002-12-31,Q4,4358225356.47,1983980786.58,2374244569.89,0.5447732450010454,316211026.59,1327913649.81,0.0,0.0,1745131869.18,3729112655.76,0.0,257124015.93,886236716.6400001,0.20334807040768052,629112700.71,0.14435065864046046,147529973.88,776690636.22,0.17821259175296306,82637888.49,694052747.73,0.1592512297923384,4.534772,4.534772,153031896,153031896,https://www.nseindia.com/companies-listing/corporate-filings-annual-reports,https://www.nseindia.com/companies-listing/corporate-filings-annual-reports,1620591271,16:14:31,20210509
73,2002-09-30,DRREDDY.NS,INR,2002-09-30,2002-09-30,Q3,4927584669.18,2283478320.24,2644106348.94,0.5365927785021716,370048318.8,1254009694.44,0.0,0.0,1717729513.26,4001207833.5,0.0,237995213.46,1164372049.1399999,0.23629671072374756,926376835.68,0.18799815688081487,202705319.28,1125362348.1,0.22838011392045174,172125608.34,953236739.76,0.19344908383251144,6.229006923889906,6.22900480728377,153031896,153031948,https://www.nseindia.com/companies-listing/corporate-filings-annual-reports,https://www.nseindia.com/companies-listing/corporate-filings-annual-reports,1620591271,16:14:31,20210509
74,2002-06-30,DRREDDY.NS,INR,2002-06-30,2002-06-30,Q2,4534643329.23,2019734813.88,2514908515.35,0.5545989690388817,204813641.97,945695393.79,0.0,0.0,1281781062.66,3301515876.54,0.0,261763253.64,1494890706.33,0.3296600411093056,1233127452.69,0.27193482776061906,74956815.36,1308084268.05,0.288464642768744,95355219.54,1212729048.51,0.26743647966596,7.9246815873600625,7.924359915048087,153031896,153038108,https://www.nseindia.com/companies-listing/corporate-filings-annual-reports,https://www.nseindia.com/companies-listing/corporate-filings-annual-reports,1620591271,16:14:31,20210509
75,2002-03-31,DRREDDY.NS,INR,2002-03-31,2002-03-31,Q1,3941953823.46,1673059760.71,2268894062.75,0.5755760123944088,284508120.91,1020408310.44,0.0,0.0,1431631192.29,3104690953.0,0.0,263664920.88,1100927791.3400002,0.27928480155905905,837262870.46,0.21239793969100915,114604417.48,918663976.33,0.23304787865923157,-99182474.65,1044207896.17,0.2648960243916454,6.2947233633775195,6.2947233633775195,165886225,165886225,https://www.nseindia.com/companies-listing/corporate-filings-annual-reports,https://www.nseindia.com/companies-listing/corporate-filings-annual-reports,1620591271,16:14:31,20210509
76,2001-12-31,DRREDDY.NS,INR,2001-12-31,2001-12-31,Q4,4564770981.63,1811662609.84,2753108371.79,0.6031208099747675,235180717.6,982313230.91,0.0,0.0,1267084308.84,3078746918.68,0.0,221087573.53,1707111636.48,0.3739753085861101,1486024062.95,0.32554186594030765,64771082.88,1491614424.27,0.32676654103189434,182072285.06,1309542139.21,0.2868801402041829,8.559036,8.559036,152970272,152970272,https://www.nseindia.com/companies-listing/corporate-filings-annual-reports,https://www.nseindia.com/companies-listing/corporate-filings-annual-reports,1620591271,16:14:31,20210509
77,2001-09-30,DRREDDY.NS,INR,2001-09-30,2001-09-30,Q3,5109535795.49,1812913125.13,3296622670.36,0.6451902486464246,159393779.76,924159019.22,0.0,0.0,1075000195.09,2887913320.22,0.0,230865021.38,2452487496.65,0.4799824474886194,2221622475.27,0.4347992780931185,71860984.64,2169494593.46,0.42459720027305287,46680972.07,2122813621.39,0.41546115074949275,13.856174,13.856174,152805120,152805120,https://www.nseindia.com/companies-listing/corporate-filings-annual-reports,https://www.nseindia.com/companies-listing/corporate-filings-annual-reports,1620591271,16:14:31,20210509
78,2001-06-30,DRREDDY.NS,INR,2001-06-30,2001-06-30,Q2,2996894800.9,1568423961.5,1428470839.4,0.47665031117242246,61919508.2,738899867.2,0.0,0.0,911785899.2,2480209860.7,0.0,229637751.2,746322691.4,0.2490319951090279,516684940.2,0.17240676584471162,-13765110.7,490752035.4,0.1637535075480867,24100688.7,440201663.0,0.14688592434669467,3.297989,3.297989,149405668,149405668,https://www.nseindia.com/companies-listing/corporate-filings-annual-reports,https://www.nseindia.com/companies-listing/corporate-filings-annual-reports,1620591271,16:14:31,20210509
