,date,symbol,reportedCurrency,fillingDate,acceptedDate,period,revenue,costOfRevenue,grossProfit,grossProfitRatio,researchAndDevelopmentExpenses,generalAndAdministrativeExpenses,sellingAndMarketingExpenses,otherExpenses,operatingExpenses,costAndExpenses,interestExpense,depreciationAndAmortization,ebitda,ebitdaratio,operatingIncome,operatingIncomeRatio,totalOtherIncomeExpensesNet,incomeBeforeTax,incomeBeforeTaxRatio,incomeTaxExpense,netIncome,netIncomeRatio,eps,epsdiluted,weightedAverageShsOut,weightedAverageShsOutDil,link,finalLink,timestamp,est_time,est_date
0,2021-03-31,EFSC,USD,2021-04-30,2021-04-30 16:19:13,Q1,84960000.0,0.0,84960.0,0.001,0.0,0.0,0.0,0.0,0.0,0.0,-5837000.0,1581000.0,1618483.0,0.019049941148775895,37483.0,0.4411840866290019,0.0,37483000.0,0.4411840866290019,-1041000.0,29926000.0,0.35223634651600755,1.141473089979784,1.141473089979784,26217000.0,26217000.0,https://www.sec.gov/Archives/edgar/data/1025835/000102583521000073/0001025835-21-000073-index.htm,https://www.sec.gov/Archives/edgar/data/1025835/000102583521000073/efsc-20210331.htm,1620591499,16:18:19,20210509
1,2020-12-31,EFSC,USD,2021-02-19,2021-02-19 17:17:34,Q4,95952000.0,0.0,95952000.0,1.0,0.0,28831000.0,0.0,0.0,65000000.0,0.0,6667000.0,2996000.0,3087947.0,0.03218220568617642,91947.0,0.3693409204602301,0.0,35439000.0,0.3693409204602301,6508000.0,28931000.0,0.30151534100383526,1.1035206163939428,1.1035206163939428,26217000.0,26217000.0,https://www.sec.gov/Archives/edgar/data/1025835/000102583521000018/0001025835-21-000018-index.htm,https://www.sec.gov/Archives/edgar/data/1025835/000102583521000018/efsc-20201231.htm,1620591499,16:18:19,20210509
2,2020-09-30,EFSC,USD,2020-10-23,2020-10-23 15:50:07,Q3,75983000.0,0.0,75983000.0,1.0,0.0,24207000.0,0.0,0.0,59000000.0,0.0,7433000.0,2901000.0,2923379.0,0.038474119210876116,22379.0,0.0002945264072226682,0.0,22379000.0,0.2945264072226682,4428000.0,17951000.0,0.23625021386362738,0.6847083953160163,0.6844212292206802,26217000.0,26228000.0,https://www.sec.gov/Archives/edgar/data/1025835/000102583520000095/0001025835-20-000095-index.htm,https://www.sec.gov/Archives/edgar/data/1025835/000102583520000095/efsc-20200930.htm,1620591499,16:18:19,20210509
3,2020-06-30,EFSC,USD,2020-07-24,2020-07-24 16:59:54,Q2,75793000.0,0.0,0.0,0.0,0.0,24533000.0,0.0,0.0,65000000.0,0.0,7358000.0,2913000.0,0.0,0.0,0.0,0.24131516103070205,0.0,18290000.0,0.24131516103070205,3656000.0,14634000.0,0.1930785164856913,0.56,0.56,26132143.0,26132143.0,https://www.sec.gov/Archives/edgar/data/1025835/000102583520000053/0001025835-20-000053-index.htm,https://www.sec.gov/Archives/edgar/data/1025835/000102583520000053/efsc2020630-10q.htm,1620591499,16:18:19,20210509
4,2020-03-31,EFSC,USD,2020-05-06,2020-05-06 16:12:30,Q1,76776000.0,0.0,0.0,0.0,0.0,23767000.0,0.0,0.0,74000000.0,0.0,13320000.0,3015000.0,0.0,0.0,0.0,0.20630144836928208,0.0,15839000.0,0.20630144836928208,2971000.0,12868000.0,0.16760445972699803,0.49,0.48,26261224.0,26808333.0,https://www.sec.gov/Archives/edgar/data/1025835/000102583520000035/0001025835-20-000035-index.htm,https://www.sec.gov/Archives/edgar/data/1025835/000102583520000014/efsc-20191231_10k.htm,1620591499,16:18:19,20210509
5,2019-12-31,EFSC,USD,2020-02-21,2020-02-21 15:44:12,Q4,76031000.0,0.0,0.0,0.0,0.0,22238000.0,0.0,0.0,55000000.0,0.0,15625000.0,3082000.0,0.0,0.0,0.0,0.477910326051216,0.0,36336000.0,0.477910326051216,7246000.0,29090000.0,0.3826070944746222,1.1,1.09,26540000.0,26668000.0,https://www.sec.gov/Archives/edgar/data/1025835/000102583520000014/0001025835-20-000014-index.htm,https://www.sec.gov/Archives/edgar/data/1025835/000102583520000014/efsc-20191231_10k.htm,1620591499,16:18:19,20210509
6,2019-09-30,EFSC,USD,2019-10-25,2019-10-25 17:29:52,Q3,76610000.0,0.0,0.0,0.0,0.0,22896000.0,0.0,0.0,58000000.0,0.0,18032000.0,3019000.0,0.0,0.0,0.0,0.47693512596266807,0.0,36538000.0,0.47693512596266807,7469000.0,29069000.0,0.37944132619762433,1.09,1.08,26778000.0,26868000.0,https://www.sec.gov/Archives/edgar/data/1025835/000102583519000087/0001025835-19-000087-index.htm,https://www.sec.gov/Archives/edgar/data/1025835/000102583519000087/a2019930-10q.htm,1620591499,16:18:19,20210509
7,2019-06-30,EFSC,USD,2019-07-26,2019-07-26 17:23:59,Q2,73679000.0,0.0,0.0,0.0,0.0,23960000.0,0.0,0.0,58000000.0,0.0,17486000.0,3161000.0,0.0,0.0,0.0,0.31084840999470675,0.0,22903000.0,0.31084840999470675,4479000.0,18424000.0,0.250057682650416,0.69,0.68,26887000.0,26940000.0,https://www.sec.gov/Archives/edgar/data/1025835/000102583519000076/0001025835-19-000076-index.htm,https://www.sec.gov/Archives/edgar/data/1025835/000102583519000076/a2019630-10q.htm,1620591499,16:18:19,20210509
8,2019-03-31,EFSC,USD,2019-05-01,2019-04-30 18:47:10,Q1,61573000.0,0.0,0.0,0.0,0.0,22106000.0,0.0,0.0,49000000.0,0.0,15274000.0,2000000.0,0.0,0.0,0.0,0.3290240852321634,0.0,20259000.0,0.3290240852321634,4103000.0,16156000.0,0.26238773488379646,0.68,0.67,23927000.0,24083000.0,https://www.sec.gov/Archives/edgar/data/1025835/000102583519000061/0001025835-19-000061-index.htm,https://www.sec.gov/Archives/edgar/data/1025835/000102583519000033/a20181231-10k.htm,1620591499,16:18:19,20210509
9,2018-12-31,EFSC,USD,2019-02-22,2019-02-22 17:21:13,Q4,61295000.0,0.0,0.0,0.0,0.0,18946000.0,0.0,0.0,47000000.0,0.0,13409000.0,1505000.0,0.0,0.0,0.0,0.46378986866791744,0.0,28428000.0,0.46378986866791744,4899000.0,23529000.0,0.3838649155722326,1.0223776831493874,1.0154941735002159,23014000.0,23170000.0,https://www.sec.gov/Archives/edgar/data/1025835/000102583519000033/0001025835-19-000033-index.htm,https://www.sec.gov/Archives/edgar/data/1025835/000102583519000033/a20181231-10k.htm,1620591499,16:18:19,20210509
10,2018-09-30,EFSC,USD,2018-10-26,2018-10-26 16:30:08,Q3,56503000.0,0.0,0.0,0.0,0.0,18776000.0,0.0,0.0,45000000.0,0.0,12664000.0,1535000.0,0.0,0.0,0.0,0.4303842273861565,0.0,24318000.0,0.4303842273861565,1802000.0,22516000.0,0.39849211546289576,0.9726974252635217,0.9651506708388701,23148000.0,23329000.0,https://www.sec.gov/Archives/edgar/data/1025835/000102583518000098/0001025835-18-000098-index.htm,https://www.sec.gov/Archives/edgar/data/1025835/000102583518000098/a2018930-10q.htm,1620591499,16:18:19,20210509
11,2018-06-30,EFSC,USD,2018-07-27,2018-07-27 14:38:10,Q2,56741000.0,0.0,0.0,0.0,0.0,19035000.0,0.0,0.0,40000000.0,0.0,10831000.0,1490000.0,0.0,0.0,0.0,0.47817274986341446,0.0,27132000.0,0.47817274986341446,4881000.0,22251000.0,0.3921502969633951,0.96,0.95,23124000.0,23318000.0,https://www.sec.gov/Archives/edgar/data/1025835/000102583518000078/0001025835-18-000078-index.htm,https://www.sec.gov/Archives/edgar/data/1025835/000102583518000078/a2018630-10q.htm,1620591499,16:18:19,20210509
12,2018-03-31,EFSC,USD,2018-04-27,2018-04-27 17:25:46,Q1,55713000.0,0.0,0.0,0.0,0.0,18875000.0,0.0,0.0,40000000.0,0.0,8993000.0,1505000.0,0.0,0.0,0.0,0.44332561520650476,0.0,24699000.0,0.44332561520650476,3778000.0,20921000.0,0.37551379390806455,0.91,0.9,22990110.0,23245556.0,https://www.sec.gov/Archives/edgar/data/1025835/000102583518000039/0001025835-18-000039-index.htm,https://www.sec.gov/Archives/edgar/data/1025835/000102583518000016/a20171231-10k.htm,1620591499,16:18:19,20210509
13,2017-12-31,EFSC,USD,2018-02-23,2018-02-23 15:51:54,Q4,58516000.0,0.0,0.0,0.0,0.0,17574000.0,0.0,0.0,42000000.0,0.0,7385000.0,1544000.0,0.0,0.0,0.0,0.46737644404949075,0.0,27349000.0,0.46737644404949075,19820000.0,7529000.0,0.1286656640918723,0.33,0.32,23069000.0,23342000.0,https://www.sec.gov/Archives/edgar/data/1025835/000102583518000016/0001025835-18-000016-index.htm,https://www.sec.gov/Archives/edgar/data/1025835/000102583518000016/a20171231-10k.htm,1620591499,16:18:19,20210509
14,2017-09-30,EFSC,USD,2017-10-27,2017-10-27 15:18:30,Q3,53997000.0,0.0,0.0,0.0,0.0,17361000.0,0.0,0.0,36000000.0,0.0,6843000.0,1556000.0,0.0,0.0,0.0,0.44763597977665426,0.0,24171000.0,0.44763597977665426,7856000.0,16315000.0,0.30214641554160415,0.7,0.69,23324000.0,23574000.0,https://www.sec.gov/Archives/edgar/data/1025835/000102583517000133/0001025835-17-000133-index.htm,https://www.sec.gov/Archives/edgar/data/1025835/000102583517000133/a2017930-10q.htm,1620591499,16:18:19,20210509
15,2017-06-30,EFSC,USD,2017-07-31,2017-07-28 17:42:04,Q2,53567000.0,0.0,0.0,0.0,0.0,18254000.0,0.0,0.0,37000000.0,0.0,5909000.0,1957000.0,0.0,0.0,0.0,0.32669367334366306,0.0,17500000.0,0.32669367334366306,5545000.0,11955000.0,0.22317844941848528,0.51,0.5,23475000.0,23732000.0,https://www.sec.gov/Archives/edgar/data/1025835/000102583517000120/0001025835-17-000120-index.htm,https://www.sec.gov/Archives/edgar/data/1025835/000102583517000120/a2017630-10q.htm,1620591499,16:18:19,20210509
16,2017-03-31,EFSC,USD,2017-04-28,2017-04-28 17:27:39,Q1,45618000.0,0.0,0.0,0.0,0.0,17665000.0,0.0,0.0,32000000.0,0.0,5098000.0,833000.0,0.0,0.0,0.0,0.3835547371651541,0.0,17497000.0,0.3835547371651541,5106000.0,12391000.0,0.2716252356525933,0.57,0.56,21928000.0,22309000.0,https://www.sec.gov/Archives/edgar/data/1025835/000102583517000078/0001025835-17-000078-index.htm,https://www.sec.gov/Archives/edgar/data/1025835/000102583517000043/a20161231-10k.htm,1620591499,16:18:19,20210509
17,2016-12-31,EFSC,USD,2017-02-24,2017-02-24 15:35:25,Q4,44483000.0,0.0,0.0,0.0,0.0,14507000.0,0.0,0.0,27000000.0,0.0,3984000.0,1006000.0,0.0,0.0,0.0,0.4649191826090866,0.0,20681000.0,0.4649191826090866,7053000.0,13628000.0,0.3063642290313153,0.68,0.67,20009000.0,20309000.0,https://www.sec.gov/Archives/edgar/data/1025835/000102583517000043/0001025835-17-000043-index.htm,https://www.sec.gov/Archives/edgar/data/1025835/000102583517000043/a20161231-10k.htm,1620591499,16:18:19,20210509
18,2016-09-30,EFSC,USD,2016-10-25,2016-10-25 16:22:36,Q3,40806000.0,0.0,0.0,0.0,0.0,14021000.0,0.0,0.0,26000000.0,0.0,3463000.0,790000.0,0.0,0.0,0.0,0.4447385188452678,0.0,18148000.0,0.4447385188452678,6316000.0,11832000.0,0.2899573592118806,0.591688753312997,0.5850474683544303,19997000.0,20224000.0,https://www.sec.gov/Archives/edgar/data/1025835/000102583516000187/0001025835-16-000187-index.htm,https://www.sec.gov/Archives/edgar/data/1025835/000102583516000187/a2016930-10q.htm,1620591499,16:18:19,20210509
19,2016-06-30,EFSC,USD,2016-07-29,2016-07-29 15:02:28,Q2,40832000.0,0.0,0.0,0.0,0.0,14585000.0,0.0,0.0,25000000.0,0.0,3250000.0,778000.0,0.0,0.0,0.0,0.4677458855799373,0.0,19099000.0,0.4677458855799373,6747000.0,12352000.0,0.30250783699059564,0.62,0.61,20003000.0,20216000.0,https://www.sec.gov/Archives/edgar/data/1025835/000102583516000150/0001025835-16-000150-index.htm,https://www.sec.gov/Archives/edgar/data/1025835/000102583516000150/a2016630-10q.htm,1620591499,16:18:19,20210509
20,2016-03-31,EFSC,USD,2016-04-29,2016-04-29 15:41:41,Q1,38433000.0,0.0,0.0,0.0,0.0,14474000.0,0.0,0.0,25000000.0,0.0,3032000.0,778000.0,0.0,0.0,0.0,0.4400124892670361,0.0,16911000.0,0.4400124892670361,5886000.0,11025000.0,0.2868628522363594,0.55,0.54,20004000.0,20233000.0,https://www.sec.gov/Archives/edgar/data/1025835/000102583516000122/0001025835-16-000122-index.htm,https://www.sec.gov/Archives/edgar/data/1025835/000102583516000102/a20151231-10k.htm,1620591499,16:18:19,20210509
21,2015-12-31,EFSC,USD,2016-02-26,2016-02-26 14:13:02,Q4,38636000.0,0.0,0.0,0.0,0.0,16058000.0,0.0,0.0,26000000.0,0.0,3017000.0,759000.0,0.0,0.0,0.0,0.4173309866445802,0.0,16124000.0,0.4173309866445802,5445000.0,10679000.0,0.2764002484729268,0.53,0.52,20007000.0,20386000.0,https://www.sec.gov/Archives/edgar/data/1025835/000102583516000102/0001025835-16-000102-index.htm,https://www.sec.gov/Archives/edgar/data/1025835/000102583516000102/a20151231-10k.htm,1620591499,16:18:19,20210509
22,2015-09-30,EFSC,USD,2015-10-30,2015-10-30 16:17:37,Q3,34735000.0,0.0,0.0,0.0,0.0,13565000.0,0.0,0.0,23000000.0,0.0,3174000.0,774000.0,0.0,0.0,0.0,0.41545991075284294,0.0,14431000.0,0.41545991075284294,4722000.0,9709000.0,0.27951633798762054,0.49,0.48,19995000.0,20261000.0,https://www.sec.gov/Archives/edgar/data/1025835/000102583515000074/0001025835-15-000074-index.htm,https://www.sec.gov/Archives/edgar/data/1025835/000102583515000074/a2015930-10q.htm,1620591499,16:18:19,20210509
23,2015-06-30,EFSC,USD,2015-07-31,2015-07-31 15:52:03,Q2,35086000.0,0.0,0.0,0.0,0.0,13116000.0,0.0,0.0,25000000.0,0.0,3072000.0,805000.0,0.0,0.0,0.0,0.38414182294932453,0.0,13478000.0,0.38414182294932453,4762000.0,8716000.0,0.24841817249045203,0.44,0.43,19978000.0,20168000.0,https://www.sec.gov/Archives/edgar/data/1025835/000102583515000056/0001025835-15-000056-index.htm,https://www.sec.gov/Archives/edgar/data/1025835/000102583515000056/a2015630-10q.htm,1620591499,16:18:19,20210509
24,2015-03-31,EFSC,USD,2015-04-30,2015-04-30 15:10:56,Q1,32628000.0,0.0,0.0,0.0,0.0,13681000.0,0.0,0.0,21000000.0,0.0,3106000.0,773000.0,0.0,0.0,0.0,0.4403579747456173,0.0,14368000.0,0.4403579747456173,5022000.0,9346000.0,0.2864410935392914,0.47,0.46,19934000.0,20157000.0,https://www.sec.gov/Archives/edgar/data/1025835/000102583515000031/0001025835-15-000031-index.htm,https://www.sec.gov/Archives/edgar/data/1025835/000102583515000012/a20141231-10k.htm,1620591499,16:18:19,20210509
25,2014-12-31,EFSC,USD,2015-02-27,2015-02-27 16:33:18,Q4,35668000.0,0.0,0.0,0.0,0.0,12189000.0,0.0,0.0,30000000.0,0.0,3569000.0,846000.0,0.0,0.0,0.0,0.24613098575754178,0.0,8779000.0,0.24613098575754178,2812000.0,5967000.0,0.16729281148368286,0.3004834323698258,0.29627606752730884,19858000.0,20140000.0,https://www.sec.gov/Archives/edgar/data/1025835/000102583515000012/0001025835-15-000012-index.htm,https://www.sec.gov/Archives/edgar/data/1025835/000102583515000012/a20141231-10k.htm,1620591499,16:18:19,20210509
26,2014-09-30,EFSC,USD,2014-10-31,2014-10-31 14:53:38,Q3,31896000.0,0.0,0.0,0.0,0.0,14696000.0,0.0,0.0,23000000.0,0.0,3592000.0,918000.0,0.0,0.0,0.0,0.39459493353398545,0.0,12586000.0,0.39459493353398545,4388000.0,8198000.0,0.2570228241785804,0.41324730315556,0.4103103103103103,19838000.0,19980000.0,https://www.sec.gov/Archives/edgar/data/1025835/000102583514000054/0001025835-14-000054-index.htm,https://www.sec.gov/Archives/edgar/data/1025835/000102583514000054/a2014930-10q.htm,1620591499,16:18:19,20210509
27,2014-06-30,EFSC,USD,2014-07-29,2014-07-29 09:09:15,Q2,32147000.0,0.0,0.0,0.0,0.0,13739000.0,0.0,0.0,25000000.0,0.0,3567000.0,812000.0,0.0,0.0,0.0,0.33670326935639405,0.0,10824000.0,0.33670326935639405,3664000.0,7160000.0,0.22272684853952157,0.3611783696529459,0.35866352752592295,19824000.0,19963000.0,https://www.sec.gov/Archives/edgar/data/1025835/000102583514000036/0001025835-14-000036-index.htm,https://www.sec.gov/Archives/edgar/data/1025835/000102583514000036/a2014630-10q.htm,1620591499,16:18:19,20210509
28,2014-03-31,EFSC,USD,2014-05-02,2014-05-02 13:25:12,Q1,34288000.0,0.0,0.0,0.0,0.0,13941000.0,0.0,0.0,29000000.0,0.0,3658000.0,916000.0,0.0,0.0,0.0,0.25825361642557165,0.0,8855000.0,0.25825361642557165,3007000.0,5848000.0,0.1705552963135791,0.29957481686389015,0.2931475261917891,19521000.0,19949000.0,https://www.sec.gov/Archives/edgar/data/1025835/000102583514000027/0001025835-14-000027-index.htm,https://www.sec.gov/Archives/edgar/data/1025835/000102583514000012/a20131231-10k.htm,1620591499,16:18:19,20210509
29,2013-12-31,EFSC,USD,2014-03-17,2014-03-17 12:36:26,Q4,36273000.0,0.0,0.0,0.0,0.0,16061000.0,0.0,0.0,37000000.0,0.0,4064000.0,1212000.0,0.0,0.0,0.0,0.1427232376698922,0.0,5177000.0,0.1427232376698922,1556000.0,3621000.0,0.09982631709536019,0.19,0.18,19388000.0,19629000.0,https://www.sec.gov/Archives/edgar/data/1025835/000102583514000012/0001025835-14-000012-index.htm,https://www.sec.gov/Archives/edgar/data/1025835/000102583514000012/a20131231-10k.htm,1620591499,16:18:19,20210509
30,2013-09-30,EFSC,USD,2013-11-12,2013-11-12 13:58:34,Q3,36290000.0,0.0,0.0,0.0,0.0,12820000.0,0.0,0.0,27000000.0,0.0,4309000.0,1186000.0,0.0,0.0,0.0,0.35522182419399284,0.0,12891000.0,0.35522182419399284,4481000.0,8410000.0,0.2317442821713971,0.45,0.44,18779000.0,19830000.0,https://www.sec.gov/Archives/edgar/data/1025835/000102583513000058/0001025835-13-000058-index.htm,https://www.sec.gov/Archives/edgar/data/1025835/000102583513000058/a2013930-10q.htm,1620591499,16:18:19,20210509
31,2013-06-30,EFSC,USD,2013-08-02,2013-08-02 13:25:04,Q2,31631000.0,0.0,0.0,0.0,0.0,12535000.0,0.0,0.0,19000000.0,0.0,4753000.0,1068000.0,0.0,0.0,0.0,0.5319148936170213,0.0,16825000.0,0.5319148936170213,5792000.0,11033000.0,0.3488033890803326,0.61,0.58,18119000.0,19711000.0,https://www.sec.gov/Archives/edgar/data/1025835/000102583513000045/0001025835-13-000045-index.htm,https://www.sec.gov/Archives/edgar/data/1025835/000102583513000045/a2013630-10q.htm,1620591499,16:18:19,20210509
32,2013-03-31,EFSC,USD,2013-05-03,2013-05-03 14:15:14,Q1,39813000.0,0.0,0.0,0.0,0.0,13243000.0,0.0,0.0,29000000.0,0.0,5011000.0,1222000.0,0.0,0.0,0.0,0.38145831763494337,0.0,15187000.0,0.38145831763494337,5147000.0,10040000.0,0.25217893652826967,0.56,0.53,18011000.0,19516000.0,https://www.sec.gov/Archives/edgar/data/1025835/000102583513000028/0001025835-13-000028-index.htm,https://www.sec.gov/Archives/edgar/data/1025835/000102583513000014/a20121231-10k.htm,1620591499,16:18:19,20210509
33,2012-12-31,EFSC,USD,2013-03-15,2013-03-15 11:52:54,Q4,36475000.0,0.0,0.0,0.0,0.0,12298000.0,0.0,0.0,34000000.0,0.0,5295000.0,1024000.0,0.0,0.0,0.0,0.19983550376970527,0.0,7289000.0,0.19983550376970527,1874000.0,5415000.0,0.14845784784098698,0.30167130919220053,0.30009975615162937,17950000.0,18044000.0,https://www.sec.gov/Archives/edgar/data/1025835/000102583513000014/0001025835-13-000014-index.htm,https://www.sec.gov/Archives/edgar/data/1025835/000102583513000014/a20121231-10k.htm,1620591499,16:18:19,20210509
34,2012-09-30,EFSC,USD,2012-11-05,2012-11-05 16:57:27,Q3,45316000.0,0.0,0.0,0.0,0.0,13184000.0,0.0,0.0,39000000.0,0.0,5390000.0,1131000.0,0.0,0.0,0.0,0.26694765645688057,0.0,12097000.0,0.26694765645688057,4167000.0,7930000.0,0.17499337982169652,0.41,0.39,17876000.0,19415000.0,https://www.sec.gov/Archives/edgar/data/1025835/000102583512000071/0001025835-12-000071-index.htm,https://www.sec.gov/Archives/edgar/data/1025835/000102583512000071/a2012930-10q.htm,1620591499,16:18:19,20210509
35,2012-06-30,EFSC,USD,2012-08-08,2012-08-08 12:33:02,Q2,34978000.0,0.0,0.0,0.0,0.0,12724000.0,0.0,0.0,28000000.0,0.0,5896000.0,1108000.0,0.0,0.0,0.0,0.37975298759220083,0.0,13283000.0,0.37975298759220083,4517000.0,8766000.0,0.25061467207959287,0.46,0.44,17833000.0,19286000.0,https://www.sec.gov/Archives/edgar/data/1025835/000102583512000062/0001025835-12-000062-index.htm,https://www.sec.gov/Archives/edgar/data/1025835/000102583512000062/a2012630-10q.htm,1620591499,16:18:19,20210509
36,2012-03-31,EFSC,USD,2012-05-08,2012-05-08 13:11:11,Q1,34612000.0,0.0,0.0,0.0,0.0,12236000.0,0.0,0.0,32000000.0,0.0,6586000.0,1145000.0,0.0,0.0,0.0,0.26710389460302786,0.0,9245000.0,0.26710389460302786,3060000.0,6185000.0,0.178695250202242,0.3476672287802136,0.32141557969131634,17790000.0,19243000.0,https://www.sec.gov/Archives/edgar/data/1025835/000102583512000047/0001025835-12-000047-index.htm,https://www.sec.gov/Archives/edgar/data/1025835/000102583512000034/a2011-123110k.htm,1620591499,16:18:19,20210509
37,2011-12-31,EFSC,USD,2012-04-23,2012-04-23 11:48:16,Q4,22939000.0,0.0,0.0,0.0,0.0,12780000.0,0.0,0.0,30000000.0,0.0,7117000.0,1189000.0,0.0,0.0,0.0,-0.14643184096952788,0.0,-3359000.0,-0.14643184096952788,-2120000.0,-1239000.0,-0.05401281660054928,-0.06964586846543001,-0.06964586846543001,17790000.0,17790000.0,https://www.sec.gov/Archives/edgar/data/1025835/000102583512000034/0001025835-12-000034-index.htm,https://www.sec.gov/Archives/edgar/data/1025835/000102583512000034/a2011-123110k.htm,1620591499,16:18:19,20210509
38,2011-09-30,EFSC,USD,2011-11-08,2011-11-08 11:21:52,Q3,38954000.0,0.0,0.0,0.0,0.0,10799000.0,0.0,0.0,34000000.0,0.0,7658000.0,895000.0,0.0,0.0,0.0,0.3875083431740001,0.0,15095000.0,0.3875083431740001,5394000.0,9701000.0,0.24903732607691123,0.51,0.49,17741000.0,19202000.0,https://www.sec.gov/Archives/edgar/data/1025835/000102583511000131/0001025835-11-000131-index.htm,https://www.sec.gov/Archives/edgar/data/1025835/000102583511000131/efsc-2011930x10q.htm,1620591499,16:18:19,20210509
39,2011-06-30,EFSC,USD,2011-08-03,2011-08-03 11:00:22,Q2,37599000.0,0.0,0.0,0.0,0.0,10002000.0,0.0,0.0,30000000.0,0.0,7555000.0,823000.0,0.0,0.0,0.0,0.39894678049948135,0.0,15000000.0,0.39894678049948135,5118000.0,9882000.0,0.26282613899305834,0.54,0.52,17140000.0,18602000.0,https://www.sec.gov/Archives/edgar/data/1025835/000102583511000113/0001025835-11-000113-index.htm,https://www.sec.gov/Archives/edgar/data/1025835/000102583511000113/efsc-2011630x10q.htm,1620591499,16:18:19,20210509
40,2011-03-31,EFSC,USD,2011-05-10,2011-05-09 18:42:30,Q1,31701000.0,0.0,0.0,0.0,0.0,10536000.0,0.0,0.0,29000000.0,0.0,7825000.0,829000.0,0.0,0.0,0.0,0.335509920822687,0.0,10636000.0,0.335509920822687,3557000.0,7079000.0,0.2233052585091953,0.43,0.42,14920000.0,16375000.0,https://www.sec.gov/Archives/edgar/data/1025835/000120677411001187/0001206774-11-001187-index.htm,https://www.sec.gov/Archives/edgar/data/1025835/000120677411000487/enterprise_10k.htm,1620591499,16:18:19,20210509
41,2010-12-31,EFSC,USD,2011-03-11,2011-03-11 15:43:32,Q4,31321000.0,0.0,0.0,0.0,0.0,4869000.0,0.0,0.0,30000000.0,0.0,7909000.0,824000.0,0.0,0.0,0.0,0.2664985153730724,0.0,8347000.0,0.2664985153730724,1921000.0,6426000.0,0.20516586315890298,0.4306970509383378,0.4306970509383378,14920000.0,14920000.0,https://www.sec.gov/Archives/edgar/data/1025835/000120677411000487/0001206774-11-000487-index.htm,https://www.sec.gov/Archives/edgar/data/1025835/000120677411000487/enterprise_10k.htm,1620591499,16:18:19,20210509
42,2010-09-30,EFSC,USD,2010-11-05,2010-11-05 07:44:04,Q3,30341000.0,0.0,0.0,0.0,0.0,9049000.0,0.0,0.0,31000000.0,0.0,7742000.0,764000.0,0.0,0.0,0.0,0.23839029695791172,0.0,7233000.0,0.23839029695791172,2262000.0,4971000.0,0.16383771134768135,0.33465733135855663,0.30510034984349105,14854000.0,16293000.0,https://www.sec.gov/Archives/edgar/data/1025835/000120677410002312/0001206774-10-002312-index.htm,https://www.sec.gov/Archives/edgar/data/1025835/000120677410002312/enterprise_10q.htm,1620591499,16:18:19,20210509
43,2010-06-30,EFSC,USD,2010-08-06,2010-08-06 15:01:58,Q2,23643000.0,0.0,0.0,0.0,0.0,8608000.0,0.0,0.0,31000000.0,0.0,8108000.0,909000.0,0.0,0.0,0.0,0.022712853698769193,0.0,537000.0,0.022712853698769193,-200000.0,737000.0,0.031172017087510044,0.04961960546690904,0.04961292494109727,14853000.0,14855000.0,https://www.sec.gov/Archives/edgar/data/1025835/000120677410001810/0001206774-10-001810-index.htm,https://www.sec.gov/Archives/edgar/data/1025835/000120677410001810/enterprise_10q.htm,1620591499,16:18:19,20210509
44,2010-03-31,EFSC,USD,2010-05-07,2010-05-07 15:33:32,Q1,22679000.0,0.0,0.0,0.0,0.0,7176000.0,0.0,0.0,36000000.0,0.0,8652000.0,859000.0,0.0,0.0,0.0,-0.21059129591251818,0.0,-4776000.0,-0.21059129591251818,-1762000.0,-3014000.0,-0.1328982759380925,-0.25,-0.25,14418000.0,14418000.0,https://www.sec.gov/Archives/edgar/data/1025835/000120677410001235/0001206774-10-001235-index.htm,https://www.sec.gov/Archives/edgar/data/1025835/000120677410000608/enterprise_10k.htm,1620591499,16:18:19,20210509
45,2009-12-31,EFSC,USD,2010-03-16,2010-03-16 14:17:24,Q4,10736000.0,0.0,0.0,0.0,0.0,4760000.0,0.0,0.0,32000000.0,0.0,10099000.0,1172000.0,0.0,0.0,0.0,0.009407600596125186,0.0,101000.0,0.009407600596125186,-329000.0,-854000.0,-0.07954545454545454,-0.05923151616035511,-0.05923151616035511,14418000.0,14418000.0,https://www.sec.gov/Archives/edgar/data/1025835/000120677410000608/0001206774-10-000608-index.htm,https://www.sec.gov/Archives/edgar/data/1025835/000120677410000608/enterprise_10k.htm,1620591499,16:18:19,20210509
46,2009-09-30,EFSC,USD,2009-11-06,2009-11-06 15:34:05,Q3,27333000.0,0.0,0.0,0.0,0.0,7965000.0,0.0,0.0,32000000.0,0.0,12931000.0,1217000.0,0.0,0.0,0.0,0.2514908718399005,0.0,6874000.0,0.2514908718399005,2187000.0,4687000.0,0.17147770094757253,0.32,0.31,12834000.0,14277000.0,https://www.sec.gov/Archives/edgar/data/1025835/000120677409002063/0001206774-09-002063-index.htm,https://www.sec.gov/Archives/edgar/data/1025835/000120677409002063/enterprise_10q.htm,1620591499,16:18:19,20210509
47,2009-06-30,EFSC,USD,2009-08-10,2009-08-10 12:50:19,Q2,22314000.0,0.0,0.0,0.0,0.0,8171000.0,0.0,0.0,36000000.0,0.0,10260000.0,1206000.0,0.0,0.0,0.0,-0.044994174061127545,0.0,-1004000.0,-0.044994174061127545,-1390000.0,-216000.0,-0.009680021511158914,-0.02,-0.02,12833000.0,12833000.0,https://www.sec.gov/Archives/edgar/data/1025835/000120677409001536/0001206774-09-001536-index.htm,https://www.sec.gov/Archives/edgar/data/1025835/000120677409001536/enterprise_10q.htm,1620591499,16:18:19,20210509
48,2009-03-31,EFSC,USD,2009-05-11,2009-05-11 16:04:59,Q1,21747000.0,0.0,0.0,0.0,0.0,7868000.0,0.0,0.0,88000000.0,0.0,10475000.0,1078000.0,0.0,0.0,0.0,-2.430680093806042,0.0,-52860000.0,-2.430680093806042,-2243000.0,-50617000.0,-2.3275394307260773,-3.945821640162145,-3.9439769362630512,12828000.0,12834000.0,https://www.sec.gov/Archives/edgar/data/1025835/000120677409001024/0001206774-09-001024-index.htm,https://www.sec.gov/Archives/edgar/data/1025835/000120677409000498/enterprise_10k.htm,1620591499,16:18:19,20210509
49,2008-12-31,EFSC,USD,2009-03-16,2009-03-16 12:36:44,Q4,24849000.0,0.0,0.0,0.0,0.0,7318000.0,0.0,0.0,45000000.0,0.0,11965000.0,1650000.0,0.0,0.0,0.0,-0.28540383918869977,0.0,-7092000.0,-0.28540383918869977,-3140000.0,-3952000.0,-0.1590406052557447,-0.30807608356719673,-0.30807608356719673,12828000.0,12828000.0,https://www.sec.gov/Archives/edgar/data/1025835/000120677409000498/0001206774-09-000498-index.htm,https://www.sec.gov/Archives/edgar/data/1025835/000120677409000498/enterprise_10k.htm,1620591499,16:18:19,20210509
50,2008-09-30,EFSC,USD,2008-11-07,2008-11-06 18:07:23,Q3,24225000.0,0.0,0.0,0.0,0.0,7792000.0,0.0,0.0,37000000.0,0.0,12705000.0,777000.0,0.0,0.0,0.0,0.09358101135190919,0.0,2267000.0,0.09358101135190919,948000.0,1319000.0,0.05444788441692466,0.10415350600126343,0.10291019739408598,12664000.0,12817000.0,https://www.sec.gov/Archives/edgar/data/1025835/000120677408001804/0001206774-08-001804-index.htm,https://www.sec.gov/Archives/edgar/data/1025835/000120677408001804/enterprise_10q.htm,1620591499,16:18:19,20210509
51,2008-06-30,EFSC,USD,2008-08-11,2008-08-11 11:34:41,Q2,21246000.0,0.0,0.0,0.0,0.0,7575000.0,0.0,0.0,28000000.0,0.0,12481000.0,1150000.0,0.0,0.0,0.0,0.2505412783582792,0.0,5323000.0,0.2505412783582792,1823000.0,3500000.0,0.16473689165019298,0.28,0.27,12545000.0,12760000.0,https://www.sec.gov/Archives/edgar/data/1025835/000120677408001418/0001206774-08-001418-index.htm,https://www.sec.gov/Archives/edgar/data/1025835/000120677408001418/enterprise_10q.htm,1620591499,16:18:19,20210509
52,2008-03-31,EFSC,USD,2008-05-12,2008-05-12 11:31:25,Q1,21675000.0,0.0,0.0,0.0,0.0,8340000.0,0.0,0.0,30000000.0,0.0,14109000.0,1102000.0,0.0,0.0,0.0,0.2545790080738178,0.0,5518000.0,0.2545790080738178,1955000.0,3563000.0,0.16438292964244522,0.29,0.28,12441000.0,12675000.0,https://www.sec.gov/Archives/edgar/data/1025835/000120677408001014/0001206774-08-001014-index.htm,https://www.sec.gov/Archives/edgar/data/1025835/000120677408000520/enterprise_10k.htm,1620591499,16:18:19,20210509
53,2007-12-31,EFSC,USD,2008-03-14,2008-03-14 15:11:20,Q4,22433000.0,0.0,0.0,0.0,0.0,7583000.0,0.0,0.0,34000000.0,0.0,15715000.0,1013000.0,0.0,0.0,0.0,0.30758257923594706,0.0,6900000.0,0.30758257923594706,1994000.0,4906000.0,0.218695671555298,0.394341290893015,0.394341290893015,12441000.0,12441000.0,https://www.sec.gov/Archives/edgar/data/1025835/000120677408000520/0001206774-08-000520-index.htm,https://www.sec.gov/Archives/edgar/data/1025835/000120677408000520/enterprise_10k.htm,1620591499,16:18:19,20210509
54,2007-09-30,EFSC,USD,2007-11-08,2007-11-08 09:41:23,Q3,20443000.0,0.0,0.0,0.0,0.0,7523000.0,0.0,0.0,29000000.0,0.0,16002000.0,918000.0,0.0,0.0,0.0,0.3737709729491758,0.0,7641000.0,0.3737709729491758,2642000.0,4999000.0,0.24453358117693097,0.4037964458804523,0.3951153967752134,12380000.0,12652000.0,https://www.sec.gov/Archives/edgar/data/1025835/000120677407002569/0001206774-07-002569-index.htm,https://www.sec.gov/Archives/edgar/data/1025835/000120677407002569/enterprise_10q.htm,1620591499,16:18:19,20210509
55,2007-06-30,EFSC,USD,2007-08-08,2007-08-08 08:00:11,Q2,20031000.0,0.0,0.0,0.0,0.0,7141000.0,0.0,0.0,29000000.0,0.0,15821000.0,1057000.0,0.0,0.0,0.0,0.35460036942738754,0.0,7103000.0,0.35460036942738754,2588000.0,4515000.0,0.22540062902501123,0.37,0.36,12346000.0,12692000.0,https://www.sec.gov/Archives/edgar/data/1025835/000120677407001936/0001206774-07-001936-index.htm,https://www.sec.gov/Archives/edgar/data/1025835/000120677407001936/enterprise_10q.htm,1620591499,16:18:19,20210509
56,2007-03-31,EFSC,USD,2007-05-09,2007-05-09 12:22:06,Q1,17818000.0,0.0,0.0,0.0,0.0,7308000.0,0.0,0.0,27000000.0,0.0,13929000.0,886000.0,0.0,0.0,0.0,0.27780895723425747,0.0,4950000.0,0.27780895723425747,1792000.0,3158000.0,0.17723650241328992,0.27,0.26,11835000.0,12198000.0,https://www.sec.gov/Archives/edgar/data/1025835/000120677407001346/0001206774-07-001346-index.htm,https://www.sec.gov/Archives/edgar/data/1025835/000120677407000664/ef124369.htm,1620591499,16:18:19,20210509
57,2006-12-31,EFSC,USD,2007-03-15,2007-03-15 09:49:40,Q4,18701000.0,0.0,0.0,0.0,0.0,6849000.0,0.0,0.0,25000000.0,0.0,12927000.0,1026000.0,0.0,0.0,0.0,0.3461846960055612,0.0,6474000.0,0.3461846960055612,2083000.0,4391000.0,0.2348002780599968,0.3710181664554288,0.3710181664554288,11835000.0,11835000.0,https://www.sec.gov/Archives/edgar/data/1025835/000120677407000664/0001206774-07-000664-index.htm,https://www.sec.gov/Archives/edgar/data/1025835/000120677407000664/ef124369.htm,1620591499,16:18:19,20210509
58,2006-09-30,EFSC,USD,2006-11-09,2006-11-09 14:41:34,Q3,18164000.0,0.0,0.0,0.0,0.0,6754000.0,0.0,0.0,24000000.0,0.0,12525000.0,821000.0,0.0,0.0,0.0,0.3599427438890112,0.0,6538000.0,0.3599427438890112,2357000.0,4181000.0,0.23018057696542613,0.37,0.35,11397000.0,11823000.0,https://www.sec.gov/Archives/edgar/data/1025835/000120677406002309/0001206774-06-002309-index.htm,https://www.sec.gov/Archives/edgar/data/1025835/000120677406002309/ef124369.htm,1620591499,16:18:19,20210509
59,2006-06-30,EFSC,USD,2006-08-09,2006-08-09 11:36:12,Q2,16094000.0,0.0,0.0,0.0,0.0,5843000.0,0.0,0.0,20000000.0,0.0,9517000.0,647000.0,0.0,0.0,0.0,0.3788368336025848,0.0,6097000.0,0.3788368336025848,2196000.0,3901000.0,0.24238846775195724,0.37,0.36,10490000.0,10876000.0,https://www.sec.gov/Archives/edgar/data/1025835/000120677406001770/0001206774-06-001770-index.htm,https://www.sec.gov/Archives/edgar/data/1025835/000120677406001770/ef71900.htm,1620591499,16:18:19,20210509
60,2006-03-31,EFSC,USD,2006-05-10,2006-05-10 10:00:44,Q1,15234000.0,0.0,0.0,0.0,0.0,5801000.0,0.0,0.0,19000000.0,0.0,8172000.0,574000.0,0.0,0.0,0.0,0.3076670605225154,0.0,4687000.0,0.3076670605225154,1689000.0,2998000.0,0.19679663909675726,0.29,0.28,10465000.0,10856000.0,https://www.sec.gov/Archives/edgar/data/1025835/000120677406001103/0001206774-06-001103-index.htm,https://www.sec.gov/Archives/edgar/data/1025835/000120677406000379/ef101236.htm,1620591499,16:18:19,20210509
61,2005-12-31,EFSC,USD,2006-03-07,2006-03-07 15:33:05,Q4,14509000.0,0.0,0.0,0.0,0.0,6027000.0,0.0,0.0,17000000.0,0.0,7728000.0,667000.0,0.0,0.0,0.0,0.3045006547660073,0.0,4418000.0,0.3045006547660073,1589000.0,2829000.0,0.19498242470190916,0.2703296703296703,0.2703296703296703,10465000.0,10465000.0,https://www.sec.gov/Archives/edgar/data/1025835/000120677406000379/0001206774-06-000379-index.htm,https://www.sec.gov/Archives/edgar/data/1025835/000120677406000379/ef101236.htm,1620591499,16:18:19,20210509
62,2005-09-30,EFSC,USD,2005-11-04,2005-11-04 13:21:09,Q3,13436000.0,0.0,0.0,0.0,0.0,5503000.0,0.0,0.0,15000000.0,0.0,6452000.0,433000.0,0.0,0.0,0.0,0.335144388210777,0.0,4503000.0,0.335144388210777,1625000.0,2878000.0,0.21420065495683238,0.29,0.27,10082730.0,10781971.0,https://www.sec.gov/Archives/edgar/data/1025835/000120677405001746/0001206774-05-001746-index.htm,https://www.sec.gov/Archives/edgar/data/1025835/000120677405001746/ef71681.htm,1620591499,16:18:19,20210509
63,2005-06-30,EFSC,USD,2005-08-05,2005-08-05 15:25:28,Q2,13227000.0,0.0,0.0,0.0,0.0,5402000.0,0.0,0.0,14000000.0,0.0,5230000.0,414000.0,0.0,0.0,0.0,0.3651621682921297,0.0,4830000.0,0.3651621682921297,1689000.0,3141000.0,0.23746881378997506,0.31,0.29,10045802.0,10675548.0,https://www.sec.gov/Archives/edgar/data/1025835/000120677405001382/0001206774-05-001382-index.htm,https://www.sec.gov/Archives/edgar/data/1025835/000120677405001382/ef71622.htm,1620591499,16:18:19,20210509
64,2005-03-31,EFSC,USD,2005-05-06,2005-05-06 11:28:30,Q1,12359000.0,0.0,0.0,0.0,0.0,5198000.0,0.0,0.0,13000000.0,0.0,4131000.0,387000.0,0.0,0.0,0.0,0.31199935269843837,0.0,3856000.0,0.31199935269843837,1409000.0,2447000.0,0.19799336515899343,0.25,0.23,9921762.0,10520844.0,https://www.sec.gov/Archives/edgar/data/1025835/000120677405000844/0001206774-05-000844-index.htm,https://www.sec.gov/Archives/edgar/data/1025835/000120677405000311/ef910592.htm,1620591499,16:18:19,20210509
65,2004-12-31,EFSC,USD,2005-03-14,2005-03-11 17:35:35,Q4,11965019.0,0.0,0.0,0.0,0.0,4705152.0,0.0,0.0,0.0,0.0,3680113.0,1680008.0,0.0,0.0,0.0,0.24357913681541166,0.0,2914429.0,0.24357913681541166,1067098.0,1847331.0,0.15439432231574393,0.18618981184995165,0.18618981184995165,9921762.0,9921762.0,https://www.sec.gov/Archives/edgar/data/1025835/000120677405000311/0001206774-05-000311-index.htm,https://www.sec.gov/Archives/edgar/data/1025835/000120677405000311/ef910592.htm,1620591499,16:18:19,20210509
66,2004-09-30,EFSC,USD,2004-11-08,2004-11-08 14:32:15,Q3,11270976.0,0.0,0.0,0.0,0.0,4573985.0,0.0,0.0,0.0,0.0,3156423.0,385577.0,0.0,0.0,0.0,0.36503954936999244,0.0,4114352.0,0.36503954936999244,1260623.0,2853729.0,0.2531927137454645,0.29,0.28,9723695.0,10074329.0,https://www.sec.gov/Archives/edgar/data/1025835/000119312504189229/0001193125-04-189229-index.htm,https://www.sec.gov/Archives/edgar/data/1025835/000119312504189229/d10q.htm,1620591499,16:18:19,20210509
67,2004-06-30,EFSC,USD,2004-08-06,2004-08-06 12:00:42,Q2,10740466.0,0.0,0.0,0.0,0.0,4584820.0,0.0,0.0,0.0,0.0,2778079.0,428956.0,0.0,0.0,0.0,0.2674911870676747,0.0,2872980.0,0.2674911870676747,886099.0,1986881.0,0.18499020433564056,0.21,0.2,9680006.0,9987261.0,https://www.sec.gov/Archives/edgar/data/1025835/000119312504133933/0001193125-04-133933-index.htm,https://www.sec.gov/Archives/edgar/data/1025835/000119312504133933/d10q.htm,1620591499,16:18:19,20210509
68,2004-03-31,EFSC,USD,2004-05-07,2004-05-07 14:22:24,Q1,9870308.0,0.0,0.0,0.0,0.0,4689297.0,0.0,0.0,0.0,0.0,2554210.0,318501.0,0.0,0.0,0.0,0.2433073010487616,0.0,2401518.0,0.2433073010487616,874932.0,1526586.0,0.1546644745027207,0.16,0.15,9640145.0,9942143.0,https://www.sec.gov/Archives/edgar/data/1025835/000119312504081903/0001193125-04-081903-index.htm,https://www.sec.gov/Archives/edgar/data/1025835/000119312504040512/d10k.htm,1620591499,16:18:19,20210509
69,2003-12-31,EFSC,USD,2004-03-12,2004-03-12 16:09:30,Q4,9513891.0,0.0,0.0,0.0,0.0,3703509.0,0.0,0.0,0.0,0.0,2551607.0,1162204.0,0.0,0.0,0.0,0.23802606105115143,0.0,2264554.0,0.23802606105115143,829678.0,1434876.0,0.15081904974526195,0.14884381925790535,0.14884381925790535,9640145.0,9640145.0,https://www.sec.gov/Archives/edgar/data/1025835/000119312504040512/0001193125-04-040512-index.htm,https://www.sec.gov/Archives/edgar/data/1025835/000119312504040512/d10k.htm,1620591499,16:18:19,20210509
70,2003-09-30,EFSC,USD,2003-11-13 00:00:00,2003-11-13 17:12:47,Q3,10651292.0,0.0,0.0,0.0,0.0,4843101.0,0.0,0.0,0.0,0.0,2462326.0,-230805.0,0.0,0.0,0.0,0.25927943764944195,0.0,2761661.0,0.25927943764944195,1004788.0,1756873.0,0.164944590759506,0.18338792397692255,0.17781388291409947,9580091.0,9880404.0,https://www.sec.gov/Archives/edgar/data/1025835/000119312503080329/0001193125-03-080329-index.html,https://www.sec.gov/Archives/edgar/data/1025835/000119312503080329/d10q.htm,1620591499,16:18:19,20210509
71,2003-06-30,EFSC,USD,2003-08-14 00:00:00,2003-08-14 13:50:51,Q2,12793962.0,0.0,0.0,0.0,0.0,4039882.0,0.0,0.0,0.0,0.0,2694812.0,597371.0,0.0,0.0,0.0,0.3222599066653473,0.0,4122981.0,0.3222599066653473,1524609.0,2598372.0,0.203093615566468,0.27,0.26,9560529.0,9892558.0,https://www.sec.gov/Archives/edgar/data/1025835/000119312503037597/0001193125-03-037597-index.html,https://www.sec.gov/Archives/edgar/data/1025835/000119312503037597/d10q.txt,1620591499,16:18:19,20210509
72,2003-03-31,EFSC,USD,2003-05-14 00:00:00,2003-05-14 15:49:27,Q1,9832939.0,0.0,0.0,0.0,0.0,4476978.0,0.0,0.0,0.0,0.0,2834788.0,609644.0,0.0,0.0,0.0,0.18313781871320467,0.0,1800783.0,0.18313781871320467,665685.0,1135098.0,0.11543832418771234,0.11922508077458312,0.11552431296956324,9520631.0,9825620.0,https://www.sec.gov/Archives/edgar/data/1025835/000095013103002886/0000950131-03-002886-index.html,https://www.sec.gov/Archives/edgar/data/1025835/000095013103002886/d10q.txt,1620591499,16:18:19,20210509
73,2002-12-31,EFSC,USD,2003-03-26,2003-03-26,Q4,9833402.0,0.0,0.0,0.0,0.0,4439184.0,0.0,0.0,0.0,0.0,3247807.0,417446.0,0.0,0.0,0.0,0.07752149256178076,0.0,762300.0,0.07752149256178076,-584399.0,1346699.0,0.13695148433878732,0.0,0.0,0.0,0.0,https://www.sec.gov/Archives/edgar/data/1025835/000095013103001652/0000950131-03-001652-index.htm,https://www.sec.gov/Archives/edgar/data/1025835/000095013103001652/d10k.txt,1620591499,16:18:19,20210509
74,2002-09-30,EFSC,USD,2002-09-30,2002-09-30,Q3,9481408.0,0.0,0.0,0.0,0.0,4289715.0,0.0,0.0,0.0,0.0,3555336.0,40941.0,0.0,0.0,0.0,0.2233427777815278,0.0,2117604.0,0.2233427777815278,783423.0,1334181.0,0.14071549288881988,0.14,0.14,9444258.0,9588205.0,,,1620591499,16:18:19,20210509
75,2002-06-30,EFSC,USD,2002-08-01,2002-08-01,Q2,9196272.0,0.0,0.0,0.0,0.0,4042747.0,0.0,0.0,0.0,0.0,3642060.0,828678.0,0.0,0.0,0.0,0.25003240443518854,0.0,2299366.0,0.25003240443518854,850124.0,1449242.0,0.15759016262241918,0.15,0.15,9399560.0,9575650.0,https://www.sec.gov/Archives/edgar/data/1025835/000095013102002903/0000950131-02-002903-index.htm,https://www.sec.gov/Archives/edgar/data/1025835/000095013102002903/d10q.txt,1620591499,16:18:19,20210509
76,2002-03-31,EFSC,USD,2002-05-13,2002-05-13,Q1,8658634.0,0.0,0.0,0.0,0.0,4149728.0,0.0,0.0,0.0,0.0,3862549.0,430826.0,0.0,0.0,0.0,0.16583990038151514,0.0,1435947.0,0.16583990038151514,564589.0,871358.0,0.10063458046615667,0.09,0.09,9298749.0,9577312.0,https://www.sec.gov/Archives/edgar/data/1025835/000095013102001917/0000950131-02-001917-index.htm,https://www.sec.gov/Archives/edgar/data/1025835/000095013102001917/d10q.txt,1620591499,16:18:19,20210509
77,2001-12-31,EFSC,USD,2001-12-31,2001-12-31,Q4,2508323.0,0.0,0.0,0.0,0.0,3967858.0,0.0,0.0,0.0,0.0,4792928.0,518185.0,0.0,0.0,0.0,-2.7102980756465573,0.0,-6798303.0,-2.7102980756465573,-921880.0,-5876423.0,-2.342769651276969,0.0,0.0,0.0,0.0,,,1620591499,16:18:19,20210509
78,2001-09-30,EFSC,USD,2001-11-14,2001-11-14,Q3,8389024.0,0.0,0.0,0.0,0.0,4080892.0,0.0,0.0,0.0,0.0,5996222.0,434333.0,0.0,0.0,0.0,0.2097458536296952,0.0,1759563.0,0.2097458536296952,713120.0,1046443.0,0.1247395406187895,0.11,0.11,9249804.0,9645722.0,https://www.sec.gov/Archives/edgar/data/1025835/000102583501500003/0001025835-01-500003-index.htm,https://www.sec.gov/Archives/edgar/data/1025835/000102583501500003/form01q3.txt,1620591499,16:18:19,20210509
79,2001-06-30,EFSC,USD,2001-08-13,2001-08-13,Q2,8287654.0,0.0,0.0,0.0,0.0,3248456.0,0.0,0.0,0.0,0.0,6280396.0,428958.0,0.0,0.0,0.0,0.22571429743567964,0.0,1870642.0,0.22571429743567964,735405.0,1135237.0,0.1369792947437236,0.12,0.12,9178233.0,9611136.0,https://www.sec.gov/Archives/edgar/data/1025835/000094018001500135/0000940180-01-500135-index.htm,https://www.sec.gov/Archives/edgar/data/1025835/000094018001500135/d10q.txt,1620591499,16:18:19,20210509
80,2001-03-31,EFSC,USD,2001-03-31,2001-03-31,Q1,8341765.0,0.0,0.0,0.0,0.0,3860699.0,0.0,0.0,0.0,0.0,6740869.0,339491.0,0.0,0.0,0.0,0.22481465253456553,0.0,1875351.0,0.22481465253456553,715299.0,1160052.0,0.13906553349321157,0.13,0.12,9117286.0,9646791.0,,,1620591499,16:18:19,20210509
81,2000-12-31,EFSC,USD,2000-12-31,2000-12-31,Q4,28699202.0,0.0,0.0,0.0,0.0,5403244.0,0.0,0.0,0.0,0.0,7686237.0,381787.0,0.0,0.0,0.0,0.08381919469398487,0.0,2405544.0,0.08381919469398487,910286.0,1495258.0,0.0521010305443336,0.0,0.0,0.0,0.0,,,1620591499,16:18:19,20210509
82,2000-09-30,EFSC,USD,2000-09-30,2000-09-30,Q3,1266940.0,0.0,0.0,0.0,0.0,2818623.0,0.0,0.0,0.0,0.0,7245038.0,380609.0,0.0,0.0,0.0,1.8034232086760225,0.0,2284829.0,1.8034232086760225,862400.0,1422429.0,1.1227279902757825,0.16,0.15,8989253.0,9639253.0,,,1620591499,16:18:19,20210509
83,2000-06-30,EFSC,USD,2000-06-30,2000-06-30,Q2,1121098.0,0.0,0.0,0.0,0.0,2598296.0,0.0,0.0,0.0,0.0,6569731.0,462917.0,0.0,0.0,0.0,1.851104898947282,0.0,2075270.0,1.851104898947282,800704.0,1274566.0,1.1368907981282634,0.14,0.13,8963903.0,9674051.0,,,1620591499,16:18:19,20210509
84,2000-03-31,EFSC,USD,2000-03-31,2000-03-31,Q1,583257.0,0.0,0.0,0.0,0.0,1936401.0,0.0,0.0,0.0,0.0,4996096.0,174616.0,0.0,0.0,0.0,2.3600454002266584,0.0,1376513.0,2.3600454002266584,529350.0,847163.0,1.4524694945795764,0.12,0.11,7152241.0,7701482.0,,,1620591499,16:18:19,20210509
