,date,symbol,reportedCurrency,fillingDate,acceptedDate,period,revenue,costOfRevenue,grossProfit,grossProfitRatio,researchAndDevelopmentExpenses,generalAndAdministrativeExpenses,sellingAndMarketingExpenses,otherExpenses,operatingExpenses,costAndExpenses,interestExpense,depreciationAndAmortization,ebitda,ebitdaratio,operatingIncome,operatingIncomeRatio,totalOtherIncomeExpensesNet,incomeBeforeTax,incomeBeforeTaxRatio,incomeTaxExpense,netIncome,netIncomeRatio,eps,epsdiluted,weightedAverageShsOut,weightedAverageShsOutDil,link,finalLink,timestamp,est_time,est_date
0,2020-12-31,TRUP,USD,2021-02-12,2021-02-12 08:22:30,Q4,142687000,-301033000,443720.0,0.00310974370475236,-9217000.0,4110000.0,14809000.0,16485.0,26720000.0,-274313000,-2425000.0,2301000.0,2296947.0,0.016097801481564544,-4053.0,-2.840483015271188e-05,-1030000.0,-3458.0,-2.4234863722693728e-05,44000.0,-3502.0,-2.4543230988106835e-05,-0.09885187861757087,-0.09885187861757087,35426742.0,35426742.0,https://www.sec.gov/Archives/edgar/data/1371285/000137128521000041/0001371285-21-000041-index.htm,https://www.sec.gov/Archives/edgar/data/1371285/000137128521000041/trup-20201231.htm,1620599056,18:24:16,20210509
1,2020-09-30,TRUP,USD,2020-10-30,2020-10-30 16:04:36,Q3,130120000,109531000,20589000.0,0.15823086381801413,3383000.0,6121000.0,13344000.0,49000.0,22848000.0,132379000,324000.0,1666000.0,-593000.0,-0.004557331693821089,-2259000.0,-0.017360897632954196,51000.0,-2532000.0,-0.019458960959114664,26000.0,-2558000.0,-0.01965877651398709,-0.07,-0.07,35426742.0,35426742.0,https://www.sec.gov/Archives/edgar/data/1371285/000137128520000267/0001371285-20-000267-index.htm,https://www.sec.gov/Archives/edgar/data/1371285/000137128520000267/trup-20200930.htm,1620599056,18:24:16,20210509
2,2020-06-30,TRUP,USD,2020-08-05,2020-08-04 17:43:18,Q2,117920000,98053000,19867000.0,0.16847862957937584,2989000.0,6100000.0,9242000.0,202000.0,18331000.0,116384000,341000.0,1723000.0,3259000.0,0.027637381275440978,1536000.0,0.013025780189959294,175000.0,1370000.0,0.011618046132971505,17000.0,1353000.0,0.011473880597014926,0.03849919495992328,0.03687837552636522,35143592.0,36688167.0,https://www.sec.gov/Archives/edgar/data/1371285/000137128520000183/0001371285-20-000183-index.htm,https://www.sec.gov/Archives/edgar/data/1371285/000137128520000183/trup-20200630.htm,1620599056,18:24:16,20210509
3,2020-03-31,TRUP,USD,2020-05-01 00:00:00,2020-04-30 17:40:27,Q1,111301000,93449000,17852000.0,0.16039388684737782,2845000.0,5516000.0,10442000.0,282000.0,18803000.0,112252000,379000.0,1381000.0,430000.0,0.0038633974537515387,-951000.0,-0.008544397624459799,223000.0,-1107000.0,-0.009946002282099891,26000.0,-1133000.0,-0.010179603058373241,-0.03,-0.03,35007052.0,35007052.0,https://www.sec.gov/Archives/edgar/data/1371285/000137128520000101/0001371285-20-000101-index.html,https://www.sec.gov/Archives/edgar/data/1371285/000137128520000101/a10-qq12020.htm,1620599056,18:24:16,20210509
4,2019-12-31,TRUP,USD,2020-02-14 00:00:00,2020-02-13 17:37:28,Q4,105483000,87749000,17734000.0,0.16812187745892704,2556000.0,5312000.0,9212000.0,535000.0,17080000.0,104829000,375000.0,1274000.0,1928000.0,0.018277826758814217,654000.0,0.006200051193083245,514000.0,793000.0,0.007517799076628462,157000.0,636000.0,0.00602940758226444,0.01823580722320324,0.017494337721037933,34876438.0,36354620.0,https://www.sec.gov/Archives/edgar/data/1371285/000137128520000032/0001371285-20-000032-index.html,https://www.sec.gov/Archives/edgar/data/1371285/000137128520000032/a10-k2019.htm,1620599056,18:24:16,20210509
5,2019-09-30,TRUP,USD,2019-11-06 00:00:00,2019-11-05 17:33:51,Q3,99276000,81831000,17445000.0,0.17572222893750755,2271000.0,5017000.0,9255000.0,297000.0,16543000.0,98374000,340000.0,1181000.0,2083000.0,0.020981909021314315,902000.0,0.00908578105483702,238000.0,800000.0,0.008058342398968531,18000.0,782000.0,0.00787702969499174,0.02242179338678666,0.021484026434034038,34876782.0,36399136.0,https://www.sec.gov/Archives/edgar/data/1371285/000137128519000212/0001371285-19-000212-index.html,https://www.sec.gov/Archives/edgar/data/1371285/000137128519000212/a10-qq32019.htm,1620599056,18:24:16,20210509
6,2019-06-30,TRUP,USD,2019-07-31,2019-07-30 17:44:47,Q2,92199000,77486000,14713000.0,0.15957873729649996,2578000.0,5219000.0,8757000.0,453000.0,16554000.0,94040000,317000.0,1564000.0,-277000.0,-0.0030043709801624748,-1841000.0,-0.019967678608227856,181000.0,-1977000.0,-0.02144274883675528,-46000.0,-1931000.0,-0.020943828024165122,-0.06,-0.06,34610709.0,34610709.0,https://www.sec.gov/Archives/edgar/data/1371285/000137128519000189/a10-qq22019.htm,https://www.sec.gov/Archives/edgar/data/1371285/000137128519000189/a10-qq22019.htm,1620599056,18:24:16,20210509
7,2019-03-31,TRUP,USD,2019-05-03 00:00:00,2019-05-02 18:16:59,Q1,86978000,71946000,15032000.0,0.17282531214789948,2669000.0,5419000.0,8227000.0,344000.0,16315000.0,88261000,317000.0,1613000.0,330000.0,0.0037940628664719814,-1283000.0,-0.014750856538435006,344000.0,-1256000.0,-0.01444043321299639,40000.0,-1296000.0,-0.0149003196210536,-0.04,-0.04,34292367.0,34292367.0,https://www.sec.gov/Archives/edgar/data/1371285/000137128519000130/0001371285-19-000130-index.html,https://www.sec.gov/Archives/edgar/data/1371285/000137128519000130/a10-qq12019.htm,1620599056,18:24:16,20210509
8,2018-12-31,TRUP,USD,2019-02-14 00:00:00,2019-02-14 16:12:06,Q4,82640000,68435000,14205000.0,0.17189012584704744,2487000.0,4922000.0,6994000.0,238000.0,14403000.0,82838000,311000.0,1485000.0,1287000.0,0.015573572120038723,-198000.0,-0.0023959341723136496,238000.0,-271000.0,-0.0032792836398838334,4000.0,-275000.0,-0.0033276863504356244,-0.01,-0.01,33716975.0,33716975.0,https://www.sec.gov/Archives/edgar/data/1371285/000137128519000039/0001371285-19-000039-index.html,https://www.sec.gov/Archives/edgar/data/1371285/000137128519000039/a10-k2018.htm,1620599056,18:24:16,20210509
9,2018-09-30,TRUP,USD,2018-11-09 00:00:00,2018-11-08 18:01:09,Q3,78164000,64420000,13744000.0,0.17583542295685994,2299000.0,4174000.0,6365000.0,628000.0,12838000.0,77258000,336000.0,1136000.0,2042000.0,0.02612455862033673,906000.0,0.011591013765928049,628000.0,1198000.0,0.015326748886955632,-7000.0,1205000.0,0.015416304180952868,0.04,0.03,33129416.0,36385360.0,https://www.sec.gov/Archives/edgar/data/1371285/000137128518000223/0001371285-18-000223-index.html,https://www.sec.gov/Archives/edgar/data/1371285/000137128518000223/a10-qq32018.htm,1620599056,18:24:16,20210509
10,2018-06-30,TRUP,USD,2018-08-03 00:00:00,2018-08-02 17:40:41,Q2,73392000,61039000,12353000.0,0.16831534772182255,2298000.0,4610000.0,5702000.0,303000.0,12610000.0,73649000,332000.0,964000.0,707000.0,0.009633202528885982,-257000.0,-0.003501744059298016,303000.0,-286000.0,-0.0038968824940047962,91000.0,-377000.0,-0.005136799651188141,-0.01,-0.01,30721037.0,30721037.0,https://www.sec.gov/Archives/edgar/data/1371285/000137128518000154/0001371285-18-000154-index.html,https://www.sec.gov/Archives/edgar/data/1371285/000137128518000154/a10-qq22018.htm,1620599056,18:24:16,20210509
11,2018-03-31,TRUP,USD,2018-05-02 00:00:00,2018-05-01 17:45:37,Q1,69760000,58696000,11064000.0,0.15860091743119267,2164000.0,4458000.0,5938000.0,140000.0,12560000.0,71256000,219000.0,927000.0,-569000.0,-0.008156536697247706,-1496000.0,-0.021444954128440368,140000.0,-1575000.0,-0.022577408256880736,-95000.0,-1480000.0,-0.02121559633027523,-0.05,-0.05,30246585.0,30246585.0,https://www.sec.gov/Archives/edgar/data/1371285/000137128518000083/0001371285-18-000083-index.html,https://www.sec.gov/Archives/edgar/data/1371285/000137128518000083/a10-qq12018.htm,1620599056,18:24:16,20210509
12,2017-12-31,TRUP,USD,2018-02-14 00:00:00,2018-02-13 17:43:52,Q4,66545000,54808000,11737000.0,0.176376887820272,2572000.0,4546000.0,5781000.0,5000.0,12899000.0,67707000,163000.0,1024000.0,-138000.0,-0.0020737846569990233,-1162000.0,-0.017461867908933806,5000.0,-1320000.0,-0.019836201066947178,-482000.0,-838000.0,-0.012592982192501314,-0.02770560709580933,-0.02770560709580933,30246585.0,30246585.0,https://www.sec.gov/Archives/edgar/data/1371285/000137128518000014/0001371285-18-000014-index.html,https://www.sec.gov/Archives/edgar/data/1371285/000137128518000014/a10-kq42017.htm,1620599056,18:24:16,20210509
13,2017-09-30,TRUP,USD,2017-11-03 00:00:00,2017-11-02 17:41:35,Q3,63118000,51311000,11807000.0,0.18706232770366615,2471000.0,4017000.0,4862000.0,99000.0,11350000.0,62661000,124000.0,1095000.0,1552000.0,0.024588865299914445,457000.0,0.007240406856998003,99000.0,432000.0,0.0068443233309040214,26000.0,406000.0,0.006432396463766279,0.013516535883639538,0.012260682277977993,30037282.0,33113981.0,https://www.sec.gov/Archives/edgar/data/1371285/000137128517000152/0001371285-17-000152-index.html,https://www.sec.gov/Archives/edgar/data/1371285/000137128517000152/a10-qq32017.htm,1620599056,18:24:16,20210509
14,2017-06-30,TRUP,USD,2017-08-02 00:00:00,2017-08-01 17:42:40,Q2,58275000,47924000,10351000.0,0.17762333762333762,2322000.0,4245000.0,4372000.0,1112000.0,10939000.0,58863000,109000.0,1077000.0,489000.0,0.008391248391248392,-588000.0,-0.01009009009009009,1112000.0,415000.0,0.007121407121407121,4000.0,411000.0,0.007052767052767053,0.013927054156620804,0.012555513086082798,29510907.0,32734624.0,https://www.sec.gov/Archives/edgar/data/1371285/000137128517000114/0001371285-17-000114-index.html,https://www.sec.gov/Archives/edgar/data/1371285/000137128517000114/a10-qq22017.htm,1620599056,18:24:16,20210509
15,2017-03-31,TRUP,USD,2017-05-03 00:00:00,2017-05-02 18:10:27,Q1,54729000,45574000,9155000.0,0.16727877359352444,2403000.0,4012000.0,4089000.0,28000.0,10504000.0,56078000,137000.0,1036000.0,-313000.0,-0.005719088600193682,-1349000.0,-0.02464872371137788,28000.0,-1458000.0,-0.026640355204736062,24000.0,-1482000.0,-0.02707887957024612,-0.05,-0.05,29254681.0,29254681.0,https://www.sec.gov/Archives/edgar/data/1371285/000137128517000080/0001371285-17-000080-index.html,https://www.sec.gov/Archives/edgar/data/1371285/000137128517000080/a10-qq12017.htm,1620599056,18:24:16,20210509
16,2016-12-31,TRUP,USD,2017-02-15 00:00:00,2017-02-15 16:12:05,Q4,51340000,42122000,9218000.0,0.17954811063498247,2744000.0,4177000.0,3951000.0,-76000.0,10872000.0,52994000,81000.0,1229000.0,-425000.0,-0.008278145695364239,-1654000.0,-0.03221659524737047,-100000.0,-1716000.0,-0.03342423061940008,7000.0,-1723000.0,-0.03356057654850019,-0.05889655744323447,-0.05889655744323447,29254681.0,29254681.0,https://www.sec.gov/Archives/edgar/data/1371285/000137128517000024/0001371285-17-000024-index.html,https://www.sec.gov/Archives/edgar/data/1371285/000137128517000024/a10-kq42016.htm,1620599056,18:24:16,20210509
17,2016-09-30,TRUP,USD,2016-11-04 00:00:00,2016-11-03 17:32:46,Q3,48359000,39859000,8500000.0,0.17576872970905105,2339000.0,3811000.0,3892000.0,-16000.0,10042000.0,49901000,66000.0,1093000.0,-449000.0,-0.009284724663454579,-1542000.0,-0.0318865154366302,-16000.0,-1624000.0,-0.03358216671147046,13000.0,-1637000.0,-0.03385098947455489,-0.06,-0.06,28732417.0,28732417.0,https://www.sec.gov/Archives/edgar/data/1371285/000137128516000243/0001371285-16-000243-index.html,https://www.sec.gov/Archives/edgar/data/1371285/000137128516000243/a10-qq32016.htm,1620599056,18:24:16,20210509
18,2016-06-30,TRUP,USD,2016-08-05 00:00:00,2016-08-04 17:38:21,Q2,45832000,37566000,8266000.0,0.18035433758072963,2164000.0,3495000.0,3564000.0,38000.0,9223000.0,46789000,41000.0,739000.0,-218000.0,-0.004756502007331122,-957000.0,-0.02088060743585268,38000.0,-960000.0,-0.020946063885494852,4000.0,-964000.0,-0.021033339151684413,-0.03,-0.03,28348348.0,28348348.0,https://www.sec.gov/Archives/edgar/data/1371285/000137128516000213/0001371285-16-000213-index.html,https://www.sec.gov/Archives/edgar/data/1371285/000137128516000213/a10-qq22016.htm,1620599056,18:24:16,20210509
19,2016-03-31,TRUP,USD,2016-05-06 00:00:00,2016-05-05 17:33:53,Q1,42699000,35395000,7304000.0,0.1710578702077332,2287000.0,3722000.0,3840000.0,17000.0,9849000.0,45244000,30000.0,785000.0,-1760000.0,-0.04121876390547788,-2545000.0,-0.05960326939740977,17000.0,-2558000.0,-0.05990772617625705,14000.0,-2572000.0,-0.06023560270732336,-0.09,-0.09,27999248.0,27999248.0,https://www.sec.gov/Archives/edgar/data/1371285/000137128516000167/0001371285-16-000167-index.html,https://www.sec.gov/Archives/edgar/data/1371285/000137128516000167/a10-qq12016.htm,1620599056,18:24:16,20210509
20,2015-12-31,TRUP,USD,2016-02-17 00:00:00,2016-02-16 18:38:43,Q4,40201000,32931000,7270000.0,0.1808412726051591,2532000.0,3798000.0,3919000.0,-2000.0,10249000.0,43180000,27000.0,742000.0,-2237000.0,-0.05564538195567274,-2979000.0,-0.07410263426282929,-58000.0,-2989000.0,-0.07435138429392303,12000.0,-3001000.0,-0.07464988433123554,-0.11,-0.11,27856450.0,27856450.0,https://www.sec.gov/Archives/edgar/data/1371285/000137128516000128/0001371285-16-000128-index.html,https://www.sec.gov/Archives/edgar/data/1371285/000137128516000128/a10-kq42015.htm,1620599056,18:24:16,20210509
21,2015-09-30,TRUP,USD,2015-11-05 00:00:00,2015-11-04 18:34:56,Q3,37865000,31274000,6591000.0,0.17406575993661694,3005000.0,4067000.0,4128000.0,-4000.0,11200000.0,42474000,14000.0,671000.0,-3938000.0,-0.10400105638452396,-4609000.0,-0.12172190677406576,-4000.0,-4627000.0,-0.12219727980985079,16000.0,-4643000.0,-0.12261983361943747,-0.17,-0.17,27755310.0,27755310.0,https://www.sec.gov/Archives/edgar/data/1371285/000137128515000062/0001371285-15-000062-index.html,https://www.sec.gov/Archives/edgar/data/1371285/000137128515000062/a10-qq32015.htm,1620599056,18:24:16,20210509
22,2015-06-30,TRUP,USD,2015-08-05 00:00:00,2015-08-04 18:07:17,Q2,35587000,29801000,5786000.0,0.16258746171354707,2879000.0,3996000.0,3533000.0,15000.0,10408000.0,40209000,40000.0,563000.0,-4059000.0,-0.1140585045100739,-4622000.0,-0.1298788883581083,15000.0,-4647000.0,-0.13058139208137803,-22000.0,-4625000.0,-0.12996318880490065,-0.17,-0.17,27597721.0,27597721.0,https://www.sec.gov/Archives/edgar/data/1371285/000137128515000044/0001371285-15-000044-index.html,https://www.sec.gov/Archives/edgar/data/1371285/000137128515000044/a10-qq22015.htm,1620599056,18:24:16,20210509
23,2015-03-31,TRUP,USD,2015-05-07 00:00:00,2015-05-06 19:29:47,Q1,33310000,27728000,5582000.0,0.16757730411287902,2798000.0,3697000.0,3651000.0,-19000.0,10146000.0,37874000,245000.0,566000.0,-3998000.0,-0.12002401681176823,-4564000.0,-0.13701591113779646,-19000.0,-4828000.0,-0.14494145902131492,108000.0,-4936000.0,-0.14818372861002702,-0.18,-0.18,27337302.0,27337302.0,https://www.sec.gov/Archives/edgar/data/1371285/000137128515000022/0001371285-15-000022-index.html,https://www.sec.gov/Archives/edgar/data/1371285/000137128515000022/a10-qq12015.htm,1620599056,18:24:16,20210509
24,2014-12-31,TRUP,USD,2015-02-24,2015-02-24 17:27:35,Q4,31868000,26345000,5523000.0,0.17330864817371658,2614000.0,3849000.0,3218000.0,-1553000.0,9681000.0,36026000,103000.0,440000.0,-3718000.0,-0.11666875862934606,-4158000.0,-0.13047571231329233,-131000.0,-4319000.0,-0.13552780218400903,-43000.0,-4276000.0,-0.1341784862558052,-0.153642,-0.153642,27830941.0,27830941.0,https://www.sec.gov/Archives/edgar/data/1371285/000137128515000006/0001371285-15-000006-index.htm,https://www.sec.gov/Archives/edgar/data/1371285/000137128515000006/a10-kq42014.htm,1620599056,18:24:16,20210509
25,2014-09-30,TRUP,USD,2014-10-31 00:00:00,2014-10-30 18:20:39,Q3,30312000,25867000,4445000.0,0.14664159408814992,2532000.0,4385000.0,2934000.0,2066000.0,9851000.0,35718000,5155000.0,505000.0,-4901000.0,-0.16168514119820532,-5406000.0,-0.1783452098178939,2066000.0,-8495000.0,-0.2802520453945632,14000.0,-8509000.0,-0.2807139086830298,-0.306223,-0.306223,27786978.0,27786978.0,https://www.sec.gov/Archives/edgar/data/1371285/000137128514000009/0001371285-14-000009-index.html,https://www.sec.gov/Archives/edgar/data/1371285/000137128514000009/a10-qq32014.htm,1620599056,18:24:16,20210509
26,2014-06-30,TRUP,USD,2014-06-30,2014-06-30,Q2,28090000,22940000,5150000.0,0.18333926664293343,2553000.0,3292000.0,2810000.0,759000.0,8655000.0,31595000,726000.0,420000.0,-3085000.0,-0.10982556069775722,-3505000.0,-0.12477750088999644,759000.0,-3472000.0,-0.12360270558917764,7000.0,-3479000.0,-0.12385190459238163,-0.130993,-0.130993,26558716.0,26558716.0,,,1620599056,18:24:16,20210509
27,2014-03-31,TRUP,USD,2014-03-31,2014-03-31,Q1,25640000,20884000,4756000.0,0.18549141965678628,2200000.0,2786000.0,2646000.0,-1286000.0,7632000.0,28516000,736000.0,309000.0,-2567000.0,-0.10011700468018721,-2876000.0,-0.11216848673946958,-1286000.0,-4898000.0,-0.19102964118564741,15000.0,-4913000.0,-0.19161466458658347,-0.27,-0.27,18441179.0,18441179.0,,,1620599056,18:24:16,20210509
28,2013-12-31,TRUP,USD,2013-12-31,2013-12-31,Q4,24011000,19923000,4088000.0,0.1702552996543251,1697000.0,2670000.0,2238000.0,126000.0,6605000.0,26528000,189000.0,229000.0,-2288000.0,-0.09528965890633459,-2517000.0,-0.10482695431260672,-589000.0,-3209000.0,-0.13364707842238974,-6000.0,-3203000.0,-0.13339719295322977,-2.07564605536525,-2.07564605536525,1543134.0,1543134.0,,,1620599056,18:24:16,20210509
29,2013-09-30,TRUP,USD,2013-09-30,2013-09-30,Q3,22134000,18015000,4119000.0,0.18609379235565193,1156000.0,2033000.0,2013000.0,13000.0,5202000.0,23217000,154000.0,244000.0,-839000.0,-0.037905484774554986,-1083000.0,-0.04892924911900244,13000.0,-1224000.0,-0.055299539170506916,-2000.0,-1222000.0,-0.055209180446372096,-0.791895,-0.791895,1543134.0,1543134.0,,,1620599056,18:24:16,20210509
30,2013-06-30,TRUP,USD,2013-06-30,2013-06-30,Q2,19842000,16013000,3829000.0,0.19297449853845378,1152000.0,2022000.0,2268000.0,-73000.0,5442000.0,21455000,143000.0,213000.0,-1400000.0,-0.07055740348755166,-1613000.0,-0.08129220844672916,-73000.0,-1829000.0,-0.09217820784195141,-5000.0,-1824000.0,-0.09192621711521017,-1.18201,-1.18201,1543134.0,1543134.0,,,1620599056,18:24:16,20210509
31,2013-03-31,TRUP,USD,2013-03-31,2013-03-31,Q1,17842000,14234000,3608000.0,0.20221948212083848,883000.0,1927000.0,2572000.0,-111000.0,5382000.0,19616000,120000.0,206000.0,-1568000.0,-0.08788252438067481,-1774000.0,-0.09942831521129918,-111000.0,-2005000.0,-0.1123752942495236,-79000.0,-1926000.0,-0.10794753951350745,-0.10444,-0.10444,18441179.0,18441179.0,,,1620599056,18:24:16,20210509
