,date,symbol,reportedCurrency,fillingDate,acceptedDate,period,revenue,costOfRevenue,grossProfit,grossProfitRatio,researchAndDevelopmentExpenses,generalAndAdministrativeExpenses,sellingAndMarketingExpenses,otherExpenses,operatingExpenses,costAndExpenses,interestExpense,depreciationAndAmortization,ebitda,ebitdaratio,operatingIncome,operatingIncomeRatio,totalOtherIncomeExpensesNet,incomeBeforeTax,incomeBeforeTaxRatio,incomeTaxExpense,netIncome,netIncomeRatio,eps,epsdiluted,weightedAverageShsOut,weightedAverageShsOutDil,link,finalLink,timestamp,est_time,est_date
0,2019-06-30,ALANT.PA,EUR,2019-06-30,2019-06-30,Q2,6305846.25,2827213.25,3478633.0,0.5516520482877298,959.5,570559.25,88674.25,-871.0,0.0,6503926.0,26520.25,182213.25,-15866.5,-0.0025161571295843122,-198079.75,-0.031412080495936606,0.0,-367571.25,-0.05829055061404328,29204.5,-393319.25,-0.062373745633268494,-0.095,-0.095,4192495.0,4192495.0,https://www.infogreffe.com/recherche-entreprise-dirigeants/resultats-entreprise-dirigeants.html?ga_cat=globale&ga_q=A.L.A.N.T#phrase=A.L.A.N.T,https://www.infogreffe.com/recherche-entreprise-dirigeants/resultats-entreprise-dirigeants.html?ga_cat=globale&ga_q=A.L.A.N.T#phrase=A.L.A.N.T,1620586464,14:54:24,20210509
1,2019-03-31,ALANT.PA,EUR,2019-03-31,2019-03-31,Q1,6305846.25,2827213.25,3478633.0,0.5516520482877298,959.5,570559.25,88674.25,-871.0,0.0,6503926.0,26520.25,182213.25,-15866.5,-0.0025161571295843122,-198079.75,-0.031412080495936606,0.0,-367571.25,-0.05829055061404328,29204.5,-393319.25,-0.062373745633268494,-0.095,-0.095,4192495.0,4192495.0,https://www.infogreffe.com/recherche-entreprise-dirigeants/resultats-entreprise-dirigeants.html?ga_cat=globale&ga_q=A.L.A.N.T#phrase=A.L.A.N.T,https://www.infogreffe.com/recherche-entreprise-dirigeants/resultats-entreprise-dirigeants.html?ga_cat=globale&ga_q=A.L.A.N.T#phrase=A.L.A.N.T,1620586464,14:54:24,20210509
2,2019-01-31,ALANT.PA,EUR,2019-01-31,2019-01-31,Q1,6305846.25,2827213.25,3478633.0,0.5516520482877298,959.5,570559.25,88674.25,-871.0,0.0,6503926.0,26520.25,182213.25,-15866.5,-0.0025161571295843122,-198079.75,-0.031412080495936606,0.0,-367571.25,-0.05829055061404328,29204.5,-393319.25,-0.062373745633268494,-0.095,-0.095,4192495.0,4192495.0,https://www.infogreffe.com/recherche-entreprise-dirigeants/resultats-entreprise-dirigeants.html?ga_cat=globale&ga_q=A.L.A.N.T#phrase=A.L.A.N.T,https://www.infogreffe.com/recherche-entreprise-dirigeants/resultats-entreprise-dirigeants.html?ga_cat=globale&ga_q=A.L.A.N.T#phrase=A.L.A.N.T,1620586464,14:54:24,20210509
3,2018-06-30,ALANT.PA,EUR,2018-06-30,2018-06-30,Q2,7381740.5,0.0,7381740.5,1.0,2384.5,488163.5,80093.75,0.0,0.0,6534887.75,19660.75,87770.5,934623.25,0.12661285641238676,846852.75,0.11472263892235171,0.0,734044.5,0.09944057231488969,128554.0,605490.5,0.0820254383095694,0.145,0.145,4192495.0,4192495.0,https://www.infogreffe.com/recherche-entreprise-dirigeants/resultats-entreprise-dirigeants.html?ga_cat=globale&ga_q=A.L.A.N.T#phrase=A.L.A.N.T,https://www.infogreffe.com/recherche-entreprise-dirigeants/resultats-entreprise-dirigeants.html?ga_cat=globale&ga_q=A.L.A.N.T#phrase=A.L.A.N.T,1620586464,14:54:24,20210509
4,2018-03-31,ALANT.PA,EUR,2018-03-31,2018-03-31,Q1,7381740.5,0.0,7381740.5,1.0,2384.5,488163.5,80093.75,0.0,0.0,6534887.75,19660.75,87770.5,934623.25,0.12661285641238676,846852.75,0.11472263892235171,0.0,734044.5,0.09944057231488969,128554.0,605490.5,0.0820254383095694,0.145,0.145,4192495.0,4192495.0,https://www.infogreffe.com/recherche-entreprise-dirigeants/resultats-entreprise-dirigeants.html?ga_cat=globale&ga_q=A.L.A.N.T#phrase=A.L.A.N.T,https://www.infogreffe.com/recherche-entreprise-dirigeants/resultats-entreprise-dirigeants.html?ga_cat=globale&ga_q=A.L.A.N.T#phrase=A.L.A.N.T,1620586464,14:54:24,20210509
5,2018-01-31,ALANT.PA,EUR,2018-01-31,2018-01-31,Q1,7381740.5,0.0,7381740.5,1.0,2384.5,488163.5,80093.75,0.0,0.0,6534887.75,19660.75,87770.5,934623.25,0.12661285641238676,846852.75,0.11472263892235171,0.0,734044.5,0.09944057231488969,128554.0,605490.5,0.0820254383095694,0.145,0.145,4192495.0,4192495.0,https://www.infogreffe.com/recherche-entreprise-dirigeants/resultats-entreprise-dirigeants.html?ga_cat=globale&ga_q=A.L.A.N.T#phrase=A.L.A.N.T,https://www.infogreffe.com/recherche-entreprise-dirigeants/resultats-entreprise-dirigeants.html?ga_cat=globale&ga_q=A.L.A.N.T#phrase=A.L.A.N.T,1620586464,14:54:24,20210509
6,2017-06-30,ALANT.PA,EUR,2017-06-30,2017-06-30,Q2,7149803.0,2906199.25,4243603.75,0.5935273671176674,0.0,758058.0,0.0,27352.75,0.0,6261404.25,21753.25,91421.75,979820.5,0.1370416079995491,888398.75,0.12425499695586019,0.0,729026.0,0.10196448769287769,144448.5,584577.25,0.08176130866822484,0.145,0.145,4009147.0,4009147.0,https://www.infogreffe.com/recherche-entreprise-dirigeants/resultats-entreprise-dirigeants.html?ga_cat=globale&ga_q=A.L.A.N.T#phrase=A.L.A.N.T,https://www.infogreffe.com/recherche-entreprise-dirigeants/resultats-entreprise-dirigeants.html?ga_cat=globale&ga_q=A.L.A.N.T#phrase=A.L.A.N.T,1620586464,14:54:24,20210509
7,2017-03-31,ALANT.PA,EUR,2017-03-31,2017-03-31,Q1,7149803.0,2906199.25,4243603.75,0.5935273671176674,0.0,758058.0,0.0,27352.75,0.0,6261404.25,21753.25,91421.75,979820.5,0.1370416079995491,888398.75,0.12425499695586019,0.0,729026.0,0.10196448769287769,144448.5,584577.25,0.08176130866822484,0.145,0.145,4009147.0,4009147.0,https://www.infogreffe.com/recherche-entreprise-dirigeants/resultats-entreprise-dirigeants.html?ga_cat=globale&ga_q=A.L.A.N.T#phrase=A.L.A.N.T,https://www.infogreffe.com/recherche-entreprise-dirigeants/resultats-entreprise-dirigeants.html?ga_cat=globale&ga_q=A.L.A.N.T#phrase=A.L.A.N.T,1620586464,14:54:24,20210509
8,2017-01-31,ALANT.PA,EUR,2017-01-31,2017-01-31,Q1,7149803.0,2906199.25,4243603.75,0.5935273671176674,0.0,758058.0,0.0,27352.75,0.0,6261404.25,21753.25,91421.75,979820.5,0.1370416079995491,888398.75,0.12425499695586019,0.0,729026.0,0.10196448769287769,144448.5,584577.25,0.08176130866822484,0.145,0.145,4009147.0,4009147.0,https://www.infogreffe.com/recherche-entreprise-dirigeants/resultats-entreprise-dirigeants.html?ga_cat=globale&ga_q=A.L.A.N.T#phrase=A.L.A.N.T,https://www.infogreffe.com/recherche-entreprise-dirigeants/resultats-entreprise-dirigeants.html?ga_cat=globale&ga_q=A.L.A.N.T#phrase=A.L.A.N.T,1620586464,14:54:24,20210509
9,2016-06-30,ALANT.PA,EUR,2016-06-30,2016-06-30,Q2,6344646.0,2752124.0,3592522.0,0.5662289117470068,0.0,0.0,0.0,0.0,0.0,5645596.25,0.0,86460.0,785509.75,0.12380671041378825,699049.75,0.11017947258207944,0.0,525024.5,0.08275079492220686,723.75,524300.75,0.08263672236402157,0.13,0.13,4009147.0,4009147.0,https://www.infogreffe.com/recherche-entreprise-dirigeants/resultats-entreprise-dirigeants.html?ga_cat=globale&ga_q=A.L.A.N.T#phrase=A.L.A.N.T,https://www.infogreffe.com/recherche-entreprise-dirigeants/resultats-entreprise-dirigeants.html?ga_cat=globale&ga_q=A.L.A.N.T#phrase=A.L.A.N.T,1620586464,14:54:24,20210509
10,2016-03-31,ALANT.PA,EUR,2016-03-31,2016-03-31,Q1,6344646.0,2752124.0,3592522.0,0.5662289117470068,0.0,0.0,0.0,0.0,0.0,5645596.25,0.0,86460.0,785509.75,0.12380671041378825,699049.75,0.11017947258207944,0.0,525024.5,0.08275079492220686,723.75,524300.75,0.08263672236402157,0.13,0.13,4009147.0,4009147.0,https://www.infogreffe.com/recherche-entreprise-dirigeants/resultats-entreprise-dirigeants.html?ga_cat=globale&ga_q=A.L.A.N.T#phrase=A.L.A.N.T,https://www.infogreffe.com/recherche-entreprise-dirigeants/resultats-entreprise-dirigeants.html?ga_cat=globale&ga_q=A.L.A.N.T#phrase=A.L.A.N.T,1620586464,14:54:24,20210509
11,2016-01-31,ALANT.PA,EUR,2016-01-31,2016-01-31,Q1,6344646.0,2752124.0,3592522.0,0.5662289117470068,0.0,0.0,0.0,0.0,0.0,5645596.25,0.0,86460.0,785509.75,0.12380671041378825,699049.75,0.11017947258207944,0.0,525024.5,0.08275079492220686,723.75,524300.75,0.08263672236402157,0.13,0.13,4009147.0,4009147.0,https://www.infogreffe.com/recherche-entreprise-dirigeants/resultats-entreprise-dirigeants.html?ga_cat=globale&ga_q=A.L.A.N.T#phrase=A.L.A.N.T,https://www.infogreffe.com/recherche-entreprise-dirigeants/resultats-entreprise-dirigeants.html?ga_cat=globale&ga_q=A.L.A.N.T#phrase=A.L.A.N.T,1620586464,14:54:24,20210509
12,2015-09-30,ALANT.PA,EUR,2015-09-30,2015-09-30,Q3,5760252.0,2527416.25,3232835.75,0.561231652712416,0.0,659686.5,0.0,-2620.25,0.0,5305767.5,13517.25,82119.75,536604.25,0.09315638447762355,454484.5,0.07890010714809005,0.0,348456.75,0.060493316959049706,29452.5,319004.5,0.05538030280619667,0.08,0.08,4009147.0,4009147.0,https://www.infogreffe.com/recherche-entreprise-dirigeants/resultats-entreprise-dirigeants.html?ga_cat=globale&ga_q=A.L.A.N.T#phrase=A.L.A.N.T,https://www.infogreffe.com/recherche-entreprise-dirigeants/resultats-entreprise-dirigeants.html?ga_cat=globale&ga_q=A.L.A.N.T#phrase=A.L.A.N.T,1620586464,14:54:24,20210509
13,2015-06-30,ALANT.PA,EUR,2015-06-30,2015-06-30,Q2,5760252.0,2527416.25,3232835.75,0.561231652712416,0.0,659686.5,0.0,-2620.25,0.0,5305767.5,13517.25,82119.75,536604.25,0.09315638447762355,454484.5,0.07890010714809005,0.0,348456.75,0.060493316959049706,29452.5,319004.5,0.05538030280619667,0.08,0.08,4009147.0,4009147.0,https://www.infogreffe.com/recherche-entreprise-dirigeants/resultats-entreprise-dirigeants.html?ga_cat=globale&ga_q=A.L.A.N.T#phrase=A.L.A.N.T,https://www.infogreffe.com/recherche-entreprise-dirigeants/resultats-entreprise-dirigeants.html?ga_cat=globale&ga_q=A.L.A.N.T#phrase=A.L.A.N.T,1620586464,14:54:24,20210509
14,2015-03-31,ALANT.PA,EUR,2015-03-31,2015-03-31,Q1,5760252.0,2527416.25,3232835.75,0.561231652712416,0.0,659686.5,0.0,-2620.25,0.0,5305767.5,13517.25,82119.75,536604.25,0.09315638447762355,454484.5,0.07890010714809005,0.0,348456.75,0.060493316959049706,29452.5,319004.5,0.05538030280619667,0.08,0.08,4009147.0,4009147.0,https://www.infogreffe.com/recherche-entreprise-dirigeants/resultats-entreprise-dirigeants.html?ga_cat=globale&ga_q=A.L.A.N.T#phrase=A.L.A.N.T,https://www.infogreffe.com/recherche-entreprise-dirigeants/resultats-entreprise-dirigeants.html?ga_cat=globale&ga_q=A.L.A.N.T#phrase=A.L.A.N.T,1620586464,14:54:24,20210509
15,2015-01-31,ALANT.PA,EUR,2015-01-31,2015-01-31,Q1,5760252.0,2527416.25,3232835.75,0.561231652712416,0.0,659686.5,0.0,-2620.25,0.0,5305767.5,13517.25,82119.75,536604.25,0.09315638447762355,454484.5,0.07890010714809005,0.0,348456.75,0.060493316959049706,29452.5,319004.5,0.05538030280619667,0.08,0.08,4009147.0,4009147.0,https://www.infogreffe.com/recherche-entreprise-dirigeants/resultats-entreprise-dirigeants.html?ga_cat=globale&ga_q=A.L.A.N.T#phrase=A.L.A.N.T,https://www.infogreffe.com/recherche-entreprise-dirigeants/resultats-entreprise-dirigeants.html?ga_cat=globale&ga_q=A.L.A.N.T#phrase=A.L.A.N.T,1620586464,14:54:24,20210509
16,2014-09-30,ALANT.PA,EUR,2014-09-30,2014-09-30,Q3,5176466.25,2499303.25,2677163.0,0.5171796493408993,0.0,697684.75,0.0,-20749.0,0.0,5133545.0,0.0,59033.5,101954.75,0.01969582048371319,42921.25,0.008291612062572609,0.0,-30969.5,-0.005982749332133673,67636.75,-98606.5,-0.019048998918905345,-0.0225,-0.0225,4199147.0,4199147.0,https://www.infogreffe.com/recherche-entreprise-dirigeants/resultats-entreprise-dirigeants.html?ga_cat=globale&ga_q=A.L.A.N.T#phrase=A.L.A.N.T,https://www.infogreffe.com/recherche-entreprise-dirigeants/resultats-entreprise-dirigeants.html?ga_cat=globale&ga_q=A.L.A.N.T#phrase=A.L.A.N.T,1620586464,14:54:24,20210509
17,2014-06-30,ALANT.PA,EUR,2014-06-30,2014-06-30,Q2,5176466.25,2499303.25,2677163.0,0.5171796493408993,0.0,697684.75,0.0,-20749.0,0.0,5133545.0,0.0,59033.5,101954.75,0.01969582048371319,42921.25,0.008291612062572609,0.0,-30969.5,-0.005982749332133673,67636.75,-98606.5,-0.019048998918905345,-0.0225,-0.0225,4199147.0,4199147.0,https://www.infogreffe.com/recherche-entreprise-dirigeants/resultats-entreprise-dirigeants.html?ga_cat=globale&ga_q=A.L.A.N.T#phrase=A.L.A.N.T,https://www.infogreffe.com/recherche-entreprise-dirigeants/resultats-entreprise-dirigeants.html?ga_cat=globale&ga_q=A.L.A.N.T#phrase=A.L.A.N.T,1620586464,14:54:24,20210509
18,2014-03-31,ALANT.PA,EUR,2014-03-31,2014-03-31,Q1,5176466.25,2499303.25,2677163.0,0.5171796493408993,0.0,697684.75,0.0,-20749.0,0.0,5133545.0,0.0,59033.5,101954.75,0.01969582048371319,42921.25,0.008291612062572609,0.0,-30969.5,-0.005982749332133673,67636.75,-98606.5,-0.019048998918905345,-0.0225,-0.0225,4199147.0,4199147.0,https://www.infogreffe.com/recherche-entreprise-dirigeants/resultats-entreprise-dirigeants.html?ga_cat=globale&ga_q=A.L.A.N.T#phrase=A.L.A.N.T,https://www.infogreffe.com/recherche-entreprise-dirigeants/resultats-entreprise-dirigeants.html?ga_cat=globale&ga_q=A.L.A.N.T#phrase=A.L.A.N.T,1620586464,14:54:24,20210509
19,2014-01-31,ALANT.PA,EUR,2014-01-31,2014-01-31,Q1,5176466.25,2499303.25,2677163.0,0.5171796493408993,0.0,697684.75,0.0,-20749.0,0.0,5133545.0,0.0,59033.5,101954.75,0.01969582048371319,42921.25,0.008291612062572609,0.0,-30969.5,-0.005982749332133673,67636.75,-98606.5,-0.019048998918905345,-0.0225,-0.0225,4199147.0,4199147.0,https://www.infogreffe.com/recherche-entreprise-dirigeants/resultats-entreprise-dirigeants.html?ga_cat=globale&ga_q=A.L.A.N.T#phrase=A.L.A.N.T,https://www.infogreffe.com/recherche-entreprise-dirigeants/resultats-entreprise-dirigeants.html?ga_cat=globale&ga_q=A.L.A.N.T#phrase=A.L.A.N.T,1620586464,14:54:24,20210509
20,2013-09-30,ALANT.PA,EUR,2013-09-30,2013-09-30,Q3,5015590.75,2403251.0,2612339.75,0.5208438806535401,0.0,0.0,679821.75,0.0,0.0,5144217.25,0.0,344530.75,215904.25,0.043046624168847906,-128626.5,-0.025645334001782344,0.0,-1297669.0,-0.25872705024826836,75046.5,-1367014.75,-0.272553088586823,-0.325,-0.325,4199147.0,4199147.0,https://www.infogreffe.com/recherche-entreprise-dirigeants/resultats-entreprise-dirigeants.html?ga_cat=globale&ga_q=A.L.A.N.T#phrase=A.L.A.N.T,https://www.infogreffe.com/recherche-entreprise-dirigeants/resultats-entreprise-dirigeants.html?ga_cat=globale&ga_q=A.L.A.N.T#phrase=A.L.A.N.T,1620586464,14:54:24,20210509
21,2013-06-30,ALANT.PA,EUR,2013-06-30,2013-06-30,Q2,5015590.75,2403251.0,2612339.75,0.5208438806535401,0.0,0.0,679821.75,0.0,0.0,5144217.25,0.0,344530.75,215904.25,0.043046624168847906,-128626.5,-0.025645334001782344,0.0,-1297669.0,-0.25872705024826836,75046.5,-1367014.75,-0.272553088586823,-0.325,-0.325,4199147.0,4199147.0,https://www.infogreffe.com/recherche-entreprise-dirigeants/resultats-entreprise-dirigeants.html?ga_cat=globale&ga_q=A.L.A.N.T#phrase=A.L.A.N.T,https://www.infogreffe.com/recherche-entreprise-dirigeants/resultats-entreprise-dirigeants.html?ga_cat=globale&ga_q=A.L.A.N.T#phrase=A.L.A.N.T,1620586464,14:54:24,20210509
22,2013-03-31,ALANT.PA,EUR,2013-03-31,2013-03-31,Q1,5015590.75,2403251.0,2612339.75,0.5208438806535401,0.0,0.0,679821.75,0.0,0.0,5144217.25,0.0,344530.75,215904.25,0.043046624168847906,-128626.5,-0.025645334001782344,0.0,-1297669.0,-0.25872705024826836,75046.5,-1367014.75,-0.272553088586823,-0.325,-0.325,4199147.0,4199147.0,https://www.infogreffe.com/recherche-entreprise-dirigeants/resultats-entreprise-dirigeants.html?ga_cat=globale&ga_q=A.L.A.N.T#phrase=A.L.A.N.T,https://www.infogreffe.com/recherche-entreprise-dirigeants/resultats-entreprise-dirigeants.html?ga_cat=globale&ga_q=A.L.A.N.T#phrase=A.L.A.N.T,1620586464,14:54:24,20210509
23,2013-01-31,ALANT.PA,EUR,2013-01-31,2013-01-31,Q1,5015590.75,2403251.0,2612339.75,0.5208438806535401,0.0,0.0,679821.75,0.0,0.0,5144217.25,0.0,344530.75,215904.25,0.043046624168847906,-128626.5,-0.025645334001782344,0.0,-1297669.0,-0.25872705024826836,75046.5,-1367014.75,-0.272553088586823,-0.325,-0.325,4199147.0,4199147.0,https://www.infogreffe.com/recherche-entreprise-dirigeants/resultats-entreprise-dirigeants.html?ga_cat=globale&ga_q=A.L.A.N.T#phrase=A.L.A.N.T,https://www.infogreffe.com/recherche-entreprise-dirigeants/resultats-entreprise-dirigeants.html?ga_cat=globale&ga_q=A.L.A.N.T#phrase=A.L.A.N.T,1620586464,14:54:24,20210509
24,2012-09-30,ALANT.PA,EUR,2012-09-30,2012-09-30,Q3,6048372.0375,2995759.57,3052612.4675,0.5046998512283563,0.0,0.0,626292.8025,0.0,0.0,5768815.8575,46270.4175,409162.435,688718.615,0.11386842785627835,279556.18,0.04622007017206405,0.0,92844.9825,0.01535040865944748,38367.1775,70908.1975,0.011723517842548058,0.0175,0.0175,4199147.0,4199147.0,https://www.infogreffe.com/recherche-entreprise-dirigeants/resultats-entreprise-dirigeants.html?ga_cat=globale&ga_q=A.L.A.N.T#phrase=A.L.A.N.T,https://www.infogreffe.com/recherche-entreprise-dirigeants/resultats-entreprise-dirigeants.html?ga_cat=globale&ga_q=A.L.A.N.T#phrase=A.L.A.N.T,1620586464,14:54:24,20210509
25,2012-06-30,ALANT.PA,EUR,2012-06-30,2012-06-30,Q2,6048372.0375,2995759.57,3052612.4675,0.5046998512283563,0.0,0.0,626292.8025,0.0,0.0,5768815.8575,46270.4175,409162.435,688718.615,0.11386842785627835,279556.18,0.04622007017206405,0.0,92844.9825,0.01535040865944748,38367.1775,70908.1975,0.011723517842548058,0.0175,0.0175,4199147.0,4199147.0,https://www.infogreffe.com/recherche-entreprise-dirigeants/resultats-entreprise-dirigeants.html?ga_cat=globale&ga_q=A.L.A.N.T#phrase=A.L.A.N.T,https://www.infogreffe.com/recherche-entreprise-dirigeants/resultats-entreprise-dirigeants.html?ga_cat=globale&ga_q=A.L.A.N.T#phrase=A.L.A.N.T,1620586464,14:54:24,20210509
26,2012-03-31,ALANT.PA,EUR,2012-03-31,2012-03-31,Q1,6048372.0375,2995759.57,3052612.4675,0.5046998512283563,0.0,0.0,626292.8025,0.0,0.0,5768815.8575,46270.4175,409162.435,688718.615,0.11386842785627835,279556.18,0.04622007017206405,0.0,92844.9825,0.01535040865944748,38367.1775,70908.1975,0.011723517842548058,0.0175,0.0175,4199147.0,4199147.0,https://www.infogreffe.com/recherche-entreprise-dirigeants/resultats-entreprise-dirigeants.html?ga_cat=globale&ga_q=A.L.A.N.T#phrase=A.L.A.N.T,https://www.infogreffe.com/recherche-entreprise-dirigeants/resultats-entreprise-dirigeants.html?ga_cat=globale&ga_q=A.L.A.N.T#phrase=A.L.A.N.T,1620586464,14:54:24,20210509
27,2012-01-31,ALANT.PA,EUR,2012-01-31,2012-01-31,Q1,6048372.0375,2995759.57,3052612.4675,0.5046998512283563,0.0,0.0,626292.8025,0.0,0.0,5768815.8575,46270.4175,409162.435,688718.615,0.11386842785627835,279556.18,0.04622007017206405,0.0,92844.9825,0.01535040865944748,38367.1775,70908.1975,0.011723517842548058,0.0175,0.0175,4199147.0,4199147.0,https://www.infogreffe.com/recherche-entreprise-dirigeants/resultats-entreprise-dirigeants.html?ga_cat=globale&ga_q=A.L.A.N.T#phrase=A.L.A.N.T,https://www.infogreffe.com/recherche-entreprise-dirigeants/resultats-entreprise-dirigeants.html?ga_cat=globale&ga_q=A.L.A.N.T#phrase=A.L.A.N.T,1620586464,14:54:24,20210509
28,2011-09-30,ALANT.PA,EUR,2011-09-30,2011-09-30,Q3,5756514.655,2604228.1325,3152286.5225,0.5476033175320736,0.0,0.0,0.0,2437.1275,0.0,5248729.3525,0.0,393559.28,901344.5825,0.15657817907526894,507785.3025,0.08821054629973837,0.0,510222.43,0.08863391489098883,229258.25,280964.18,0.048808036952700154,0.075,0.075,4207495.0,4207495.0,https://www.infogreffe.com/recherche-entreprise-dirigeants/resultats-entreprise-dirigeants.html?ga_cat=globale&ga_q=A.L.A.N.T#phrase=A.L.A.N.T,https://www.infogreffe.com/recherche-entreprise-dirigeants/resultats-entreprise-dirigeants.html?ga_cat=globale&ga_q=A.L.A.N.T#phrase=A.L.A.N.T,1620586464,14:54:24,20210509
29,2011-06-30,ALANT.PA,EUR,2011-06-30,2011-06-30,Q2,5756514.655,2604228.1325,3152286.5225,0.5476033175320736,0.0,0.0,0.0,2437.1275,0.0,5248729.3525,0.0,393559.28,901344.5825,0.15657817907526894,507785.3025,0.08821054629973837,0.0,510222.43,0.08863391489098883,229258.25,280964.18,0.048808036952700154,0.075,0.075,4207495.0,4207495.0,https://www.infogreffe.com/recherche-entreprise-dirigeants/resultats-entreprise-dirigeants.html?ga_cat=globale&ga_q=A.L.A.N.T#phrase=A.L.A.N.T,https://www.infogreffe.com/recherche-entreprise-dirigeants/resultats-entreprise-dirigeants.html?ga_cat=globale&ga_q=A.L.A.N.T#phrase=A.L.A.N.T,1620586464,14:54:24,20210509
30,2011-03-31,ALANT.PA,EUR,2011-03-31,2011-03-31,Q1,5756514.655,2604228.1325,3152286.5225,0.5476033175320736,0.0,0.0,0.0,2437.1275,0.0,5248729.3525,0.0,393559.28,901344.5825,0.15657817907526894,507785.3025,0.08821054629973837,0.0,510222.43,0.08863391489098883,229258.25,280964.18,0.048808036952700154,0.075,0.075,4207495.0,4207495.0,https://www.infogreffe.com/recherche-entreprise-dirigeants/resultats-entreprise-dirigeants.html?ga_cat=globale&ga_q=A.L.A.N.T#phrase=A.L.A.N.T,https://www.infogreffe.com/recherche-entreprise-dirigeants/resultats-entreprise-dirigeants.html?ga_cat=globale&ga_q=A.L.A.N.T#phrase=A.L.A.N.T,1620586464,14:54:24,20210509
31,2011-01-31,ALANT.PA,EUR,2011-01-31,2011-01-31,Q1,5756514.655,2604228.1325,3152286.5225,0.5476033175320736,0.0,0.0,0.0,2437.1275,0.0,5248729.3525,0.0,393559.28,901344.5825,0.15657817907526894,507785.3025,0.08821054629973837,0.0,510222.43,0.08863391489098883,229258.25,280964.18,0.048808036952700154,0.075,0.075,4207495.0,4207495.0,https://www.infogreffe.com/recherche-entreprise-dirigeants/resultats-entreprise-dirigeants.html?ga_cat=globale&ga_q=A.L.A.N.T#phrase=A.L.A.N.T,https://www.infogreffe.com/recherche-entreprise-dirigeants/resultats-entreprise-dirigeants.html?ga_cat=globale&ga_q=A.L.A.N.T#phrase=A.L.A.N.T,1620586464,14:54:24,20210509
32,2010-09-30,ALANT.PA,EUR,2010-09-30,2010-09-30,Q3,5212374.59,2375770.645,2836603.945,0.5442056966592649,0.0,0.0,0.0,0.0,0.0,4738344.02,22764.14,153285.3575,627315.9275,0.12035127496467977,474030.57,0.09094330459469147,0.0,483160.7775,0.09269494529939377,181386.4375,301774.34,0.05789575073498316,0.0551795,0.0551795,4207495.0,4207495.0,https://www.infogreffe.com/recherche-entreprise-dirigeants/resultats-entreprise-dirigeants.html?ga_cat=globale&ga_q=A.L.A.N.T#phrase=A.L.A.N.T,https://www.infogreffe.com/recherche-entreprise-dirigeants/resultats-entreprise-dirigeants.html?ga_cat=globale&ga_q=A.L.A.N.T#phrase=A.L.A.N.T,1620586464,14:54:24,20210509
33,2010-06-30,ALANT.PA,EUR,2010-06-30,2010-06-30,Q2,5212374.59,2375770.645,2836603.945,0.5442056966592649,0.0,0.0,0.0,0.0,0.0,4738344.02,22764.14,153285.3575,627315.9275,0.12035127496467977,474030.57,0.09094330459469147,0.0,483160.7775,0.09269494529939377,181386.4375,301774.34,0.05789575073498316,0.0551795,0.0551795,4207495.0,4207495.0,https://www.infogreffe.com/recherche-entreprise-dirigeants/resultats-entreprise-dirigeants.html?ga_cat=globale&ga_q=A.L.A.N.T#phrase=A.L.A.N.T,https://www.infogreffe.com/recherche-entreprise-dirigeants/resultats-entreprise-dirigeants.html?ga_cat=globale&ga_q=A.L.A.N.T#phrase=A.L.A.N.T,1620586464,14:54:24,20210509
34,2010-03-31,ALANT.PA,EUR,2010-03-31,2010-03-31,Q1,5212374.59,2375770.645,2836603.945,0.5442056966592649,0.0,0.0,0.0,0.0,0.0,4738344.02,22764.14,153285.3575,627315.9275,0.12035127496467977,474030.57,0.09094330459469147,0.0,483160.7775,0.09269494529939377,181386.4375,301774.34,0.05789575073498316,0.0551795,0.0551795,4207495.0,4207495.0,https://www.infogreffe.com/recherche-entreprise-dirigeants/resultats-entreprise-dirigeants.html?ga_cat=globale&ga_q=A.L.A.N.T#phrase=A.L.A.N.T,https://www.infogreffe.com/recherche-entreprise-dirigeants/resultats-entreprise-dirigeants.html?ga_cat=globale&ga_q=A.L.A.N.T#phrase=A.L.A.N.T,1620586464,14:54:24,20210509
35,2010-01-31,ALANT.PA,EUR,2010-01-31,2010-01-31,Q1,5212374.59,2375770.645,2836603.945,0.5442056966592649,0.0,0.0,0.0,0.0,0.0,4738344.02,22764.14,153285.3575,627315.9275,0.12035127496467977,474030.57,0.09094330459469147,0.0,483160.7775,0.09269494529939377,181386.4375,301774.34,0.05789575073498316,0.0551795,0.0551795,4207495.0,4207495.0,https://www.infogreffe.com/recherche-entreprise-dirigeants/resultats-entreprise-dirigeants.html?ga_cat=globale&ga_q=A.L.A.N.T#phrase=A.L.A.N.T,https://www.infogreffe.com/recherche-entreprise-dirigeants/resultats-entreprise-dirigeants.html?ga_cat=globale&ga_q=A.L.A.N.T#phrase=A.L.A.N.T,1620586464,14:54:24,20210509
36,2009-09-30,ALANT.PA,EUR,2009-09-30,2009-09-30,Q3,4073131.0225,1867948.61,2205182.4125,0.5413973673615111,0.0,0.0,0.0,0.0,0.0,3548213.6075,14063.6475,94240.285,619157.7000000001,0.15201025858971126,524917.415,0.12887319659013008,0.0,561006.995,0.1377335990178057,178203.025,382803.97,0.09398272922854398,0.07024825,0.07024825,4207495.0,4207495.0,https://www.infogreffe.com/recherche-entreprise-dirigeants/resultats-entreprise-dirigeants.html?ga_cat=globale&ga_q=A.L.A.N.T#phrase=A.L.A.N.T,https://www.infogreffe.com/recherche-entreprise-dirigeants/resultats-entreprise-dirigeants.html?ga_cat=globale&ga_q=A.L.A.N.T#phrase=A.L.A.N.T,1620586464,14:54:24,20210509
37,2009-06-30,ALANT.PA,EUR,2009-06-30,2009-06-30,Q2,4073131.0225,1867948.61,2205182.4125,0.5413973673615111,0.0,0.0,0.0,0.0,0.0,3548213.6075,14063.6475,94240.285,619157.7000000001,0.15201025858971126,524917.415,0.12887319659013008,0.0,561006.995,0.1377335990178057,178203.025,382803.97,0.09398272922854398,0.07024825,0.07024825,4207495.0,4207495.0,https://www.infogreffe.com/recherche-entreprise-dirigeants/resultats-entreprise-dirigeants.html?ga_cat=globale&ga_q=A.L.A.N.T#phrase=A.L.A.N.T,https://www.infogreffe.com/recherche-entreprise-dirigeants/resultats-entreprise-dirigeants.html?ga_cat=globale&ga_q=A.L.A.N.T#phrase=A.L.A.N.T,1620586464,14:54:24,20210509
38,2009-03-31,ALANT.PA,EUR,2009-03-31,2009-03-31,Q1,4073131.0225,1867948.61,2205182.4125,0.5413973673615111,0.0,0.0,0.0,0.0,0.0,3548213.6075,14063.6475,94240.285,619157.7000000001,0.15201025858971126,524917.415,0.12887319659013008,0.0,561006.995,0.1377335990178057,178203.025,382803.97,0.09398272922854398,0.07024825,0.07024825,4207495.0,4207495.0,https://www.infogreffe.com/recherche-entreprise-dirigeants/resultats-entreprise-dirigeants.html?ga_cat=globale&ga_q=A.L.A.N.T#phrase=A.L.A.N.T,https://www.infogreffe.com/recherche-entreprise-dirigeants/resultats-entreprise-dirigeants.html?ga_cat=globale&ga_q=A.L.A.N.T#phrase=A.L.A.N.T,1620586464,14:54:24,20210509
39,2009-01-31,ALANT.PA,EUR,2009-01-31,2009-01-31,Q1,4073131.0225,1867948.61,2205182.4125,0.5413973673615111,0.0,0.0,0.0,0.0,0.0,3548213.6075,14063.6475,94240.285,619157.7000000001,0.15201025858971126,524917.415,0.12887319659013008,0.0,561006.995,0.1377335990178057,178203.025,382803.97,0.09398272922854398,0.07024825,0.07024825,4207495.0,4207495.0,https://www.infogreffe.com/recherche-entreprise-dirigeants/resultats-entreprise-dirigeants.html?ga_cat=globale&ga_q=A.L.A.N.T#phrase=A.L.A.N.T,https://www.infogreffe.com/recherche-entreprise-dirigeants/resultats-entreprise-dirigeants.html?ga_cat=globale&ga_q=A.L.A.N.T#phrase=A.L.A.N.T,1620586464,14:54:24,20210509
40,2008-09-30,ALANT.PA,EUR,2008-09-30,2008-09-30,Q3,4840567.6,2488929.605,2351637.995,0.4858186455241324,0.0,0.0,0.0,0.0,0.0,6470325.9825,9464.435,77783.37,-1551975.0125000002,-0.3206183945246422,-1629758.3825,-0.3366874542770563,0.0,960264.4975,0.1983784912951118,239092.5275,721171.97,0.148985001263075,0.15025875,0.15025875,4207495.0,4207495.0,https://www.infogreffe.com/recherche-entreprise-dirigeants/resultats-entreprise-dirigeants.html?ga_cat=globale&ga_q=A.L.A.N.T#phrase=A.L.A.N.T,https://www.infogreffe.com/recherche-entreprise-dirigeants/resultats-entreprise-dirigeants.html?ga_cat=globale&ga_q=A.L.A.N.T#phrase=A.L.A.N.T,1620586464,14:54:24,20210509
41,2008-06-30,ALANT.PA,EUR,2008-06-30,2008-06-30,Q2,4840567.6,2488929.605,2351637.995,0.4858186455241324,0.0,0.0,0.0,0.0,0.0,6470325.9825,9464.435,77783.37,-1551975.0125000002,-0.3206183945246422,-1629758.3825,-0.3366874542770563,0.0,960264.4975,0.1983784912951118,239092.5275,721171.97,0.148985001263075,0.15025875,0.15025875,4207495.0,4207495.0,https://www.infogreffe.com/recherche-entreprise-dirigeants/resultats-entreprise-dirigeants.html?ga_cat=globale&ga_q=A.L.A.N.T#phrase=A.L.A.N.T,https://www.infogreffe.com/recherche-entreprise-dirigeants/resultats-entreprise-dirigeants.html?ga_cat=globale&ga_q=A.L.A.N.T#phrase=A.L.A.N.T,1620586464,14:54:24,20210509
42,2008-03-31,ALANT.PA,EUR,2008-03-31,2008-03-31,Q1,4840567.6,2488929.605,2351637.995,0.4858186455241324,0.0,0.0,0.0,0.0,0.0,6470325.9825,9464.435,77783.37,-1551975.0125000002,-0.3206183945246422,-1629758.3825,-0.3366874542770563,0.0,960264.4975,0.1983784912951118,239092.5275,721171.97,0.148985001263075,0.15025875,0.15025875,4207495.0,4207495.0,https://www.infogreffe.com/recherche-entreprise-dirigeants/resultats-entreprise-dirigeants.html?ga_cat=globale&ga_q=A.L.A.N.T#phrase=A.L.A.N.T,https://www.infogreffe.com/recherche-entreprise-dirigeants/resultats-entreprise-dirigeants.html?ga_cat=globale&ga_q=A.L.A.N.T#phrase=A.L.A.N.T,1620586464,14:54:24,20210509
43,2008-01-31,ALANT.PA,EUR,2008-01-31,2008-01-31,Q1,4840567.6,2488929.605,2351637.995,0.4858186455241324,0.0,0.0,0.0,0.0,0.0,6470325.9825,9464.435,77783.37,-1551975.0125000002,-0.3206183945246422,-1629758.3825,-0.3366874542770563,0.0,960264.4975,0.1983784912951118,239092.5275,721171.97,0.148985001263075,0.15025875,0.15025875,4207495.0,4207495.0,https://www.infogreffe.com/recherche-entreprise-dirigeants/resultats-entreprise-dirigeants.html?ga_cat=globale&ga_q=A.L.A.N.T#phrase=A.L.A.N.T,https://www.infogreffe.com/recherche-entreprise-dirigeants/resultats-entreprise-dirigeants.html?ga_cat=globale&ga_q=A.L.A.N.T#phrase=A.L.A.N.T,1620586464,14:54:24,20210509
44,2007-09-30,ALANT.PA,EUR,2007-09-30,2007-09-30,Q3,3421265.185,1818663.4725,1602601.7125,0.468423704636038,0.0,0.0,0.0,0.0,0.0,4713244.5775,2814.665,46939.7675,-1245039.625,-0.3639120493958436,-1291979.3925,-0.37763205207374184,0.0,599768.735,0.17530612290143185,124823.0575,474918.4075,0.13881367909807318,0.11242875,0.11242875,4207495.0,4207495.0,https://www.infogreffe.com/recherche-entreprise-dirigeants/resultats-entreprise-dirigeants.html?ga_cat=globale&ga_q=A.L.A.N.T#phrase=A.L.A.N.T,https://www.infogreffe.com/recherche-entreprise-dirigeants/resultats-entreprise-dirigeants.html?ga_cat=globale&ga_q=A.L.A.N.T#phrase=A.L.A.N.T,1620586464,14:54:24,20210509
45,2007-06-30,ALANT.PA,EUR,2007-06-30,2007-06-30,Q2,3421265.185,1818663.4725,1602601.7125,0.468423704636038,0.0,0.0,0.0,0.0,0.0,4713244.5775,2814.665,46939.7675,-1245039.625,-0.3639120493958436,-1291979.3925,-0.37763205207374184,0.0,599768.735,0.17530612290143185,124823.0575,474918.4075,0.13881367909807318,0.11242875,0.11242875,4207495.0,4207495.0,https://www.infogreffe.com/recherche-entreprise-dirigeants/resultats-entreprise-dirigeants.html?ga_cat=globale&ga_q=A.L.A.N.T#phrase=A.L.A.N.T,https://www.infogreffe.com/recherche-entreprise-dirigeants/resultats-entreprise-dirigeants.html?ga_cat=globale&ga_q=A.L.A.N.T#phrase=A.L.A.N.T,1620586464,14:54:24,20210509
46,2007-03-31,ALANT.PA,EUR,2007-03-31,2007-03-31,Q1,3421265.185,1818663.4725,1602601.7125,0.468423704636038,0.0,0.0,0.0,0.0,0.0,4713244.5775,2814.665,46939.7675,-1245039.625,-0.3639120493958436,-1291979.3925,-0.37763205207374184,0.0,599768.735,0.17530612290143185,124823.0575,474918.4075,0.13881367909807318,0.11242875,0.11242875,4207495.0,4207495.0,https://www.infogreffe.com/recherche-entreprise-dirigeants/resultats-entreprise-dirigeants.html?ga_cat=globale&ga_q=A.L.A.N.T#phrase=A.L.A.N.T,https://www.infogreffe.com/recherche-entreprise-dirigeants/resultats-entreprise-dirigeants.html?ga_cat=globale&ga_q=A.L.A.N.T#phrase=A.L.A.N.T,1620586464,14:54:24,20210509
47,2007-01-31,ALANT.PA,EUR,2007-01-31,2007-01-31,Q1,3421265.185,1818663.4725,1602601.7125,0.468423704636038,0.0,0.0,0.0,0.0,0.0,4713244.5775,2814.665,46939.7675,-1245039.625,-0.3639120493958436,-1291979.3925,-0.37763205207374184,0.0,599768.735,0.17530612290143185,124823.0575,474918.4075,0.13881367909807318,0.11242875,0.11242875,4207495.0,4207495.0,https://www.infogreffe.com/recherche-entreprise-dirigeants/resultats-entreprise-dirigeants.html?ga_cat=globale&ga_q=A.L.A.N.T#phrase=A.L.A.N.T,https://www.infogreffe.com/recherche-entreprise-dirigeants/resultats-entreprise-dirigeants.html?ga_cat=globale&ga_q=A.L.A.N.T#phrase=A.L.A.N.T,1620586464,14:54:24,20210509
48,2006-09-30,ALANT.PA,EUR,2006-09-30,2006-09-30,Q3,2001990.755,1080117.4425,921873.3125,0.46047830650446736,0.0,153141.65,0.0,0.0,0.0,1724339.2675,1637.335,13568.845,291220.33249999996,0.14546537329039763,277651.4875,0.13868769713674328,0.0,249839.26,0.12479541145533413,4756.2325,245083.0275,0.12241965997490334,81.6943425,81.6943425,3000.0,3000.0,https://www.infogreffe.com/recherche-entreprise-dirigeants/resultats-entreprise-dirigeants.html?ga_cat=globale&ga_q=A.L.A.N.T#phrase=A.L.A.N.T,https://www.infogreffe.com/recherche-entreprise-dirigeants/resultats-entreprise-dirigeants.html?ga_cat=globale&ga_q=A.L.A.N.T#phrase=A.L.A.N.T,1620586464,14:54:24,20210509
49,2006-06-30,ALANT.PA,EUR,2006-06-30,2006-06-30,Q2,2001990.755,1080117.4425,921873.3125,0.46047830650446736,0.0,153141.65,0.0,0.0,0.0,1724339.2675,1637.335,13568.845,291220.33249999996,0.14546537329039763,277651.4875,0.13868769713674328,0.0,249839.26,0.12479541145533413,4756.2325,245083.0275,0.12241965997490334,81.6943425,81.6943425,3000.0,3000.0,https://www.infogreffe.com/recherche-entreprise-dirigeants/resultats-entreprise-dirigeants.html?ga_cat=globale&ga_q=A.L.A.N.T#phrase=A.L.A.N.T,https://www.infogreffe.com/recherche-entreprise-dirigeants/resultats-entreprise-dirigeants.html?ga_cat=globale&ga_q=A.L.A.N.T#phrase=A.L.A.N.T,1620586464,14:54:24,20210509
50,2006-03-31,ALANT.PA,EUR,2006-03-31,2006-03-31,Q1,2001990.755,1080117.4425,921873.3125,0.46047830650446736,0.0,153141.65,0.0,0.0,0.0,1724339.2675,1637.335,13568.845,291220.33249999996,0.14546537329039763,277651.4875,0.13868769713674328,0.0,249839.26,0.12479541145533413,4756.2325,245083.0275,0.12241965997490334,81.6943425,81.6943425,3000.0,3000.0,https://www.infogreffe.com/recherche-entreprise-dirigeants/resultats-entreprise-dirigeants.html?ga_cat=globale&ga_q=A.L.A.N.T#phrase=A.L.A.N.T,https://www.infogreffe.com/recherche-entreprise-dirigeants/resultats-entreprise-dirigeants.html?ga_cat=globale&ga_q=A.L.A.N.T#phrase=A.L.A.N.T,1620586464,14:54:24,20210509
51,2006-01-31,ALANT.PA,EUR,2006-01-31,2006-01-31,Q1,2001990.755,1080117.4425,921873.3125,0.46047830650446736,0.0,153141.65,0.0,0.0,0.0,1724339.2675,1637.335,13568.845,291220.33249999996,0.14546537329039763,277651.4875,0.13868769713674328,0.0,249839.26,0.12479541145533413,4756.2325,245083.0275,0.12241965997490334,81.6943425,81.6943425,3000.0,3000.0,https://www.infogreffe.com/recherche-entreprise-dirigeants/resultats-entreprise-dirigeants.html?ga_cat=globale&ga_q=A.L.A.N.T#phrase=A.L.A.N.T,https://www.infogreffe.com/recherche-entreprise-dirigeants/resultats-entreprise-dirigeants.html?ga_cat=globale&ga_q=A.L.A.N.T#phrase=A.L.A.N.T,1620586464,14:54:24,20210509
52,2005-09-30,ALANT.PA,EUR,2005-09-30,2005-09-30,Q3,1476611.93,783316.1825,693295.7475,0.4695179101661464,0.0,109572.505,0.0,0.0,0.0,1254555.7925,428.9175,12602.76,234658.89750000002,0.1589171079634986,222056.1375,0.1503821911421236,0.0,196026.97,0.1327545619924661,0.0,196026.97,0.1327545619924661,65.325655,65.325655,3000.0,3000.0,https://www.infogreffe.com/recherche-entreprise-dirigeants/resultats-entreprise-dirigeants.html?ga_cat=globale&ga_q=A.L.A.N.T#phrase=A.L.A.N.T,https://www.infogreffe.com/recherche-entreprise-dirigeants/resultats-entreprise-dirigeants.html?ga_cat=globale&ga_q=A.L.A.N.T#phrase=A.L.A.N.T,1620586464,14:54:24,20210509
53,2005-06-30,ALANT.PA,EUR,2005-06-30,2005-06-30,Q2,1476611.93,783316.1825,693295.7475,0.4695179101661464,0.0,109572.505,0.0,0.0,0.0,1254555.7925,428.9175,12602.76,234658.89750000002,0.1589171079634986,222056.1375,0.1503821911421236,0.0,196026.97,0.1327545619924661,0.0,196026.97,0.1327545619924661,65.325655,65.325655,3000.0,3000.0,https://www.infogreffe.com/recherche-entreprise-dirigeants/resultats-entreprise-dirigeants.html?ga_cat=globale&ga_q=A.L.A.N.T#phrase=A.L.A.N.T,https://www.infogreffe.com/recherche-entreprise-dirigeants/resultats-entreprise-dirigeants.html?ga_cat=globale&ga_q=A.L.A.N.T#phrase=A.L.A.N.T,1620586464,14:54:24,20210509
54,2005-03-31,ALANT.PA,EUR,2005-03-31,2005-03-31,Q1,1476611.93,783316.1825,693295.7475,0.4695179101661464,0.0,109572.505,0.0,0.0,0.0,1254555.7925,428.9175,12602.76,234658.89750000002,0.1589171079634986,222056.1375,0.1503821911421236,0.0,196026.97,0.1327545619924661,0.0,196026.97,0.1327545619924661,65.325655,65.325655,3000.0,3000.0,https://www.infogreffe.com/recherche-entreprise-dirigeants/resultats-entreprise-dirigeants.html?ga_cat=globale&ga_q=A.L.A.N.T#phrase=A.L.A.N.T,https://www.infogreffe.com/recherche-entreprise-dirigeants/resultats-entreprise-dirigeants.html?ga_cat=globale&ga_q=A.L.A.N.T#phrase=A.L.A.N.T,1620586464,14:54:24,20210509
55,2005-01-31,ALANT.PA,EUR,2005-01-31,2005-01-31,Q1,1476611.93,783316.1825,693295.7475,0.4695179101661464,0.0,109572.505,0.0,0.0,0.0,1254555.7925,428.9175,12602.76,234658.89750000002,0.1589171079634986,222056.1375,0.1503821911421236,0.0,196026.97,0.1327545619924661,0.0,196026.97,0.1327545619924661,65.325655,65.325655,3000.0,3000.0,https://www.infogreffe.com/recherche-entreprise-dirigeants/resultats-entreprise-dirigeants.html?ga_cat=globale&ga_q=A.L.A.N.T#phrase=A.L.A.N.T,https://www.infogreffe.com/recherche-entreprise-dirigeants/resultats-entreprise-dirigeants.html?ga_cat=globale&ga_q=A.L.A.N.T#phrase=A.L.A.N.T,1620586464,14:54:24,20210509
