,date,symbol,reportedCurrency,fillingDate,acceptedDate,period,revenue,costOfRevenue,grossProfit,grossProfitRatio,researchAndDevelopmentExpenses,generalAndAdministrativeExpenses,sellingAndMarketingExpenses,otherExpenses,operatingExpenses,costAndExpenses,interestExpense,depreciationAndAmortization,ebitda,ebitdaratio,operatingIncome,operatingIncomeRatio,totalOtherIncomeExpensesNet,incomeBeforeTax,incomeBeforeTaxRatio,incomeTaxExpense,netIncome,netIncomeRatio,eps,epsdiluted,weightedAverageShsOut,weightedAverageShsOutDil,link,finalLink,timestamp,est_time,est_date
0,2020-03-31,SSNYY,USD,2020-05-20 00:00:00,2020-05-20 13:54:15,Q3,2074568.0,2507049.0,-432481.0,-0.20846797983965817,0.0,506396.0,0.0,8460.0,600910.0,3107959.0,1405634.0,0.0,-478396.0,-0.2306002984717782,-1033391.0,-0.49812346474061103,10790646.0,8351621.0,4.025715715271806,0.0,8351621.0,4.025715715271806,0.4887155251054177,0.44753403291207033,17088921.0,18661421.0,https://www.sec.gov/Archives/edgar/data/1404079/000156276220000207/0001562762-20-000207-index.htm,https://www.sec.gov/Archives/edgar/data/1404079/000156276220000207/c079-20200331x10q.htm,1620598314,18:11:54,20210509
1,2019-12-31,SSNYY,USD,2020-02-19 00:00:00,2020-02-19 16:02:52,Q2,3288950.0,4268293.0,-979343.0,-0.29776767661411696,0.0,2563207.0,0.0,7999.0,2600255.0,6868548.0,1147717.0,0.0,-2585946.0,-0.7862527554386658,-3579598.0,-1.0883710606728592,-2170791.0,-6898106.0,-2.0973581234132475,0.0,-6898106.0,-2.0973581234132475,-0.4,-0.4,16415002.0,16415002.0,https://www.sec.gov/Archives/edgar/data/1404079/000156276220000062/0001562762-20-000062-index.html,https://www.sec.gov/Archives/edgar/data/1404079/000156276220000062/c079-20191231x10q.htm,1620598314,18:11:54,20210509
2,2019-09-30,SSNYY,USD,2019-10-15 00:00:00,2019-10-15 16:16:20,Q1,3848576.0,4476652.0,-628076.0,-0.1631969850666844,0.0,1012762.0,0.0,6789.0,1015223.0,5491875.0,1242233.0,0.0,-600998.0,-0.15616113596301592,-1643299.0,-0.4269888395084312,2432922.0,-452610.0,-0.11760453736654804,0.0,-452610.0,-0.11760453736654804,-0.2,-0.2,16415002.0,16415002.0,https://www.sec.gov/Archives/edgar/data/1404079/000110465919054152/0001104659-19-054152-index.html,https://www.sec.gov/Archives/edgar/data/1404079/000110465919054152/tv531023_10k.htm,1620598314,18:11:54,20210509
3,2019-06-30,SSNYY,USD,2019-06-30,2019-06-30,Q4,2577675.0,4878055.0,-2300380.0,-0.8924243746787318,0.0,160899.0,0.0,0.0,-182019.0,4696036.0,2614167.0,0.0,-750963.0,-0.2913334691146091,-2118361.0,-0.8218107402989128,2688423.0,-2044648.0,-0.7932140397839138,-47944.0,-1996704.0,-0.774614332683523,-0.12163897390935438,-0.12163897390935438,16415002.0,16415002.0,,,1620598314,18:11:54,20210509
4,2019-03-31,SSNYY,USD,2019-05-24 00:00:00,2019-05-24 16:46:10,Q3,2478768.0,3307475.0,-828707.0,-0.33432213099410674,0.0,846919.0,0.0,0.0,1277995.0,4585470.0,395347.0,0.0,-2106610.0,-0.8498617054924059,-2106702.0,-0.849898820704479,-1298610.0,-3800567.0,-1.5332483717717833,0.0,-3800567.0,-1.5332483717717833,-0.232,-0.232,16415002.0,16415002.0,https://www.sec.gov/Archives/edgar/data/1404079/000114420419028187/0001144204-19-028187-index.html,https://www.sec.gov/Archives/edgar/data/1404079/000114420419028187/tv522420_10q.htm,1620598314,18:11:54,20210509
5,2018-12-31,SSNYY,USD,2019-02-14 00:00:00,2019-02-14 16:01:57,Q2,3030035.0,4341143.0,-1311108.0,-0.4327039126610749,0.0,941567.0,0.0,0.0,1220934.0,5562077.0,481728.0,0.0,-2532010.0,-0.8356372121114113,-2532042.0,-0.8356477730455258,462324.0,-2551414.0,-0.8420410985351654,0.0,-2551414.0,-0.8420410985351654,-0.156,-0.156,16415002.0,16415002.0,https://www.sec.gov/Archives/edgar/data/1404079/000114420419008061/0001144204-19-008061-index.html,https://www.sec.gov/Archives/edgar/data/1404079/000114420419008061/tv513682_10q.htm,1620598314,18:11:54,20210509
6,2018-09-30,SSNYY,USD,2018-10-15 00:00:00,2018-10-15 09:08:38,Q1,284217.0,129688.0,154529.0,0.5437007638529715,0.0,836303.0,0.0,0.0,873602.0,1003290.0,0.0,0.0,-664050.0,-2.336419003789358,-719073.0,-2.5300140385691217,-26980.0,-745635.0,-2.623470798720696,0.0,1200653.0,4.224423591833001,0.08,0.08,16415002.0,16415002.0,https://www.sec.gov/Archives/edgar/data/1404079/000114420418053749/0001144204-18-053749-index.html,https://www.sec.gov/Archives/edgar/data/1404079/000114420418053749/tv504775_10k.htm,1620598314,18:11:54,20210509
7,2018-06-30,SSNYY,USD,2018-06-30,2018-06-30,Q4,-6896014.0,-5124779.0,-1771235.0,0.25684910152444584,0.0,1092964.0,0.0,0.0,960182.0,-4164597.0,0.0,0.0,-1700143.0,0.24653995772050347,-2731417.0,0.39608634785254204,1091455.0,-557340.0,0.08082060158230538,-732056.0,-613411.0,0.08895153055083704,-0.03736892630290267,-0.03736892630290267,16415002.0,16415002.0,,,1620598314,18:11:54,20210509
8,2018-03-31,SSNYY,USD,2018-05-15 00:00:00,2018-05-15 16:42:24,Q3,1880266.0,1827551.0,52715.0,0.028035926831629143,0.0,934504.0,0.0,0.0,1087377.0,2914928.0,337472.0,0.0,-845547.0,-0.4496954154359011,-1034662.0,-0.5502742697043929,-461395.0,-1965975.0,-1.0455834440446192,0.0,-1965975.0,-1.0455834440446192,-0.12,-0.12,16415002.0,16415002.0,https://www.sec.gov/Archives/edgar/data/1404079/000114420418028943/0001144204-18-028943-index.html,https://www.sec.gov/Archives/edgar/data/1404079/000114420418028943/tv494195_10q.htm,1620598314,18:11:54,20210509
9,2017-12-31,SSNYY,USD,2018-02-14 00:00:00,2018-02-14 16:40:30,Q2,2659628.0,1249052.0,1410576.0,0.5303659007951488,0.0,839282.0,0.0,0.0,1647393.0,2896445.0,331184.0,0.0,183344.0,0.06893595645706843,-236817.0,-0.08904139977470533,-927291.0,-1495238.0,-0.5621981720751925,0.0,-1495238.0,-0.5621981720751925,-0.1,-0.1,16415002.0,16415002.0,https://www.sec.gov/Archives/edgar/data/1404079/000114420418008878/0001144204-18-008878-index.html,https://www.sec.gov/Archives/edgar/data/1404079/000114420418008878/tv485660_10q.htm,1620598314,18:11:54,20210509
10,2017-09-30,SSNYY,USD,2017-11-20 00:00:00,2017-11-20 16:16:18,Q1,2814015.0,1651677.0,1162338.0,0.41305323532390553,0.0,1359287.0,0.0,0.0,1949639.0,3601316.0,247690.0,0.0,-309185.0,-0.1098732593820573,-787301.0,-0.27977853707247474,-708251.0,-1743184.0,-0.6194650703709824,0.0,-1743184.0,-0.6194650703709824,-0.1,-0.1,16415002.0,16415002.0,https://www.sec.gov/Archives/edgar/data/1404079/000114420417060162/0001144204-17-060162-index.html,https://www.sec.gov/Archives/edgar/data/1404079/000114420417060162/tv479914_10q.htm,1620598314,18:11:54,20210509
11,2017-06-30,SSNYY,USD,2017-09-28 00:00:00,2017-09-28 17:16:34,Q4,1425967.0,2395235.0,-969268.0,-0.6797268099472148,0.0,1283998.0,0.0,0.0,1703242.0,4098477.0,536821.0,0.0,-2175530.0,-1.5256524169212893,-2672510.0,-1.874173806266204,3165045.0,-44227.0,-0.031015444256423885,0.0,-44227.0,-0.031015444256423885,-0.0026943036619794503,-0.0026943036619794503,16415002.0,16415002.0,https://www.sec.gov/Archives/edgar/data/1404079/000114420417050450/0001144204-17-050450-index.html,https://www.sec.gov/Archives/edgar/data/1404079/000114420417050450/v475879_10k.htm,1620598314,18:11:54,20210509
12,2017-03-31,SSNYY,USD,2017-05-15 00:00:00,2017-05-15 16:53:16,Q3,2914058.0,1986860.0,927198.0,0.31818103826348,0.0,1284076.0,0.0,0.0,1847498.0,3834358.0,309143.0,0.0,-461943.0,-0.15852223943380675,-920300.0,-0.3158138925168957,1424590.0,195222.0,0.06699317583932783,0.0,195222.0,0.06699317583932783,0.02,0.02,16414309.0,16414309.0,https://www.sec.gov/Archives/edgar/data/1404079/000114420417027568/0001144204-17-027568-index.html,https://www.sec.gov/Archives/edgar/data/1404079/000114420417027568/v467013_10q.htm,1620598314,18:11:54,20210509
13,2016-12-31,SSNYY,USD,2017-02-21 00:00:00,2017-02-21 16:30:35,Q2,4872981.0,2887532.0,1985449.0,0.4074403327244658,0.0,1314104.0,0.0,0.0,1990333.0,4877865.0,343256.0,0.0,509326.0,0.10452041573730741,-4884.0,-0.0010022612441952883,-1488504.0,-1836483.0,-0.37687054392372965,0.0,-1836483.0,-0.37687054392372965,-0.12,-0.12,16237583.0,16237583.0,https://www.sec.gov/Archives/edgar/data/1404079/000114420417010173/0001144204-17-010173-index.html,https://www.sec.gov/Archives/edgar/data/1404079/000114420417010173/v460058_10q.htm,1620598314,18:11:54,20210509
14,2016-09-30,SSNYY,USD,2016-11-14 00:00:00,2016-11-14 16:51:19,Q1,3909710.0,2194315.0,1715395.0,0.4387524905939315,0.0,1154461.0,0.0,0.0,1826435.0,4020750.0,623393.0,0.0,408958.0,0.10460059697522323,-111040.0,-0.02840108345631773,198876.0,-535442.0,-0.13695184553330042,0.0,-535442.0,-0.13695184553330042,-0.04,-0.04,16079274.0,16079274.0,https://www.sec.gov/Archives/edgar/data/1404079/000114420416134295/0001144204-16-134295-index.html,https://www.sec.gov/Archives/edgar/data/1404079/000114420416134295/v452969_10q.htm,1620598314,18:11:54,20210509
15,2016-06-30,SSNYY,USD,2016-06-30,2016-06-30,Q4,13874855.0,1935188.0,11939667.0,0.8605255334199889,0.0,810700.0,0.0,0.0,1878525.0,3813713.0,623394.0,0.0,11153856.0,0.8038899145252328,10061142.0,0.7251349293380003,-4018632.0,5419228.0,0.39057907271823744,0.0,5419228.0,0.39057907271823744,0.33703188340468604,0.33703188340468604,16079274.0,16079274.0,,,1620598314,18:11:54,20210509
16,2016-03-31,SSNYY,USD,2016-05-16 00:00:00,2016-05-16 16:58:02,Q3,2005948.0,661394.0,1344554.0,0.6702835766430635,0.0,902455.0,0.0,0.0,1765796.0,2427190.0,207650.0,0.0,370117.0,0.18450976795011637,-421242.0,-0.2099964704967427,-623493.0,-1252130.0,-0.6242086036128554,0.0,-1252130.0,-0.6242086036128554,-0.08,-0.08,14189172.0,14189172.0,https://www.sec.gov/Archives/edgar/data/1404079/000114420416102728/0001144204-16-102728-index.html,https://www.sec.gov/Archives/edgar/data/1404079/000114420416102728/v440046_10q.htm,1620598314,18:11:54,20210509
17,2015-12-31,SSNYY,USD,2016-02-22 00:00:00,2016-02-22 17:31:18,Q2,2135918.0,1102441.0,1033477.0,0.4838561218174106,0.0,911925.0,0.0,0.0,6061689.0,7164130.0,196357.0,0.0,-3628034.0,-1.6985829980364415,-5028212.0,-2.354122208811387,-9482948.0,-14706850.0,-6.885493731500929,0.0,-14706850.0,-6.885493731500929,-1.04,-1.04,14189172.0,14189172.0,https://www.sec.gov/Archives/edgar/data/1404079/000114420416083665/0001144204-16-083665-index.html,https://www.sec.gov/Archives/edgar/data/1404079/000114420416083665/v432380_10q.htm,1620598314,18:11:54,20210509
18,2015-09-30,SSNYY,USD,2015-11-16 00:00:00,2015-11-16 17:23:29,Q1,2658313.0,1728729.0,929584.0,0.3496894459004639,0.0,1060595.0,0.0,0.0,3087769.0,4816498.0,190039.0,0.0,-672918.0,-0.2531372340277462,-2158185.0,-0.8118626361906969,252530.0,-2094159.0,-0.7877774362913622,0.0,-2094159.0,-0.7877774362913622,-0.14,-0.14,14189117.0,14189117.0,https://www.sec.gov/Archives/edgar/data/1404079/000114420415066173/0001144204-15-066173-index.html,https://www.sec.gov/Archives/edgar/data/1404079/000114420415066173/v424814_10q.htm,1620598314,18:11:54,20210509
19,2015-06-30,SSNYY,USD,2015-09-15 00:00:00,2015-09-15 17:21:49,Q4,4817498.0,1838983.0,2978515.0,0.6182701061837493,0.0,1189302.0,0.0,0.0,5420166.0,7259149.0,191240.0,0.0,751701.0,0.15603556036764313,-2441651.0,-0.506829686281136,-18531744.0,-21159764.0,-4.392272503278673,3021.0,-21162785.0,-4.392899592277983,-1.4914800547490024,-1.4914800547490024,14189117.0,14189117.0,https://www.sec.gov/Archives/edgar/data/1404079/000114420415055084/0001144204-15-055084-index.html,https://www.sec.gov/Archives/edgar/data/1404079/000114420415055084/v420215_10k.htm,1620598314,18:11:54,20210509
20,2015-03-31,SSNYY,USD,2015-05-11 00:00:00,2015-05-11 17:07:37,Q3,2663346.0,1306117.0,1357229.0,0.5095954487325342,0.0,1151294.0,0.0,0.0,2947368.0,4253485.0,176415.0,0.0,75010.0,0.02816382099809788,-1590139.0,-0.5970455960284544,-183836.0,-1944025.0,-0.7299183057702604,0.0,-1944025.0,-0.7299183057702604,-0.14,-0.14,14188910.0,14188910.0,https://www.sec.gov/Archives/edgar/data/1404079/000114420415029377/0001144204-15-029377-index.html,https://www.sec.gov/Archives/edgar/data/1404079/000114420415029377/v410184_10q.htm,1620598314,18:11:54,20210509
21,2014-12-31,SSNYY,USD,2014-12-31,2014-12-31,Q2,2693614.0,1512195.0,1181419.0,0.43859996272665647,0.0,1260793.0,0.0,0.0,2782342.0,4294537.0,147343.0,1118619.0,-482304.0,-0.17905460841828116,-1600923.0,-0.5943401690071406,-800189.0,-2538571.0,-0.9424405278558843,0.0,-2538571.0,-0.9424405278558843,-0.18,-0.18,14188908.0,14188908.0,,,1620598314,18:11:54,20210509
22,2014-09-30,SSNYY,USD,2014-11-10 00:00:00,2014-11-10 16:59:14,Q1,3258406.0,1459922.0,1798484.0,0.5519520894572377,0.0,1211279.0,0.0,0.0,13310839.0,14770761.0,83942.0,955061.0,-10557294.0,-3.2400179719777094,-11512355.0,-3.5331247855546546,612407.0,-10974251.0,-3.3679814608738137,0.0,-10974251.0,-3.3679814608738137,-0.86,-0.86,12738169.0,12738169.0,https://www.sec.gov/Archives/edgar/data/1404079/000114420414066588/0001144204-14-066588-index.html,https://www.sec.gov/Archives/edgar/data/1404079/000114420414066588/v393698_10q.htm,1620598314,18:11:54,20210509
23,2014-06-30,SSNYY,USD,2014-09-15 00:00:00,2014-09-15 16:51:06,Q4,5276508.0,1749655.0,3526853.0,0.6684066431814374,0.0,1655177.0,0.0,0.0,3020386.0,4770041.0,61519.0,0.0,1906088.0,0.3612404264335428,506467.0,0.09598526146458984,-1184781.0,-730662.0,-0.13847453656850325,780611.0,-1511273.0,-0.2864153716814226,-0.11864130551258976,-0.11864130551258976,12738169.0,12738169.0,https://www.sec.gov/Archives/edgar/data/1404079/000114420414055919/0001144204-14-055919-index.html,https://www.sec.gov/Archives/edgar/data/1404079/000114420414055919/v389024_10k.htm,1620598314,18:11:54,20210509
24,2014-03-31,SSNYY,USD,2014-05-09 00:00:00,2014-05-09 17:07:36,Q3,3137053.0,1124478.0,2012575.0,0.6415495689744483,0.0,1520524.0,0.0,0.0,2291677.0,3416155.0,29903.0,720394.0,441292.0,0.1406708780501955,-279102.0,-0.08896948824262771,-79870.0,-381268.0,-0.12153699666534164,0.0,-381268.0,-0.12153699666534164,-0.02,-0.02,12738136.0,12738136.0,https://www.sec.gov/Archives/edgar/data/1404079/000114420414029130/0001144204-14-029130-index.html,https://www.sec.gov/Archives/edgar/data/1404079/000114420414029130/v378025_10q.htm,1620598314,18:11:54,20210509
25,2013-12-31,SSNYY,USD,2013-12-31,2013-12-31,Q2,1285524.0,586926.0,698598.0,0.5434344282953877,0.0,1679066.0,0.0,0.0,2165575.0,2752501.0,0.0,0.0,-1049254.0,-0.8162072431164257,-1466977.0,-1.1411510014593271,0.0,-1380124.0,-1.0735886689007752,0.0,-1380124.0,-1.0735886689007752,-0.1,-0.1,12738136.0,12738136.0,,,1620598314,18:11:54,20210509
26,2013-09-30,SSNYY,USD,2013-11-08 00:00:00,2013-11-08 16:44:44,Q1,3923446.0,644750.0,3278696.0,0.8356674209355756,0.0,1603046.0,0.0,0.0,2350529.0,2995279.0,0.0,0.0,1475370.0,0.3760393286921752,928167.0,0.2365693321636133,-83121.0,859491.0,0.21906533185368168,0.0,859491.0,0.21906533185368168,0.0728927354568141,0.07208307680463068,11791175.0,11923617.0,https://www.sec.gov/Archives/edgar/data/1404079/000114420413060033/0001144204-13-060033-index.html,https://www.sec.gov/Archives/edgar/data/1404079/000114420413060033/v359870_10q.htm,1620598314,18:11:54,20210509
27,2013-03-31,SSNYY,USD,2013-05-10 00:00:00,2013-05-10 16:33:45,Q3,1141000.0,499000.0,642000.0,0.5626643295354952,0.0,1805000.0,0.0,0.0,9594000.0,10093000.0,0.0,0.0,-8586618.0,-7.52551971954426,-8952000.0,-7.845749342681858,-6000.0,-8921000.0,-7.818580192813322,0.0,-8921000.0,-7.818580192813322,-0.9,-0.9,9984359.0,9984359.0,https://www.sec.gov/Archives/edgar/data/1404079/000114420413027981/0001144204-13-027981-index.html,https://www.sec.gov/Archives/edgar/data/1404079/000114420413027981/v344641_10q.htm,1620598314,18:11:54,20210509
28,2012-12-31,SSNYY,USD,2013-02-11 00:00:00,2013-02-11 17:24:31,Q4,1787592.0,1041761.0,745831.0,0.4172266378457724,0.0,1336332.0,0.0,0.0,1887864.0,2929625.0,0.0,0.0,-398622.0,-0.222993837519971,-1142033.0,-0.6388666988887844,-244560.0,-1331454.0,-0.7448310352697931,-1366938.0,35484.0,0.01985016715223608,0.003872,0.00363,9164264.0,9775661.0,https://www.sec.gov/Archives/edgar/data/1404079/000114420413007480/0001144204-13-007480-index.html,https://www.sec.gov/Archives/edgar/data/1404079/000114420413007480/v334524_10q.htm,1620598314,18:11:54,20210509
29,2012-09-30,SSNYY,USD,2012-11-09 00:00:00,2012-11-09 16:41:45,Q1,1596770.0,811989.0,784781.0,0.4914803008573558,0.0,1482812.0,0.0,0.0,2448957.0,3260946.0,0.0,0.0,-1073409.0,-0.6722377048666996,-1664176.0,-1.0422139694508288,0.0,-1592536.0,-0.9973483970765984,-668998.0,-923538.0,-0.5783788523080969,-0.1,-0.1,8922901.0,8922901.0,https://www.sec.gov/Archives/edgar/data/1404079/000114420412060914/0001144204-12-060914-index.html,https://www.sec.gov/Archives/edgar/data/1404079/000114420412060914/v327927_10q.htm,1620598314,18:11:54,20210509
30,2012-06-30,SSNYY,USD,2012-09-13 00:00:00,2012-09-13 16:57:06,Q4,1697694.0,965264.0,732430.0,0.43142639368460983,0.0,2042510.0,0.0,0.0,28132609.0,29097873.0,0.0,0.0,-26611332.0,-15.674987365214227,-27400179.0,-16.139645307104814,5550928.0,-27965318.0,-16.472531563403063,-2915259.0,-25050059.0,-14.755344013703294,-2.807389547412887,-2.807389547412887,8922901.0,8922901.0,https://www.sec.gov/Archives/edgar/data/1404079/000114420412051248/0001144204-12-051248-index.html,https://www.sec.gov/Archives/edgar/data/1404079/000114420412051248/v323525_10k.htm,1620598314,18:11:54,20210509
31,2012-03-31,SSNYY,USD,2012-03-31,2012-03-31,Q3,2301941.0,742346.0,1559595.0,0.677513020533541,0.0,1876173.0,0.0,-5770.0,3040298.0,3782644.0,0.0,0.0,-690447.0,-0.29994122351528557,-1480703.0,-0.643241073511441,-5770.0,-1394909.0,-0.6059707872617065,-832371.0,-562538.0,-0.24437550745218925,-0.06,-0.06,8764214.0,8764214.0,,,1620598314,18:11:54,20210509
32,2011-12-31,SSNYY,USD,2012-02-09 00:00:00,2012-02-09 17:22:11,Q2,1933327.0,455495.0,1477832.0,0.7643983661325787,0.0,2076296.0,0.0,-5559.0,7320846.0,7776341.0,0.0,0.0,-5137870.0,-2.6575276712113367,-5843014.0,-3.0222585211917075,-5559.0,-5757583.0,-2.9780699281601093,-693385.0,-5064198.0,-2.6194213394836985,-0.58,-0.58,8751114.0,8751114.0,https://www.sec.gov/Archives/edgar/data/1404079/000114420412007009/0001144204-12-007009-index.html,https://www.sec.gov/Archives/edgar/data/1404079/000114420412007009/v301195_10q.htm,1620598314,18:11:54,20210509
33,2011-09-30,SSNYY,USD,2011-10-31 00:00:00,2011-10-31 12:24:09,Q1,2511435.0,626797.0,1884638.0,0.7504227662670944,0.0,1899581.0,0.0,0.0,2746280.0,3373077.0,0.0,0.0,-14527.0,-0.00578434241778107,-861642.0,-0.3430875176940673,0.0,-747836.0,-0.29777238909229187,-188178.0,-559658.0,-0.22284391194675554,-0.06,-0.06,8713707.0,8713707.0,https://www.sec.gov/Archives/edgar/data/1404079/000114420411060216/0001144204-11-060216-index.html,https://www.sec.gov/Archives/edgar/data/1404079/000114420411060216/v237726_10q.htm,1620598314,18:11:54,20210509
