,date,symbol,reportedCurrency,fillingDate,acceptedDate,period,revenue,costOfRevenue,grossProfit,grossProfitRatio,researchAndDevelopmentExpenses,generalAndAdministrativeExpenses,sellingAndMarketingExpenses,otherExpenses,operatingExpenses,costAndExpenses,interestExpense,depreciationAndAmortization,ebitda,ebitdaratio,operatingIncome,operatingIncomeRatio,totalOtherIncomeExpensesNet,incomeBeforeTax,incomeBeforeTaxRatio,incomeTaxExpense,netIncome,netIncomeRatio,eps,epsdiluted,weightedAverageShsOut,weightedAverageShsOutDil,link,finalLink,timestamp,est_time,est_date
0,2019-06-30,PGH.L,GBP,2019-06-30,2019-06-30,Q2,17722250.0,0.0,0.0,0.0,0.0,3023500.0,0.0,0.0,8293000.0,15100500.0,32750.0,165000.0,0.0,0.0,0.0,0.0,10088250.0,2621750.0,0.14793550480328402,412250.0,2209500.0,0.12467378577776524,0.07100257662710864,0.07099448444027107,31118589,31122136,https://find-and-update.company-information.service.gov.uk/search/companies?q=Personal+Group+Holdings+PLC,https://find-and-update.company-information.service.gov.uk/search/companies?q=Personal+Group+Holdings+PLC,1620596514,17:41:54,20210509
1,2019-03-31,PGH.L,GBP,2019-03-31,2019-03-31,Q1,17722250.0,0.0,0.0,0.0,0.0,3023500.0,0.0,0.0,8293000.0,15100500.0,32750.0,165000.0,0.0,0.0,0.0,0.0,10088250.0,2621750.0,0.14793550480328402,412250.0,2209500.0,0.12467378577776524,0.07100257662710864,0.07099448444027107,31118589,31122136,https://find-and-update.company-information.service.gov.uk/search/companies?q=Personal+Group+Holdings+PLC,https://find-and-update.company-information.service.gov.uk/search/companies?q=Personal+Group+Holdings+PLC,1620596514,17:41:54,20210509
2,2019-01-31,PGH.L,GBP,2019-01-31,2019-01-31,Q1,17722250.0,0.0,0.0,0.0,0.0,3023500.0,0.0,0.0,8293000.0,15100500.0,32750.0,165000.0,0.0,0.0,0.0,0.0,10088250.0,2621750.0,0.14793550480328402,412250.0,2209500.0,0.12467378577776524,0.07100257662710864,0.07099448444027107,31118589,31122136,https://find-and-update.company-information.service.gov.uk/search/companies?q=Personal+Group+Holdings+PLC,https://find-and-update.company-information.service.gov.uk/search/companies?q=Personal+Group+Holdings+PLC,1620596514,17:41:54,20210509
3,2018-06-30,PGH.L,GBP,2018-06-30,2018-06-30,Q2,13837250.0,0.0,0.0,0.0,0.0,2459000.0,0.0,0.0,4840000.0,11284750.0,37000.0,195750.0,0.0,0.0,0.0,0.0,5953500.0,2552500.0,0.18446584400802182,454750.0,2097750.0,0.15160165495311567,0.06811133146573052,0.06595399566142025,30798840,31806261,https://find-and-update.company-information.service.gov.uk/search/companies?q=Personal+Group+Holdings+PLC,https://find-and-update.company-information.service.gov.uk/search/companies?q=Personal+Group+Holdings+PLC,1620596514,17:41:54,20210509
4,2018-03-31,PGH.L,GBP,2018-03-31,2018-03-31,Q1,13837250.0,0.0,0.0,0.0,0.0,2459000.0,0.0,0.0,4840000.0,11284750.0,37000.0,195750.0,0.0,0.0,0.0,0.0,5953500.0,2552500.0,0.18446584400802182,454750.0,2097750.0,0.15160165495311567,0.06811133146573052,0.06595399566142025,30798840,31806261,https://find-and-update.company-information.service.gov.uk/search/companies?q=Personal+Group+Holdings+PLC,https://find-and-update.company-information.service.gov.uk/search/companies?q=Personal+Group+Holdings+PLC,1620596514,17:41:54,20210509
5,2018-01-31,PGH.L,GBP,2018-01-31,2018-01-31,Q1,13837250.0,0.0,0.0,0.0,0.0,2459000.0,0.0,0.0,4840000.0,11284750.0,37000.0,195750.0,0.0,0.0,0.0,0.0,5953500.0,2552500.0,0.18446584400802182,454750.0,2097750.0,0.15160165495311567,0.06811133146573052,0.06595399566142025,30798840,31806261,https://find-and-update.company-information.service.gov.uk/search/companies?q=Personal+Group+Holdings+PLC,https://find-and-update.company-information.service.gov.uk/search/companies?q=Personal+Group+Holdings+PLC,1620596514,17:41:54,20210509
6,2017-06-30,PGH.L,GBP,2017-06-30,2017-06-30,Q2,11309250.0,0.0,0.0,0.0,0.0,2303000.0,0.0,0.0,2737000.0,8931750.0,0.0,212500.0,0.0,0.0,0.0,0.0,3511500.0,2377500.0,0.21022614231712977,371500.0,2065500.0,0.1826381059751973,0.06725,0.066,30743826,31282267,https://find-and-update.company-information.service.gov.uk/search/companies?q=Personal+Group+Holdings+PLC,https://find-and-update.company-information.service.gov.uk/search/companies?q=Personal+Group+Holdings+PLC,1620596514,17:41:54,20210509
7,2017-03-31,PGH.L,GBP,2017-03-31,2017-03-31,Q1,11309250.0,0.0,0.0,0.0,0.0,2303000.0,0.0,0.0,2737000.0,8931750.0,0.0,212500.0,0.0,0.0,0.0,0.0,3511500.0,2377500.0,0.21022614231712977,371500.0,2065500.0,0.1826381059751973,0.06725,0.066,30743826,31282267,https://find-and-update.company-information.service.gov.uk/search/companies?q=Personal+Group+Holdings+PLC,https://find-and-update.company-information.service.gov.uk/search/companies?q=Personal+Group+Holdings+PLC,1620596514,17:41:54,20210509
8,2017-01-31,PGH.L,GBP,2017-01-31,2017-01-31,Q1,11309250.0,0.0,0.0,0.0,0.0,2303000.0,0.0,0.0,2737000.0,8931750.0,0.0,212500.0,0.0,0.0,0.0,0.0,3511500.0,2377500.0,0.21022614231712977,371500.0,2065500.0,0.1826381059751973,0.06725,0.066,30743826,31282267,https://find-and-update.company-information.service.gov.uk/search/companies?q=Personal+Group+Holdings+PLC,https://find-and-update.company-information.service.gov.uk/search/companies?q=Personal+Group+Holdings+PLC,1620596514,17:41:54,20210509
9,2016-06-30,PGH.L,GBP,2016-06-30,2016-06-30,Q2,13000750.0,0.0,0.0,0.0,0.0,2532250.0,0.0,0.0,3982250.0,10370500.0,0.0,137000.0,0.0,0.0,0.0,0.0,5032000.0,2630250.0,0.20231525104320905,369750.0,1821000.0,0.1400688421821818,0.05975,0.0585,30442426,31191978,https://find-and-update.company-information.service.gov.uk/search/companies?q=Personal+Group+Holdings+PLC,https://find-and-update.company-information.service.gov.uk/search/companies?q=Personal+Group+Holdings+PLC,1620596514,17:41:54,20210509
10,2016-03-31,PGH.L,GBP,2016-03-31,2016-03-31,Q1,13000750.0,0.0,0.0,0.0,0.0,2532250.0,0.0,0.0,3982250.0,10370500.0,0.0,137000.0,0.0,0.0,0.0,0.0,5032000.0,2630250.0,0.20231525104320905,369750.0,1821000.0,0.1400688421821818,0.05975,0.0585,30442426,31191978,https://find-and-update.company-information.service.gov.uk/search/companies?q=Personal+Group+Holdings+PLC,https://find-and-update.company-information.service.gov.uk/search/companies?q=Personal+Group+Holdings+PLC,1620596514,17:41:54,20210509
11,2016-01-31,PGH.L,GBP,2016-01-31,2016-01-31,Q1,13000750.0,0.0,0.0,0.0,0.0,2532250.0,0.0,0.0,3982250.0,10370500.0,0.0,137000.0,0.0,0.0,0.0,0.0,5032000.0,2630250.0,0.20231525104320905,369750.0,1821000.0,0.1400688421821818,0.05975,0.0585,30442426,31191978,https://find-and-update.company-information.service.gov.uk/search/companies?q=Personal+Group+Holdings+PLC,https://find-and-update.company-information.service.gov.uk/search/companies?q=Personal+Group+Holdings+PLC,1620596514,17:41:54,20210509
12,2015-09-30,PGH.L,GBP,2015-09-30,2015-09-30,Q3,14509750.0,0.0,0.0,0.0,0.0,2262250.0,0.0,0.0,5261000.0,11897500.0,0.0,208250.0,0.0,0.0,0.0,0.0,6691500.0,2612250.0,0.18003411499164354,287000.0,2325250.0,0.16025431175588828,0.077,0.07125,30200755,32598684,https://find-and-update.company-information.service.gov.uk/search/companies?q=Personal+Group+Holdings+PLC,https://find-and-update.company-information.service.gov.uk/search/companies?q=Personal+Group+Holdings+PLC,1620596514,17:41:54,20210509
13,2015-06-30,PGH.L,GBP,2015-06-30,2015-06-30,Q2,14509750.0,0.0,0.0,0.0,0.0,2262250.0,0.0,0.0,5261000.0,11897500.0,0.0,208250.0,0.0,0.0,0.0,0.0,6691500.0,2612250.0,0.18003411499164354,287000.0,2325250.0,0.16025431175588828,0.077,0.07125,30200755,32598684,https://find-and-update.company-information.service.gov.uk/search/companies?q=Personal+Group+Holdings+PLC,https://find-and-update.company-information.service.gov.uk/search/companies?q=Personal+Group+Holdings+PLC,1620596514,17:41:54,20210509
14,2015-03-31,PGH.L,GBP,2015-03-31,2015-03-31,Q1,14509750.0,0.0,0.0,0.0,0.0,2262250.0,0.0,0.0,5261000.0,11897500.0,0.0,208250.0,0.0,0.0,0.0,0.0,6691500.0,2612250.0,0.18003411499164354,287000.0,2325250.0,0.16025431175588828,0.077,0.07125,30200755,32598684,https://find-and-update.company-information.service.gov.uk/search/companies?q=Personal+Group+Holdings+PLC,https://find-and-update.company-information.service.gov.uk/search/companies?q=Personal+Group+Holdings+PLC,1620596514,17:41:54,20210509
15,2015-01-31,PGH.L,GBP,2015-01-31,2015-01-31,Q1,14509750.0,0.0,0.0,0.0,0.0,2262250.0,0.0,0.0,5261000.0,11897500.0,0.0,208250.0,0.0,0.0,0.0,0.0,6691500.0,2612250.0,0.18003411499164354,287000.0,2325250.0,0.16025431175588828,0.077,0.07125,30200755,32598684,https://find-and-update.company-information.service.gov.uk/search/companies?q=Personal+Group+Holdings+PLC,https://find-and-update.company-information.service.gov.uk/search/companies?q=Personal+Group+Holdings+PLC,1620596514,17:41:54,20210509
16,2014-09-30,PGH.L,GBP,2014-09-30,2014-09-30,Q3,11759500.0,0.0,0.0,0.0,0.0,1204750.0,0.0,0.0,4570500.0,9460250.0,0.0,68750.0,0.0,0.0,0.0,0.0,4567250.0,2299250.0,0.19552276882520514,413250.0,1886000.0,0.16038096857859602,0.06275,0.061,30066390,30901027,https://find-and-update.company-information.service.gov.uk/search/companies?q=Personal+Group+Holdings+PLC,https://find-and-update.company-information.service.gov.uk/search/companies?q=Personal+Group+Holdings+PLC,1620596514,17:41:54,20210509
17,2014-06-30,PGH.L,GBP,2014-06-30,2014-06-30,Q2,11759500.0,0.0,0.0,0.0,0.0,1204750.0,0.0,0.0,4570500.0,9460250.0,0.0,68750.0,0.0,0.0,0.0,0.0,4567250.0,2299250.0,0.19552276882520514,413250.0,1886000.0,0.16038096857859602,0.06275,0.061,30066390,30901027,https://find-and-update.company-information.service.gov.uk/search/companies?q=Personal+Group+Holdings+PLC,https://find-and-update.company-information.service.gov.uk/search/companies?q=Personal+Group+Holdings+PLC,1620596514,17:41:54,20210509
18,2014-03-31,PGH.L,GBP,2014-03-31,2014-03-31,Q1,11759500.0,0.0,0.0,0.0,0.0,1204750.0,0.0,0.0,4570500.0,9460250.0,0.0,68750.0,0.0,0.0,0.0,0.0,4567250.0,2299250.0,0.19552276882520514,413250.0,1886000.0,0.16038096857859602,0.06275,0.061,30066390,30901027,https://find-and-update.company-information.service.gov.uk/search/companies?q=Personal+Group+Holdings+PLC,https://find-and-update.company-information.service.gov.uk/search/companies?q=Personal+Group+Holdings+PLC,1620596514,17:41:54,20210509
19,2014-01-31,PGH.L,GBP,2014-01-31,2014-01-31,Q1,11759500.0,0.0,0.0,0.0,0.0,1204750.0,0.0,0.0,4570500.0,9460250.0,0.0,68750.0,0.0,0.0,0.0,0.0,4567250.0,2299250.0,0.19552276882520514,413250.0,1886000.0,0.16038096857859602,0.06275,0.061,30066390,30901027,https://find-and-update.company-information.service.gov.uk/search/companies?q=Personal+Group+Holdings+PLC,https://find-and-update.company-information.service.gov.uk/search/companies?q=Personal+Group+Holdings+PLC,1620596514,17:41:54,20210509
20,2013-09-30,PGH.L,GBP,2013-09-30,2013-09-30,Q3,7107000.0,0.0,0.0,0.0,0.0,1238750.0,0.0,0.0,683000.0,6174500.0,250.0,132250.0,0.0,0.0,0.0,0.0,366500.0,932500.0,0.13120866751090474,408000.0,524500.0,0.07380047840157591,0.017549628223924422,0.01752348138152655,29886673,29931267,https://find-and-update.company-information.service.gov.uk/search/companies?q=Personal+Group+Holdings+PLC,https://find-and-update.company-information.service.gov.uk/search/companies?q=Personal+Group+Holdings+PLC,1620596514,17:41:54,20210509
21,2013-06-30,PGH.L,GBP,2013-06-30,2013-06-30,Q2,7107000.0,0.0,0.0,0.0,0.0,1238750.0,0.0,0.0,683000.0,6174500.0,250.0,132250.0,0.0,0.0,0.0,0.0,366500.0,932500.0,0.13120866751090474,408000.0,524500.0,0.07380047840157591,0.017549628223924422,0.01752348138152655,29886673,29931267,https://find-and-update.company-information.service.gov.uk/search/companies?q=Personal+Group+Holdings+PLC,https://find-and-update.company-information.service.gov.uk/search/companies?q=Personal+Group+Holdings+PLC,1620596514,17:41:54,20210509
22,2013-03-31,PGH.L,GBP,2013-03-31,2013-03-31,Q1,7107000.0,0.0,0.0,0.0,0.0,1238750.0,0.0,0.0,683000.0,6174500.0,250.0,132250.0,0.0,0.0,0.0,0.0,366500.0,932500.0,0.13120866751090474,408000.0,524500.0,0.07380047840157591,0.017549628223924422,0.01752348138152655,29886673,29931267,https://find-and-update.company-information.service.gov.uk/search/companies?q=Personal+Group+Holdings+PLC,https://find-and-update.company-information.service.gov.uk/search/companies?q=Personal+Group+Holdings+PLC,1620596514,17:41:54,20210509
23,2013-01-31,PGH.L,GBP,2013-01-31,2013-01-31,Q1,7107000.0,0.0,0.0,0.0,0.0,1238750.0,0.0,0.0,683000.0,6174500.0,250.0,132250.0,0.0,0.0,0.0,0.0,366500.0,932500.0,0.13120866751090474,408000.0,524500.0,0.07380047840157591,0.017549628223924422,0.01752348138152655,29886673,29931267,https://find-and-update.company-information.service.gov.uk/search/companies?q=Personal+Group+Holdings+PLC,https://find-and-update.company-information.service.gov.uk/search/companies?q=Personal+Group+Holdings+PLC,1620596514,17:41:54,20210509
24,2012-09-30,PGH.L,GBP,2012-09-30,2012-09-30,Q3,6861500.0,0.0,0.0,0.0,0.0,944500.0,0.0,0.0,642750.0,4781500.0,750.0,124500.0,0.0,0.0,0.0,0.0,430250.0,2080000.0,0.30314071267215625,574000.0,1506000.0,0.2194855352328208,0.0505,0.05025,29865746,29882672,https://find-and-update.company-information.service.gov.uk/search/companies?q=Personal+Group+Holdings+PLC,https://find-and-update.company-information.service.gov.uk/search/companies?q=Personal+Group+Holdings+PLC,1620596514,17:41:54,20210509
25,2012-06-30,PGH.L,GBP,2012-06-30,2012-06-30,Q2,6861500.0,0.0,0.0,0.0,0.0,944500.0,0.0,0.0,642750.0,4781500.0,750.0,124500.0,0.0,0.0,0.0,0.0,430250.0,2080000.0,0.30314071267215625,574000.0,1506000.0,0.2194855352328208,0.0505,0.05025,29865746,29882672,https://find-and-update.company-information.service.gov.uk/search/companies?q=Personal+Group+Holdings+PLC,https://find-and-update.company-information.service.gov.uk/search/companies?q=Personal+Group+Holdings+PLC,1620596514,17:41:54,20210509
26,2012-03-31,PGH.L,GBP,2012-03-31,2012-03-31,Q1,6861500.0,0.0,0.0,0.0,0.0,944500.0,0.0,0.0,642750.0,4781500.0,750.0,124500.0,0.0,0.0,0.0,0.0,430250.0,2080000.0,0.30314071267215625,574000.0,1506000.0,0.2194855352328208,0.0505,0.05025,29865746,29882672,https://find-and-update.company-information.service.gov.uk/search/companies?q=Personal+Group+Holdings+PLC,https://find-and-update.company-information.service.gov.uk/search/companies?q=Personal+Group+Holdings+PLC,1620596514,17:41:54,20210509
27,2012-01-31,PGH.L,GBP,2012-01-31,2012-01-31,Q1,6861500.0,0.0,0.0,0.0,0.0,944500.0,0.0,0.0,642750.0,4781500.0,750.0,124500.0,0.0,0.0,0.0,0.0,430250.0,2080000.0,0.30314071267215625,574000.0,1506000.0,0.2194855352328208,0.0505,0.05025,29865746,29882672,https://find-and-update.company-information.service.gov.uk/search/companies?q=Personal+Group+Holdings+PLC,https://find-and-update.company-information.service.gov.uk/search/companies?q=Personal+Group+Holdings+PLC,1620596514,17:41:54,20210509
28,2011-09-30,PGH.L,GBP,2011-09-30,2011-09-30,Q3,6869500.0,0.0,0.0,0.0,0.0,0.0,0.0,0.0,3430000.0,4365750.0,750.0,111500.0,0.0,0.0,0.0,0.0,1954500.0,2503750.0,0.36447339689933766,648000.0,1855750.0,0.2701433874372225,0.06212420213961677,0.06211469933188583,29871611,29876181,https://find-and-update.company-information.service.gov.uk/search/companies?q=Personal+Group+Holdings+PLC,https://find-and-update.company-information.service.gov.uk/search/companies?q=Personal+Group+Holdings+PLC,1620596514,17:41:54,20210509
29,2011-06-30,PGH.L,GBP,2011-06-30,2011-06-30,Q2,6869500.0,0.0,0.0,0.0,0.0,0.0,0.0,0.0,3430000.0,4365750.0,750.0,111500.0,0.0,0.0,0.0,0.0,1954500.0,2503750.0,0.36447339689933766,648000.0,1855750.0,0.2701433874372225,0.06212420213961677,0.06211469933188583,29871611,29876181,https://find-and-update.company-information.service.gov.uk/search/companies?q=Personal+Group+Holdings+PLC,https://find-and-update.company-information.service.gov.uk/search/companies?q=Personal+Group+Holdings+PLC,1620596514,17:41:54,20210509
30,2011-03-31,PGH.L,GBP,2011-03-31,2011-03-31,Q1,6869500.0,0.0,0.0,0.0,0.0,0.0,0.0,0.0,3430000.0,4365750.0,750.0,111500.0,0.0,0.0,0.0,0.0,1954500.0,2503750.0,0.36447339689933766,648000.0,1855750.0,0.2701433874372225,0.06212420213961677,0.06211469933188583,29871611,29876181,https://find-and-update.company-information.service.gov.uk/search/companies?q=Personal+Group+Holdings+PLC,https://find-and-update.company-information.service.gov.uk/search/companies?q=Personal+Group+Holdings+PLC,1620596514,17:41:54,20210509
31,2011-01-31,PGH.L,GBP,2011-01-31,2011-01-31,Q1,6869500.0,0.0,0.0,0.0,0.0,0.0,0.0,0.0,3430000.0,4365750.0,750.0,111500.0,0.0,0.0,0.0,0.0,1954500.0,2503750.0,0.36447339689933766,648000.0,1855750.0,0.2701433874372225,0.06212420213961677,0.06211469933188583,29871611,29876181,https://find-and-update.company-information.service.gov.uk/search/companies?q=Personal+Group+Holdings+PLC,https://find-and-update.company-information.service.gov.uk/search/companies?q=Personal+Group+Holdings+PLC,1620596514,17:41:54,20210509
32,2010-09-30,PGH.L,GBP,2010-09-30,2010-09-30,Q3,6685750.0,0.0,0.0,0.0,0.0,0.0,0.0,0.0,3379250.0,4340500.0,750.0,112250.0,0.0,0.0,0.0,0.0,2000250.0,2345250.0,0.3507833825674008,655500.0,1689750.0,0.2527390345137045,0.0565,0.0565,29870000,29870000,https://find-and-update.company-information.service.gov.uk/search/companies?q=Personal+Group+Holdings+PLC,https://find-and-update.company-information.service.gov.uk/search/companies?q=Personal+Group+Holdings+PLC,1620596514,17:41:54,20210509
33,2010-06-30,PGH.L,GBP,2010-06-30,2010-06-30,Q2,6685750.0,0.0,0.0,0.0,0.0,0.0,0.0,0.0,3379250.0,4340500.0,750.0,112250.0,0.0,0.0,0.0,0.0,2000250.0,2345250.0,0.3507833825674008,655500.0,1689750.0,0.2527390345137045,0.0565,0.0565,29870000,29870000,https://find-and-update.company-information.service.gov.uk/search/companies?q=Personal+Group+Holdings+PLC,https://find-and-update.company-information.service.gov.uk/search/companies?q=Personal+Group+Holdings+PLC,1620596514,17:41:54,20210509
34,2010-03-31,PGH.L,GBP,2010-03-31,2010-03-31,Q1,6685750.0,0.0,0.0,0.0,0.0,0.0,0.0,0.0,3379250.0,4340500.0,750.0,112250.0,0.0,0.0,0.0,0.0,2000250.0,2345250.0,0.3507833825674008,655500.0,1689750.0,0.2527390345137045,0.0565,0.0565,29870000,29870000,https://find-and-update.company-information.service.gov.uk/search/companies?q=Personal+Group+Holdings+PLC,https://find-and-update.company-information.service.gov.uk/search/companies?q=Personal+Group+Holdings+PLC,1620596514,17:41:54,20210509
35,2010-01-31,PGH.L,GBP,2010-01-31,2010-01-31,Q1,6685750.0,0.0,0.0,0.0,0.0,0.0,0.0,0.0,3379250.0,4340500.0,750.0,112250.0,0.0,0.0,0.0,0.0,2000250.0,2345250.0,0.3507833825674008,655500.0,1689750.0,0.2527390345137045,0.0565,0.0565,29870000,29870000,https://find-and-update.company-information.service.gov.uk/search/companies?q=Personal+Group+Holdings+PLC,https://find-and-update.company-information.service.gov.uk/search/companies?q=Personal+Group+Holdings+PLC,1620596514,17:41:54,20210509
36,2009-09-30,PGH.L,GBP,2009-09-30,2009-09-30,Q3,6529250.0,0.0,0.0,0.0,0.0,0.0,0.0,0.0,2684750.0,5149000.0,5000.0,118500.0,0.0,0.0,0.0,0.0,2067000.0,1380250.0,0.2113948769001034,550500.0,829750.0,0.12708197725619327,0.02775,0.02775,29830000,29830000,https://find-and-update.company-information.service.gov.uk/search/companies?q=Personal+Group+Holdings+PLC,https://find-and-update.company-information.service.gov.uk/search/companies?q=Personal+Group+Holdings+PLC,1620596514,17:41:54,20210509
37,2009-06-30,PGH.L,GBP,2009-06-30,2009-06-30,Q2,6529250.0,0.0,0.0,0.0,0.0,0.0,0.0,0.0,2684750.0,5149000.0,5000.0,118500.0,0.0,0.0,0.0,0.0,2067000.0,1380250.0,0.2113948769001034,550500.0,829750.0,0.12708197725619327,0.02775,0.02775,29830000,29830000,https://find-and-update.company-information.service.gov.uk/search/companies?q=Personal+Group+Holdings+PLC,https://find-and-update.company-information.service.gov.uk/search/companies?q=Personal+Group+Holdings+PLC,1620596514,17:41:54,20210509
38,2009-03-31,PGH.L,GBP,2009-03-31,2009-03-31,Q1,6529250.0,0.0,0.0,0.0,0.0,0.0,0.0,0.0,2684750.0,5149000.0,5000.0,118500.0,0.0,0.0,0.0,0.0,2067000.0,1380250.0,0.2113948769001034,550500.0,829750.0,0.12708197725619327,0.02775,0.02775,29830000,29830000,https://find-and-update.company-information.service.gov.uk/search/companies?q=Personal+Group+Holdings+PLC,https://find-and-update.company-information.service.gov.uk/search/companies?q=Personal+Group+Holdings+PLC,1620596514,17:41:54,20210509
39,2009-01-31,PGH.L,GBP,2009-01-31,2009-01-31,Q1,6529250.0,0.0,0.0,0.0,0.0,0.0,0.0,0.0,2684750.0,5149000.0,5000.0,118500.0,0.0,0.0,0.0,0.0,2067000.0,1380250.0,0.2113948769001034,550500.0,829750.0,0.12708197725619327,0.02775,0.02775,29830000,29830000,https://find-and-update.company-information.service.gov.uk/search/companies?q=Personal+Group+Holdings+PLC,https://find-and-update.company-information.service.gov.uk/search/companies?q=Personal+Group+Holdings+PLC,1620596514,17:41:54,20210509
40,2008-09-30,PGH.L,GBP,2008-09-30,2008-09-30,Q3,6636750.0,0.0,0.0,0.0,0.0,0.0,0.0,0.0,2721500.0,5330000.0,31250.0,113000.0,0.0,0.0,0.0,0.0,2394500.0,1306750.0,0.19689607111914717,614000.0,692750.0,0.10438090933062116,0.023,0.02275,30268000,30286000,https://find-and-update.company-information.service.gov.uk/search/companies?q=Personal+Group+Holdings+PLC,https://find-and-update.company-information.service.gov.uk/search/companies?q=Personal+Group+Holdings+PLC,1620596514,17:41:54,20210509
41,2008-06-30,PGH.L,GBP,2008-06-30,2008-06-30,Q2,6636750.0,0.0,0.0,0.0,0.0,0.0,0.0,0.0,2721500.0,5330000.0,31250.0,113000.0,0.0,0.0,0.0,0.0,2394500.0,1306750.0,0.19689607111914717,614000.0,692750.0,0.10438090933062116,0.023,0.02275,30268000,30286000,https://find-and-update.company-information.service.gov.uk/search/companies?q=Personal+Group+Holdings+PLC,https://find-and-update.company-information.service.gov.uk/search/companies?q=Personal+Group+Holdings+PLC,1620596514,17:41:54,20210509
42,2008-03-31,PGH.L,GBP,2008-03-31,2008-03-31,Q1,6636750.0,0.0,0.0,0.0,0.0,0.0,0.0,0.0,2721500.0,5330000.0,31250.0,113000.0,0.0,0.0,0.0,0.0,2394500.0,1306750.0,0.19689607111914717,614000.0,692750.0,0.10438090933062116,0.023,0.02275,30268000,30286000,https://find-and-update.company-information.service.gov.uk/search/companies?q=Personal+Group+Holdings+PLC,https://find-and-update.company-information.service.gov.uk/search/companies?q=Personal+Group+Holdings+PLC,1620596514,17:41:54,20210509
43,2008-01-31,PGH.L,GBP,2008-01-31,2008-01-31,Q1,6636750.0,0.0,0.0,0.0,0.0,0.0,0.0,0.0,2721500.0,5330000.0,31250.0,113000.0,0.0,0.0,0.0,0.0,2394500.0,1306750.0,0.19689607111914717,614000.0,692750.0,0.10438090933062116,0.023,0.02275,30268000,30286000,https://find-and-update.company-information.service.gov.uk/search/companies?q=Personal+Group+Holdings+PLC,https://find-and-update.company-information.service.gov.uk/search/companies?q=Personal+Group+Holdings+PLC,1620596514,17:41:54,20210509
44,2007-09-30,PGH.L,GBP,2007-09-30,2007-09-30,Q3,6600250.0,0.0,0.0,0.0,0.0,0.0,0.0,0.0,3602250.0,4457500.0,88750.0,109750.0,0.0,0.0,0.0,0.0,2378750.0,2142750.0,0.3246467936820575,553250.0,1589500.0,0.24082421120412106,0.0525,0.0525,30261000,30261000,https://find-and-update.company-information.service.gov.uk/search/companies?q=Personal+Group+Holdings+PLC,https://find-and-update.company-information.service.gov.uk/search/companies?q=Personal+Group+Holdings+PLC,1620596514,17:41:54,20210509
45,2007-06-30,PGH.L,GBP,2007-06-30,2007-06-30,Q2,6600250.0,0.0,0.0,0.0,0.0,0.0,0.0,0.0,3602250.0,4457500.0,88750.0,109750.0,0.0,0.0,0.0,0.0,2378750.0,2142750.0,0.3246467936820575,553250.0,1589500.0,0.24082421120412106,0.0525,0.0525,30261000,30261000,https://find-and-update.company-information.service.gov.uk/search/companies?q=Personal+Group+Holdings+PLC,https://find-and-update.company-information.service.gov.uk/search/companies?q=Personal+Group+Holdings+PLC,1620596514,17:41:54,20210509
46,2007-03-31,PGH.L,GBP,2007-03-31,2007-03-31,Q1,6600250.0,0.0,0.0,0.0,0.0,0.0,0.0,0.0,3602250.0,4457500.0,88750.0,109750.0,0.0,0.0,0.0,0.0,2378750.0,2142750.0,0.3246467936820575,553250.0,1589500.0,0.24082421120412106,0.0525,0.0525,30261000,30261000,https://find-and-update.company-information.service.gov.uk/search/companies?q=Personal+Group+Holdings+PLC,https://find-and-update.company-information.service.gov.uk/search/companies?q=Personal+Group+Holdings+PLC,1620596514,17:41:54,20210509
47,2007-01-31,PGH.L,GBP,2007-01-31,2007-01-31,Q1,6600250.0,0.0,0.0,0.0,0.0,0.0,0.0,0.0,3602250.0,4457500.0,88750.0,109750.0,0.0,0.0,0.0,0.0,2378750.0,2142750.0,0.3246467936820575,553250.0,1589500.0,0.24082421120412106,0.0525,0.0525,30261000,30261000,https://find-and-update.company-information.service.gov.uk/search/companies?q=Personal+Group+Holdings+PLC,https://find-and-update.company-information.service.gov.uk/search/companies?q=Personal+Group+Holdings+PLC,1620596514,17:41:54,20210509
48,2006-09-30,PGH.L,GBP,2006-09-30,2006-09-30,Q3,6841250.0,0.0,0.0,0.0,0.0,0.0,0.0,0.0,3690000.0,4525750.0,106000.0,104000.0,0.0,0.0,0.0,0.0,2636250.0,2315500.0,0.3384615384615385,653500.0,1670000.0,0.2441074365064864,0.05525,0.055,30183000,30401000,https://find-and-update.company-information.service.gov.uk/search/companies?q=Personal+Group+Holdings+PLC,https://find-and-update.company-information.service.gov.uk/search/companies?q=Personal+Group+Holdings+PLC,1620596514,17:41:54,20210509
49,2006-06-30,PGH.L,GBP,2006-06-30,2006-06-30,Q2,6841250.0,0.0,0.0,0.0,0.0,0.0,0.0,0.0,3690000.0,4525750.0,106000.0,104000.0,0.0,0.0,0.0,0.0,2636250.0,2315500.0,0.3384615384615385,653500.0,1670000.0,0.2441074365064864,0.05525,0.055,30183000,30401000,https://find-and-update.company-information.service.gov.uk/search/companies?q=Personal+Group+Holdings+PLC,https://find-and-update.company-information.service.gov.uk/search/companies?q=Personal+Group+Holdings+PLC,1620596514,17:41:54,20210509
50,2006-03-31,PGH.L,GBP,2006-03-31,2006-03-31,Q1,6841250.0,0.0,0.0,0.0,0.0,0.0,0.0,0.0,3690000.0,4525750.0,106000.0,104000.0,0.0,0.0,0.0,0.0,2636250.0,2315500.0,0.3384615384615385,653500.0,1670000.0,0.2441074365064864,0.05525,0.055,30183000,30401000,https://find-and-update.company-information.service.gov.uk/search/companies?q=Personal+Group+Holdings+PLC,https://find-and-update.company-information.service.gov.uk/search/companies?q=Personal+Group+Holdings+PLC,1620596514,17:41:54,20210509
51,2006-01-31,PGH.L,GBP,2006-01-31,2006-01-31,Q1,6841250.0,0.0,0.0,0.0,0.0,0.0,0.0,0.0,3690000.0,4525750.0,106000.0,104000.0,0.0,0.0,0.0,0.0,2636250.0,2315500.0,0.3384615384615385,653500.0,1670000.0,0.2441074365064864,0.05525,0.055,30183000,30401000,https://find-and-update.company-information.service.gov.uk/search/companies?q=Personal+Group+Holdings+PLC,https://find-and-update.company-information.service.gov.uk/search/companies?q=Personal+Group+Holdings+PLC,1620596514,17:41:54,20210509
52,2005-09-30,PGH.L,GBP,2005-09-30,2005-09-30,Q3,7034500.0,0.0,0.0,0.0,0.0,0.0,0.0,0.0,4405500.0,5119500.0,0.0,0.0,0.0,0.0,0.0,0.0,2904250.0,1915000.0,0.2722297249271448,639250.0,1275750.0,0.18135617314663444,0.04225,0.042,30185000,30377000,https://find-and-update.company-information.service.gov.uk/search/companies?q=Personal+Group+Holdings+PLC,https://find-and-update.company-information.service.gov.uk/search/companies?q=Personal+Group+Holdings+PLC,1620596514,17:41:54,20210509
53,2005-06-30,PGH.L,GBP,2005-06-30,2005-06-30,Q2,7034500.0,0.0,0.0,0.0,0.0,0.0,0.0,0.0,4405500.0,5119500.0,0.0,0.0,0.0,0.0,0.0,0.0,2904250.0,1915000.0,0.2722297249271448,639250.0,1275750.0,0.18135617314663444,0.04225,0.042,30185000,30377000,https://find-and-update.company-information.service.gov.uk/search/companies?q=Personal+Group+Holdings+PLC,https://find-and-update.company-information.service.gov.uk/search/companies?q=Personal+Group+Holdings+PLC,1620596514,17:41:54,20210509
54,2005-03-31,PGH.L,GBP,2005-03-31,2005-03-31,Q1,7034500.0,0.0,0.0,0.0,0.0,0.0,0.0,0.0,4405500.0,5119500.0,0.0,0.0,0.0,0.0,0.0,0.0,2904250.0,1915000.0,0.2722297249271448,639250.0,1275750.0,0.18135617314663444,0.04225,0.042,30185000,30377000,https://find-and-update.company-information.service.gov.uk/search/companies?q=Personal+Group+Holdings+PLC,https://find-and-update.company-information.service.gov.uk/search/companies?q=Personal+Group+Holdings+PLC,1620596514,17:41:54,20210509
55,2005-01-31,PGH.L,GBP,2005-01-31,2005-01-31,Q1,7034500.0,0.0,0.0,0.0,0.0,0.0,0.0,0.0,4405500.0,5119500.0,0.0,0.0,0.0,0.0,0.0,0.0,2904250.0,1915000.0,0.2722297249271448,639250.0,1275750.0,0.18135617314663444,0.04225,0.042,30185000,30377000,https://find-and-update.company-information.service.gov.uk/search/companies?q=Personal+Group+Holdings+PLC,https://find-and-update.company-information.service.gov.uk/search/companies?q=Personal+Group+Holdings+PLC,1620596514,17:41:54,20210509
56,2004-09-30,PGH.L,GBP,2004-09-30,2004-09-30,Q3,2342750.0,0.0,0.0,0.0,0.0,0.0,0.0,0.0,767250.0,798000.0,0.0,0.0,0.0,0.0,0.0,0.0,925750.0,1544750.0,0.6593746665243837,492500.0,1052250.0,0.4491516380322271,0.035,0.03475,30120000,30219000,https://find-and-update.company-information.service.gov.uk/search/companies?q=Personal+Group+Holdings+PLC,https://find-and-update.company-information.service.gov.uk/search/companies?q=Personal+Group+Holdings+PLC,1620596514,17:41:54,20210509
57,2004-06-30,PGH.L,GBP,2004-06-30,2004-06-30,Q2,2342750.0,0.0,0.0,0.0,0.0,0.0,0.0,0.0,767250.0,798000.0,0.0,0.0,0.0,0.0,0.0,0.0,925750.0,1544750.0,0.6593746665243837,492500.0,1052250.0,0.4491516380322271,0.035,0.03475,30120000,30219000,https://find-and-update.company-information.service.gov.uk/search/companies?q=Personal+Group+Holdings+PLC,https://find-and-update.company-information.service.gov.uk/search/companies?q=Personal+Group+Holdings+PLC,1620596514,17:41:54,20210509
58,2004-03-31,PGH.L,GBP,2004-03-31,2004-03-31,Q1,2342750.0,0.0,0.0,0.0,0.0,0.0,0.0,0.0,767250.0,798000.0,0.0,0.0,0.0,0.0,0.0,0.0,925750.0,1544750.0,0.6593746665243837,492500.0,1052250.0,0.4491516380322271,0.035,0.03475,30120000,30219000,https://find-and-update.company-information.service.gov.uk/search/companies?q=Personal+Group+Holdings+PLC,https://find-and-update.company-information.service.gov.uk/search/companies?q=Personal+Group+Holdings+PLC,1620596514,17:41:54,20210509
59,2004-01-31,PGH.L,GBP,2004-01-31,2004-01-31,Q1,2342750.0,0.0,0.0,0.0,0.0,0.0,0.0,0.0,767250.0,798000.0,0.0,0.0,0.0,0.0,0.0,0.0,925750.0,1544750.0,0.6593746665243837,492500.0,1052250.0,0.4491516380322271,0.035,0.03475,30120000,30219000,https://find-and-update.company-information.service.gov.uk/search/companies?q=Personal+Group+Holdings+PLC,https://find-and-update.company-information.service.gov.uk/search/companies?q=Personal+Group+Holdings+PLC,1620596514,17:41:54,20210509
60,2003-09-30,PGH.L,GBP,2003-09-30,2003-09-30,Q3,974750.0,0.0,0.0,0.0,0.0,0.0,0.0,0.0,-601500.0,-601500.0,0.0,0.0,0.0,0.0,0.0,0.0,846750.0,1576250.0,1.617081302898179,464250.0,1112000.0,1.1408053347012055,0.03725,0.03675,29925000,30170000,https://find-and-update.company-information.service.gov.uk/search/companies?q=Personal+Group+Holdings+PLC,https://find-and-update.company-information.service.gov.uk/search/companies?q=Personal+Group+Holdings+PLC,1620596514,17:41:54,20210509
61,2003-06-30,PGH.L,GBP,2003-06-30,2003-06-30,Q2,974750.0,0.0,0.0,0.0,0.0,0.0,0.0,0.0,-601500.0,-601500.0,0.0,0.0,0.0,0.0,0.0,0.0,846750.0,1576250.0,1.617081302898179,464250.0,1112000.0,1.1408053347012055,0.03725,0.03675,29925000,30170000,https://find-and-update.company-information.service.gov.uk/search/companies?q=Personal+Group+Holdings+PLC,https://find-and-update.company-information.service.gov.uk/search/companies?q=Personal+Group+Holdings+PLC,1620596514,17:41:54,20210509
62,2003-03-31,PGH.L,GBP,2003-03-31,2003-03-31,Q1,974750.0,0.0,0.0,0.0,0.0,0.0,0.0,0.0,-601500.0,-601500.0,0.0,0.0,0.0,0.0,0.0,0.0,846750.0,1576250.0,1.617081302898179,464250.0,1112000.0,1.1408053347012055,0.03725,0.03675,29925000,30170000,https://find-and-update.company-information.service.gov.uk/search/companies?q=Personal+Group+Holdings+PLC,https://find-and-update.company-information.service.gov.uk/search/companies?q=Personal+Group+Holdings+PLC,1620596514,17:41:54,20210509
63,2003-01-31,PGH.L,GBP,2003-01-31,2003-01-31,Q1,974750.0,0.0,0.0,0.0,0.0,0.0,0.0,0.0,-601500.0,-601500.0,0.0,0.0,0.0,0.0,0.0,0.0,846750.0,1576250.0,1.617081302898179,464250.0,1112000.0,1.1408053347012055,0.03725,0.03675,29925000,30170000,https://find-and-update.company-information.service.gov.uk/search/companies?q=Personal+Group+Holdings+PLC,https://find-and-update.company-information.service.gov.uk/search/companies?q=Personal+Group+Holdings+PLC,1620596514,17:41:54,20210509
64,2002-09-30,PGH.L,GBP,2002-09-30,2002-09-30,Q3,0.0,0.0,0.0,0.0,0.0,0.0,0.0,0.0,-1403500.0,-1403500.0,0.0,0.0,0.0,0.0,0.0,0.0,0.0,1403500.0,0.0,409000.0,994500.0,0.0,0.03313343328335832,0.03299164012738853,30015000,30144000,https://find-and-update.company-information.service.gov.uk/search/companies?q=Personal+Group+Holdings+PLC,https://find-and-update.company-information.service.gov.uk/search/companies?q=Personal+Group+Holdings+PLC,1620596514,17:41:54,20210509
65,2002-06-30,PGH.L,GBP,2002-06-30,2002-06-30,Q2,0.0,0.0,0.0,0.0,0.0,0.0,0.0,0.0,-1403500.0,-1403500.0,0.0,0.0,0.0,0.0,0.0,0.0,0.0,1403500.0,0.0,409000.0,994500.0,0.0,0.03313343328335832,0.03299164012738853,30015000,30144000,https://find-and-update.company-information.service.gov.uk/search/companies?q=Personal+Group+Holdings+PLC,https://find-and-update.company-information.service.gov.uk/search/companies?q=Personal+Group+Holdings+PLC,1620596514,17:41:54,20210509
66,2002-03-31,PGH.L,GBP,2002-03-31,2002-03-31,Q1,0.0,0.0,0.0,0.0,0.0,0.0,0.0,0.0,-1403500.0,-1403500.0,0.0,0.0,0.0,0.0,0.0,0.0,0.0,1403500.0,0.0,409000.0,994500.0,0.0,0.03313343328335832,0.03299164012738853,30015000,30144000,https://find-and-update.company-information.service.gov.uk/search/companies?q=Personal+Group+Holdings+PLC,https://find-and-update.company-information.service.gov.uk/search/companies?q=Personal+Group+Holdings+PLC,1620596514,17:41:54,20210509
67,2002-01-31,PGH.L,GBP,2002-01-31,2002-01-31,Q1,0.0,0.0,0.0,0.0,0.0,0.0,0.0,0.0,-1403500.0,-1403500.0,0.0,0.0,0.0,0.0,0.0,0.0,0.0,1403500.0,0.0,409000.0,994500.0,0.0,0.03313343328335832,0.03299164012738853,30015000,30144000,https://find-and-update.company-information.service.gov.uk/search/companies?q=Personal+Group+Holdings+PLC,https://find-and-update.company-information.service.gov.uk/search/companies?q=Personal+Group+Holdings+PLC,1620596514,17:41:54,20210509
68,2001-09-30,PGH.L,GBP,2001-09-30,2001-09-30,Q3,0.0,0.0,0.0,0.0,0.0,0.0,0.0,0.0,-1253500.0,-1161500.0,0.0,96500.0,0.0,0.0,0.0,0.0,0.0,1161500.0,0.0,364250.0,797250.0,0.0,0.026561719140429783,0.026528133630585964,30015000,30053000,https://find-and-update.company-information.service.gov.uk/search/companies?q=Personal+Group+Holdings+PLC,https://find-and-update.company-information.service.gov.uk/search/companies?q=Personal+Group+Holdings+PLC,1620596514,17:41:54,20210509
69,2001-06-30,PGH.L,GBP,2001-06-30,2001-06-30,Q2,0.0,0.0,0.0,0.0,0.0,0.0,0.0,0.0,-1253500.0,-1161500.0,0.0,96500.0,0.0,0.0,0.0,0.0,0.0,1161500.0,0.0,364250.0,797250.0,0.0,0.026561719140429783,0.026528133630585964,30015000,30053000,https://find-and-update.company-information.service.gov.uk/search/companies?q=Personal+Group+Holdings+PLC,https://find-and-update.company-information.service.gov.uk/search/companies?q=Personal+Group+Holdings+PLC,1620596514,17:41:54,20210509
70,2001-03-31,PGH.L,GBP,2001-03-31,2001-03-31,Q1,0.0,0.0,0.0,0.0,0.0,0.0,0.0,0.0,-1253500.0,-1161500.0,0.0,96500.0,0.0,0.0,0.0,0.0,0.0,1161500.0,0.0,364250.0,797250.0,0.0,0.026561719140429783,0.026528133630585964,30015000,30053000,https://find-and-update.company-information.service.gov.uk/search/companies?q=Personal+Group+Holdings+PLC,https://find-and-update.company-information.service.gov.uk/search/companies?q=Personal+Group+Holdings+PLC,1620596514,17:41:54,20210509
71,2001-01-31,PGH.L,GBP,2001-01-31,2001-01-31,Q1,0.0,0.0,0.0,0.0,0.0,0.0,0.0,0.0,-1253500.0,-1161500.0,0.0,96500.0,0.0,0.0,0.0,0.0,0.0,1161500.0,0.0,364250.0,797250.0,0.0,0.026561719140429783,0.026528133630585964,30015000,30053000,https://find-and-update.company-information.service.gov.uk/search/companies?q=Personal+Group+Holdings+PLC,https://find-and-update.company-information.service.gov.uk/search/companies?q=Personal+Group+Holdings+PLC,1620596514,17:41:54,20210509
72,2000-09-30,PGH.L,GBP,2000-09-30,2000-09-30,Q3,0.0,0.0,0.0,0.0,0.0,0.0,0.0,0.0,-1270750.0,-905250.0,0.0,74750.0,0.0,0.0,0.0,0.0,0.0,905250.0,0.0,312250.0,593000.0,0.0,0.0195,0.0195,30522000,30522000,https://find-and-update.company-information.service.gov.uk/search/companies?q=Personal+Group+Holdings+PLC,https://find-and-update.company-information.service.gov.uk/search/companies?q=Personal+Group+Holdings+PLC,1620596514,17:41:54,20210509
73,2000-06-30,PGH.L,GBP,2000-06-30,2000-06-30,Q2,0.0,0.0,0.0,0.0,0.0,0.0,0.0,0.0,-1270750.0,-905250.0,0.0,74750.0,0.0,0.0,0.0,0.0,0.0,905250.0,0.0,312250.0,593000.0,0.0,0.0195,0.0195,30522000,30522000,https://find-and-update.company-information.service.gov.uk/search/companies?q=Personal+Group+Holdings+PLC,https://find-and-update.company-information.service.gov.uk/search/companies?q=Personal+Group+Holdings+PLC,1620596514,17:41:54,20210509
74,2000-03-31,PGH.L,GBP,2000-03-31,2000-03-31,Q1,0.0,0.0,0.0,0.0,0.0,0.0,0.0,0.0,-1270750.0,-905250.0,0.0,74750.0,0.0,0.0,0.0,0.0,0.0,905250.0,0.0,312250.0,593000.0,0.0,0.0195,0.0195,30522000,30522000,https://find-and-update.company-information.service.gov.uk/search/companies?q=Personal+Group+Holdings+PLC,https://find-and-update.company-information.service.gov.uk/search/companies?q=Personal+Group+Holdings+PLC,1620596514,17:41:54,20210509
75,2000-01-31,PGH.L,GBP,2000-01-31,2000-01-31,Q1,0.0,0.0,0.0,0.0,0.0,0.0,0.0,0.0,-1270750.0,-905250.0,0.0,74750.0,0.0,0.0,0.0,0.0,0.0,905250.0,0.0,312250.0,593000.0,0.0,0.0195,0.0195,30522000,30522000,https://find-and-update.company-information.service.gov.uk/search/companies?q=Personal+Group+Holdings+PLC,https://find-and-update.company-information.service.gov.uk/search/companies?q=Personal+Group+Holdings+PLC,1620596514,17:41:54,20210509
76,1999-09-30,PGH.L,GBP,1999-09-30,1999-09-30,Q3,0.0,0.0,0.0,0.0,0.0,0.0,0.0,0.0,-1076250.0,-1138500.0,0.0,72250.0,0.0,0.0,0.0,0.0,0.0,1138500.0,0.0,351000.0,787500.0,0.0,0.02575,0.02575,30548000,30548000,https://find-and-update.company-information.service.gov.uk/search/companies?q=Personal+Group+Holdings+PLC,https://find-and-update.company-information.service.gov.uk/search/companies?q=Personal+Group+Holdings+PLC,1620596514,17:41:54,20210509
77,1999-06-30,PGH.L,GBP,1999-06-30,1999-06-30,Q2,0.0,0.0,0.0,0.0,0.0,0.0,0.0,0.0,-1076250.0,-1138500.0,0.0,72250.0,0.0,0.0,0.0,0.0,0.0,1138500.0,0.0,351000.0,787500.0,0.0,0.02575,0.02575,30548000,30548000,https://find-and-update.company-information.service.gov.uk/search/companies?q=Personal+Group+Holdings+PLC,https://find-and-update.company-information.service.gov.uk/search/companies?q=Personal+Group+Holdings+PLC,1620596514,17:41:54,20210509
78,1999-03-31,PGH.L,GBP,1999-03-31,1999-03-31,Q1,0.0,0.0,0.0,0.0,0.0,0.0,0.0,0.0,-1076250.0,-1138500.0,0.0,72250.0,0.0,0.0,0.0,0.0,0.0,1138500.0,0.0,351000.0,787500.0,0.0,0.02575,0.02575,30548000,30548000,https://find-and-update.company-information.service.gov.uk/search/companies?q=Personal+Group+Holdings+PLC,https://find-and-update.company-information.service.gov.uk/search/companies?q=Personal+Group+Holdings+PLC,1620596514,17:41:54,20210509
79,1999-01-31,PGH.L,GBP,1999-01-31,1999-01-31,Q1,0.0,0.0,0.0,0.0,0.0,0.0,0.0,0.0,-1076250.0,-1138500.0,0.0,72250.0,0.0,0.0,0.0,0.0,0.0,1138500.0,0.0,351000.0,787500.0,0.0,0.02575,0.02575,30548000,30548000,https://find-and-update.company-information.service.gov.uk/search/companies?q=Personal+Group+Holdings+PLC,https://find-and-update.company-information.service.gov.uk/search/companies?q=Personal+Group+Holdings+PLC,1620596514,17:41:54,20210509
80,1998-09-30,PGH.L,GBP,1998-09-30,1998-09-30,Q3,0.0,0.0,0.0,0.0,0.0,0.0,0.0,0.0,-1046250.0,-980750.0,0.0,61250.0,0.0,0.0,0.0,0.0,0.0,980750.0,0.0,318250.0,662500.0,0.0,0.02175,0.02175,30548000,30548000,https://find-and-update.company-information.service.gov.uk/search/companies?q=Personal+Group+Holdings+PLC,https://find-and-update.company-information.service.gov.uk/search/companies?q=Personal+Group+Holdings+PLC,1620596514,17:41:54,20210509
81,1998-06-30,PGH.L,GBP,1998-06-30,1998-06-30,Q2,0.0,0.0,0.0,0.0,0.0,0.0,0.0,0.0,-1046250.0,-980750.0,0.0,61250.0,0.0,0.0,0.0,0.0,0.0,980750.0,0.0,318250.0,662500.0,0.0,0.02175,0.02175,30548000,30548000,https://find-and-update.company-information.service.gov.uk/search/companies?q=Personal+Group+Holdings+PLC,https://find-and-update.company-information.service.gov.uk/search/companies?q=Personal+Group+Holdings+PLC,1620596514,17:41:54,20210509
82,1998-03-31,PGH.L,GBP,1998-03-31,1998-03-31,Q1,0.0,0.0,0.0,0.0,0.0,0.0,0.0,0.0,-1046250.0,-980750.0,0.0,61250.0,0.0,0.0,0.0,0.0,0.0,980750.0,0.0,318250.0,662500.0,0.0,0.02175,0.02175,30548000,30548000,https://find-and-update.company-information.service.gov.uk/search/companies?q=Personal+Group+Holdings+PLC,https://find-and-update.company-information.service.gov.uk/search/companies?q=Personal+Group+Holdings+PLC,1620596514,17:41:54,20210509
83,1998-01-31,PGH.L,GBP,1998-01-31,1998-01-31,Q1,0.0,0.0,0.0,0.0,0.0,0.0,0.0,0.0,-1046250.0,-980750.0,0.0,61250.0,0.0,0.0,0.0,0.0,0.0,980750.0,0.0,318250.0,662500.0,0.0,0.02175,0.02175,30548000,30548000,https://find-and-update.company-information.service.gov.uk/search/companies?q=Personal+Group+Holdings+PLC,https://find-and-update.company-information.service.gov.uk/search/companies?q=Personal+Group+Holdings+PLC,1620596514,17:41:54,20210509
84,1997-09-30,PGH.L,GBP,1997-09-30,1997-09-30,Q3,0.0,0.0,0.0,0.0,0.0,0.0,0.0,0.0,-824500.0,-785750.0,0.0,54500.0,0.0,0.0,0.0,0.0,0.0,785750.0,0.0,251750.0,534000.0,0.0,0.0175,0.0175,30548000,30548000,https://find-and-update.company-information.service.gov.uk/search/companies?q=Personal+Group+Holdings+PLC,https://find-and-update.company-information.service.gov.uk/search/companies?q=Personal+Group+Holdings+PLC,1620596514,17:41:54,20210509
85,1997-06-30,PGH.L,GBP,1997-06-30,1997-06-30,Q2,0.0,0.0,0.0,0.0,0.0,0.0,0.0,0.0,-824500.0,-785750.0,0.0,54500.0,0.0,0.0,0.0,0.0,0.0,785750.0,0.0,251750.0,534000.0,0.0,0.0175,0.0175,30548000,30548000,https://find-and-update.company-information.service.gov.uk/search/companies?q=Personal+Group+Holdings+PLC,https://find-and-update.company-information.service.gov.uk/search/companies?q=Personal+Group+Holdings+PLC,1620596514,17:41:54,20210509
86,1997-03-31,PGH.L,GBP,1997-03-31,1997-03-31,Q1,0.0,0.0,0.0,0.0,0.0,0.0,0.0,0.0,-824500.0,-785750.0,0.0,54500.0,0.0,0.0,0.0,0.0,0.0,785750.0,0.0,251750.0,534000.0,0.0,0.0175,0.0175,30548000,30548000,https://find-and-update.company-information.service.gov.uk/search/companies?q=Personal+Group+Holdings+PLC,https://find-and-update.company-information.service.gov.uk/search/companies?q=Personal+Group+Holdings+PLC,1620596514,17:41:54,20210509
87,1997-01-31,PGH.L,GBP,1997-01-31,1997-01-31,Q1,0.0,0.0,0.0,0.0,0.0,0.0,0.0,0.0,-824500.0,-785750.0,0.0,54500.0,0.0,0.0,0.0,0.0,0.0,785750.0,0.0,251750.0,534000.0,0.0,0.0175,0.0175,30548000,30548000,https://find-and-update.company-information.service.gov.uk/search/companies?q=Personal+Group+Holdings+PLC,https://find-and-update.company-information.service.gov.uk/search/companies?q=Personal+Group+Holdings+PLC,1620596514,17:41:54,20210509
