,date,symbol,reportedCurrency,fillingDate,acceptedDate,period,revenue,costOfRevenue,grossProfit,grossProfitRatio,researchAndDevelopmentExpenses,generalAndAdministrativeExpenses,sellingAndMarketingExpenses,otherExpenses,operatingExpenses,costAndExpenses,interestExpense,depreciationAndAmortization,ebitda,ebitdaratio,operatingIncome,operatingIncomeRatio,totalOtherIncomeExpensesNet,incomeBeforeTax,incomeBeforeTaxRatio,incomeTaxExpense,netIncome,netIncomeRatio,eps,epsdiluted,weightedAverageShsOut,weightedAverageShsOutDil,link,finalLink,timestamp,est_time,est_date
0,2020-12-31,HTLD,USD,2021-02-22,2021-02-19 19:23:08,Q4,155789000.0,123934000.0,31855000.0,0.20447528387755234,0.0,7385000.0,0.0,0.0,14181000.0,138115000.0,0.0,28595000.0,46269000.0,0.2969978624935008,17674000.0,0.11344831791718285,6091000.0,23903000.0,0.1534318854347868,6231000.0,17672000.0,0.11343548004031093,0.21718077915693745,0.21718077915693745,81370000,81370000,https://www.sec.gov/Archives/edgar/data/799233/000079923321000016/0000799233-21-000016-index.htm,https://www.sec.gov/Archives/edgar/data/799233/000079923321000016/htld-20201231.htm,1620593284,16:48:04,20210509
1,2020-09-30,HTLD,USD,2020-11-09,2020-11-09 14:02:03,Q3,162282000.0,127802000.0,34480000.0,0.2124696515941386,0.0,6225000.0,0.0,6637.0,12862000.0,140664000.0,0.0,27738000.0,49356000.0,0.30413724257773506,21618000.0,0.13321255592117426,5721000.0,27510000.0,0.16951972492328168,6796000.0,20714000.0,0.1276420058909799,0.25456556470443653,0.25445924033217043,81370000,81404000,https://www.sec.gov/Archives/edgar/data/799233/000079923320000052/0000799233-20-000052-index.htm,https://www.sec.gov/Archives/edgar/data/799233/000079923320000052/htld-20200930.htm,1620593284,16:48:04,20210509
2,2020-06-30,HTLD,USD,2020-08-05,2020-08-04 19:34:26,Q2,160873000.0,125951000.0,34922000.0,0.21707806779260658,0.0,7124000.0,0.0,0.0,13180000.0,139131000.0,0.0,27287000.0,49029000.0,0.30476835764857996,21742000.0,0.13515008733597308,3247000.0,25146000.0,0.15630963555102473,5964000.0,19182000.0,0.11923691359022334,0.2357930449533503,0.23560768900079837,81351000,81415000,https://www.sec.gov/Archives/edgar/data/799233/000079923320000044/0000799233-20-000044-index.htm,https://www.sec.gov/Archives/edgar/data/799233/000079923320000044/htld-20200630.htm,1620593284,16:48:04,20210509
3,2020-03-31,HTLD,USD,2020-05-08 00:00:00,2020-05-08 16:52:36,Q1,166318000.0,135079000.0,31239000.0,0.18782693394581465,0.0,6775000.0,0.0,0.0,13684000.0,148763000.0,0.0,26761000.0,44316000.0,0.26645342055580273,17555000.0,0.1055508122993302,-229000.0,17703000.0,0.10644067388977742,4465000.0,13238000.0,0.07959451171851513,0.16169537070966167,0.1615473793398011,81870000,81945000,https://www.sec.gov/Archives/edgar/data/799233/000079923320000026/0000799233-20-000026-index.html,https://www.sec.gov/Archives/edgar/data/799233/000079923320000026/htld-20200331.htm,1620593284,16:48:04,20210509
4,2019-12-31,HTLD,USD,2020-02-25 00:00:00,2020-02-25 17:13:52,Q4,167226000.0,144109000.0,23117000.0,0.13823807302692165,0.0,6388000.0,0.0,0.0,12818000.0,156927000.0,600000.0,29931000.0,40230000.0,0.24057263822611316,10299000.0,0.06158731297764702,7363000.0,17515000.0,0.10473849760204752,4728000.0,12787000.0,0.0764653821774126,0.15589149649497105,0.15579842581085362,82025000,82074000,https://www.sec.gov/Archives/edgar/data/799233/000079923320000007/0000799233-20-000007-index.html,https://www.sec.gov/Archives/edgar/data/799233/000079923320000007/htld-20191231.htm,1620593284,16:48:04,20210509
5,2019-09-30,HTLD,USD,2019-11-12 00:00:00,2019-11-12 15:27:59,Q3,147908000.0,123304000.0,24604000.0,0.16634664791627227,0.0,4467000.0,0.0,0.0,10460000.0,133764000.0,452000.0,25704000.0,39848000.0,0.26941071476864,14144000.0,0.09562701138545582,12595000.0,27415000.0,0.18535170511398977,6914000.0,20501000.0,0.13860643102469103,0.2500365889355059,0.2498902974158947,81992000,82040000,https://www.sec.gov/Archives/edgar/data/799233/000079923319000042/0000799233-19-000042-index.html,https://www.sec.gov/Archives/edgar/data/799233/000079923319000042/htld2019q310q.htm,1620593284,16:48:04,20210509
6,2019-06-30,HTLD,USD,2019-08-08,2019-08-07 17:45:57,Q2,142144000.0,110380000.0,31764000.0,0.22346352994146781,0.0,5089000.0,0.0,0.0,10276000.0,120656000.0,0.0,22846000.0,44334000.0,0.3118949797388564,21488000.0,0.15117064385411977,7542000.0,30259000.0,0.2128756753714543,7898000.0,22361000.0,0.15731230301665916,0.2728015811048214,0.27260536164921306,81968000,82027000,https://www.sec.gov/Archives/edgar/data/799233/000079923319000029/htld2019q210q.htm,https://www.sec.gov/Archives/edgar/data/799233/000079923319000029/htld2019q210q.htm,1620593284,16:48:04,20210509
7,2019-03-31,HTLD,USD,2019-05-09 00:00:00,2019-05-08 19:09:43,Q1,139536000.0,111351000.0,28185000.0,0.20199088407292742,0.0,6012000.0,0.0,0.0,11183000.0,122534000.0,0.0,22451000.0,39453000.0,0.2827442380460956,17002000.0,0.12184669189313152,3841000.0,21988000.0,0.15757940603141843,4670000.0,17318000.0,0.1241113404426098,0.21136008592071862,0.2113085070037581,81936000,81956000,https://www.sec.gov/Archives/edgar/data/799233/000079923319000018/0000799233-19-000018-index.html,https://www.sec.gov/Archives/edgar/data/799233/000079923319000018/htld2019q110q.htm,1620593284,16:48:04,20210509
8,2018-12-31,HTLD,USD,2019-02-21 00:00:00,2019-02-21 16:03:02,Q4,147003000.0,116975000.0,30028000.0,0.20426794011006577,0.0,5599000.0,0.0,0.0,10022000.0,126997000.0,0.0,25243000.0,45249000.0,0.30781004469296547,20006000.0,0.13609246069808098,9553000.0,30338000.0,0.20637674061073583,7898000.0,22440000.0,0.15264994591947104,0.2739023765059138,0.2738121385167289,81927000,81954000,https://www.sec.gov/Archives/edgar/data/799233/000079923319000006/0000799233-19-000006-index.html,https://www.sec.gov/Archives/edgar/data/799233/000079923319000006/htld-20181231.htm,1620593284,16:48:04,20210509
9,2018-09-30,HTLD,USD,2018-11-06 00:00:00,2018-11-05 19:11:56,Q3,151279000.0,122193000.0,29086000.0,0.19226726776353625,0.0,5823000.0,0.0,0.0,11110000.0,133303000.0,0.0,25343000.0,43319000.0,0.286351707771733,17976000.0,0.11882680345586631,7156000.0,25718000.0,0.17000376787260624,6662000.0,19056000.0,0.12596593049927618,0.23248947721588484,0.23241291833349595,81965000,81992000,https://www.sec.gov/Archives/edgar/data/799233/000079923318000048/0000799233-18-000048-index.html,https://www.sec.gov/Archives/edgar/data/799233/000079923318000048/htld2018q310q.htm,1620593284,16:48:04,20210509
10,2018-06-30,HTLD,USD,2018-08-09 00:00:00,2018-08-08 18:56:16,Q2,155826000.0,127503000.0,28323000.0,0.18176042508952292,0.0,5797000.0,0.0,0.0,11562000.0,139065000.0,0.0,24960000.0,41721000.0,0.267740941819722,16761000.0,0.10756228100573717,5386000.0,22570000.0,0.14484104064790215,4767000.0,17803000.0,0.1142492267015774,0.21623952386736306,0.216139763014763,82330000,82368000,https://www.sec.gov/Archives/edgar/data/799233/000079923318000036/0000799233-18-000036-index.html,https://www.sec.gov/Archives/edgar/data/799233/000079923318000036/htld2018q210q.htm,1620593284,16:48:04,20210509
11,2018-03-31,HTLD,USD,2018-05-10 00:00:00,2018-05-10 12:12:34,Q1,156695000.0,134492000.0,22203000.0,0.14169565078655988,0.0,6094000.0,0.0,0.0,12124000.0,146616000.0,0.0,25783000.0,35862000.0,0.22886499250135614,10079000.0,0.06432240977695523,2869000.0,13290000.0,0.08481444845081208,-88000.0,13378000.0,0.08537604901241265,0.16058289020393954,0.16050582490491788,83309000,83349000,https://www.sec.gov/Archives/edgar/data/799233/000079923318000025/0000799233-18-000025-index.html,https://www.sec.gov/Archives/edgar/data/799233/000079923318000025/htld2018q110q.htm,1620593284,16:48:04,20210509
12,2017-12-31,HTLD,USD,2018-03-01 00:00:00,2018-03-01 16:06:43,Q4,165704000.0,149003000.0,16701000.0,0.10078815236807802,0.0,7669000.0,0.0,0.0,13661000.0,162664000.0,0.0,29526000.0,32566000.0,0.19653116400328297,3040000.0,0.018345966301356636,6829000.0,10048000.0,0.06063824651185246,-28557000.0,38605000.0,0.23297566745522136,0.46342868804244747,0.4632507349853003,83303000,83335000,https://www.sec.gov/Archives/edgar/data/799233/000079923318000007/0000799233-18-000007-index.html,https://www.sec.gov/Archives/edgar/data/799233/000079923318000007/htld201710k.htm,1620593284,16:48:04,20210509
13,2017-09-30,HTLD,USD,2017-11-09 00:00:00,2017-11-09 17:20:26,Q3,182114000.0,161073000.0,21041000.0,0.11553752045422098,0.0,7466000.0,0.0,0.0,15513000.0,176586000.0,175000.0,28814000.0,34342000.0,0.18857418979320645,5528000.0,0.030354613044576473,7471000.0,13062000.0,0.0717243045564866,5146000.0,7916000.0,0.0434672787374941,0.1,0.09,83303000,83333000,https://www.sec.gov/Archives/edgar/data/799233/000079923317000049/0000799233-17-000049-index.html,https://www.sec.gov/Archives/edgar/data/799233/000079923317000049/htld2017q310q.htm,1620593284,16:48:04,20210509
14,2017-06-30,HTLD,USD,2017-08-09 00:00:00,2017-08-09 15:19:38,Q2,129616000.0,104459000.0,25157000.0,0.194088692753981,0.0,4619000.0,0.0,0.0,10143000.0,114602000.0,0.0,22625000.0,37639000.0,0.2903885322799654,15014000.0,0.11583446488087891,6299000.0,21737000.0,0.16770306135045057,7121000.0,14616000.0,0.11276385631403531,0.1754748241169832,0.1753821785979985,83294000,83338000,https://www.sec.gov/Archives/edgar/data/799233/000079923317000036/0000799233-17-000036-index.html,https://www.sec.gov/Archives/edgar/data/799233/000079923317000036/htld2017q210q.htm,1620593284,16:48:04,20210509
15,2017-03-31,HTLD,USD,2017-05-10 00:00:00,2017-05-10 16:51:05,Q1,129903000.0,106635000.0,23268000.0,0.1791182651670862,0.0,4877000.0,0.0,0.0,9980000.0,116615000.0,0.0,22940000.0,36228000.0,0.27888501420290523,13288000.0,0.10229170996820705,6075000.0,19651000.0,0.15127441244620987,5615000.0,14036000.0,0.10804985258231142,0.16851558372952985,0.16842458931807,83292000,83337000,https://www.sec.gov/Archives/edgar/data/799233/000079923317000025/0000799233-17-000025-index.html,https://www.sec.gov/Archives/edgar/data/799233/000079923317000025/htld2017q110q.htm,1620593284,16:48:04,20210509
16,2016-12-31,HTLD,USD,2017-02-28 00:00:00,2017-02-28 12:41:50,Q4,140044000.0,111441000.0,28603000.0,0.20424295221501815,0.0,7907000.0,0.0,0.0,9637000.0,121078000.0,0.0,26757000.0,45723000.0,0.32649024592271003,18966000.0,0.13542886521378994,1932000.0,21071000.0,0.15045985547399388,7957000.0,13114000.0,0.09364199822912798,0.15745554528317746,0.15735541156707464,83287000,83340000,https://www.sec.gov/Archives/edgar/data/799233/000079923317000012/0000799233-17-000012-index.html,https://www.sec.gov/Archives/edgar/data/799233/000079923317000012/htld201610k.htm,1620593284,16:48:04,20210509
17,2016-09-30,HTLD,USD,2016-11-09 00:00:00,2016-11-09 15:22:16,Q3,149316000.0,124361000.0,24955000.0,0.16712877387553912,0.0,5692000.0,0.0,0.0,6516000.0,130877000.0,0.0,27271000.0,45710000.0,0.30612928286318947,18439000.0,0.1234897800637574,1474000.0,20037000.0,0.13419191513300652,7510000.0,12527000.0,0.0838958986310911,0.15040943255769276,0.15030836792973531,83286000,83342000,https://www.sec.gov/Archives/edgar/data/799233/000079923316000086/0000799233-16-000086-index.html,https://www.sec.gov/Archives/edgar/data/799233/000079923316000086/htld2016q310q.htm,1620593284,16:48:04,20210509
18,2016-06-30,HTLD,USD,2016-08-09,2016-08-09 16:54:43,Q2,160791000.0,128858000.0,31933000.0,0.19859942409711986,0.0,6039000.0,0.0,0.0,11937000.0,140795000.0,0.0,25847000.0,45843000.0,0.2851092411888725,19996000.0,0.12436019428948138,4511000.0,24616000.0,0.1530931457606458,8248000.0,16368000.0,0.10179674235498255,0.19661733615221988,0.19644978936377056,83248000,83319000,https://www.sec.gov/Archives/edgar/data/799233/000079923316000078/htld2016q210q.htm,https://www.sec.gov/Archives/edgar/data/799233/000079923316000078/htld2016q210q.htm,1620593284,16:48:04,20210509
19,2016-03-31,HTLD,USD,2016-05-10 00:00:00,2016-05-10 14:36:27,Q1,162786000.0,129595000.0,33191000.0,0.20389345521113608,0.0,9296000.0,0.0,0.0,14229000.0,143824000.0,0.0,25705000.0,44667000.0,0.27439091813792343,18962000.0,0.11648421854459229,1288000.0,20325000.0,0.12485717444989126,5948000.0,14377000.0,0.08831840575970906,0.17245019131811584,0.17226216151449797,83369000,83460000,https://www.sec.gov/Archives/edgar/data/799233/000079923316000068/0000799233-16-000068-index.html,https://www.sec.gov/Archives/edgar/data/799233/000079923316000068/htld2016q110q.htm,1620593284,16:48:04,20210509
20,2015-12-31,HTLD,USD,2016-02-29 00:00:00,2016-02-29 16:02:58,Q4,174606000.0,142406000.0,32200000.0,0.18441519764498357,0.0,5433000.0,0.0,0.0,12271000.0,154677000.0,0.0,29795000.0,49724000.0,0.28477830086022243,19929000.0,0.11413697123810178,7790000.0,27773000.0,0.15906097155882387,10758000.0,17015000.0,0.09744796856923588,0.20033673998021947,0.20009643201542912,84932000,85034000,https://www.sec.gov/Archives/edgar/data/799233/000079923316000056/0000799233-16-000056-index.html,https://www.sec.gov/Archives/edgar/data/799233/000079923316000056/htld201510k.htm,1620593284,16:48:04,20210509
21,2015-09-30,HTLD,USD,2015-11-09 00:00:00,2015-11-09 15:20:01,Q3,182533000.0,148765000.0,33768000.0,0.1849966855308355,0.0,9078000.0,0.0,0.0,16308000.0,165073000.0,0.0,28678000.0,46138000.0,0.2527652534062334,17460000.0,0.09565393654845973,7401000.0,24925000.0,0.13655065111514084,9812000.0,15113000.0,0.08279598757484948,0.17294334397564856,0.17273579298678737,87387000,87492000,https://www.sec.gov/Archives/edgar/data/799233/000079923315000047/0000799233-15-000047-index.html,https://www.sec.gov/Archives/edgar/data/799233/000079923315000047/htld2015q310q.htm,1620593284,16:48:04,20210509
22,2015-06-30,HTLD,USD,2015-08-10 00:00:00,2015-08-10 14:39:16,Q2,191684000.0,153944000.0,37740000.0,0.19688654243442333,0.0,4922000.0,0.0,0.0,11669000.0,165613000.0,0.0,27138000.0,53209000.0,0.27758707038667807,26071000.0,0.1360103086329584,9668000.0,35800000.0,0.18676571857849378,12484000.0,23316000.0,0.12163769537363578,0.26551574919716675,0.2650539406823013,87814000,87967000,https://www.sec.gov/Archives/edgar/data/799233/000079923315000036/0000799233-15-000036-index.html,https://www.sec.gov/Archives/edgar/data/799233/000079923315000036/htld2015q210q.htm,1620593284,16:48:04,20210509
23,2015-03-31,HTLD,USD,2015-05-11 00:00:00,2015-05-11 15:52:40,Q1,187523000.0,153500000.0,34023000.0,0.18143374412738705,0.0,8187000.0,0.0,0.0,15944000.0,169444000.0,19000.0,26237000.0,44316000.0,0.2363230110439786,18079000.0,0.09640950710046234,10181000.0,28272000.0,0.15076550609791867,10661000.0,17611000.0,0.09391381323890936,0.20060142839243203,0.20020462684022053,87791000,87965000,https://www.sec.gov/Archives/edgar/data/799233/000079923315000025/0000799233-15-000025-index.html,https://www.sec.gov/Archives/edgar/data/799233/000079923315000025/htld2015q110q.htm,1620593284,16:48:04,20210509
24,2014-12-31,HTLD,USD,2015-03-02,2015-03-02 13:34:22,Q4,202997000.0,165461000.0,37536000.0,0.18490913658822544,0.0,2872000.0,0.0,0.0,9673000.0,175134000.0,62000.0,29833000.0,57696000.0,0.28422094907806517,27863000.0,0.1372581860815677,6384000.0,34217000.0,0.16855914126809757,12672000.0,21545000.0,0.10613457341734114,0.2454459494867793,0.24502445126805414,87779000,87930000,https://www.sec.gov/Archives/edgar/data/799233/000079923315000005/htld201410k.htm,https://www.sec.gov/Archives/edgar/data/799233/000079923315000005/htld201410k.htm,1620593284,16:48:04,20210509
25,2014-09-30,HTLD,USD,2014-11-10 00:00:00,2014-11-10 16:31:12,Q3,217092000.0,177561000.0,39531000.0,0.18209330606378862,0.0,6719000.0,0.0,0.0,14498000.0,192059000.0,97000.0,28017000.0,53050000.0,0.2443664437197133,25033000.0,0.11531055957842758,11257000.0,36214000.0,0.16681406961104048,13477000.0,22737000.0,0.10473439831960643,0.2590284581558021,0.25860127611660205,87778000,87923000,https://www.sec.gov/Archives/edgar/data/799233/000079923314000064/0000799233-14-000064-index.html,https://www.sec.gov/Archives/edgar/data/799233/000079923314000064/htld2014q310q.htm,1620593284,16:48:04,20210509
26,2014-06-30,HTLD,USD,2014-08-11 00:00:00,2014-08-08 17:58:28,Q2,226785000.0,186082000.0,40703000.0,0.17947836056176555,0.0,5923000.0,0.0,0.0,13920000.0,200002000.0,132000.0,26930000.0,53713000.0,0.23684547037943426,26783000.0,0.1180986396807549,13859000.0,40616000.0,0.17909473730625924,14144000.0,26472000.0,0.11672729677888749,0.30175086631406167,0.301160409556314,87728000,87900000,https://www.sec.gov/Archives/edgar/data/799233/000079923314000051/0000799233-14-000051-index.html,https://www.sec.gov/Archives/edgar/data/799233/000079923314000051/htld2014q210q.htm,1620593284,16:48:04,20210509
27,2014-03-31,HTLD,USD,2014-05-12 00:00:00,2014-05-12 16:36:45,Q1,224481000.0,188220000.0,36261000.0,0.16153260186830956,0.0,8925000.0,0.0,0.0,17616000.0,205836000.0,155000.0,24849000.0,43494000.0,0.19375359161799885,18645000.0,0.08305825437342136,2043000.0,20569000.0,0.09162913565067868,6490000.0,14079000.0,0.06271800285993023,0.16052859618717505,0.1601396771955367,87704000,87917000,https://www.sec.gov/Archives/edgar/data/799233/000079923314000039/0000799233-14-000039-index.html,https://www.sec.gov/Archives/edgar/data/799233/000079923314000039/htld2014q110q.htm,1620593284,16:48:04,20210509
28,2013-12-31,HTLD,USD,2014-03-03,2014-03-03 15:58:03,Q4,183348000.0,151700000.0,31648000.0,0.17261164561380543,0.0,6581000.0,0.0,0.0,13899000.0,165599000.0,208000.0,22040000.0,39789000.0,0.2170135480070685,17749000.0,0.09680498287409735,8971000.0,26596000.0,0.14505748631018608,10754000.0,15842000.0,0.08640399677116739,0.18330344229100376,0.18287178658416928,86425000,86629000,https://www.sec.gov/Archives/edgar/data/799233/000079923314000015/htld201310k.htm,https://www.sec.gov/Archives/edgar/data/799233/000079923314000015/htld201310k.htm,1620593284,16:48:04,20210509
29,2013-09-30,HTLD,USD,2013-11-08 00:00:00,2013-11-08 17:31:23,Q3,130645000.0,102005000.0,28640000.0,0.21922002372842436,0.0,2783000.0,0.0,0.0,7117000.0,109122000.0,0.0,15283000.0,36806000.0,0.2817252860806001,21523000.0,0.1647441540051284,4477000.0,26126000.0,0.19997703700868766,10258000.0,15868000.0,0.12145891538137701,0.18704103162535216,0.18659893224205648,84837000,85038000,https://www.sec.gov/Archives/edgar/data/799233/000079923313000063/0000799233-13-000063-index.html,https://www.sec.gov/Archives/edgar/data/799233/000079923313000063/htld2013q310q.htm,1620593284,16:48:04,20210509
30,2013-06-30,HTLD,USD,2013-08-09 00:00:00,2013-08-09 16:32:35,Q2,133992000.0,104127000.0,29865000.0,0.22288644098155114,0.0,5443000.0,0.0,0.0,9134000.0,113261000.0,0.0,17094000.0,37825000.0,0.2822929727147889,20731000.0,0.15471819213087348,8644000.0,29504000.0,0.220192250283599,10366000.0,19138000.0,0.14282942265209864,0.22571324110438853,0.2250496830865838,84789000,85039000,https://www.sec.gov/Archives/edgar/data/799233/000079923313000053/0000799233-13-000053-index.html,https://www.sec.gov/Archives/edgar/data/799233/000079923313000053/htld2013q210q.htm,1620593284,16:48:04,20210509
31,2013-03-31,HTLD,USD,2013-05-10 00:00:00,2013-05-10 12:00:07,Q1,134273000.0,107797000.0,26476000.0,0.19718037133303046,0.0,3634000.0,0.0,0.0,7447000.0,115244000.0,0.0,15232000.0,34261000.0,0.25515926507935327,19029000.0,0.14171873719958591,11178000.0,30330000.0,0.22588308893076048,10596000.0,19734000.0,0.14696923432112188,0.2327946207384688,0.23203913176398655,84770000,85046000,https://www.sec.gov/Archives/edgar/data/799233/000079923313000025/0000799233-13-000025-index.html,https://www.sec.gov/Archives/edgar/data/799233/000079923313000025/htld2013q110q.htm,1620593284,16:48:04,20210509
32,2012-12-31,HTLD,USD,2013-03-01 00:00:00,2013-02-28 17:46:02,Q4,136193000.0,275385000.0,-139192000.0,-1.0220202213035912,0.0,-130674000.0,0.0,0.0,-148792000.0,126593000.0,0.0,15140000.0,24740000.0,0.18165397634239644,9600000.0,0.07048820423957178,5676000.0,24883000.0,0.18270395688471508,10591000.0,14292000.0,0.1049393140616625,0.1681213974826491,0.1675753631854796,85010000,85287000,https://www.sec.gov/Archives/edgar/data/799233/000079923313000013/0000799233-13-000013-index.html,https://www.sec.gov/Archives/edgar/data/799233/000079923313000013/htld2012q410k.htm,1620593284,16:48:04,20210509
33,2012-09-30,HTLD,USD,2012-11-09 00:00:00,2012-11-09 11:48:52,Q3,135010000.0,53284000.0,81726000.0,0.6053329383008667,0.0,49483000.0,0.0,0.0,62059000.0,115343000.0,0.0,14250000.0,33917000.0,0.25121842826457297,19667000.0,0.14567069105992148,0.0,19858000.0,0.1470854010814014,7424000.0,12434000.0,0.09209688171246574,0.15,0.14,85646000,85925000,https://www.sec.gov/Archives/edgar/data/799233/000079923312000068/0000799233-12-000068-index.html,https://www.sec.gov/Archives/edgar/data/799233/000079923312000068/htld2012q310q.htm,1620593284,16:48:04,20210509
34,2012-06-30,HTLD,USD,2012-08-08 00:00:00,2012-08-08 16:26:37,Q2,139710000.0,51952000.0,87758000.0,0.6281440125975234,0.0,50561000.0,0.0,0.0,61010000.0,112962000.0,0.0,13995000.0,40743000.0,0.2916255099849689,26748000.0,0.19145372557440413,0.0,26915000.0,0.19264905876458377,8688000.0,18227000.0,0.13046310214014745,0.2108361962267643,0.21003929522119408,86451000,86779000,https://www.sec.gov/Archives/edgar/data/799233/000079923312000056/0000799233-12-000056-index.html,https://www.sec.gov/Archives/edgar/data/799233/000079923312000056/htld2012q210q.htm,1620593284,16:48:04,20210509
35,2012-03-31,HTLD,USD,2012-05-10 00:00:00,2012-05-10 15:48:59,Q1,134833000.0,52841000.0,81992000.0,0.6081003908538711,0.0,48489000.0,0.0,0.0,58214000.0,111055000.0,0.0,13939000.0,37717000.0,0.27973122306853665,23778000.0,0.1763514866538607,0.0,23920000.0,0.17740464129701186,7332000.0,16588000.0,0.12302626211684083,0.19182644494298864,0.1910509645839332,86474000,86825000,https://www.sec.gov/Archives/edgar/data/799233/000079923312000030/0000799233-12-000030-index.html,https://www.sec.gov/Archives/edgar/data/799233/000079923312000030/htld2012q110q.htm,1620593284,16:48:04,20210509
36,2011-12-31,HTLD,USD,2012-02-28 00:00:00,2012-02-28 17:22:45,Q4,131210000.0,48777000.0,82433000.0,0.6282524197850774,0.0,49087000.0,0.0,0.0,55567000.0,104344000.0,0.0,16284000.0,43150000.0,0.32886212941086806,26866000.0,0.2047557350811676,0.0,27019000.0,0.20592180474049235,9897000.0,17122000.0,0.13049310265985825,0.1980017114970974,0.1980017114970974,86474000,86474000,https://www.sec.gov/Archives/edgar/data/799233/000079923312000017/0000799233-12-000017-index.html,https://www.sec.gov/Archives/edgar/data/799233/000079923312000017/htld2011q410k.htm,1620593284,16:48:04,20210509
37,2011-09-30,HTLD,USD,2011-11-08 00:00:00,2011-11-07 18:16:28,Q3,132529000.0,51225000.0,81304000.0,0.6134808230651405,0.0,48071000.0,0.0,0.0,56172000.0,107397000.0,0.0,14900000.0,40032000.0,0.3020621901621532,25132000.0,0.18963396690535655,0.0,25306000.0,0.19094688709640908,9907000.0,15399000.0,0.1161934369081484,0.17,0.17,90129000,90129000,https://www.sec.gov/Archives/edgar/data/799233/000079923311000052/0000799233-11-000052-index.html,https://www.sec.gov/Archives/edgar/data/799233/000079923311000052/htld2011q310q.htm,1620593284,16:48:04,20210509
38,2011-06-30,HTLD,USD,2011-08-08 00:00:00,2011-08-08 15:55:04,Q2,137192000.0,53428000.0,83764000.0,0.6105603825295935,0.0,49075000.0,0.0,0.0,51077000.0,104505000.0,0.0,13664000.0,46351000.0,0.33785497696658695,32687000.0,0.23825733278908393,0.0,32895000.0,0.2397734561782028,10363000.0,22532000.0,0.1642369817482069,0.25,0.25,90689000,90689000,https://www.sec.gov/Archives/edgar/data/799233/000079923311000034/0000799233-11-000034-index.html,https://www.sec.gov/Archives/edgar/data/799233/000079923311000034/htld2011q210q.htm,1620593284,16:48:04,20210509
39,2011-03-31,HTLD,USD,2011-05-06 00:00:00,2011-05-06 16:43:06,Q1,127692000.0,49132000.0,78560000.0,0.6152303981455377,0.0,48177000.0,0.0,0.0,56687000.0,105819000.0,0.0,12378000.0,34251000.0,0.268231369232215,21873000.0,0.17129499107226764,0.0,22110000.0,0.17315101964101118,7231000.0,14879000.0,0.11652256993390346,0.16,0.16,90689000,90689000,https://www.sec.gov/Archives/edgar/data/799233/000079923311000017/0000799233-11-000017-index.html,https://www.sec.gov/Archives/edgar/data/799233/000079923311000017/htld2011q110q.htm,1620593284,16:48:04,20210509
40,2010-12-31,HTLD,USD,2011-02-23,2011-02-23 17:28:36,Q4,129243000.0,40522000.0,88721000.0,0.686466578460729,0.0,51322000.0,0.0,0.0,64197000.0,104719000.0,0.0,15708000.0,40232000.0,0.31128958628320297,24524000.0,0.1897510890338355,0.0,24782000.0,0.19174732867544084,9403000.0,15379000.0,0.11899290483817306,0.1695795520956235,0.1695795520956235,90689000,90689000,https://www.sec.gov/Archives/edgar/data/799233/000079923311000008/htld201010k.htm,https://www.sec.gov/Archives/edgar/data/799233/000079923311000008/htld201010k.htm,1620593284,16:48:04,20210509
41,2010-09-30,HTLD,USD,2010-11-05 00:00:00,2010-11-05 17:22:20,Q3,127245000.0,42144000.0,85101000.0,0.668796416362136,0.0,48852000.0,0.0,0.0,56040000.0,98184000.0,0.0,15139000.0,44200000.0,0.3473613894455578,29061000.0,0.22838618413297182,0.0,29408000.0,0.2311132068057684,11111000.0,18297000.0,0.14379346929152423,0.2,0.2,90689000,90689000,https://www.sec.gov/Archives/edgar/data/799233/000079923310000058/0000799233-10-000058-index.html,https://www.sec.gov/Archives/edgar/data/799233/000079923310000058/september30201010q.htm,1620593284,16:48:04,20210509
42,2010-06-30,HTLD,USD,2010-08-06 00:00:00,2010-08-06 11:19:14,Q2,127411000.0,26842000.0,100569000.0,0.7893274521038215,0.0,52137000.0,0.0,0.0,67692000.0,94534000.0,0.0,15379000.0,48256000.0,0.3787428087056848,32877000.0,0.25803894483207884,0.0,22449000.0,0.17619357826247342,5796000.0,16653000.0,0.13070300052585726,0.18,0.18,90689000,90689000,https://www.sec.gov/Archives/edgar/data/799233/000079923310000036/0000799233-10-000036-index.html,https://www.sec.gov/Archives/edgar/data/799233/000079923310000036/june30201010q.htm,1620593284,16:48:04,20210509
43,2010-03-31,HTLD,USD,2010-05-07 00:00:00,2010-05-07 13:48:56,Q1,115617000.0,29462000.0,86155000.0,0.7451758824394337,0.0,47383000.0,0.0,0.0,64929000.0,94391000.0,0.0,15723000.0,36949000.0,0.3195810304712975,21226000.0,0.18358891858463722,507000.0,16234000.0,0.14041187714609443,4347000.0,11887000.0,0.10281360007611337,0.13,0.13,90689000,90689000,https://www.sec.gov/Archives/edgar/data/799233/000079923310000021/0000799233-10-000021-index.html,https://www.sec.gov/Archives/edgar/data/799233/000079923310000021/htld0331201010q.htm,1620593284,16:48:04,20210509
44,2010-02-18,HTLD,USD,2010-02-24 00:00:00,2010-02-24 15:21:32,Q4,114196000.0,28148000.0,86048000.0,0.7535115065326281,0.0,0.0,0.0,-269214000.0,-269214000.0,-241066000.0,0.0,18287000.0,34092000.0,0.29853935339241305,15805000.0,0.1384023958807664,0.0,16221000.0,0.14204525552558758,0.0,10686000.0,0.09357595712634419,0.11726,0.11726,91131000,91131000,https://www.sec.gov/Archives/edgar/data/799233/000079923310000009/0000799233-10-000009-index.html,https://www.sec.gov/Archives/edgar/data/799233/000079923310000009/tenk12312009.htm,1620593284,16:48:04,20210509
45,2009-12-31,HTLD,USD,2010-02-24 00:00:00,2010-02-24 15:21:32,Q4,114196000.0,24053000.0,90143000.0,0.7893709061613366,0.0,49306000.0,0.0,0.0,64674000.0,88727000.0,0.0,18287000.0,43756000.0,0.3831657851413359,25469000.0,0.2230288276296893,0.0,16221000.0,0.14204525552558758,5535000.0,10686000.0,0.09357595712634419,0.11725976890410508,0.11725976890410508,91131000,91131000,https://www.sec.gov/Archives/edgar/data/799233/000079923310000009/0000799233-10-000009-index.html,https://www.sec.gov/Archives/edgar/data/799233/000079923310000009/tenk12312009.htm,1620593284,16:48:04,20210509
46,2009-09-30,HTLD,USD,2009-11-06 00:00:00,2009-11-06 14:58:48,Q3,113390000.0,25522000.0,87868000.0,0.7749184231413705,0.0,49037000.0,0.0,0.0,58142000.0,83664000.0,0.0,15468000.0,45194000.0,0.39857130258400214,29726000.0,0.2621571567157598,0.0,22899000.0,0.20194902548725638,8392000.0,14507000.0,0.12793897169062526,0.16,0.16,90689000,90689000,https://www.sec.gov/Archives/edgar/data/799233/000079923309000046/0000799233-09-000046-index.html,https://www.sec.gov/Archives/edgar/data/799233/000079923309000046/tenq09302009.htm,1620593284,16:48:04,20210509
47,2009-06-30,HTLD,USD,2009-08-07 00:00:00,2009-08-07 13:57:08,Q2,116974000.0,22956000.0,94018000.0,0.8037512609639749,0.0,51657000.0,0.0,0.0,63060000.0,86016000.0,0.0,13160000.0,44118000.0,0.3771607365739395,30958000.0,0.26465710328791014,0.0,22271000.0,0.19039273684750457,4656000.0,17615000.0,0.15058901978217382,0.19,0.19,90689000,90689000,https://www.sec.gov/Archives/edgar/data/799233/000079923309000038/0000799233-09-000038-index.html,https://www.sec.gov/Archives/edgar/data/799233/000079923309000038/tenq2q09.txt,1620593284,16:48:04,20210509
48,2009-03-31,HTLD,USD,2009-05-08 00:00:00,2009-05-08 12:53:48,Q1,114979000.0,24508000.0,90471000.0,0.7868480331190914,0.0,51972000.0,0.0,0.0,64403000.0,88911000.0,0.0,11814000.0,37882000.0,0.32946885953087085,26068000.0,0.22671966185129458,0.0,19911000.0,0.17317075292009845,5770000.0,14141000.0,0.1229876760104019,0.15,0.15,92485000,92485000,https://www.sec.gov/Archives/edgar/data/799233/000079923309000026/0000799233-09-000026-index.html,https://www.sec.gov/Archives/edgar/data/799233/000079923309000026/tenq033109.txt,1620593284,16:48:04,20210509
49,2008-12-31,HTLD,USD,2009-02-24 00:00:00,2009-02-24 17:28:27,Q4,142023000.0,28118000.0,113905000.0,0.8020179830027531,0.0,61196000.0,0.0,0.0,71109000.0,99227000.0,0.0,13529000.0,56325000.0,0.3965906930567584,42796000.0,0.3013314744794857,0.0,30746000.0,0.2164860621166994,11396000.0,19350000.0,0.13624553769459877,0.20922311726225876,0.20922311726225876,92485000,92485000,https://www.sec.gov/Archives/edgar/data/799233/000079923309000012/0000799233-09-000012-index.html,https://www.sec.gov/Archives/edgar/data/799233/000079923309000012/tenk2008.txt,1620593284,16:48:04,20210509
50,2008-09-30,HTLD,USD,2008-11-07 00:00:00,2008-11-07 17:11:19,Q3,169935000.0,54283000.0,115652000.0,0.6805660988024833,0.0,63217000.0,0.0,0.0,74145000.0,128428000.0,0.0,11504000.0,53011000.0,0.31194868626239447,41507000.0,0.24425221408185482,0.0,30564000.0,0.17985700414864508,11841000.0,18723000.0,0.11017742077853297,0.19,0.19,96158000,96158000,https://www.sec.gov/Archives/edgar/data/799233/000079923308000053/0000799233-08-000053-index.html,https://www.sec.gov/Archives/edgar/data/799233/000079923308000053/tenq093008.txt,1620593284,16:48:04,20210509
51,2008-06-30,HTLD,USD,2008-08-08 00:00:00,2008-08-08 16:24:36,Q2,164592000.0,55968000.0,108624000.0,0.6599591717701954,0.0,60673000.0,0.0,0.0,73690000.0,129658000.0,0.0,10663000.0,45597000.0,0.277030475357247,34934000.0,0.21224603868960823,0.0,23146000.0,0.1406265189073588,5915000.0,17231000.0,0.10468917079809469,0.18,0.18,96158000,96158000,https://www.sec.gov/Archives/edgar/data/799233/000079923308000039/0000799233-08-000039-index.html,https://www.sec.gov/Archives/edgar/data/799233/000079923308000039/tenq063008.txt,1620593284,16:48:04,20210509
52,2008-03-31,HTLD,USD,2008-05-09 00:00:00,2008-05-09 16:12:50,Q1,149049000.0,52004000.0,97045000.0,0.6510946064716973,0.0,57711000.0,0.0,0.0,69722000.0,121726000.0,0.0,10412000.0,37735000.0,0.2531717757247617,27323000.0,0.18331555394534682,0.0,22622000.0,0.1517755905775953,7959000.0,14663000.0,0.09837704379096807,0.15,0.15,96215000,96215000,https://www.sec.gov/Archives/edgar/data/799233/000079923308000025/0000799233-08-000025-index.html,https://www.sec.gov/Archives/edgar/data/799233/000079923308000025/tenq033108.txt,1620593284,16:48:04,20210509
53,2007-12-31,HTLD,USD,2007-12-31,2007-12-31,Q4,152786021.0,76205529.0,76580492.0,0.5012270854281885,0.0,198741941.0,0.0,0.0,133506198.0,209711727.0,0.0,12532152.0,-44393554.0,-0.29056031245162145,-56925706.0,-0.3725845180561381,0.0,26905445.0,0.17609886574636302,10274668.0,16630777.0,0.10885012183149922,0.1728501481058047,0.1728501481058047,96215000,96215000,,,1620593284,16:48:04,20210509
54,2007-09-30,HTLD,USD,2007-11-08 00:00:00,2007-11-08 10:29:23,Q3,146574527.0,64628946.0,81945581.0,0.5590710928918775,0.0,6247947.0,0.0,0.0,125317573.0,189946519.0,0.0,12365139.0,-31006853.0,-0.2115432581269732,-43371992.0,-0.2959040215766823,0.0,28250395.0,0.19273741200611208,11105619.0,17144776.0,0.11696968327927812,0.18,0.18,97498975,97498975,https://www.sec.gov/Archives/edgar/data/799233/000079923307000071/0000799233-07-000071-index.html,https://www.sec.gov/Archives/edgar/data/799233/000079923307000071/tenq093007.txt,1620593284,16:48:04,20210509
55,2007-06-30,HTLD,USD,2007-08-06 00:00:00,2007-08-06 16:12:06,Q2,149103425.0,70297865.0,78805560.0,0.5285295089633253,0.0,6656430.0,0.0,0.0,126676880.0,196974745.0,0.0,11876953.0,-35994367.0,-0.24140536677812732,-47871320.0,-0.32106116945335095,0.0,30975655.0,0.20774609972909744,11134509.0,19841146.0,0.13306968636032337,0.2,0.2,98251889,98251889,https://www.sec.gov/Archives/edgar/data/799233/000079923307000064/0000799233-07-000064-index.html,https://www.sec.gov/Archives/edgar/data/799233/000079923307000064/tenq063007.txt,1620593284,16:48:04,20210509
56,2007-03-31,HTLD,USD,2007-05-10 00:00:00,2007-05-09 17:53:42,Q1,143429027.0,65765660.0,77663367.0,0.541475938479315,0.0,6077682.0,0.0,0.0,117363349.0,183129009.0,0.0,11703756.0,-27996226.0,-0.19519219076902752,-39699982.0,-0.27679182401481395,0.0,34603505.0,0.24125873070309542,12050204.0,22553301.0,0.15724363102595684,0.23,0.23,98251889,98251889,https://www.sec.gov/Archives/edgar/data/799233/000079923307000036/0000799233-07-000036-index.html,https://www.sec.gov/Archives/edgar/data/799233/000079923307000036/tenq033107.txt,1620593284,16:48:04,20210509
57,2006-12-31,HTLD,USD,2007-02-28,2007-02-28,Q4,146803756.0,68298316.0,78505440.0,0.5347645192402298,0.0,208314458.0,0.0,0.0,124841921.0,193140237.0,0.0,13545636.0,-32790845.0,-0.22336516376324866,-46336481.0,-0.3156355277449441,0.0,30462211.0,0.20750294018362855,10814084.0,19648127.0,0.13383940258313282,0.19997709153459634,0.19997709153459634,98251889,98251889,https://www.sec.gov/Archives/edgar/data/799233/000079923307000016/0000799233-07-000016-index.htm,https://www.sec.gov/Archives/edgar/data/799233/000079923307000016/tenk2006.txt,1620593284,16:48:04,20210509
58,2006-09-30,HTLD,USD,2006-11-07 00:00:00,2006-11-07 16:57:13,Q3,147057490.0,64481950.0,82575540.0,0.5615187638521506,0.0,7006203.0,0.0,0.0,120616804.0,185098754.0,0.0,12446339.0,-25594925.0,-0.17404706825881497,-38041264.0,-0.2586829409369084,0.0,35675396.0,0.24259489265048656,12664766.0,23010630.0,0.15647370290353793,0.23,0.23,98330636,98330636,https://www.sec.gov/Archives/edgar/data/799233/000079923306000072/0000799233-06-000072-index.html,https://www.sec.gov/Archives/edgar/data/799233/000079923306000072/tenq093006.txt,1620593284,16:48:04,20210509
59,2006-06-30,HTLD,USD,2006-06-30,2006-06-30,Q2,143058628.0,68523212.0,74535416.0,0.5210130772399131,0.0,7715397.0,0.0,0.0,114332176.0,182855388.0,0.0,11181612.0,-28615148.0,-0.20002392305901326,-39796760.0,-0.2781849690324166,0.0,38405729.0,0.2684614660221682,13634068.0,24771661.0,0.17315740648652103,0.25,0.25,98428589,98428589,,,1620593284,16:48:04,20210509
60,2006-03-31,HTLD,USD,2006-05-08,2006-05-08,Q1,134999299.0,54478750.0,80520549.0,0.5964516082413139,0.0,952339.0,0.0,0.0,106900411.0,161379161.0,0.0,10177659.0,-16202203.0,-0.12001694171760106,-26379862.0,-0.19540739985620223,0.0,30604835.0,0.22670365866122016,10864684.0,19740151.0,0.14622410002291938,0.202505,0.202505,98426205,98426205,https://www.sec.gov/Archives/edgar/data/799233/000079923306000035/0000799233-06-000035-index.htm,https://www.sec.gov/Archives/edgar/data/799233/000079923306000035/tenq033106.txt,1620593284,16:48:04,20210509
61,2005-12-31,HTLD,USD,2005-12-31,2005-12-31,Q4,140054231.0,67551567.0,72502664.0,0.5176756423731319,0.0,196152538.0,0.0,0.0,115252776.0,182804343.0,0.0,10967604.0,-31782508.0,-0.22693000970459792,-42750112.0,-0.30523970389727106,0.0,33551600.0,0.239561488149544,11912142.0,21639458.0,0.15450770637553962,0.21985464135287955,0.21985464135287955,98426205,98426205,,,1620593284,16:48:04,20210509
62,2005-09-30,HTLD,USD,2005-09-30,2005-09-30,Q3,136209698.0,65289566.0,70920132.0,0.5206687412228166,0.0,8431843.0,0.0,0.0,118340249.0,183629815.0,0.0,9819033.0,-37601084.0,-0.2760529136478961,-47420117.0,-0.34814053401689504,0.0,27197604.0,0.19967450482123528,9655150.0,17542454.0,0.12879005135155647,0.180005,0.180005,98426351,98426351,,,1620593284,16:48:04,20210509
63,2005-06-30,HTLD,USD,2005-06-30,2005-06-30,Q2,128851347.0,59760650.0,69090697.0,0.536204693304448,0.0,51276817.0,0.0,0.0,111400012.0,171160662.0,0.0,9053013.0,-33256302.0,-0.25809820986970355,-42309315.0,-0.32835756850877157,0.0,27333123.0,0.21212912116471705,9703258.0,17629865.0,0.1368232883122285,0.180005,0.180005,99666120,99666120,,,1620593284,16:48:04,20210509
64,2005-03-31,HTLD,USD,2005-03-31,2005-03-31,Q1,118677472.0,53457296.0,65220176.0,0.5495581840502972,0.0,50429053.0,0.0,0.0,104323381.0,157780677.0,0.0,8388684.0,-30714521.0,-0.25880666719965184,-39103205.0,-0.3294913882223578,0.0,23401528.0,0.19718593264271755,8307543.0,15093985.0,0.12718492183588137,0.150004,0.150004,99997500,99997500,,,1620593284,16:48:04,20210509
65,2004-12-31,HTLD,USD,2004-12-31,2004-12-31,Q4,119438580.0,62835069.0,56603511.0,0.47391312756732373,0.0,-22475412.0,0.0,0.0,102954970.0,165790039.0,0.0,8413915.0,-37937544.0,-0.31763224244628496,-46351459.0,-0.38807778022813066,0.0,25667191.0,0.21489866172220065,9111854.0,16555337.0,0.13860962680567704,0.16555750893772345,0.16555750893772345,99997500,99997500,,,1620593284,16:48:04,20210509
66,2004-09-30,HTLD,USD,2004-09-30,2004-09-30,Q3,117299278.0,51600374.0,65698904.0,0.5600964057084818,0.0,74182049.0,0.0,0.0,100218164.0,151818538.0,0.0,7842781.0,-26676479.0,-0.22742236316237172,-34519260.0,-0.294283652794521,0.0,26465056.0,0.22561993945094871,9395071.0,17069985.0,0.14552506452767766,0.172504,0.172504,99997500,99997500,,,1620593284,16:48:04,20210509
67,2004-06-30,HTLD,USD,2004-06-30,2004-06-30,Q2,113511541.0,55959320.0,57552221.0,0.5070164715674154,0.0,10503264.0,0.0,0.0,99532994.0,155492314.0,0.0,6757757.0,-35223016.0,-0.31030339020769704,-41980773.0,-0.3698370459088385,0.0,24153333.0,0.2127830596538197,8453664.0,15699669.0,0.13830901123965889,0.155004,0.155004,99997500,99997500,,,1620593284,16:48:04,20210509
68,2004-03-31,HTLD,USD,2004-03-31,2004-03-31,Q1,106836912.0,50480118.0,56356794.0,0.5275030225508577,0.0,11480808.0,0.0,0.0,97579491.0,148059609.0,0.0,6613704.0,-34608993.0,-0.32394228129693603,-41222697.0,-0.38584695334511354,0.0,20343562.0,0.19041697873109623,7221965.0,13121597.0,0.12281894669512725,0.130003,0.130003,99997500,99997500,,,1620593284,16:48:04,20210509
69,2003-12-31,HTLD,USD,2003-12-31,2003-12-31,Q4,103015958.0,29287137.0,73728821.0,0.7157029108053337,0.0,41902260.0,0.0,0.0,85061066.0,114348203.0,0.0,7100937.0,-4231308.0,-0.041074296469679,-11332245.0,-0.11000475285586336,0.0,29292481.0,0.2843489646526415,10252369.0,19040112.0,0.18482682071451492,0.1904058801470037,0.1904058801470037,99997500,99997500,,,1620593284,16:48:04,20210509
70,2003-09-30,HTLD,USD,2003-09-30,2003-09-30,Q3,104460615.0,54070020.0,50390595.0,0.48238845808058856,0.0,50423746.0,0.0,0.0,95063034.0,149133054.0,0.0,7139016.0,-37533423.0,-0.3593069311338058,-44672439.0,-0.4276486310175371,0.0,21958724.0,0.2102105563900806,7465967.0,14492757.0,0.138738959176145,0.145004,0.145004,99997500,99997500,,,1620593284,16:48:04,20210509
71,2003-06-30,HTLD,USD,2003-06-30,2003-06-30,Q2,102799789.0,56323647.0,46476142.0,0.4521034765937117,0.0,14074081.0,0.0,0.0,97297535.0,153621182.0,0.0,6926441.0,-43894952.0,-0.4269945729168763,-50821393.0,-0.49437254195142366,0.0,19145701.0,0.18624260989485106,6509537.0,12636164.0,0.1229201355656479,0.125003,0.125003,99997500,99997500,,,1620593284,16:48:04,20210509
72,2003-03-31,HTLD,USD,2003-03-31,2003-03-31,Q1,94839735.0,54513080.0,40326655.0,0.42520843188775254,0.0,14846916.0,0.0,0.0,92585527.0,147098607.0,0.0,5367543.0,-46891329.0,-0.49442703525057297,-52258872.0,-0.5510229652160036,0.0,16745896.0,0.17657046384619274,5693604.0,11052292.0,0.11653651288671357,0.110003,0.110003,99997500,99997500,,,1620593284,16:48:04,20210509
73,2002-12-31,HTLD,USD,2002-12-31,2002-12-31,Q4,91991577.0,53930508.0,38061069.0,0.41374515190667943,0.0,48173102.0,0.0,0.0,91073397.0,145003905.0,0.0,6350883.0,-46661445.0,-0.5072360592318143,-53012328.0,-0.576273716886058,0.0,16925941.0,0.18399446505846942,5754818.0,11171123.0,0.12143636802747712,0.11171402285057126,0.11171402285057126,99997500,99997500,,,1620593284,16:48:04,20210509
74,2002-09-30,HTLD,USD,2002-09-30,2002-09-30,Q3,91123367.0,57697045.0,33426322.0,0.3668249220861209,0.0,49043104.0,0.0,0.0,92164787.0,149861832.0,0.0,5666127.0,-53072338.0,-0.582422925614678,-58738465.0,-0.6446037600871355,0.0,16777829.0,0.18412213631219312,5704463.0,11073366.0,0.1215205974555352,0.110003,0.110003,99997500,99997500,,,1620593284,16:48:04,20210509
75,2002-06-30,HTLD,USD,2002-08-14 00:00:00,2002-08-14 09:39:19,Q2,84359840.0,55622779.0,28737061.0,0.3406485953505839,0.0,46037608.0,0.0,0.0,85115324.0,140738103.0,0.0,4461581.0,-51916682.0,-0.6154193986143169,-56378263.0,-0.6683068981638657,0.0,16705283.0,0.1980241190594956,5679795.0,11025488.0,0.13069593304112478,0.110003,0.110003,99997500,99997500,https://www.sec.gov/Archives/edgar/data/799233/000079923302000019/0000799233-02-000019-index.html,https://www.sec.gov/Archives/edgar/data/799233/000079923302000019/tenq081302.txt,1620593284,16:48:04,20210509
76,2002-03-31,HTLD,USD,2002-05-13,2002-05-13,Q1,73270242.0,47555188.0,25715054.0,0.3509617724478104,0.0,40041360.0,0.0,0.0,74501591.0,122056779.0,0.0,3900129.0,-44886408.0,-0.6126144362946147,-48786537.0,-0.6658438087320634,0.0,14451420.0,0.19723450619966562,4913483.0,9537937.0,0.1301747713621582,0.095002,0.095002,99997500,99997500,https://www.sec.gov/Archives/edgar/data/799233/000079923302000017/0000799233-02-000017-index.htm,https://www.sec.gov/Archives/edgar/data/799233/000079923302000017/tenqmar3102.txt,1620593284,16:48:04,20210509
77,2001-12-31,HTLD,USD,2001-12-31,2001-12-31,Q4,73524647.0,48515434.0,25009213.0,0.3401473386196604,0.0,39938501.0,0.0,0.0,74708374.0,123223808.0,0.0,4276931.0,-45422230.0,-0.6177823607912052,-49699161.0,-0.6759523918557542,0.0,14929472.0,0.20305397726016963,5076023.0,9853449.0,0.13401559071749097,0.0985369534238356,0.0985369534238356,99997500,99997500,,,1620593284,16:48:04,20210509
78,2001-09-30,HTLD,USD,2001-11-13 00:00:00,2001-11-13 00:00:00,Q3,73917920.0,51293070.0,22624850.0,0.30608071763924094,0.0,40171083.0,0.0,0.0,77453425.0,128746495.0,0.0,4279356.0,-50549219.0,-0.6838560798247569,-54828575.0,-0.7417494296376305,0.0,13961881.0,0.1888835751871806,4746965.0,9214916.0,0.12466416803936041,0.091955,0.091955,99998603,99998603,https://www.sec.gov/Archives/edgar/data/799233/000079923301500013/0000799233-01-500013-index.html,https://www.sec.gov/Archives/edgar/data/799233/000079923301500013/tenq92001.txt,1620593284,16:48:04,20210509
79,2001-06-30,HTLD,USD,2001-08-13 00:00:00,2001-08-13 00:00:00,Q2,75251349.0,53325013.0,21926336.0,0.2913746569513325,0.0,41252775.0,0.0,0.0,79105869.0,132430882.0,0.0,4261061.0,-52918472.0,-0.703222901691769,-57179533.0,-0.7598472819404207,0.0,14633658.0,0.19446372981300308,4975445.0,9658213.0,0.12834604466692018,0.098297,0.098297,99998603,99998603,https://www.sec.gov/Archives/edgar/data/799233/000079923301500008/0000799233-01-500008-index.html,https://www.sec.gov/Archives/edgar/data/799233/000079923301500008/tenq62001.txt,1620593284,16:48:04,20210509
80,2001-03-31,HTLD,USD,2001-05-10 00:00:00,2001-05-10 00:00:00,Q1,71923347.0,51548365.0,20374982.0,0.2832874560189753,0.0,39811572.0,0.0,0.0,76642479.0,128190844.0,0.0,4183579.0,-52083918.0,-0.7241587074639337,-56267497.0,-0.7823258975976187,0.0,13528844.0,0.18810086799770318,4599806.0,8929038.0,0.12414658622602755,0.088784,0.088784,99998907,99998907,https://www.sec.gov/Archives/edgar/data/799233/000079923301500004/0000799233-01-500004-index.html,https://www.sec.gov/Archives/edgar/data/799233/000079923301500004/ten10q32001.txt,1620593284,16:48:04,20210509
81,2000-12-31,HTLD,USD,2000-12-31,2000-12-31,Q4,70268854.0,52144091.0,18124763.0,0.25793451818639307,0.0,38701572.0,0.0,0.0,75214966.0,127359057.0,0.0,4381842.0,-52708361.0,-0.7500956398121991,-57090203.0,-0.8124538789262167,0.0,11961959.0,0.17023130902348285,4067067.0,7894892.0,0.112352650578306,0.07894978292112732,0.07894978292112732,99998907,99998907,,,1620593284,16:48:04,20210509
82,2000-09-30,HTLD,USD,2000-11-13 00:00:00,2000-11-13 00:00:00,Q3,68107430.0,52234474.0,15872956.0,0.2330576267523235,0.0,38326843.0,0.0,0.0,75024864.0,127259338.0,0.0,4143218.0,-55008690.0,-0.8076753153070083,-59151908.0,-0.8685088836856713,23235.0,12711852.0,0.18664412972270425,4322021.0,8389831.0,0.12318525306269815,0.083711,0.083711,99998907,99998907,https://www.sec.gov/Archives/edgar/data/799233/000079923300000015/0000799233-00-000015-index.html,https://www.sec.gov/Archives/edgar/data/799233/000079923300000015/0000799233-00-000015-0001.txt,1620593284,16:48:04,20210509
83,2000-06-30,HTLD,USD,2000-08-11 00:00:00,2000-08-11 00:00:00,Q2,69261481.0,54504578.0,14756903.0,0.21306074872987482,0.0,39520011.0,0.0,0.0,76734212.0,131238790.0,0.0,3892272.0,-58085037.0,-0.8386340598174619,-61977309.0,-0.8948308367821358,200.0,13449878.0,0.19418987012420366,4572958.0,8876920.0,0.12816532178975498,0.088784,0.088784,99998907,99998907,https://www.sec.gov/Archives/edgar/data/799233/000079923300000013/0000799233-00-000013-index.html,https://www.sec.gov/Archives/edgar/data/799233/000079923300000013/0000799233-00-000013-0001.txt,1620593284,16:48:04,20210509
84,2000-03-31,HTLD,USD,2000-05-11 00:00:00,2000-05-11 00:00:00,Q1,67189786.0,57019462.0,10170324.0,0.15136711404319697,0.0,39195255.0,0.0,0.0,75300790.0,132320252.0,0.0,3867218.0,-61263248.0,-0.9117940634607766,-65130466.0,-0.9693506986314855,0.0,13851996.0,0.2061622282886866,4709679.0,9142317.0,0.13606706531257592,0.088784,0.088784,102746839,102746839,https://www.sec.gov/Archives/edgar/data/799233/000079923300000011/0000799233-00-000011-index.html,https://www.sec.gov/Archives/edgar/data/799233/0000799233-00-000011.txt,1620593284,16:48:04,20210509
85,1999-12-31,HTLD,USD,1999-12-31,1999-12-31,Q4,66461985.0,56279405.0,10182580.0,0.15320908636719172,0.0,38517389.0,0.0,0.0,174804361.0,231083766.0,0.0,4178305.0,-160443476.0,-2.4140638592121495,-164621781.0,-2.476931451866808,0.0,12893251.0,0.19399437136883588,4448173.0,8445078.0,0.12706629210668324,0.08219306873275196,0.08219306873275196,102746839,102746839,,,1620593284,16:48:04,20210509
86,1999-09-30,HTLD,USD,1999-09-30,1999-09-30,Q3,65350697.0,57197535.0,8153162.0,0.12476013836547145,0.0,39293770.0,0.0,0.0,43626123.0,100823658.0,0.0,3913127.0,-31559834.0,-0.4829303350812004,-35472961.0,-0.5428092220653744,934812.0,13126000.0,0.20085478200791035,4528469.0,8597531.0,0.13155989751723687,0.073697,0.073697,118051211,118051211,,,1620593284,16:48:04,20210509
87,1999-06-30,HTLD,USD,1999-06-30,1999-06-30,Q2,66094335.0,59495603.0,6598732.0,0.09983808748510746,0.0,39872644.0,0.0,0.0,44593408.0,104089011.0,0.0,4056077.0,-33938599.0,-0.513487260292429,-37994676.0,-0.5748552580187092,0.0,13002295.0,0.19672328952246815,4485791.0,8516504.0,0.12885376636288118,0.071156,0.071156,118051211,118051211,,,1620593284,16:48:04,20210509
88,1999-03-31,HTLD,USD,1999-03-31,1999-03-31,Q1,63097105.0,57923308.0,5173797.0,0.0819973753153968,0.0,38653878.0,0.0,0.0,43610906.0,101534214.0,0.0,4068078.0,-34369031.0,-0.5447006007644883,-38437109.0,-0.6091738915755327,0.0,11637602.0,0.18443955550734062,4073277.0,7564325.0,0.11988386788902597,0.063532,0.063532,118051211,118051211,,,1620593284,16:48:04,20210509
89,1998-12-31,HTLD,USD,1999-03-29,1999-03-29,Q4,62410931.0,56326597.0,6084334.0,0.09748827493055663,0.0,36550598.0,0.0,0.0,179717498.0,236044095.0,0.0,4359466.0,-169273698.0,-2.7122443983410536,-173633164.0,-2.782095399281898,0.0,12850776.0,0.20590585325509725,4495956.0,8354820.0,0.13386789567359603,0.0707728445072876,0.0707728445072876,118051211,118051211,https://www.sec.gov/Archives/edgar/data/799233/0000799233-99-000004-index.html,https://www.sec.gov/Archives/edgar/data/799233/,1620593284,16:48:04,20210509
90,1998-09-30,HTLD,USD,1998-11-12,1998-11-12,Q3,65015412.0,61643130.0,3372282.0,0.051868963008340235,0.0,39112831.0,0.0,0.0,44070728.0,105713858.0,0.0,4504616.0,-36193830.0,-0.5566961569050736,-40698446.0,-0.625981513429462,0.0,12972898.0,0.1995357346962594,4542309.0,8430589.0,0.1296706233285117,0.071156,0.071156,118051211,118051211,https://www.sec.gov/Archives/edgar/data/799233/0000799233-98-000012-index.html,https://www.sec.gov/Archives/edgar/data/799233/,1620593284,16:48:04,20210509
91,1998-06-30,HTLD,USD,1998-06-30,1998-06-30,Q2,69222503.0,66904559.0,2317944.0,0.03348541152867587,0.0,42205572.0,0.0,0.0,47479923.0,114384482.0,0.0,4580527.0,-40581452.0,-0.5862465273756425,-45161979.0,-0.6524175960525438,5645.0,13104284.0,0.189306705653218,4586522.0,8517762.0,0.12304903219116477,0.071156,0.071156,118051211,118051211,,,1620593284,16:48:04,20210509
92,1998-03-31,HTLD,USD,1998-03-31,1998-03-31,Q1,66840310.0,63551986.0,3288324.0,0.049196719763867046,0.0,41024942.0,0.0,0.0,46269123.0,109821109.0,0.0,4663099.0,-38317700.0,-0.5732723262354708,-42980799.0,-0.6430370984215962,326610.0,12008742.0,0.1796631703234171,4203060.0,7805682.0,0.1167810562219116,0.066073,0.066073,118051211,118051211,,,1620593284,16:48:04,20210509
93,1997-12-31,HTLD,USD,1997-12-31,1997-12-31,Q4,67055605.0,62972359.0,4083246.0,0.06089343314403024,0.0,40043074.0,0.0,0.0,186989152.0,249961511.0,0.0,5314169.0,-177591737.0,-2.648424945237613,-182905906.0,-2.727675128723393,0.0,11249934.0,0.16777022591922033,3937491.0,7312443.0,0.10905043657424313,0.061942973206772105,0.061942973206772105,118051211,118051211,,,1620593284,16:48:04,20210509
94,1997-09-30,HTLD,USD,1997-11-13 00:00:00,1997-11-13 00:00:00,Q3,70179846.0,66594444.0,3585402.0,0.051088769844265546,0.0,41880763.0,0.0,0.0,47012843.0,113607287.0,0.0,4787204.0,-38640237.0,-0.5505887972452946,-43427441.0,-0.6188021700703077,6739.0,12928027.0,0.18421281517203672,4525214.0,8402813.0,0.11973256538636462,0.071156,0.071156,118051211,118051211,https://www.sec.gov/Archives/edgar/data/799233/000079923397000017/0000799233-97-000017-index.html,https://www.sec.gov/Archives/edgar/data/799233/0000799233-97-000017.txt,1620593284,16:48:04,20210509
95,1997-06-30,HTLD,USD,1997-08-13 00:00:00,1997-08-13 00:00:00,Q2,65381405.0,67637499.0,-2256094.0,-0.034506661335895125,0.0,41563990.0,0.0,0.0,45106259.0,112743758.0,0.0,3345012.0,-44017341.0,-0.673239447821594,-47362353.0,-0.7244009669110048,24980.0,12269061.0,0.18765367614844006,4539695.0,7729366.0,0.11821963752537896,0.066073,0.066073,118051211,118051211,https://www.sec.gov/Archives/edgar/data/799233/000079923397000013/0000799233-97-000013-index.html,https://www.sec.gov/Archives/edgar/data/799233/0000799233-97-000013.txt,1620593284,16:48:04,20210509
96,1997-03-31,HTLD,USD,1997-05-14 00:00:00,1997-05-14 00:00:00,Q1,59887300.0,61413801.0,-1526501.0,-0.02548956122583586,0.0,37619946.0,0.0,0.0,41378684.0,102792485.0,0.0,3302138.0,-39603047.0,-0.6612929118527634,-42905185.0,-0.7164321149893216,800.0,10520843.0,0.1756773639820129,3892572.0,6628271.0,0.11067907553020423,0.055908,0.055908,118051211,118051211,https://www.sec.gov/Archives/edgar/data/799233/000079923397000008/0000799233-97-000008-index.html,https://www.sec.gov/Archives/edgar/data/799233/0000799233-97-000008.txt,1620593284,16:48:04,20210509
97,1996-12-31,HTLD,USD,1996-12-31,1996-12-31,Q4,57086505.0,58397094.0,-1310589.0,-0.022957947767164935,0.0,35379551.0,0.0,0.0,166318806.0,224715900.0,0.0,3330662.0,-164298733.0,-2.8780660683291086,-167629395.0,-2.9364101901141084,0.0,9964656.0,0.17455361823254026,3684656.0,6280000.0,0.11000848624381541,0.053197251826582276,0.053197251826582276,118051211,118051211,,,1620593284,16:48:04,20210509
98,1996-09-30,HTLD,USD,1996-11-13 00:00:00,1996-11-13 00:00:00,Q3,58177937.0,60210521.0,-2032584.0,-0.03493736809540015,0.0,36668239.0,0.0,0.0,40426574.0,100637095.0,0.0,3235931.0,-39223227.0,-0.6741941880819872,-42459158.0,-0.7298154625180333,0.0,10459608.0,0.1797865056645099,3870265.0,6589343.0,0.1132618882653058,0.055908,0.055908,118051211,118051211,https://www.sec.gov/Archives/edgar/data/799233/000079923396000037/0000799233-96-000037-index.html,https://www.sec.gov/Archives/edgar/data/799233/0000799233-96-000037.txt,1620593284,16:48:04,20210509
99,1996-06-30,HTLD,USD,1996-08-07 00:00:00,1996-08-07 00:00:00,Q2,59383574.0,63047134.0,-3663560.0,-0.061693154406637765,0.0,37763822.0,0.0,0.0,41316526.0,104363660.0,0.0,3541140.0,-41438946.0,-0.6978183226223467,-44980086.0,-0.7574499641938022,0.0,10207222.0,0.17188628626495267,3776728.0,6430494.0,0.10828741968275604,0.053367,0.053367,121264721,121264721,https://www.sec.gov/Archives/edgar/data/799233/000079923396000029/0000799233-96-000029-index.html,https://www.sec.gov/Archives/edgar/data/799233/0000799233-96-000029.txt,1620593284,16:48:04,20210509
100,1996-03-31,HTLD,USD,1996-05-14 00:00:00,1996-05-14 00:00:00,Q1,54363092.0,55070284.0,-707192.0,-0.013008678755799983,0.0,34385808.0,0.0,0.0,38022769.0,93093053.0,0.0,3463551.0,-35266410.0,-0.6487197233005069,-38729961.0,-0.7124311656150831,189041.0,9096272.0,0.16732440457948933,3365619.0,5730653.0,0.10541440505260444,0.048284,0.048284,121264721,121264721,https://www.sec.gov/Archives/edgar/data/799233/000079923396000026/0000799233-96-000026-index.html,https://www.sec.gov/Archives/edgar/data/799233/0000799233-96-000026.txt,1620593284,16:48:04,20210509
101,1995-12-31,HTLD,USD,1995-12-31,1995-12-31,Q4,49421839.0,47408065.0,2013774.0,0.04074664239021943,0.0,29693719.0,0.0,0.0,129038642.0,176446707.0,0.0,3468286.0,-123556582.0,-2.500040154313157,-127024868.0,-2.5702173486502597,0.0,8136159.0,0.16462679585840584,3010326.0,5125833.0,0.10371595035142257,0.042269779353221786,0.042269779353221786,121264721,121264721,,,1620593284,16:48:04,20210509
102,1995-09-30,HTLD,USD,1995-11-13 00:00:00,1995-11-13 00:00:00,Q3,47527998.0,43232774.0,4295224.0,0.09037250001567497,0.0,27894035.0,0.0,0.0,31719378.0,74952152.0,0.0,3629116.0,-23795038.0,-0.5006530676928576,-27424154.0,-0.5770105023148672,5022.0,8969851.0,0.1887277263393253,3323647.0,5646204.0,0.11879742967503071,0.050825,0.050825,118324916,118324916,https://www.sec.gov/Archives/edgar/data/799233/000091205795009583/0000912057-95-009583-index.html,https://www.sec.gov/Archives/edgar/data/799233/0000912057-95-009583.txt,1620593284,16:48:04,20210509
103,1995-06-30,HTLD,USD,1995-08-14 00:00:00,1995-08-14 00:00:00,Q2,46973780.0,41297790.0,5675990.0,0.12083315415536071,0.0,27532609.0,0.0,0.0,31539208.0,72836998.0,0.0,4012392.0,-21850826.0,-0.4651706973549925,-25863218.0,-0.5505883920774526,2281.0,8290805.0,0.17649857005333613,3065028.0,5225777.0,0.11124880731335651,0.048284,0.048284,118324916,118324916,https://www.sec.gov/Archives/edgar/data/799233/000091205795006429/0000912057-95-006429-index.html,https://www.sec.gov/Archives/edgar/data/799233/0000912057-95-006429.txt,1620593284,16:48:04,20210509
104,1995-03-31,HTLD,USD,1995-03-31,1995-03-31,Q1,47583123.0,39200533.0,8382590.0,0.1761672936011367,0.0,27604480.0,0.0,0.0,32098336.0,71298869.0,0.0,4179287.0,-19536459.0,-0.4105753840495085,-23715746.0,-0.49840667246662224,19831.0,7282058.0,0.15303867297655094,2694400.0,4587658.0,0.09641355402418626,0.038119,0.038119,118324916,118324916,,,1620593284,16:48:04,20210509
105,1994-12-31,HTLD,USD,1994-12-31,1994-12-31,Q4,49600000.0,78100000.0,-28500000.0,-0.5745967741935484,0.0,0.0,0.0,0.0,-22400000.0,55700000.0,0.0,4300000.0,-1800000.0,-0.036290322580645164,-6100000.0,-0.12298387096774194,-3300000.0,5100000.0,0.1028225806451613,2000000.0,3100000.0,0.0625,0.026856568131535363,0.026856568131535363,115428002,115428002,,,1620593284,16:48:04,20210509
106,1994-09-30,HTLD,USD,1994-09-30,1994-09-30,Q3,53900000.0,21000000.0,32900000.0,0.6103896103896104,0.0,0.0,0.0,0.0,22100000.0,43100000.0,0.0,4900000.0,15700000.0,0.2912801484230056,10800000.0,0.20037105751391465,0.0,7000000.0,0.12987012987012986,2600000.0,4400000.0,0.08163265306122448,0.038119,0.038119,115428002,115428002,,,1620593284,16:48:04,20210509
107,1994-06-30,HTLD,USD,1994-06-30,1994-06-30,Q2,59300000.0,27500000.0,31800000.0,0.5362563237774031,0.0,0.0,0.0,0.0,20800000.0,48300000.0,0.0,5500000.0,16500000.0,0.2782462057335582,11000000.0,0.18549747048903878,0.0,6800000.0,0.11467116357504216,2500000.0,4300000.0,0.07251264755480608,0.038119,0.038119,112804638,112804638,,,1620593284,16:48:04,20210509
108,1994-03-31,HTLD,USD,1994-03-31,1994-03-31,Q1,61300000.0,30500000.0,30800000.0,0.5024469820554649,0.0,0.0,0.0,0.0,22100000.0,52600000.0,0.0,5800000.0,14500000.0,0.2365415986949429,8700000.0,0.14192495921696574,0.0,2900000.0,0.04730831973898858,4600000.0,-1700000.0,-0.02773246329526917,-0.012707,-0.012707,133784528,133784528,,,1620593284,16:48:04,20210509
109,1993-12-31,HTLD,USD,1993-12-31,1993-12-31,Q4,30300000.0,-10200000.0,40500000.0,1.3366336633663367,0.0,0.0,0.0,0.0,33600000.0,23400000.0,0.0,2400000.0,9300000.0,0.3069306930693069,6900000.0,0.22772277227722773,400000.0,5200000.0,0.1716171617161716,2000000.0,3200000.0,0.10561056105610561,0.02857254060450442,0.02857254060450442,111995641,111995641,,,1620593284,16:48:04,20210509
110,1993-09-30,HTLD,USD,1993-09-30,1993-09-30,Q3,29200000.0,8500000.0,20700000.0,0.708904109589041,0.0,0.0,0.0,0.0,13700000.0,22200000.0,0.0,2200000.0,9200000.0,0.3150684931506849,7000000.0,0.23972602739726026,200000.0,5900000.0,0.20205479452054795,2200000.0,3700000.0,0.1267123287671233,0.033037,0.033037,111995641,111995641,,,1620593284,16:48:04,20210509
111,1993-06-30,HTLD,USD,1993-06-30,1993-06-30,Q2,29400000.0,9700000.0,19700000.0,0.6700680272108843,0.0,0.0,0.0,0.0,12400000.0,22100000.0,0.0,2100000.0,9400000.0,0.3197278911564626,7300000.0,0.24829931972789115,100000.0,5700000.0,0.19387755102040816,2000000.0,3700000.0,0.12585034013605442,0.033037,0.033037,111995641,111995641,,,1620593284,16:48:04,20210509
112,1993-03-31,HTLD,USD,1993-03-31,1993-03-31,Q1,27100000.0,10000000.0,17100000.0,0.6309963099630996,0.0,0.0,0.0,0.0,10700000.0,20700000.0,0.0,2000000.0,8400000.0,0.30996309963099633,6400000.0,0.23616236162361623,100000.0,5200000.0,0.1918819188191882,1800000.0,4100000.0,0.15129151291512916,0.035578,0.035578,115239755,115239755,,,1620593284,16:48:04,20210509
113,1992-12-31,HTLD,USD,1992-12-31,1992-12-31,Q4,25700000.0,10800000.0,14900000.0,0.5797665369649806,0.0,0.0,0.0,0.0,9100000.0,19900000.0,0.0,2000000.0,7800000.0,0.3035019455252918,5800000.0,0.22568093385214008,200000.0,4100000.0,0.15953307392996108,1400000.0,2700000.0,0.10505836575875487,0.02358618757214425,0.02358618757214425,114473778,114473778,,,1620593284,16:48:04,20210509
114,1992-09-30,HTLD,USD,1992-09-30,1992-09-30,Q3,24900000.0,2800000.0,22100000.0,0.8875502008032129,0.0,0.0,0.0,0.0,15900000.0,18700000.0,0.0,1800000.0,8000000.0,0.321285140562249,6200000.0,0.24899598393574296,100000.0,4900000.0,0.19678714859437751,1700000.0,3200000.0,0.1285140562248996,0.027954,0.027954,114473778,114473778,,,1620593284,16:48:04,20210509
115,1992-06-30,HTLD,USD,1992-06-30,1992-06-30,Q2,24500000.0,2700000.0,21800000.0,0.889795918367347,0.0,0.0,0.0,0.0,16000000.0,18700000.0,0.0,1700000.0,7500000.0,0.30612244897959184,5800000.0,0.23673469387755103,200000.0,4800000.0,0.19591836734693877,1700000.0,3100000.0,0.12653061224489795,0.027954,0.027954,110896473,110896473,,,1620593284,16:48:04,20210509
116,1992-03-31,HTLD,USD,1992-03-31,1992-03-31,Q1,21500000.0,2600000.0,18900000.0,0.8790697674418605,0.0,0.0,0.0,0.0,13700000.0,16300000.0,0.0,1500000.0,6700000.0,0.3116279069767442,5200000.0,0.24186046511627907,200000.0,4100000.0,0.19069767441860466,1400000.0,2700000.0,0.12558139534883722,0.02033,0.02033,132808657,132808657,,,1620593284,16:48:04,20210509
117,1991-12-31,HTLD,USD,1991-12-31,1991-12-31,Q4,19000000.0,8500000.0,10500000.0,0.5526315789473685,0.0,0.0,0.0,0.0,6500000.0,15000000.0,0.0,1500000.0,5500000.0,0.2894736842105263,4000000.0,0.21052631578947367,200000.0,3000000.0,0.15789473684210525,1100000.0,1900000.0,0.1,0.015450799981026418,0.015450799981026418,122970979,122970979,,,1620593284,16:48:04,20210509
118,1991-09-30,HTLD,USD,1991-09-30,1991-09-30,Q3,18900000.0,8600000.0,10300000.0,0.544973544973545,0.0,0.0,0.0,0.0,5300000.0,13900000.0,0.0,1400000.0,6400000.0,0.3386243386243386,5000000.0,0.26455026455026454,200000.0,3900000.0,0.20634920634920634,1400000.0,2500000.0,0.13227513227513227,0.02033,0.02033,122970979,122970979,,,1620593284,16:48:04,20210509
119,1991-06-30,HTLD,USD,1991-06-30,1991-06-30,Q2,18600000.0,8600000.0,10000000.0,0.5376344086021505,0.0,0.0,0.0,0.0,5300000.0,13900000.0,0.0,1100000.0,5800000.0,0.3118279569892473,4700000.0,0.25268817204301075,100000.0,3800000.0,0.20430107526881722,1400000.0,2400000.0,0.12903225806451613,0.02033,0.02033,118052140,118052140,,,1620593284,16:48:04,20210509
120,1991-03-31,HTLD,USD,1991-03-31,1991-03-31,Q1,17400000.0,8300000.0,9100000.0,0.5229885057471264,0.0,0.0,0.0,0.0,4900000.0,13200000.0,0.0,1100000.0,5300000.0,0.3045977011494253,4200000.0,0.2413793103448276,100000.0,3300000.0,0.1896551724137931,1200000.0,2100000.0,0.1206896551724138,0.017789,0.017789,118050481,118050481,,,1620593284,16:48:04,20210509
121,1990-12-31,HTLD,USD,1990-12-31,1990-12-31,Q4,16900000.0,7800000.0,9100000.0,0.5384615384615384,0.0,0.0,0.0,0.0,5600000.0,13400000.0,0.0,1100000.0,4600000.0,0.27218934911242604,3500000.0,0.20710059171597633,100000.0,2600000.0,0.15384615384615385,900000.0,1700000.0,0.10059171597633136,0.012960799991808774,0.012960799991808774,131164743,131164743,,,1620593284,16:48:04,20210509
122,1990-09-30,HTLD,USD,1990-09-30,1990-09-30,Q3,16200000.0,7500000.0,8700000.0,0.5370370370370371,0.0,0.0,0.0,0.0,4900000.0,12400000.0,0.0,1100000.0,4900000.0,0.30246913580246915,3800000.0,0.2345679012345679,100000.0,2900000.0,0.17901234567901234,900000.0,2000000.0,0.12345679012345678,0.015248,0.015248,131164743,131164743,,,1620593284,16:48:04,20210509
123,1990-06-30,HTLD,USD,1990-06-30,1990-06-30,Q2,15200000.0,6900000.0,8300000.0,0.5460526315789473,0.0,0.0,0.0,0.0,4700000.0,11600000.0,0.0,1100000.0,4700000.0,0.3092105263157895,3600000.0,0.23684210526315788,100000.0,2800000.0,0.18421052631578946,1000000.0,1800000.0,0.11842105263157894,0.015248,0.015248,118048269,118048269,,,1620593284,16:48:04,20210509
124,1990-03-31,HTLD,USD,1990-03-31,1990-03-31,Q1,14600000.0,6900000.0,7700000.0,0.5273972602739726,0.0,0.0,0.0,0.0,4100000.0,11000000.0,0.0,900000.0,4500000.0,0.3082191780821918,3600000.0,0.2465753424657534,100000.0,2800000.0,0.1917808219178082,1000000.0,1800000.0,0.1232876712328767,0.015248,0.015248,118048269,118048269,,,1620593284,16:48:04,20210509
125,1989-12-31,HTLD,USD,1989-12-31,1989-12-31,Q4,12100000.0,5700000.0,6400000.0,0.5289256198347108,0.0,0.0,0.0,0.0,3700000.0,9400000.0,0.0,700000.0,3400000.0,0.2809917355371901,2700000.0,0.2231404958677686,300000.0,2000000.0,0.1652892561983471,700000.0,1300000.0,0.10743801652892562,0.010324437506775412,0.010324437506775412,125914850,125914850,,,1620593284,16:48:04,20210509
126,1989-09-30,HTLD,USD,1989-09-30,1989-09-30,Q3,11900000.0,6200000.0,5700000.0,0.4789915966386555,0.0,0.0,0.0,0.0,2800000.0,9000000.0,0.0,700000.0,3600000.0,0.3025210084033613,2900000.0,0.24369747899159663,200000.0,2500000.0,0.21008403361344538,900000.0,1600000.0,0.13445378151260504,0.012707,0.012707,125914850,125914850,,,1620593284,16:48:04,20210509
127,1989-06-30,HTLD,USD,1989-06-30,1989-06-30,Q2,13100000.0,0.0,0.0,0.0,0.0,0.0,0.0,0.0,0.0,0.0,0.0,0.0,13100000.0,1.0,13100000.0,1.0,0.0,0.0,0.0,0.0,1500000.0,0.11450381679389313,0.012707,0.012707,118045172,118045172,,,1620593284,16:48:04,20210509
128,1989-03-31,HTLD,USD,1989-03-31,1989-03-31,Q1,11200000.0,0.0,0.0,0.0,0.0,0.0,0.0,0.0,0.0,0.0,0.0,0.0,11200000.0,1.0,11200000.0,1.0,0.0,0.0,0.0,0.0,1500000.0,0.13392857142857142,0.012707,0.012707,118045172,118045172,,,1620593284,16:48:04,20210509
129,1988-12-31,HTLD,USD,1988-12-31,1988-12-31,Q4,9200000.0,0.0,0.0,0.0,0.0,0.0,0.0,0.0,0.0,0.0,0.0,0.0,-15700000.0,-1.7065217391304348,-15700000.0,-1.7065217391304348,0.0,0.0,0.0,0.0,1200000.0,0.13043478260869565,0.009383076923293456,0.009383076923293456,127889818,127889818,,,1620593284,16:48:04,20210509
130,1988-09-30,HTLD,USD,1988-09-30,1988-09-30,Q3,8900000.0,0.0,0.0,0.0,0.0,0.0,0.0,0.0,0.0,0.0,0.0,0.0,8900000.0,1.0,8900000.0,1.0,0.0,0.0,0.0,0.0,1300000.0,0.14606741573033707,0.010165,0.010165,127889818,127889818,,,1620593284,16:48:04,20210509
131,1988-06-30,HTLD,USD,1988-06-30,1988-06-30,Q2,8400000.0,0.0,0.0,0.0,0.0,0.0,0.0,0.0,0.0,0.0,0.0,0.0,8400000.0,1.0,8400000.0,1.0,0.0,0.0,0.0,0.0,1300000.0,0.15476190476190477,0.010165,0.010165,127889818,127889818,,,1620593284,16:48:04,20210509
132,1988-03-31,HTLD,USD,1988-03-31,1988-03-31,Q1,8100000.0,0.0,0.0,0.0,0.0,0.0,0.0,0.0,0.0,0.0,0.0,0.0,8100000.0,1.0,8100000.0,1.0,0.0,0.0,0.0,0.0,1300000.0,0.16049382716049382,0.010165,0.010165,127889818,127889818,,,1620593284,16:48:04,20210509
133,1987-12-31,HTLD,USD,1987-12-31,1987-12-31,Q4,7400000.0,0.0,0.0,0.0,0.0,0.0,0.0,0.0,0.0,0.0,0.0,0.0,-12000000.0,-1.6216216216216217,-12000000.0,-1.6216216216216217,0.0,0.0,0.0,0.0,700000.0,0.0945945945945946,0.0053367999966271425,0.0053367999966271425,131164743,131164743,,,1620593284,16:48:04,20210509
134,1987-09-30,HTLD,USD,1987-09-30,1987-09-30,Q3,6900000.0,0.0,0.0,0.0,0.0,0.0,0.0,0.0,0.0,0.0,0.0,0.0,6900000.0,1.0,6900000.0,1.0,0.0,0.0,0.0,0.0,1000000.0,0.14492753623188406,0.007624,0.007624,131164743,131164743,,,1620593284,16:48:04,20210509
135,1987-06-30,HTLD,USD,1987-06-30,1987-06-30,Q2,6000000.0,0.0,0.0,0.0,0.0,0.0,0.0,0.0,0.0,0.0,0.0,0.0,6000000.0,1.0,6000000.0,1.0,0.0,0.0,0.0,0.0,900000.0,0.15,0.007624,0.007624,118048269,118048269,,,1620593284,16:48:04,20210509
136,1987-03-31,HTLD,USD,1987-03-31,1987-03-31,Q1,5700000.0,0.0,0.0,0.0,0.0,0.0,0.0,0.0,0.0,0.0,0.0,0.0,5700000.0,1.0,5700000.0,1.0,0.0,0.0,0.0,0.0,900000.0,0.15789473684210525,0.007624,0.007624,118048269,118048269,,,1620593284,16:48:04,20210509
137,1986-12-31,HTLD,USD,1986-12-31,1986-12-31,Q4,5200000.0,0.0,0.0,0.0,0.0,0.0,0.0,0.0,0.0,0.0,0.0,0.0,-10500000.0,-2.019230769230769,-10500000.0,-2.019230769230769,0.0,0.0,0.0,0.0,600000.0,0.11538461538461539,0.007175294084809537,0.007175294084809537,83620266,83620266,,,1620593284,16:48:04,20210509
138,1986-09-30,HTLD,USD,1986-09-30,1986-09-30,Q3,5500000.0,0.0,0.0,0.0,0.0,0.0,0.0,0.0,0.0,0.0,0.0,0.0,5500000.0,1.0,5500000.0,1.0,0.0,0.0,0.0,0.0,700000.0,0.12727272727272726,0.002541,0.002541,83620266,83620266,,,1620593284,16:48:04,20210509
139,1986-06-30,HTLD,USD,1986-06-30,1986-06-30,Q2,5500000.0,0.0,0.0,0.0,0.0,0.0,0.0,0.0,0.0,0.0,0.0,0.0,5500000.0,1.0,5500000.0,1.0,0.0,0.0,0.0,0.0,900000.0,0.16363636363636364,0.010165,0.010165,88539105,88539105,,,1620593284,16:48:04,20210509
140,1986-03-31,HTLD,USD,1986-03-31,1986-03-31,Q1,5400000.0,0.0,0.0,0.0,0.0,0.0,0.0,0.0,0.0,0.0,0.0,0.0,5400000.0,1.0,5400000.0,1.0,0.0,0.0,0.0,0.0,800000.0,0.14814814814814814,0.010165,0.010165,113419668,113419668,,,1620593284,16:48:04,20210509
141,1985-12-31,HTLD,USD,1985-12-31,1985-12-31,Q4,4700000.0,0.0,0.0,0.0,0.0,0.0,0.0,0.0,0.0,0.0,0.0,0.0,-10200000.0,-2.1702127659574466,-10200000.0,-2.1702127659574466,0.0,0.0,0.0,0.0,500000.0,0.10638297872340426,0.005083000002053532,0.005083000002053532,98367106,98367106,,,1620593284,16:48:04,20210509
142,1985-09-30,HTLD,USD,1985-09-30,1985-09-30,Q3,4700000.0,0.0,0.0,0.0,0.0,0.0,0.0,0.0,0.0,0.0,0.0,0.0,4700000.0,1.0,4700000.0,1.0,0.0,0.0,0.0,0.0,500000.0,0.10638297872340426,0.005083,0.005083,98367106,98367106,,,1620593284,16:48:04,20210509
