,date,symbol,reportedCurrency,fillingDate,acceptedDate,period,revenue,costOfRevenue,grossProfit,grossProfitRatio,researchAndDevelopmentExpenses,generalAndAdministrativeExpenses,sellingAndMarketingExpenses,otherExpenses,operatingExpenses,costAndExpenses,interestExpense,depreciationAndAmortization,ebitda,ebitdaratio,operatingIncome,operatingIncomeRatio,totalOtherIncomeExpensesNet,incomeBeforeTax,incomeBeforeTaxRatio,incomeTaxExpense,netIncome,netIncomeRatio,eps,epsdiluted,weightedAverageShsOut,weightedAverageShsOutDil,link,finalLink,timestamp,est_time,est_date
0,2020-12-31,STE,USD,2021-02-09,2021-02-09 08:00:20,Q3,808924.0,463063.0,345861.0,0.4275568533014226,16438000.0,182373000,0.0,20.0,198831000,661894.0,-8899000.0,160193.0,307223.0,0.37979216836192276,147030.0,0.1817599675618476,0.0,139430.0,0.17236477097972122,24842000.0,114588.0,0.1416548402569339,1.3374573976376114,1.3374573976376114,85676000,85676000,https://www.sec.gov/Archives/edgar/data/1757898/000175789821000007/0001757898-21-000007-index.htm,https://www.sec.gov/Archives/edgar/data/1757898/000175789821000007/ste-20201231.htm,1620598352,18:12:32,20210509
1,2020-09-30,STE,USD,2020-11-06,2020-11-06 08:28:43,Q2,87200000.0,42731000.0,44469000.0,0.5099655963302753,-88000.0,17537000,0.0,-166000.0,188850000,59938000.0,827000.0,54418000.0,81680000.0,0.936697247706422,27262000.0,0.31263761467889906,0.0,26988000.0,0.3094954128440367,9104000.0,17884000.0,0.20509174311926606,0.4,0.4,85676000,85676000,https://www.sec.gov/Archives/edgar/data/1757898/000175789820000028/0001757898-20-000028-index.htm,https://www.sec.gov/Archives/edgar/data/1757898/000175789820000028/ste-20200930.htm,1620598352,18:12:32,20210509
2,2020-06-30,STE,USD,2020-08-07,2020-08-07 08:39:58,Q1,668932000.0,383364000.0,285568000.0,0.4269013890799065,16231000.0,155170000,0.0,166000.0,171401000,554931000.0000001,9492000.0,48954000.0,162955000.0,0.24360473112364187,114001000.0,0.17042240466893496,0.0,106798000.0,0.15965449402928847,18674000.0,88190000.0,0.13183701781346982,1.02934,1.02934,85676000,85676000,https://www.sec.gov/Archives/edgar/data/1757898/000175789820000022/0001757898-20-000022-index.htm,https://www.sec.gov/Archives/edgar/data/1757898/000175789820000022/ste0630202010-q.htm,1620598352,18:12:32,20210509
3,2020-03-31,STE,USD,2020-05-29,2020-05-29 08:54:05,Q4,822991000.0,458931000.0,364060000.0,0.44236206714289705,17225000.0,189078000,0.0,6000.0,206289000,665226000.0,-9577000.0,50941000.0,208706000.0,0.2535945107540666,157765000.0,0.19169711454924782,0.0,148012000.0,0.17984643817490106,24793000.0,123316000.0,0.1498388196225718,1.43936,1.43936,85674000,85674000,https://www.sec.gov/Archives/edgar/data/1757898/000175789820000012/0001757898-20-000012-index.htm,https://www.sec.gov/Archives/edgar/data/1757898/000175789820000012/ste03312020.htm,1620598352,18:12:32,20210509
4,2019-12-31,STE,USD,2020-02-10,2020-02-10 16:34:18,Q3,774261000.0,442908000.0,331353000.0,0.4279603389554685,16487000.0,173006000,0.0,-448000.0,189414000,631874000.0,9813000.0,49558000.00000001,191945000.0,0.2479073594046452,142387000.0,0.1839005193339197,0.0,133952000.0,0.17300626016291665,29285000.0,104930000.0,0.13552277591148204,1.22542,1.22542,85628000,85628000,https://www.sec.gov/Archives/edgar/data/1757898/000175789820000003/0001757898-20-000003-index.htm,https://www.sec.gov/Archives/edgar/data/1757898/000175789820000003/ste1231201910-q.htm,1620598352,18:12:32,20210509
5,2019-09-30,STE,USD,2019-11-07,2019-11-07 08:19:36,Q2,736840000.0,418173000.0,318667000.0,0.43247787850822433,16249000.0,176258000,0.0,-274000.0,192208000,610107000.0,10444000.0,49634000.00000001,176367000.0,0.23935589815970904,126733000.0,0.17199527712936322,0.0,117307000.0,0.15920281200803432,22165000.0,94769000.0,0.12861543890125401,1.10589,1.10589,85695000,85695000,https://www.sec.gov/Archives/edgar/data/1757898/000175789819000018/0001757898-19-000018-index.htm,https://www.sec.gov/Archives/edgar/data/1757898/000175789819000018/ste0930201910-q.htm,1620598352,18:12:32,20210509
6,2019-06-30,STE,USD,2019-08-07,2019-08-07 08:35:51,Q1,696803000.0,390960000.0,305843000.0,0.4389231963697056,15585000.0,179187000,0.0,1389000.0,194366000,586715000.0,10445000.0,47102000.0,157190000.0,0.22558743288992728,110088000.0,0.15799013494488398,0.0,99410000.0,0.14266586108268764,14633000.0,84590000.0,0.1213972959358671,0.98859,0.98859,85566000,85566000,https://www.sec.gov/Archives/edgar/data/1757898/000175789819000012/0001757898-19-000012-index.htm,https://www.sec.gov/Archives/edgar/data/1757898/000175789819000012/ste0630201910-q.htm,1620598352,18:12:32,20210509
