,date,symbol,reportedCurrency,fillingDate,acceptedDate,period,revenue,costOfRevenue,grossProfit,grossProfitRatio,researchAndDevelopmentExpenses,generalAndAdministrativeExpenses,sellingAndMarketingExpenses,otherExpenses,operatingExpenses,costAndExpenses,interestExpense,depreciationAndAmortization,ebitda,ebitdaratio,operatingIncome,operatingIncomeRatio,totalOtherIncomeExpensesNet,incomeBeforeTax,incomeBeforeTaxRatio,incomeTaxExpense,netIncome,netIncomeRatio,eps,epsdiluted,weightedAverageShsOut,weightedAverageShsOutDil,link,finalLink,timestamp,est_time,est_date
0,2020-12-31,BWLPG.OL,USD,2020-12-31,2020-12-31,Q4,189813000,135348000,54465000.0,0.2869403044048616,0.0,-6378000.0,0.0,0.0,-4924000.0,130424000,10075000.0,37539000,96928000.0,0.5106499554825012,59389000.0,0.31288162559993254,0.0,76427000.0,0.4026436545442093,-162000.0,76589000.0,0.40349712611886435,0.5525901875901876,0.5525901875901876,138600000,138600000,https://www.oslobors.no/ob_eng/,https://www.oslobors.no/ob_eng/,1620589793,15:49:53,20210509
1,2020-09-30,BWLPG.OL,USD,2020-09-30,2020-09-30,Q3,151604000,118388000,33216000.0,0.2190971214479829,0.0,5849000.0,0.0,0.0,4662000.0,123050000,10186000.0,38592000,67146000.0,0.44290388116408536,28554000.0,0.1883459539326139,0.0,24677000.0,0.1627727500593652,88000.0,24589000.0,0.16219229044088546,0.18,0.18,138600000,138600000,https://www.oslobors.no/ob_eng/,https://www.oslobors.no/ob_eng/,1620589793,15:49:53,20210509
2,2020-06-30,BWLPG.OL,USD,2020-06-30,2020-06-30,Q2,219936000,138716000,81220000.0,0.3692892477811727,0.0,4549000.0,0.0,0.0,5796000.0,144512000,11097000.0,38164000,113588000.0,0.516459333624327,75424000.0,0.34293612687327224,0.0,62322000.0,0.2833642514185945,252000.0,62070000.0,0.2822184635530336,0.45,0.45,139000000,139000000,https://www.oslobors.no/ob_eng/,https://www.oslobors.no/ob_eng/,1620589793,15:49:53,20210509
3,2020-03-31,BWLPG.OL,USD,2020-03-31,2020-03-31,Q1,250381000,158118000,92263000.0,0.3684904205990071,0.0,6172000.0,0.0,0.0,5174000.0,163292000,12201000.0,38152000,125241000.0,0.5002016926204464,87089000.0,0.3478259133081184,0.0,80926000.0,0.32321142578710044,321000.0,80605000.0,0.3219293796254508,0.58,0.58,139000000,139000000,https://www.oslobors.no/ob_eng/,https://www.oslobors.no/ob_eng/,1620589793,15:49:53,20210509
4,2019-12-31,BWLPG.OL,USD,2019-12-31,2019-12-31,Q4,260804000,221988000,38816000.0,0.14883207312771277,0.0,0.0,0.0,0.0,-82702000.0,139286000,13217000.0,30890000,152408000.0,0.5843775402217758,121518000.0,0.465936105274459,0.0,155300000.0,0.5954663272035705,1529000.0,153734000.0,0.589461818070275,1.1091919191919193,1.1091919191919193,138600000,138600000,https://www.oslobors.no/ob_eng/,https://www.oslobors.no/ob_eng/,1620589793,15:49:53,20210509
5,2019-09-30,BWLPG.OL,USD,2019-09-30,2019-09-30,Q3,262178000,112780000,149398000.0,0.5698342347565395,0.0,0.0,0.0,0.0,31752000.0,144532000,13242000.0,31515000,149161000.0,0.5689302687487127,117646000.0,0.4487256749231438,0.0,117613000.0,0.4485998062385097,420000.0,117335000.0,0.4475394579255315,0.83,0.83,141367470,141367470,https://www.oslobors.no/ob_eng/,https://www.oslobors.no/ob_eng/,1620589793,15:49:53,20210509
6,2019-06-30,BWLPG.OL,USD,2019-06-30,2019-06-30,Q2,176168000,101279000,74889000.0,0.42509990463648334,0.0,0.0,0.0,0.0,32786000.0,134065000,16426000.0,32036000,74139000.0,0.42084260478634034,42103000.0,0.23899346078743017,0.0,26722000.0,0.1516847554606966,246000.0,26386000.0,0.1497774851278325,0.19,0.19,138873684,138873684,https://www.oslobors.no/ob_eng/,https://www.oslobors.no/ob_eng/,1620589793,15:49:53,20210509
7,2019-03-31,BWLPG.OL,USD,2019-03-31,2019-03-31,Q1,118053000,94025000,24028000.0,0.2035357000669191,0.0,0.0,0.0,0.0,35147000.0,129172000,14724000.0,31829000,20710000.0,0.17542967988954114,-11119000.0,-0.09418650944914572,0.0,-23396000.0,-0.1981821724140852,148000.0,-23544000.0,-0.19943584661126781,-0.17,-0.17,138494118,138494118,https://www.oslobors.no/ob_eng/,https://www.oslobors.no/ob_eng/,1620589793,15:49:53,20210509
8,2018-12-31,BWLPG.OL,USD,2018-12-31,2018-12-31,Q4,154255000,150013000,4242000.0,0.027499918965349583,0.0,0.0,0.0,0.0,-6795000.0,143218000,13135000.0,24604000,35641000.0,0.23105247803960974,11037000.0,0.07155035493176883,0.0,-34204000.0,-0.2217367346277268,-74000.0,-33140000.0,-0.2148390651842728,-0.2391053391053391,-0.2391053391053391,138600000,138600000,https://www.oslobors.no/ob_eng/,https://www.oslobors.no/ob_eng/,1620589793,15:49:53,20210509
9,2018-09-30,BWLPG.OL,USD,2018-09-30,2018-09-30,Q3,142671000,102898000,39773000.0,0.27877424283841845,0.0,0.0,0.0,0.0,30125000.0,133023000,13014000.0,25339000,34987000.0,0.24522853277821,9648000.0,0.06762411422082974,0.0,-2647000.0,-0.01855317478674713,157000.0,-2804000.0,-0.01965360865207365,-0.02,-0.02,140200000,140200000,https://www.oslobors.no/ob_eng/,https://www.oslobors.no/ob_eng/,1620589793,15:49:53,20210509
10,2018-06-30,BWLPG.OL,USD,2018-06-30,2018-06-30,Q2,106891000,87965000,18926000.0,0.17705887305760074,0.0,0.0,0.0,0.0,36152000.0,124117000,12344000.0,25351000,8125000.0,0.07601201223676456,-17226000.0,-0.16115482126652383,0.0,-27081000.0,-0.25335154503185486,10000.0,-27624000.0,-0.2584314862804165,-0.2,-0.2,138120000,138120000,https://www.oslobors.no/ob_eng/,https://www.oslobors.no/ob_eng/,1620589793,15:49:53,20210509
11,2018-03-31,BWLPG.OL,USD,2018-03-31,2018-03-31,Q1,117937000,86529000,31408000.0,0.266311674877265,0.0,0.0,0.0,0.0,31469000.0,117998000,11912000.0,25378000,25317000.0,0.21466545698126965,-61000.0,-0.0005172252982524569,0.0,-8280000.0,-0.07020697491033348,85000.0,-7016000.0,-0.05948938840228257,-0.05,-0.05,140320000,140320000,https://www.oslobors.no/ob_eng/,https://www.oslobors.no/ob_eng/,1620589793,15:49:53,20210509
12,2017-12-31,BWLPG.OL,USD,2017-12-31,2017-12-31,Q4,121955000,134153000,-12198000.0,-0.1000204993645197,0.0,0.0,0.0,0.0,-7187000.0,126966000,11755000.0,30909000,25898000.0,0.2123570169324751,-5011000.0,-0.04108892624328646,0.0,-18647000.0,-0.15290066007953754,369000.0,-19774000.0,-0.16214177360501825,-0.14266955266955267,-0.14266955266955267,138600000,138600000,https://www.oslobors.no/ob_eng/,https://www.oslobors.no/ob_eng/,1620589793,15:49:53,20210509
13,2017-09-30,BWLPG.OL,USD,2017-09-30,2017-09-30,Q3,101143000,79190000,21953000.0,0.21704912846168298,0.0,0.0,0.0,0.0,36574000.0,115764000,11824000.0,31497000,16876000.0,0.16685287167673493,-14621000.0,-0.14455770542696975,0.0,-26653000.0,-0.26351798938137094,58000.0,-26418000.0,-0.2611945463353865,-0.19,-0.19,139042105,139042105,https://www.oslobors.no/ob_eng/,https://www.oslobors.no/ob_eng/,1620589793,15:49:53,20210509
14,2017-06-30,BWLPG.OL,USD,2017-06-30,2017-06-30,Q2,131680000,93559000,38121000.0,0.2894972660996355,0.0,0.0,0.0,0.0,32980000.0,126539000,11572000.0,34443000,39584000.0,0.30060753341433777,5141000.0,0.03904161603888214,0.0,-6980000.0,-0.05300729040097205,56000.0,-6676000.0,-0.050698663426488454,-0.05,-0.05,133520000,133520000,https://www.oslobors.no/ob_eng/,https://www.oslobors.no/ob_eng/,1620589793,15:49:53,20210509
15,2017-03-31,BWLPG.OL,USD,2017-03-31,2017-03-31,Q1,136975000,90667000,46308000.0,0.33807629129403177,0.0,0.0,0.0,0.0,33674000.0,124341000,11831000.0,29262000,41896000.0,0.3058660339478007,12634000.0,0.09223580945427998,0.0,8026000.0,0.058594634057309726,60000.0,10180000.0,0.0743201314108414,0.07,0.07,145428571,145428571,https://www.oslobors.no/ob_eng/,https://www.oslobors.no/ob_eng/,1620589793,15:49:53,20210509
16,2016-12-31,BWLPG.OL,USD,2016-12-31,2016-12-31,Q4,117288000,112328000,4960000.0,0.04228906623013437,0.0,0.0,0.0,0.0,-3781000.0,108547000,9380000.0,26178000,34919000.0,0.2977201418729964,8741000.0,0.07452595320919446,0.0,79533000.0,0.6781000613873542,-159000.0,79656000.0,0.6791487620216902,0.5747186147186147,0.5747186147186147,138600000,138600000,https://www.oslobors.no/ob_eng/,https://www.oslobors.no/ob_eng/,1620589793,15:49:53,20210509
17,2016-09-30,BWLPG.OL,USD,2016-09-30,2016-09-30,Q3,104833000,65801000,39032000.0,0.3723255081892152,0.0,0.0,0.0,0.0,30698000.0,96499000,6784000.0,25059000,33393000.0,0.3185351940705694,8334000.0,0.0794978680377362,0.0,-60258000.0,-0.5747999198725592,131000.0,-60321000.0,-0.57540087567846,-0.44,-0.44,137093182,137093182,https://www.oslobors.no/ob_eng/,https://www.oslobors.no/ob_eng/,1620589793,15:49:53,20210509
18,2016-06-30,BWLPG.OL,USD,2016-06-30,2016-06-30,Q2,121764000,63623000,58141000.0,0.4774892414835255,0.0,0.0,0.0,0.0,30735000.0,94358000,6290000.0,24935000,52341000.0,0.42985611510791366,27406000.0,0.22507473473276174,0.0,-55547000.0,-0.4561857363424329,61000.0,-54429000.0,-0.4470040406031339,-0.4,-0.4,136072500,136072500,https://www.oslobors.no/ob_eng/,https://www.oslobors.no/ob_eng/,1620589793,15:49:53,20210509
19,2016-03-31,BWLPG.OL,USD,2016-03-31,2016-03-31,Q1,162581000,67474000,95107000.0,0.5849822549990467,0.0,0.0,0.0,0.0,29490000.0,96964000,5118000.0,23305000,88922000.0,0.546939679298319,65617000.0,0.4035957461203954,0.0,60133000.0,0.36986486735842444,200000.0,59369000.0,0.3651656712654,0.44,0.44,134929545,134929545,https://www.oslobors.no/ob_eng/,https://www.oslobors.no/ob_eng/,1620589793,15:49:53,20210509
20,2015-12-31,BWLPG.OL,USD,2015-12-31,2015-12-31,Q4,191850000,117758000,74092000.0,0.38619755016940316,0.0,0.0,0.0,0.0,-13670000.0,104088000,5150000.0,23547000,111309000.0,0.5801876465989054,87762000.0,0.45745113369820173,0.0,82289000.0,0.42892363825905655,275000.0,81222000.0,0.42336200156372167,0.586017316017316,0.586017316017316,138600000,138600000,https://www.oslobors.no/ob_eng/,https://www.oslobors.no/ob_eng/,1620589793,15:49:53,20210509
21,2015-09-30,BWLPG.OL,USD,2015-09-30,2015-09-30,Q3,223845000,82061000,141784000.0,0.6334025776765172,0.0,0.0,0.0,0.0,30410000.0,112471000,4690000.0,21687000,133061000.0,0.5944336482834104,111374000.0,0.49754964372668586,0.0,106326000.0,0.4749983247336326,158000.0,105372000.0,0.4707364470950881,0.79,0.79,133382278,133382278,https://www.oslobors.no/ob_eng/,https://www.oslobors.no/ob_eng/,1620589793,15:49:53,20210509
22,2015-06-30,BWLPG.OL,USD,2015-06-30,2015-06-30,Q2,189644000,74574000,115070000.0,0.6067684714517728,0.0,0.0,0.0,0.0,30164000.0,104738000,4248000.0,20871000,105777000.0,0.5577661302229441,84906000.0,0.44771255615785366,0.0,80805000.0,0.42608782771930565,116000.0,80468000.0,0.4243108139461306,0.61,0.61,131914754,131914754,https://www.oslobors.no/ob_eng/,https://www.oslobors.no/ob_eng/,1620589793,15:49:53,20210509
23,2015-03-31,BWLPG.OL,USD,2015-03-31,2015-03-31,Q1,167996000,79914000,88082000.0,0.524310102621491,0.0,0.0,0.0,0.0,26269000.0,106183000,2756000.0,18611000,80424000.0,0.4787256839448558,61813000.0,0.36794328436391344,0.0,57468000.0,0.34207957332317435,200000.0,56906000.0,0.33873425557751374,0.43,0.43,132339535,132339535,https://www.oslobors.no/ob_eng/,https://www.oslobors.no/ob_eng/,1620589793,15:49:53,20210509
24,2014-12-31,BWLPG.OL,USD,2014-12-31,2014-12-31,Q4,182278000,124809000,57469000.0,0.3152821514390107,0.0,0.0,0.0,0.0,-11045000.0,113764000,2448000.0,19389000,87903000.0,0.4822468975959798,68514000.0,0.37587640856274485,0.0,65276000.0,0.3581123339075478,275000.0,64533000.0,0.3540361425953763,0.4656060606060606,0.4656060606060606,138600000,138600000,https://www.oslobors.no/ob_eng/,https://www.oslobors.no/ob_eng/,1620589793,15:49:53,20210509
25,2014-09-30,BWLPG.OL,USD,2014-09-30,2014-09-30,Q3,211365000,94969000,116396000.0,0.5506871998675278,0.0,0.0,0.0,0.0,25522000.0,120491000,2423000.0,17892000,108766000.0,0.514588508031131,90874000.0,0.42993873157807583,0.0,87668000.0,0.4147706573936082,199000.0,87286000.0,0.4129633572256523,0.64,0.64,136384375,136384375,https://www.oslobors.no/ob_eng/,https://www.oslobors.no/ob_eng/,1620589793,15:49:53,20210509
26,2014-06-30,BWLPG.OL,USD,2014-06-30,2014-06-30,Q2,202959000,103696000,99263000.0,0.4890790750841303,0.0,0.0,0.0,0.0,24265000.0,127961000,2653000.0,16853000,91851000.0,0.4525593839149779,74998000.0,0.3695229085677403,0.0,72646000.0,0.3579343611271242,200000.0,72117000.0,0.3553279233736863,0.53,0.53,136069811,136069811,https://www.oslobors.no/ob_eng/,https://www.oslobors.no/ob_eng/,1620589793,15:49:53,20210509
27,2014-03-31,BWLPG.OL,USD,2014-03-31,2014-03-31,Q1,150760000,91521000,59239000.0,0.3929357919872645,0.0,0.0,0.0,0.0,24617000.0,116138000,2859000.0,16903000,51525000.0,0.3417683735738923,34622000.0,0.22964977447598833,0.0,30776000.0,0.20413902892013797,23000.0,30634000.0,0.2031971345184399,0.23,0.23,133191304,133191304,https://www.oslobors.no/ob_eng/,https://www.oslobors.no/ob_eng/,1620589793,15:49:53,20210509
28,2013-12-31,BWLPG.OL,USD,2013-12-31,2013-12-31,Q4,153705000,162321000,-8616000.0,-0.05605543085781204,0.0,0.0,0.0,-45442000.0,-37648000.0,124673000,2196000.0,15504000,44536000.0,0.28974984548323085,29032000.0,0.18888129859145766,0.0,35902000.0,0.23357730717933703,0.0,35879000.0,0.23342766988712144,0.25886724386724386,0.25886724386724386,138600000,138600000,https://www.oslobors.no/ob_eng/,https://www.oslobors.no/ob_eng/,1620589793,15:49:53,20210509
29,2013-09-30,BWLPG.OL,USD,2013-09-30,2013-09-30,Q3,112375000,50106000,62269000.0,0.5541179087875417,0.0,0.0,0.0,0.0,33855000.0,83961000,1263000.0,13635000,42049000.0,0.37418464961067854,28414000.0,0.2528498331479422,0.0,68926000.0,0.6133570634037819,0.0,67817000.0,0.603488320355951,0.67817,0.67817,100000000,100000000,https://www.oslobors.no/ob_eng/,https://www.oslobors.no/ob_eng/,1620589793,15:49:53,20210509
30,2013-06-30,BWLPG.OL,USD,2013-06-30,2013-06-30,Q2,98243000,63782000,34461000.0,0.35077308306953164,0.0,0.0,0.0,0.0,21052000.0,84834000,1098000.0,14600000,28009000.0,0.2850991928178089,13409000.0,0.1364880958439787,0.0,34604000.0,0.35222865751249455,0.0,34698000.0,0.3531854686847918,0.34698,0.34698,100000000,100000000,https://www.oslobors.no/ob_eng/,https://www.oslobors.no/ob_eng/,1620589793,15:49:53,20210509
31,2013-03-31,BWLPG.OL,USD,2013-03-31,2013-03-31,Q1,84925000,61005000,23920000.0,0.281660288489844,0.0,0.0,0.0,0.0,18044000.0,79049000,923000.0,14486000,20362000.0,0.23976449808654696,5876000.0,0.06919046217250516,0.0,-13722000.0,-0.16157786282013542,0.0,-13655000.0,-0.1607889314100677,-0.13655,-0.13655,100000000,100000000,https://www.oslobors.no/ob_eng/,https://www.oslobors.no/ob_eng/,1620589793,15:49:53,20210509
32,2012-12-31,BWLPG.OL,USD,2012-12-31,2012-12-31,Q4,90024000,52487000,37537000.0,0.4169665866879943,0.0,0.0,0.0,0.0,33251000.0,85738000,978000.0,15423000,19709000.0,0.2189305074202435,4286000.0,0.04760952634852928,0.0,-35237000.0,-0.3914178441304541,0.0,-35545000.0,-0.3948391540033769,-0.25645743145743144,-0.25645743145743144,138600000,138600000,https://www.oslobors.no/ob_eng/,https://www.oslobors.no/ob_eng/,1620589793,15:49:53,20210509
33,2012-09-30,BWLPG.OL,USD,2012-09-30,2012-09-30,Q3,112589000,53899000,58690000.0,0.5212765012567835,0.0,0.0,0.0,0.0,30887000.0,84786000,1056000.0,15035000,42838000.0,0.38048121930206324,27803000.0,0.2469424188863921,0.0,19306000.0,0.1714732345078116,0.0,18632000.0,0.1654868592846548,0.18632,0.18632,100000000,100000000,https://www.oslobors.no/ob_eng/,https://www.oslobors.no/ob_eng/,1620589793,15:49:53,20210509
