,date,symbol,reportedCurrency,fillingDate,acceptedDate,period,revenue,costOfRevenue,grossProfit,grossProfitRatio,researchAndDevelopmentExpenses,generalAndAdministrativeExpenses,sellingAndMarketingExpenses,otherExpenses,operatingExpenses,costAndExpenses,interestExpense,depreciationAndAmortization,ebitda,ebitdaratio,operatingIncome,operatingIncomeRatio,totalOtherIncomeExpensesNet,incomeBeforeTax,incomeBeforeTaxRatio,incomeTaxExpense,netIncome,netIncomeRatio,eps,epsdiluted,weightedAverageShsOut,weightedAverageShsOutDil,link,finalLink,timestamp,est_time,est_date
0,2019-06-30,QRF.BR,EUR,2019-06-30,2019-06-30,Q2,4101250.0,610750.0,3490500.0,0.8510819871990247,0.0,527750.0,0.0,0.0,0.0,1138500.0,432750.0,4250.0,2967000.0,0.7234379762267601,2962750.0,0.7224017067967083,0.0,-5174500.0,-1.2616885096007315,-51750.0,-5119500.0,-1.2482779640353552,-0.7275,-0.7275,7031062.0,7031062.0,,,1620597007,17:50:07,20210509
1,2019-03-31,QRF.BR,EUR,2019-03-31,2019-03-31,Q1,4101250.0,610750.0,3490500.0,0.8510819871990247,0.0,527750.0,0.0,0.0,0.0,1138500.0,432750.0,4250.0,2967000.0,0.7234379762267601,2962750.0,0.7224017067967083,0.0,-5174500.0,-1.2616885096007315,-51750.0,-5119500.0,-1.2482779640353552,-0.7275,-0.7275,7031062.0,7031062.0,,,1620597007,17:50:07,20210509
2,2019-01-31,QRF.BR,EUR,2019-01-31,2019-01-31,Q1,4101250.0,610750.0,3490500.0,0.8510819871990247,0.0,527750.0,0.0,0.0,0.0,1138500.0,432750.0,4250.0,2967000.0,0.7234379762267601,2962750.0,0.7224017067967083,0.0,-5174500.0,-1.2616885096007315,-51750.0,-5119500.0,-1.2482779640353552,-0.7275,-0.7275,7031062.0,7031062.0,,,1620597007,17:50:07,20210509
3,2018-06-30,QRF.BR,EUR,2018-06-30,2018-06-30,Q2,4151500.0,581500.0,3570000.0,0.8599301457304589,0.0,589750.0,0.0,0.0,0.0,1169250.0,491250.0,5500.0,2987750.0,0.7196796338672768,2982250.0,0.7183548115139107,0.0,196250.0,0.047272070336023125,36250.0,152000.0,0.036613272311212815,0.0275,0.0275,5665822.0,5665822.0,,,1620597007,17:50:07,20210509
4,2018-03-31,QRF.BR,EUR,2018-03-31,2018-03-31,Q1,4151500.0,581500.0,3570000.0,0.8599301457304589,0.0,589750.0,0.0,0.0,0.0,1169250.0,491250.0,5500.0,2987750.0,0.7196796338672768,2982250.0,0.7183548115139107,0.0,196250.0,0.047272070336023125,36250.0,152000.0,0.036613272311212815,0.0275,0.0275,5665822.0,5665822.0,,,1620597007,17:50:07,20210509
5,2018-01-31,QRF.BR,EUR,2018-01-31,2018-01-31,Q1,4151500.0,581500.0,3570000.0,0.8599301457304589,0.0,589750.0,0.0,0.0,0.0,1169250.0,491250.0,5500.0,2987750.0,0.7196796338672768,2982250.0,0.7183548115139107,0.0,196250.0,0.047272070336023125,36250.0,152000.0,0.036613272311212815,0.0275,0.0275,5665822.0,5665822.0,,,1620597007,17:50:07,20210509
6,2017-06-30,QRF.BR,EUR,2017-06-30,2017-06-30,Q2,4031750.0,553000.0,3478750.0,0.8628387176784275,0.0,545000.0,0.0,0.0,0.0,1097750.0,496500.0,5750.0,2939750.0,0.7291498728839834,2934000.0,0.7277236931853414,0.0,1292250.0,0.32051838531654986,103000.0,1191500.0,0.29552923668382214,0.2275,0.2275,5224997.0,5224997.0,,,1620597007,17:50:07,20210509
7,2017-03-31,QRF.BR,EUR,2017-03-31,2017-03-31,Q1,4031750.0,553000.0,3478750.0,0.8628387176784275,0.0,545000.0,0.0,0.0,0.0,1097750.0,496500.0,5750.0,2939750.0,0.7291498728839834,2934000.0,0.7277236931853414,0.0,1292250.0,0.32051838531654986,103000.0,1191500.0,0.29552923668382214,0.2275,0.2275,5224997.0,5224997.0,,,1620597007,17:50:07,20210509
8,2017-01-31,QRF.BR,EUR,2017-01-31,2017-01-31,Q1,4031750.0,553000.0,3478750.0,0.8628387176784275,0.0,545000.0,0.0,0.0,0.0,1097750.0,496500.0,5750.0,2939750.0,0.7291498728839834,2934000.0,0.7277236931853414,0.0,1292250.0,0.32051838531654986,103000.0,1191500.0,0.29552923668382214,0.2275,0.2275,5224997.0,5224997.0,,,1620597007,17:50:07,20210509
9,2016-06-30,QRF.BR,EUR,2016-06-30,2016-06-30,Q2,3623250.0,437250.0,3186000.0,0.8793210515421238,0.0,548250.0,0.0,0.0,0.0,983500.0,438250.0,4750.0,2644500.0,0.7298695922169323,2639750.0,0.7285586145035534,0.0,2044250.0,0.5642034085420548,101750.0,1945500.0,0.5369488718691783,0.4175,0.4175,4653684.0,4653684.0,,,1620597007,17:50:07,20210509
10,2016-03-31,QRF.BR,EUR,2016-03-31,2016-03-31,Q1,3623250.0,437250.0,3186000.0,0.8793210515421238,0.0,548250.0,0.0,0.0,0.0,983500.0,438250.0,4750.0,2644500.0,0.7298695922169323,2639750.0,0.7285586145035534,0.0,2044250.0,0.5642034085420548,101750.0,1945500.0,0.5369488718691783,0.4175,0.4175,4653684.0,4653684.0,,,1620597007,17:50:07,20210509
11,2016-01-31,QRF.BR,EUR,2016-01-31,2016-01-31,Q1,3623250.0,437250.0,3186000.0,0.8793210515421238,0.0,548250.0,0.0,0.0,0.0,983500.0,438250.0,4750.0,2644500.0,0.7298695922169323,2639750.0,0.7285586145035534,0.0,2044250.0,0.5642034085420548,101750.0,1945500.0,0.5369488718691783,0.4175,0.4175,4653684.0,4653684.0,,,1620597007,17:50:07,20210509
12,2015-09-30,QRF.BR,EUR,2015-09-30,2015-09-30,Q3,2584000.0,334500.0,2249500.0,0.8705495356037152,0.0,396500.0,4750.0,0.0,16750.0,752500.0,298750.0,4250.0,1835750.0,0.7104295665634675,1831500.0,0.7087848297213623,0.0,1161500.0,0.44949690402476783,18750.0,1145500.0,0.44330495356037153,0.3325,0.3325,3433149.0,3433149.0,,,1620597007,17:50:07,20210509
13,2015-06-30,QRF.BR,EUR,2015-06-30,2015-06-30,Q2,2584000.0,334500.0,2249500.0,0.8705495356037152,0.0,396500.0,4750.0,0.0,16750.0,752500.0,298750.0,4250.0,1835750.0,0.7104295665634675,1831500.0,0.7087848297213623,0.0,1161500.0,0.44949690402476783,18750.0,1145500.0,0.44330495356037153,0.3325,0.3325,3433149.0,3433149.0,,,1620597007,17:50:07,20210509
14,2015-03-31,QRF.BR,EUR,2015-03-31,2015-03-31,Q1,2584000.0,334500.0,2249500.0,0.8705495356037152,0.0,396500.0,4750.0,0.0,16750.0,752500.0,298750.0,4250.0,1835750.0,0.7104295665634675,1831500.0,0.7087848297213623,0.0,1161500.0,0.44949690402476783,18750.0,1145500.0,0.44330495356037153,0.3325,0.3325,3433149.0,3433149.0,,,1620597007,17:50:07,20210509
15,2015-01-31,QRF.BR,EUR,2015-01-31,2015-01-31,Q1,2584000.0,334500.0,2249500.0,0.8705495356037152,0.0,396500.0,4750.0,0.0,16750.0,752500.0,298750.0,4250.0,1835750.0,0.7104295665634675,1831500.0,0.7087848297213623,0.0,1161500.0,0.44949690402476783,18750.0,1145500.0,0.44330495356037153,0.3325,0.3325,3433149.0,3433149.0,,,1620597007,17:50:07,20210509
16,2014-09-30,QRF.BR,EUR,2014-09-30,2014-09-30,Q3,2148250.0,198000.0,1950250.0,0.9078319562434539,0.0,349750.0,0.0,0.0,1250.0,547750.0,275750.0,3750.0,1604250.0,0.7467706272547422,1600500.0,0.7450250203654137,0.0,740750.0,0.3448155475386943,18000.0,726000.0,0.3379494937740021,0.2225,0.2225,3272911.0,3272911.0,,,1620597007,17:50:07,20210509
17,2014-06-30,QRF.BR,EUR,2014-06-30,2014-06-30,Q2,2148250.0,198000.0,1950250.0,0.9078319562434539,0.0,349750.0,0.0,0.0,1250.0,547750.0,275750.0,3750.0,1604250.0,0.7467706272547422,1600500.0,0.7450250203654137,0.0,740750.0,0.3448155475386943,18000.0,726000.0,0.3379494937740021,0.2225,0.2225,3272911.0,3272911.0,,,1620597007,17:50:07,20210509
18,2014-03-31,QRF.BR,EUR,2014-03-31,2014-03-31,Q1,2148250.0,198000.0,1950250.0,0.9078319562434539,0.0,349750.0,0.0,0.0,1250.0,547750.0,275750.0,3750.0,1604250.0,0.7467706272547422,1600500.0,0.7450250203654137,0.0,740750.0,0.3448155475386943,18000.0,726000.0,0.3379494937740021,0.2225,0.2225,3272911.0,3272911.0,,,1620597007,17:50:07,20210509
19,2014-01-31,QRF.BR,EUR,2014-01-31,2014-01-31,Q1,2148250.0,198000.0,1950250.0,0.9078319562434539,0.0,349750.0,0.0,0.0,1250.0,547750.0,275750.0,3750.0,1604250.0,0.7467706272547422,1600500.0,0.7450250203654137,0.0,740750.0,0.3448155475386943,18000.0,726000.0,0.3379494937740021,0.2225,0.2225,3272911.0,3272911.0,,,1620597007,17:50:07,20210509
20,2013-09-30,QRF.BR,EUR,2013-09-30,2013-09-30,Q3,71250.0,9250.0,62000.0,0.8701754385964913,0.0,30750.0,0.0,0.0,0.0,40000.0,10500.0,0.0,-146500.0,-0.4863481228668942,31250.0,0.43859649122807015,0.0,-428750.0,-6.017543859649122,0.0,-428750.0,-6.017543859649122,-0.1309995,-0.1309995,3272911.0,3272911.0,,,1620597007,17:50:07,20210509
21,2013-06-30,QRF.BR,EUR,2013-06-30,2013-06-30,Q2,71250.0,9250.0,62000.0,0.8701754385964913,0.0,30750.0,0.0,0.0,0.0,40000.0,10500.0,0.0,-146500.0,-0.4863481228668942,31250.0,0.43859649122807015,0.0,-428750.0,-6.017543859649122,0.0,-428750.0,-6.017543859649122,-0.1309995,-0.1309995,3272911.0,3272911.0,,,1620597007,17:50:07,20210509
22,2013-03-31,QRF.BR,EUR,2013-03-31,2013-03-31,Q1,71250.0,9250.0,62000.0,0.8701754385964913,0.0,30750.0,0.0,0.0,0.0,40000.0,10500.0,0.0,-146500.0,-0.4863481228668942,31250.0,0.43859649122807015,0.0,-428750.0,-6.017543859649122,0.0,-428750.0,-6.017543859649122,-0.1309995,-0.1309995,3272911.0,3272911.0,,,1620597007,17:50:07,20210509
23,2013-01-31,QRF.BR,EUR,2013-01-31,2013-01-31,Q1,71250.0,9250.0,62000.0,0.8701754385964913,0.0,30750.0,0.0,0.0,0.0,40000.0,10500.0,0.0,-146500.0,-0.4863481228668942,31250.0,0.43859649122807015,0.0,-428750.0,-6.017543859649122,0.0,-428750.0,-6.017543859649122,-0.1309995,-0.1309995,3272911.0,3272911.0,,,1620597007,17:50:07,20210509
