,date,symbol,reportedCurrency,fillingDate,acceptedDate,period,revenue,costOfRevenue,grossProfit,grossProfitRatio,researchAndDevelopmentExpenses,generalAndAdministrativeExpenses,sellingAndMarketingExpenses,otherExpenses,operatingExpenses,costAndExpenses,interestExpense,depreciationAndAmortization,ebitda,ebitdaratio,operatingIncome,operatingIncomeRatio,totalOtherIncomeExpensesNet,incomeBeforeTax,incomeBeforeTaxRatio,incomeTaxExpense,netIncome,netIncomeRatio,eps,epsdiluted,weightedAverageShsOut,weightedAverageShsOutDil,link,finalLink,timestamp,est_time,est_date
0,2020-09-30,LEHN.SW,CHF,2020-09-30,2020-09-30,Q3,76985500.0,41298750.0,35686750.0,0.4635515778945386,7009500.0,7067500.0,7058000.0,0.0,0.0,62403750.0,97000.0,3615000.0,18196750.0,0.23636593904046865,14581750.0,0.18940904456033927,0.0,13908500.0,0.1806638912522488,-1264750.0,15173250.0,0.1970923095907671,13.3175,13.3175,1139310.0,1139310.0,https://www.six-group.com/en/products-services/the-swiss-stock-exchange.html,https://www.six-group.com/en/products-services/the-swiss-stock-exchange.html,1620594379,17:06:19,20210509
1,2020-06-30,LEHN.SW,CHF,2020-06-30,2020-06-30,Q2,76985500.0,41298750.0,35686750.0,0.4635515778945386,7009500.0,7067500.0,7058000.0,0.0,0.0,62403750.0,97000.0,3615000.0,18196750.0,0.23636593904046865,14581750.0,0.18940904456033927,0.0,13908500.0,0.1806638912522488,-1264750.0,15173250.0,0.1970923095907671,13.3175,13.3175,1139310.0,1139310.0,https://www.six-group.com/en/products-services/the-swiss-stock-exchange.html,https://www.six-group.com/en/products-services/the-swiss-stock-exchange.html,1620594379,17:06:19,20210509
2,2020-03-31,LEHN.SW,CHF,2020-03-31,2020-03-31,Q1,76985500.0,41298750.0,35686750.0,0.4635515778945386,7009500.0,7067500.0,7058000.0,0.0,0.0,62403750.0,97000.0,3615000.0,18196750.0,0.23636593904046865,14581750.0,0.18940904456033927,0.0,13908500.0,0.1806638912522488,-1264750.0,15173250.0,0.1970923095907671,13.3175,13.3175,1139310.0,1139310.0,https://www.six-group.com/en/products-services/the-swiss-stock-exchange.html,https://www.six-group.com/en/products-services/the-swiss-stock-exchange.html,1620594379,17:06:19,20210509
3,2020-01-31,LEHN.SW,CHF,2020-01-31,2020-01-31,Q1,76985500.0,41298750.0,35686750.0,0.4635515778945386,7009500.0,7067500.0,7058000.0,0.0,0.0,62403750.0,97000.0,3615000.0,18196750.0,0.23636593904046865,14581750.0,0.18940904456033927,0.0,13908500.0,0.1806638912522488,-1264750.0,15173250.0,0.1970923095907671,13.3175,13.3175,1139310.0,1139310.0,https://www.six-group.com/en/products-services/the-swiss-stock-exchange.html,https://www.six-group.com/en/products-services/the-swiss-stock-exchange.html,1620594379,17:06:19,20210509
4,2019-06-30,LEHN.SW,CHF,2019-06-30,2019-06-30,Q2,80397750.0,43774500.0,36623250.0,0.4555258076252134,6894000.0,6160000.0,7433250.0,0.0,0.0,64198750.0,31750.0,2264000.0,18463000.0,0.22964573013548265,16199000.0,0.20148573809590442,0.0,15563000.0,0.1935750689540441,2469000.0,13094000.0,0.16286525431370902,11.4925,11.4925,1140000.0,1140000.0,https://www.six-group.com/en/products-services/the-swiss-stock-exchange.html,https://www.six-group.com/en/products-services/the-swiss-stock-exchange.html,1620594379,17:06:19,20210509
5,2019-03-31,LEHN.SW,CHF,2019-03-31,2019-03-31,Q1,80397750.0,43774500.0,36623250.0,0.4555258076252134,6894000.0,6160000.0,7433250.0,0.0,0.0,64198750.0,31750.0,2264000.0,18463000.0,0.22964573013548265,16199000.0,0.20148573809590442,0.0,15563000.0,0.1935750689540441,2469000.0,13094000.0,0.16286525431370902,11.4925,11.4925,1140000.0,1140000.0,https://www.six-group.com/en/products-services/the-swiss-stock-exchange.html,https://www.six-group.com/en/products-services/the-swiss-stock-exchange.html,1620594379,17:06:19,20210509
6,2019-01-31,LEHN.SW,CHF,2019-01-31,2019-01-31,Q1,80397750.0,43774500.0,36623250.0,0.4555258076252134,6894000.0,6160000.0,7433250.0,0.0,0.0,64198750.0,31750.0,2264000.0,18463000.0,0.22964573013548265,16199000.0,0.20148573809590442,0.0,15563000.0,0.1935750689540441,2469000.0,13094000.0,0.16286525431370902,11.4925,11.4925,1140000.0,1140000.0,https://www.six-group.com/en/products-services/the-swiss-stock-exchange.html,https://www.six-group.com/en/products-services/the-swiss-stock-exchange.html,1620594379,17:06:19,20210509
7,2018-06-30,LEHN.SW,CHF,2018-06-30,2018-06-30,Q2,75310750.0,40706500.0,34604000.0,0.4594828759506445,5419750.0,6223000.0,7635000.0,0.0,0.0,59881250.0,53250.0,2054750.0,17484000.0,0.23215809164030368,15429250.0,0.20487447011216858,0.0,15723250.0,0.20877829526329242,2396750.0,13326500.0,0.17695348937568675,11.695,11.695,1139582.0,1139582.0,https://www.six-group.com/en/products-services/the-swiss-stock-exchange.html,https://www.six-group.com/en/products-services/the-swiss-stock-exchange.html,1620594379,17:06:19,20210509
8,2018-03-31,LEHN.SW,CHF,2018-03-31,2018-03-31,Q1,75310750.0,40706500.0,34604000.0,0.4594828759506445,5419750.0,6223000.0,7635000.0,0.0,0.0,59881250.0,53250.0,2054750.0,17484000.0,0.23215809164030368,15429250.0,0.20487447011216858,0.0,15723250.0,0.20877829526329242,2396750.0,13326500.0,0.17695348937568675,11.695,11.695,1139582.0,1139582.0,https://www.six-group.com/en/products-services/the-swiss-stock-exchange.html,https://www.six-group.com/en/products-services/the-swiss-stock-exchange.html,1620594379,17:06:19,20210509
9,2018-01-31,LEHN.SW,CHF,2018-01-31,2018-01-31,Q1,75310750.0,40706500.0,34604000.0,0.4594828759506445,5419750.0,6223000.0,7635000.0,0.0,0.0,59881250.0,53250.0,2054750.0,17484000.0,0.23215809164030368,15429250.0,0.20487447011216858,0.0,15723250.0,0.20877829526329242,2396750.0,13326500.0,0.17695348937568675,11.695,11.695,1139582.0,1139582.0,https://www.six-group.com/en/products-services/the-swiss-stock-exchange.html,https://www.six-group.com/en/products-services/the-swiss-stock-exchange.html,1620594379,17:06:19,20210509
10,2017-06-30,LEHN.SW,CHF,2017-06-30,2017-06-30,Q2,66129750.0,35239750.0,30890000.0,0.46711200329654956,4009750.0,6311500.0,6675000.0,0.0,0.0,52190500.0,36750.0,1714000.0,15653250.0,0.23670511381035012,13939250.0,0.21078637073329326,0.0,13742000.0,0.20780359822923875,2600750.0,11141500.0,0.1684793908944159,9.7775,9.7775,1139398.0,1139398.0,https://www.six-group.com/en/products-services/the-swiss-stock-exchange.html,https://www.six-group.com/en/products-services/the-swiss-stock-exchange.html,1620594379,17:06:19,20210509
11,2017-03-31,LEHN.SW,CHF,2017-03-31,2017-03-31,Q1,66129750.0,35239750.0,30890000.0,0.46711200329654956,4009750.0,6311500.0,6675000.0,0.0,0.0,52190500.0,36750.0,1714000.0,15653250.0,0.23670511381035012,13939250.0,0.21078637073329326,0.0,13742000.0,0.20780359822923875,2600750.0,11141500.0,0.1684793908944159,9.7775,9.7775,1139398.0,1139398.0,https://www.six-group.com/en/products-services/the-swiss-stock-exchange.html,https://www.six-group.com/en/products-services/the-swiss-stock-exchange.html,1620594379,17:06:19,20210509
12,2017-01-31,LEHN.SW,CHF,2017-01-31,2017-01-31,Q1,66129750.0,35239750.0,30890000.0,0.46711200329654956,4009750.0,6311500.0,6675000.0,0.0,0.0,52190500.0,36750.0,1714000.0,15653250.0,0.23670511381035012,13939250.0,0.21078637073329326,0.0,13742000.0,0.20780359822923875,2600750.0,11141500.0,0.1684793908944159,9.7775,9.7775,1139398.0,1139398.0,https://www.six-group.com/en/products-services/the-swiss-stock-exchange.html,https://www.six-group.com/en/products-services/the-swiss-stock-exchange.html,1620594379,17:06:19,20210509
13,2016-06-30,LEHN.SW,CHF,2016-06-30,2016-06-30,Q2,65363500.0,35265250.0,30098250.0,0.46047488277096543,3650500.0,6830750.0,6463750.0,0.0,1500.0,52136750.0,76000.0,1762500.0,14989250.0,0.22932141026719804,13226750.0,0.20235681993773283,0.0,13412500.0,0.20519862002493747,2540750.0,10871750.0,0.1663275375400644,9.545,9.545,1138935.0,1138935.0,https://www.six-group.com/en/products-services/the-swiss-stock-exchange.html,https://www.six-group.com/en/products-services/the-swiss-stock-exchange.html,1620594379,17:06:19,20210509
14,2016-03-31,LEHN.SW,CHF,2016-03-31,2016-03-31,Q1,65363500.0,35265250.0,30098250.0,0.46047488277096543,3650500.0,6830750.0,6463750.0,0.0,1500.0,52136750.0,76000.0,1762500.0,14989250.0,0.22932141026719804,13226750.0,0.20235681993773283,0.0,13412500.0,0.20519862002493747,2540750.0,10871750.0,0.1663275375400644,9.545,9.545,1138935.0,1138935.0,https://www.six-group.com/en/products-services/the-swiss-stock-exchange.html,https://www.six-group.com/en/products-services/the-swiss-stock-exchange.html,1620594379,17:06:19,20210509
15,2016-01-31,LEHN.SW,CHF,2016-01-31,2016-01-31,Q1,65363500.0,35265250.0,30098250.0,0.46047488277096543,3650500.0,6830750.0,6463750.0,0.0,1500.0,52136750.0,76000.0,1762500.0,14989250.0,0.22932141026719804,13226750.0,0.20235681993773283,0.0,13412500.0,0.20519862002493747,2540750.0,10871750.0,0.1663275375400644,9.545,9.545,1138935.0,1138935.0,https://www.six-group.com/en/products-services/the-swiss-stock-exchange.html,https://www.six-group.com/en/products-services/the-swiss-stock-exchange.html,1620594379,17:06:19,20210509
16,2015-09-30,LEHN.SW,CHF,2015-09-30,2015-09-30,Q3,64439250.0,34841500.0,29598000.0,0.4593163328251027,3834250.0,6018750.0,6289000.0,0.0,250.0,50887250.0,36500.0,1822750.0,15375000.0,0.2385968179331696,13552250.0,0.2103104862331576,0.0,12883750.0,0.19993637418188448,2101000.0,10782750.0,0.16733202202074046,9.465,9.465,1139077.0,1139077.0,https://www.six-group.com/en/products-services/the-swiss-stock-exchange.html,https://www.six-group.com/en/products-services/the-swiss-stock-exchange.html,1620594379,17:06:19,20210509
17,2015-06-30,LEHN.SW,CHF,2015-06-30,2015-06-30,Q2,64439250.0,34841500.0,29598000.0,0.4593163328251027,3834250.0,6018750.0,6289000.0,0.0,250.0,50887250.0,36500.0,1822750.0,15375000.0,0.2385968179331696,13552250.0,0.2103104862331576,0.0,12883750.0,0.19993637418188448,2101000.0,10782750.0,0.16733202202074046,9.465,9.465,1139077.0,1139077.0,https://www.six-group.com/en/products-services/the-swiss-stock-exchange.html,https://www.six-group.com/en/products-services/the-swiss-stock-exchange.html,1620594379,17:06:19,20210509
18,2015-03-31,LEHN.SW,CHF,2015-03-31,2015-03-31,Q1,64439250.0,34841500.0,29598000.0,0.4593163328251027,3834250.0,6018750.0,6289000.0,0.0,250.0,50887250.0,36500.0,1822750.0,15375000.0,0.2385968179331696,13552250.0,0.2103104862331576,0.0,12883750.0,0.19993637418188448,2101000.0,10782750.0,0.16733202202074046,9.465,9.465,1139077.0,1139077.0,https://www.six-group.com/en/products-services/the-swiss-stock-exchange.html,https://www.six-group.com/en/products-services/the-swiss-stock-exchange.html,1620594379,17:06:19,20210509
19,2015-01-31,LEHN.SW,CHF,2015-01-31,2015-01-31,Q1,64439250.0,34841500.0,29598000.0,0.4593163328251027,3834250.0,6018750.0,6289000.0,0.0,250.0,50887250.0,36500.0,1822750.0,15375000.0,0.2385968179331696,13552250.0,0.2103104862331576,0.0,12883750.0,0.19993637418188448,2101000.0,10782750.0,0.16733202202074046,9.465,9.465,1139077.0,1139077.0,https://www.six-group.com/en/products-services/the-swiss-stock-exchange.html,https://www.six-group.com/en/products-services/the-swiss-stock-exchange.html,1620594379,17:06:19,20210509
20,2014-09-30,LEHN.SW,CHF,2014-09-30,2014-09-30,Q3,61409500.0,32566750.0,28842750.0,0.4696789584673381,3610250.0,5220250.0,6131500.0,0.0,16000.0,47477250.0,11000.0,1880750.0,15813000.0,0.25750087527174137,13932250.0,0.2268745063874482,0.0,13587500.0,0.22126055414878806,2177250.0,11410250.0,0.1858059420773659,10.0225,10.0225,1138562.0,1138562.0,https://www.six-group.com/en/products-services/the-swiss-stock-exchange.html,https://www.six-group.com/en/products-services/the-swiss-stock-exchange.html,1620594379,17:06:19,20210509
21,2014-06-30,LEHN.SW,CHF,2014-06-30,2014-06-30,Q2,61409500.0,32566750.0,28842750.0,0.4696789584673381,3610250.0,5220250.0,6131500.0,0.0,16000.0,47477250.0,11000.0,1880750.0,15813000.0,0.25750087527174137,13932250.0,0.2268745063874482,0.0,13587500.0,0.22126055414878806,2177250.0,11410250.0,0.1858059420773659,10.0225,10.0225,1138562.0,1138562.0,https://www.six-group.com/en/products-services/the-swiss-stock-exchange.html,https://www.six-group.com/en/products-services/the-swiss-stock-exchange.html,1620594379,17:06:19,20210509
22,2014-03-31,LEHN.SW,CHF,2014-03-31,2014-03-31,Q1,61409500.0,32566750.0,28842750.0,0.4696789584673381,3610250.0,5220250.0,6131500.0,0.0,16000.0,47477250.0,11000.0,1880750.0,15813000.0,0.25750087527174137,13932250.0,0.2268745063874482,0.0,13587500.0,0.22126055414878806,2177250.0,11410250.0,0.1858059420773659,10.0225,10.0225,1138562.0,1138562.0,https://www.six-group.com/en/products-services/the-swiss-stock-exchange.html,https://www.six-group.com/en/products-services/the-swiss-stock-exchange.html,1620594379,17:06:19,20210509
23,2014-01-31,LEHN.SW,CHF,2014-01-31,2014-01-31,Q1,61409500.0,32566750.0,28842750.0,0.4696789584673381,3610250.0,5220250.0,6131500.0,0.0,16000.0,47477250.0,11000.0,1880750.0,15813000.0,0.25750087527174137,13932250.0,0.2268745063874482,0.0,13587500.0,0.22126055414878806,2177250.0,11410250.0,0.1858059420773659,10.0225,10.0225,1138562.0,1138562.0,https://www.six-group.com/en/products-services/the-swiss-stock-exchange.html,https://www.six-group.com/en/products-services/the-swiss-stock-exchange.html,1620594379,17:06:19,20210509
24,2013-09-30,LEHN.SW,CHF,2013-09-30,2013-09-30,Q3,58738250.0,34077250.0,24661000.0,0.41984567126191197,3669000.0,5180000.0,5588750.0,0.0,38250.0,48479250.0,13250.0,1916000.0,12175000.0,0.20727549765272205,10259000.0,0.17465620783731214,0.0,9886750.0,0.16831877013700614,1732750.0,8154000.0,0.1388192532123446,7.1675,7.1675,1137480.0,1137480.0,https://www.six-group.com/en/products-services/the-swiss-stock-exchange.html,https://www.six-group.com/en/products-services/the-swiss-stock-exchange.html,1620594379,17:06:19,20210509
25,2013-06-30,LEHN.SW,CHF,2013-06-30,2013-06-30,Q2,58738250.0,34077250.0,24661000.0,0.41984567126191197,3669000.0,5180000.0,5588750.0,0.0,38250.0,48479250.0,13250.0,1916000.0,12175000.0,0.20727549765272205,10259000.0,0.17465620783731214,0.0,9886750.0,0.16831877013700614,1732750.0,8154000.0,0.1388192532123446,7.1675,7.1675,1137480.0,1137480.0,https://www.six-group.com/en/products-services/the-swiss-stock-exchange.html,https://www.six-group.com/en/products-services/the-swiss-stock-exchange.html,1620594379,17:06:19,20210509
26,2013-03-31,LEHN.SW,CHF,2013-03-31,2013-03-31,Q1,58738250.0,34077250.0,24661000.0,0.41984567126191197,3669000.0,5180000.0,5588750.0,0.0,38250.0,48479250.0,13250.0,1916000.0,12175000.0,0.20727549765272205,10259000.0,0.17465620783731214,0.0,9886750.0,0.16831877013700614,1732750.0,8154000.0,0.1388192532123446,7.1675,7.1675,1137480.0,1137480.0,https://www.six-group.com/en/products-services/the-swiss-stock-exchange.html,https://www.six-group.com/en/products-services/the-swiss-stock-exchange.html,1620594379,17:06:19,20210509
27,2013-01-31,LEHN.SW,CHF,2013-01-31,2013-01-31,Q1,58738250.0,34077250.0,24661000.0,0.41984567126191197,3669000.0,5180000.0,5588750.0,0.0,38250.0,48479250.0,13250.0,1916000.0,12175000.0,0.20727549765272205,10259000.0,0.17465620783731214,0.0,9886750.0,0.16831877013700614,1732750.0,8154000.0,0.1388192532123446,7.1675,7.1675,1137480.0,1137480.0,https://www.six-group.com/en/products-services/the-swiss-stock-exchange.html,https://www.six-group.com/en/products-services/the-swiss-stock-exchange.html,1620594379,17:06:19,20210509
28,2012-09-30,LEHN.SW,CHF,2012-09-30,2012-09-30,Q3,59083500.0,34962000.0,24121500.0,0.4082611896722435,3238250.0,6857000.0,5457750.0,0.0,21000.0,50462000.0,62000.0,2006500.0,10628000.0,0.17988101585044894,8621500.0,0.14592060389110326,0.0,8131000.0,0.13761879374106137,1009250.0,7121750.0,0.12053703656689262,6.2775,6.2775,1134495.0,1134495.0,https://www.six-group.com/en/products-services/the-swiss-stock-exchange.html,https://www.six-group.com/en/products-services/the-swiss-stock-exchange.html,1620594379,17:06:19,20210509
29,2012-06-30,LEHN.SW,CHF,2012-06-30,2012-06-30,Q2,59083500.0,34962000.0,24121500.0,0.4082611896722435,3238250.0,6857000.0,5457750.0,0.0,21000.0,50462000.0,62000.0,2006500.0,10628000.0,0.17988101585044894,8621500.0,0.14592060389110326,0.0,8131000.0,0.13761879374106137,1009250.0,7121750.0,0.12053703656689262,6.2775,6.2775,1134495.0,1134495.0,https://www.six-group.com/en/products-services/the-swiss-stock-exchange.html,https://www.six-group.com/en/products-services/the-swiss-stock-exchange.html,1620594379,17:06:19,20210509
30,2012-03-31,LEHN.SW,CHF,2012-03-31,2012-03-31,Q1,59083500.0,34962000.0,24121500.0,0.4082611896722435,3238250.0,6857000.0,5457750.0,0.0,21000.0,50462000.0,62000.0,2006500.0,10628000.0,0.17988101585044894,8621500.0,0.14592060389110326,0.0,8131000.0,0.13761879374106137,1009250.0,7121750.0,0.12053703656689262,6.2775,6.2775,1134495.0,1134495.0,https://www.six-group.com/en/products-services/the-swiss-stock-exchange.html,https://www.six-group.com/en/products-services/the-swiss-stock-exchange.html,1620594379,17:06:19,20210509
31,2012-01-31,LEHN.SW,CHF,2012-01-31,2012-01-31,Q1,59083500.0,34962000.0,24121500.0,0.4082611896722435,3238250.0,6857000.0,5457750.0,0.0,21000.0,50462000.0,62000.0,2006500.0,10628000.0,0.17988101585044894,8621500.0,0.14592060389110326,0.0,8131000.0,0.13761879374106137,1009250.0,7121750.0,0.12053703656689262,6.2775,6.2775,1134495.0,1134495.0,https://www.six-group.com/en/products-services/the-swiss-stock-exchange.html,https://www.six-group.com/en/products-services/the-swiss-stock-exchange.html,1620594379,17:06:19,20210509
32,2011-09-30,LEHN.SW,CHF,2011-09-30,2011-09-30,Q3,74050750.0,42476000.0,31574750.0,0.42639338561729623,3601250.0,8333500.0,5991500.0,178000.0,79750.0,60482000.0,118750.0,1850750.0,15419500.0,0.20822881604845325,13568750.0,0.18323582137925679,0.0,12591250.0,0.17003541490126703,2680500.0,9910750.0,0.1338372670094496,8.6725,8.6275,1141345.0,1147262.0,https://www.six-group.com/en/products-services/the-swiss-stock-exchange.html,https://www.six-group.com/en/products-services/the-swiss-stock-exchange.html,1620594379,17:06:19,20210509
33,2011-06-30,LEHN.SW,CHF,2011-06-30,2011-06-30,Q2,74050750.0,42476000.0,31574750.0,0.42639338561729623,3601250.0,8333500.0,5991500.0,178000.0,79750.0,60482000.0,118750.0,1850750.0,15419500.0,0.20822881604845325,13568750.0,0.18323582137925679,0.0,12591250.0,0.17003541490126703,2680500.0,9910750.0,0.1338372670094496,8.6725,8.6275,1141345.0,1147262.0,https://www.six-group.com/en/products-services/the-swiss-stock-exchange.html,https://www.six-group.com/en/products-services/the-swiss-stock-exchange.html,1620594379,17:06:19,20210509
34,2011-03-31,LEHN.SW,CHF,2011-03-31,2011-03-31,Q1,74050750.0,42476000.0,31574750.0,0.42639338561729623,3601250.0,8333500.0,5991500.0,178000.0,79750.0,60482000.0,118750.0,1850750.0,15419500.0,0.20822881604845325,13568750.0,0.18323582137925679,0.0,12591250.0,0.17003541490126703,2680500.0,9910750.0,0.1338372670094496,8.6725,8.6275,1141345.0,1147262.0,https://www.six-group.com/en/products-services/the-swiss-stock-exchange.html,https://www.six-group.com/en/products-services/the-swiss-stock-exchange.html,1620594379,17:06:19,20210509
35,2011-01-31,LEHN.SW,CHF,2011-01-31,2011-01-31,Q1,74050750.0,42476000.0,31574750.0,0.42639338561729623,3601250.0,8333500.0,5991500.0,178000.0,79750.0,60482000.0,118750.0,1850750.0,15419500.0,0.20822881604845325,13568750.0,0.18323582137925679,0.0,12591250.0,0.17003541490126703,2680500.0,9910750.0,0.1338372670094496,8.6725,8.6275,1141345.0,1147262.0,https://www.six-group.com/en/products-services/the-swiss-stock-exchange.html,https://www.six-group.com/en/products-services/the-swiss-stock-exchange.html,1620594379,17:06:19,20210509
36,2010-09-30,LEHN.SW,CHF,2010-09-30,2010-09-30,Q3,46378000.0,26269000.0,20109000.0,0.43358920177670446,3047000.0,7519250.0,5225500.0,126000.0,63000.0,42123750.0,104750.0,1635250.0,5889500.0,0.1269890896545776,4254250.0,0.09172991504592695,0.0,4041750.0,0.08714800120746906,1408750.0,2633000.0,0.05677260770192764,2.3,2.2925,1137996.0,1142026.0,https://www.six-group.com/en/products-services/the-swiss-stock-exchange.html,https://www.six-group.com/en/products-services/the-swiss-stock-exchange.html,1620594379,17:06:19,20210509
37,2010-06-30,LEHN.SW,CHF,2010-06-30,2010-06-30,Q2,46378000.0,26269000.0,20109000.0,0.43358920177670446,3047000.0,7519250.0,5225500.0,126000.0,63000.0,42123750.0,104750.0,1635250.0,5889500.0,0.1269890896545776,4254250.0,0.09172991504592695,0.0,4041750.0,0.08714800120746906,1408750.0,2633000.0,0.05677260770192764,2.3,2.2925,1137996.0,1142026.0,https://www.six-group.com/en/products-services/the-swiss-stock-exchange.html,https://www.six-group.com/en/products-services/the-swiss-stock-exchange.html,1620594379,17:06:19,20210509
38,2010-03-31,LEHN.SW,CHF,2010-03-31,2010-03-31,Q1,46378000.0,26269000.0,20109000.0,0.43358920177670446,3047000.0,7519250.0,5225500.0,126000.0,63000.0,42123750.0,104750.0,1635250.0,5889500.0,0.1269890896545776,4254250.0,0.09172991504592695,0.0,4041750.0,0.08714800120746906,1408750.0,2633000.0,0.05677260770192764,2.3,2.2925,1137996.0,1142026.0,https://www.six-group.com/en/products-services/the-swiss-stock-exchange.html,https://www.six-group.com/en/products-services/the-swiss-stock-exchange.html,1620594379,17:06:19,20210509
39,2010-01-31,LEHN.SW,CHF,2010-01-31,2010-01-31,Q1,46378000.0,26269000.0,20109000.0,0.43358920177670446,3047000.0,7519250.0,5225500.0,126000.0,63000.0,42123750.0,104750.0,1635250.0,5889500.0,0.1269890896545776,4254250.0,0.09172991504592695,0.0,4041750.0,0.08714800120746906,1408750.0,2633000.0,0.05677260770192764,2.3,2.2925,1137996.0,1142026.0,https://www.six-group.com/en/products-services/the-swiss-stock-exchange.html,https://www.six-group.com/en/products-services/the-swiss-stock-exchange.html,1620594379,17:06:19,20210509
40,2009-09-30,LEHN.SW,CHF,2009-09-30,2009-09-30,Q3,49203250.0,27697000.0,21506250.0,0.437090029622027,2683750.0,4687000.0,5705500.0,30250.0,0.0,40773250.0,129000.0,1247750.0,9677750.0,0.19668924308861713,8430000.0,0.17133014587451031,0.0,8212750.0,0.1669147871329638,2231500.0,5981250.0,0.12156209193498398,5.225,5.2,1140827.0,1140827.0,https://www.six-group.com/en/products-services/the-swiss-stock-exchange.html,https://www.six-group.com/en/products-services/the-swiss-stock-exchange.html,1620594379,17:06:19,20210509
41,2009-06-30,LEHN.SW,CHF,2009-06-30,2009-06-30,Q2,49203250.0,27697000.0,21506250.0,0.437090029622027,2683750.0,4687000.0,5705500.0,30250.0,0.0,40773250.0,129000.0,1247750.0,9677750.0,0.19668924308861713,8430000.0,0.17133014587451031,0.0,8212750.0,0.1669147871329638,2231500.0,5981250.0,0.12156209193498398,5.225,5.2,1140827.0,1140827.0,https://www.six-group.com/en/products-services/the-swiss-stock-exchange.html,https://www.six-group.com/en/products-services/the-swiss-stock-exchange.html,1620594379,17:06:19,20210509
42,2009-03-31,LEHN.SW,CHF,2009-03-31,2009-03-31,Q1,49203250.0,27697000.0,21506250.0,0.437090029622027,2683750.0,4687000.0,5705500.0,30250.0,0.0,40773250.0,129000.0,1247750.0,9677750.0,0.19668924308861713,8430000.0,0.17133014587451031,0.0,8212750.0,0.1669147871329638,2231500.0,5981250.0,0.12156209193498398,5.225,5.2,1140827.0,1140827.0,https://www.six-group.com/en/products-services/the-swiss-stock-exchange.html,https://www.six-group.com/en/products-services/the-swiss-stock-exchange.html,1620594379,17:06:19,20210509
43,2009-01-31,LEHN.SW,CHF,2009-01-31,2009-01-31,Q1,49203250.0,27697000.0,21506250.0,0.437090029622027,2683750.0,4687000.0,5705500.0,30250.0,0.0,40773250.0,129000.0,1247750.0,9677750.0,0.19668924308861713,8430000.0,0.17133014587451031,0.0,8212750.0,0.1669147871329638,2231500.0,5981250.0,0.12156209193498398,5.225,5.2,1140827.0,1140827.0,https://www.six-group.com/en/products-services/the-swiss-stock-exchange.html,https://www.six-group.com/en/products-services/the-swiss-stock-exchange.html,1620594379,17:06:19,20210509
44,2008-09-30,LEHN.SW,CHF,2008-09-30,2008-09-30,Q3,50758250.0,27861250.0,22897000.0,0.4510990824151739,2808000.0,6583000.0,6069000.0,0.0,7750.0,43329000.0,241250.0,1122500.0,8551750.0,0.16848000078804923,7429250.0,0.1463653691764393,0.0,7221250.0,0.14226751316288486,1798250.0,5423000.0,0.10683977481493157,4.6,4.6,1175000.0,1175000.0,https://www.six-group.com/en/products-services/the-swiss-stock-exchange.html,https://www.six-group.com/en/products-services/the-swiss-stock-exchange.html,1620594379,17:06:19,20210509
45,2008-06-30,LEHN.SW,CHF,2008-06-30,2008-06-30,Q2,50758250.0,27861250.0,22897000.0,0.4510990824151739,2808000.0,6583000.0,6069000.0,0.0,7750.0,43329000.0,241250.0,1122500.0,8551750.0,0.16848000078804923,7429250.0,0.1463653691764393,0.0,7221250.0,0.14226751316288486,1798250.0,5423000.0,0.10683977481493157,4.6,4.6,1175000.0,1175000.0,https://www.six-group.com/en/products-services/the-swiss-stock-exchange.html,https://www.six-group.com/en/products-services/the-swiss-stock-exchange.html,1620594379,17:06:19,20210509
46,2008-03-31,LEHN.SW,CHF,2008-03-31,2008-03-31,Q1,50758250.0,27861250.0,22897000.0,0.4510990824151739,2808000.0,6583000.0,6069000.0,0.0,7750.0,43329000.0,241250.0,1122500.0,8551750.0,0.16848000078804923,7429250.0,0.1463653691764393,0.0,7221250.0,0.14226751316288486,1798250.0,5423000.0,0.10683977481493157,4.6,4.6,1175000.0,1175000.0,https://www.six-group.com/en/products-services/the-swiss-stock-exchange.html,https://www.six-group.com/en/products-services/the-swiss-stock-exchange.html,1620594379,17:06:19,20210509
47,2008-01-31,LEHN.SW,CHF,2008-01-31,2008-01-31,Q1,50758250.0,27861250.0,22897000.0,0.4510990824151739,2808000.0,6583000.0,6069000.0,0.0,7750.0,43329000.0,241250.0,1122500.0,8551750.0,0.16848000078804923,7429250.0,0.1463653691764393,0.0,7221250.0,0.14226751316288486,1798250.0,5423000.0,0.10683977481493157,4.6,4.6,1175000.0,1175000.0,https://www.six-group.com/en/products-services/the-swiss-stock-exchange.html,https://www.six-group.com/en/products-services/the-swiss-stock-exchange.html,1620594379,17:06:19,20210509
48,2007-09-30,LEHN.SW,CHF,2007-09-30,2007-09-30,Q3,46138750.0,26767000.0,19371750.0,0.419858578743464,2508000.0,-102500.0,5304250.0,0.0,5272750.0,39749500.0,239000.0,1035250.0,7424500.0,0.16091679986995747,6389250.0,0.13847904418736962,0.0,6211250.0,0.13462111565657933,2306250.0,3885250.0,0.08420795968681423,3.33,3.225,1166867.0,1205116.0,https://www.six-group.com/en/products-services/the-swiss-stock-exchange.html,https://www.six-group.com/en/products-services/the-swiss-stock-exchange.html,1620594379,17:06:19,20210509
49,2007-06-30,LEHN.SW,CHF,2007-06-30,2007-06-30,Q2,46138750.0,26767000.0,19371750.0,0.419858578743464,2508000.0,-102500.0,5304250.0,0.0,5272750.0,39749500.0,239000.0,1035250.0,7424500.0,0.16091679986995747,6389250.0,0.13847904418736962,0.0,6211250.0,0.13462111565657933,2306250.0,3885250.0,0.08420795968681423,3.33,3.225,1166867.0,1205116.0,https://www.six-group.com/en/products-services/the-swiss-stock-exchange.html,https://www.six-group.com/en/products-services/the-swiss-stock-exchange.html,1620594379,17:06:19,20210509
50,2007-03-31,LEHN.SW,CHF,2007-03-31,2007-03-31,Q1,46138750.0,26767000.0,19371750.0,0.419858578743464,2508000.0,-102500.0,5304250.0,0.0,5272750.0,39749500.0,239000.0,1035250.0,7424500.0,0.16091679986995747,6389250.0,0.13847904418736962,0.0,6211250.0,0.13462111565657933,2306250.0,3885250.0,0.08420795968681423,3.33,3.225,1166867.0,1205116.0,https://www.six-group.com/en/products-services/the-swiss-stock-exchange.html,https://www.six-group.com/en/products-services/the-swiss-stock-exchange.html,1620594379,17:06:19,20210509
51,2007-01-31,LEHN.SW,CHF,2007-01-31,2007-01-31,Q1,46138750.0,26767000.0,19371750.0,0.419858578743464,2508000.0,-102500.0,5304250.0,0.0,5272750.0,39749500.0,239000.0,1035250.0,7424500.0,0.16091679986995747,6389250.0,0.13847904418736962,0.0,6211250.0,0.13462111565657933,2306250.0,3885250.0,0.08420795968681423,3.33,3.225,1166867.0,1205116.0,https://www.six-group.com/en/products-services/the-swiss-stock-exchange.html,https://www.six-group.com/en/products-services/the-swiss-stock-exchange.html,1620594379,17:06:19,20210509
52,2006-09-30,LEHN.SW,CHF,2006-09-30,2006-09-30,Q3,37916250.0,21717750.0,16198500.0,0.4272178815151815,2934000.0,-512250.0,5006000.0,0.0,4887500.0,34033000.0,360000.0,1173250.0,5056500.0,0.13335970724953022,3883250.0,0.10241651007153925,0.0,2692750.0,0.07101836283915208,416750.0,6237250.0,0.16450070879899778,5.2775,5.18,1182040.0,1204269.0,https://www.six-group.com/en/products-services/the-swiss-stock-exchange.html,https://www.six-group.com/en/products-services/the-swiss-stock-exchange.html,1620594379,17:06:19,20210509
53,2006-06-30,LEHN.SW,CHF,2006-06-30,2006-06-30,Q2,37916250.0,21717750.0,16198500.0,0.4272178815151815,2934000.0,-512250.0,5006000.0,0.0,4887500.0,34033000.0,360000.0,1173250.0,5056500.0,0.13335970724953022,3883250.0,0.10241651007153925,0.0,2692750.0,0.07101836283915208,416750.0,6237250.0,0.16450070879899778,5.2775,5.18,1182040.0,1204269.0,https://www.six-group.com/en/products-services/the-swiss-stock-exchange.html,https://www.six-group.com/en/products-services/the-swiss-stock-exchange.html,1620594379,17:06:19,20210509
54,2006-03-31,LEHN.SW,CHF,2006-03-31,2006-03-31,Q1,37916250.0,21717750.0,16198500.0,0.4272178815151815,2934000.0,-512250.0,5006000.0,0.0,4887500.0,34033000.0,360000.0,1173250.0,5056500.0,0.13335970724953022,3883250.0,0.10241651007153925,0.0,2692750.0,0.07101836283915208,416750.0,6237250.0,0.16450070879899778,5.2775,5.18,1182040.0,1204269.0,https://www.six-group.com/en/products-services/the-swiss-stock-exchange.html,https://www.six-group.com/en/products-services/the-swiss-stock-exchange.html,1620594379,17:06:19,20210509
55,2006-01-31,LEHN.SW,CHF,2006-01-31,2006-01-31,Q1,37916250.0,21717750.0,16198500.0,0.4272178815151815,2934000.0,-512250.0,5006000.0,0.0,4887500.0,34033000.0,360000.0,1173250.0,5056500.0,0.13335970724953022,3883250.0,0.10241651007153925,0.0,2692750.0,0.07101836283915208,416750.0,6237250.0,0.16450070879899778,5.2775,5.18,1182040.0,1204269.0,https://www.six-group.com/en/products-services/the-swiss-stock-exchange.html,https://www.six-group.com/en/products-services/the-swiss-stock-exchange.html,1620594379,17:06:19,20210509
56,2005-09-30,LEHN.SW,CHF,2005-09-30,2005-09-30,Q3,33975308.75,18849131.5,15126177.25,0.44521088421308314,2555109.75,4619292.25,4582030.25,0.0,-54629.25,30550934.5,0.0,0.0,3424374.25,9.921610860728789,3424374.25,0.10079008479945013,0.0,2882739.25,0.08484806631816112,1150829.5,75303.75,0.0022164257742028613,0.0625,0.0625,1153056.0,1153056.0,https://www.six-group.com/en/products-services/the-swiss-stock-exchange.html,https://www.six-group.com/en/products-services/the-swiss-stock-exchange.html,1620594379,17:06:19,20210509
57,2005-06-30,LEHN.SW,CHF,2005-06-30,2005-06-30,Q2,33975308.75,18849131.5,15126177.25,0.44521088421308314,2555109.75,4619292.25,4582030.25,0.0,-54629.25,30550934.5,0.0,0.0,3424374.25,9.921610860728789,3424374.25,0.10079008479945013,0.0,2882739.25,0.08484806631816112,1150829.5,75303.75,0.0022164257742028613,0.0625,0.0625,1153056.0,1153056.0,https://www.six-group.com/en/products-services/the-swiss-stock-exchange.html,https://www.six-group.com/en/products-services/the-swiss-stock-exchange.html,1620594379,17:06:19,20210509
58,2005-03-31,LEHN.SW,CHF,2005-03-31,2005-03-31,Q1,33975308.75,18849131.5,15126177.25,0.44521088421308314,2555109.75,4619292.25,4582030.25,0.0,-54629.25,30550934.5,0.0,0.0,3424374.25,9.921610860728789,3424374.25,0.10079008479945013,0.0,2882739.25,0.08484806631816112,1150829.5,75303.75,0.0022164257742028613,0.0625,0.0625,1153056.0,1153056.0,https://www.six-group.com/en/products-services/the-swiss-stock-exchange.html,https://www.six-group.com/en/products-services/the-swiss-stock-exchange.html,1620594379,17:06:19,20210509
59,2005-01-31,LEHN.SW,CHF,2005-01-31,2005-01-31,Q1,33975308.75,18849131.5,15126177.25,0.44521088421308314,2555109.75,4619292.25,4582030.25,0.0,-54629.25,30550934.5,0.0,0.0,3424374.25,9.921610860728789,3424374.25,0.10079008479945013,0.0,2882739.25,0.08484806631816112,1150829.5,75303.75,0.0022164257742028613,0.0625,0.0625,1153056.0,1153056.0,https://www.six-group.com/en/products-services/the-swiss-stock-exchange.html,https://www.six-group.com/en/products-services/the-swiss-stock-exchange.html,1620594379,17:06:19,20210509
60,2004-09-30,LEHN.SW,CHF,2004-09-30,2004-09-30,Q3,40323110.0,21578883.25,18744226.75,0.46485072083973683,3927357.5,6441179.25,7257248.5,0.0,330266.0,39534934.5,0.0,2219528.75,3007704.25,0.07459008618134862,788175.5,0.019546495793603222,0.0,494067.25,0.012252706946463207,444038.25,29470.75,0.0007308650052042117,0.025,0.025,1200000.0,1200000.0,https://www.six-group.com/en/products-services/the-swiss-stock-exchange.html,https://www.six-group.com/en/products-services/the-swiss-stock-exchange.html,1620594379,17:06:19,20210509
61,2004-06-30,LEHN.SW,CHF,2004-06-30,2004-06-30,Q2,40323110.0,21578883.25,18744226.75,0.46485072083973683,3927357.5,6441179.25,7257248.5,0.0,330266.0,39534934.5,0.0,2219528.75,3007704.25,0.07459008618134862,788175.5,0.019546495793603222,0.0,494067.25,0.012252706946463207,444038.25,29470.75,0.0007308650052042117,0.025,0.025,1200000.0,1200000.0,https://www.six-group.com/en/products-services/the-swiss-stock-exchange.html,https://www.six-group.com/en/products-services/the-swiss-stock-exchange.html,1620594379,17:06:19,20210509
62,2004-03-31,LEHN.SW,CHF,2004-03-31,2004-03-31,Q1,40323110.0,21578883.25,18744226.75,0.46485072083973683,3927357.5,6441179.25,7257248.5,0.0,330266.0,39534934.5,0.0,2219528.75,3007704.25,0.07459008618134862,788175.5,0.019546495793603222,0.0,494067.25,0.012252706946463207,444038.25,29470.75,0.0007308650052042117,0.025,0.025,1200000.0,1200000.0,https://www.six-group.com/en/products-services/the-swiss-stock-exchange.html,https://www.six-group.com/en/products-services/the-swiss-stock-exchange.html,1620594379,17:06:19,20210509
63,2004-01-31,LEHN.SW,CHF,2004-01-31,2004-01-31,Q1,40323110.0,21578883.25,18744226.75,0.46485072083973683,3927357.5,6441179.25,7257248.5,0.0,330266.0,39534934.5,0.0,2219528.75,3007704.25,0.07459008618134862,788175.5,0.019546495793603222,0.0,494067.25,0.012252706946463207,444038.25,29470.75,0.0007308650052042117,0.025,0.025,1200000.0,1200000.0,https://www.six-group.com/en/products-services/the-swiss-stock-exchange.html,https://www.six-group.com/en/products-services/the-swiss-stock-exchange.html,1620594379,17:06:19,20210509
64,2003-09-30,LEHN.SW,CHF,2003-09-30,2003-09-30,Q3,37600200.75,19770109.75,17830091.0,0.47420201606237433,3106486.25,6245838.0,7170397.0,0.0,1094058.0,37386889.0,0.0,1844096.25,2057408.0,0.05471800572766889,213311.75,0.00567315455091021,0.0,-286675.5,-0.007624307697346536,518328.0,-1215518.0,-0.032327433783714575,-1.0125,-1.0125,1200000.0,1200000.0,https://www.six-group.com/en/products-services/the-swiss-stock-exchange.html,https://www.six-group.com/en/products-services/the-swiss-stock-exchange.html,1620594379,17:06:19,20210509
65,2003-06-30,LEHN.SW,CHF,2003-06-30,2003-06-30,Q2,37600200.75,19770109.75,17830091.0,0.47420201606237433,3106486.25,6245838.0,7170397.0,0.0,1094058.0,37386889.0,0.0,1844096.25,2057408.0,0.05471800572766889,213311.75,0.00567315455091021,0.0,-286675.5,-0.007624307697346536,518328.0,-1215518.0,-0.032327433783714575,-1.0125,-1.0125,1200000.0,1200000.0,https://www.six-group.com/en/products-services/the-swiss-stock-exchange.html,https://www.six-group.com/en/products-services/the-swiss-stock-exchange.html,1620594379,17:06:19,20210509
66,2003-03-31,LEHN.SW,CHF,2003-03-31,2003-03-31,Q1,37600200.75,19770109.75,17830091.0,0.47420201606237433,3106486.25,6245838.0,7170397.0,0.0,1094058.0,37386889.0,0.0,1844096.25,2057408.0,0.05471800572766889,213311.75,0.00567315455091021,0.0,-286675.5,-0.007624307697346536,518328.0,-1215518.0,-0.032327433783714575,-1.0125,-1.0125,1200000.0,1200000.0,https://www.six-group.com/en/products-services/the-swiss-stock-exchange.html,https://www.six-group.com/en/products-services/the-swiss-stock-exchange.html,1620594379,17:06:19,20210509
67,2003-01-31,LEHN.SW,CHF,2003-01-31,2003-01-31,Q1,37600200.75,19770109.75,17830091.0,0.47420201606237433,3106486.25,6245838.0,7170397.0,0.0,1094058.0,37386889.0,0.0,1844096.25,2057408.0,0.05471800572766889,213311.75,0.00567315455091021,0.0,-286675.5,-0.007624307697346536,518328.0,-1215518.0,-0.032327433783714575,-1.0125,-1.0125,1200000.0,1200000.0,https://www.six-group.com/en/products-services/the-swiss-stock-exchange.html,https://www.six-group.com/en/products-services/the-swiss-stock-exchange.html,1620594379,17:06:19,20210509
68,2002-09-30,LEHN.SW,CHF,2002-09-30,2002-09-30,Q3,39123735.0,20515612.25,18608122.75,0.47562234919544366,2612991.25,6885135.5,7355112.5,0.0,315803.0,37684654.5,0.0,1990240.25,3429320.75,0.08765320463396452,1439080.5,0.03678279949498687,0.0,670236.75,0.017131205647927018,109428.5,484529.75,0.012384547385365942,0.40625,0.40625,1200000.0,1200000.0,https://www.six-group.com/en/products-services/the-swiss-stock-exchange.html,https://www.six-group.com/en/products-services/the-swiss-stock-exchange.html,1620594379,17:06:19,20210509
69,2002-06-30,LEHN.SW,CHF,2002-06-30,2002-06-30,Q2,39123735.0,20515612.25,18608122.75,0.47562234919544366,2612991.25,6885135.5,7355112.5,0.0,315803.0,37684654.5,0.0,1990240.25,3429320.75,0.08765320463396452,1439080.5,0.03678279949498687,0.0,670236.75,0.017131205647927018,109428.5,484529.75,0.012384547385365942,0.40625,0.40625,1200000.0,1200000.0,https://www.six-group.com/en/products-services/the-swiss-stock-exchange.html,https://www.six-group.com/en/products-services/the-swiss-stock-exchange.html,1620594379,17:06:19,20210509
70,2002-03-31,LEHN.SW,CHF,2002-03-31,2002-03-31,Q1,39123735.0,20515612.25,18608122.75,0.47562234919544366,2612991.25,6885135.5,7355112.5,0.0,315803.0,37684654.5,0.0,1990240.25,3429320.75,0.08765320463396452,1439080.5,0.03678279949498687,0.0,670236.75,0.017131205647927018,109428.5,484529.75,0.012384547385365942,0.40625,0.40625,1200000.0,1200000.0,https://www.six-group.com/en/products-services/the-swiss-stock-exchange.html,https://www.six-group.com/en/products-services/the-swiss-stock-exchange.html,1620594379,17:06:19,20210509
71,2002-01-31,LEHN.SW,CHF,2002-01-31,2002-01-31,Q1,39123735.0,20515612.25,18608122.75,0.47562234919544366,2612991.25,6885135.5,7355112.5,0.0,315803.0,37684654.5,0.0,1990240.25,3429320.75,0.08765320463396452,1439080.5,0.03678279949498687,0.0,670236.75,0.017131205647927018,109428.5,484529.75,0.012384547385365942,0.40625,0.40625,1200000.0,1200000.0,https://www.six-group.com/en/products-services/the-swiss-stock-exchange.html,https://www.six-group.com/en/products-services/the-swiss-stock-exchange.html,1620594379,17:06:19,20210509
