,date,symbol,reportedCurrency,fillingDate,acceptedDate,period,revenue,costOfRevenue,grossProfit,grossProfitRatio,researchAndDevelopmentExpenses,generalAndAdministrativeExpenses,sellingAndMarketingExpenses,otherExpenses,operatingExpenses,costAndExpenses,interestExpense,depreciationAndAmortization,ebitda,ebitdaratio,operatingIncome,operatingIncomeRatio,totalOtherIncomeExpensesNet,incomeBeforeTax,incomeBeforeTaxRatio,incomeTaxExpense,netIncome,netIncomeRatio,eps,epsdiluted,weightedAverageShsOut,weightedAverageShsOutDil,link,finalLink,timestamp,est_time,est_date
0,2021-02-28,SCR.TO,CAD,2021-02-28,2021-02-28,Q1,5593000,0,0,0,3171000,10170000,5179000,0,19968000,19968000,2292000,1448000,-12927000,-2.3112819595923475,-14375000,-3.1405328088682283,-913000,-17565000,-3.1405328088682283,0,-17565000,-3.1405328088682283,-0.45,-0.45,39131192,39131192,https://www.sedar.com/ModifyCompanyDocumentSearchForm.do?lang=EN&company_search=SCORE MEDIA AND GAMING INC&document_selection=0&industry_group=A&FromDate=13&FromMonth=05&FromYear=2000&ToDate=13&ToMonth=11&ToYear=2020&Variable=Issuer,https://www.sedar.com/ModifyCompanyDocumentSearchForm.do?lang=EN&company_search=SCORE MEDIA AND GAMING INC&document_selection=0&industry_group=A&FromDate=13&FromMonth=05&FromYear=2000&ToDate=13&ToMonth=11&ToYear=2020&Variable=Issuer,1620597684,18:01:24,20210509
1,2020-11-30,SCR.TO,CAD,2020-11-30,2020-11-30,Q4,8539000,0,0,0,2800000,10146000,4867000,0,19197000,19197000,1482000,1384000,-9274000,-1.0860756528867548,-10658000,-1.2481555217238554,-533000,-12673000,-1.4841316313385642,0,-12673000,-1.4841316313385642,-0.3,-0.3,36330081,36330081,https://www.sedar.com/ModifyCompanyDocumentSearchForm.do?lang=EN&company_search=SCORE MEDIA AND GAMING INC&document_selection=0&industry_group=A&FromDate=13&FromMonth=05&FromYear=2000&ToDate=13&ToMonth=11&ToYear=2020&Variable=Issuer,https://www.sedar.com/ModifyCompanyDocumentSearchForm.do?lang=EN&company_search=SCORE MEDIA AND GAMING INC&document_selection=0&industry_group=A&FromDate=13&FromMonth=05&FromYear=2000&ToDate=13&ToMonth=11&ToYear=2020&Variable=Issuer,1620597684,18:01:24,20210509
2,2020-08-31,SCR.TO,CAD,2020-08-31,2020-08-31,Q3,2466000,0,0,0,1260000,7867000,1610000,0,12106000,12106000,1393000,1372000,-8268000,-3.3527980535279807,-9640000,-3.9091646390916464,-1659000,-12691000,-5.1463909164639094,0,-12691000,-5.1463909164639094,-0.03543887558253263,-0.03543887558253263,358109556,358109556,https://www.sedar.com/ModifyCompanyDocumentSearchForm.do?lang=EN&company_search=SCORE MEDIA AND GAMING INC&document_selection=0&industry_group=A&FromDate=13&FromMonth=05&FromYear=2000&ToDate=13&ToMonth=11&ToYear=2020&Variable=Issuer,https://www.sedar.com/ModifyCompanyDocumentSearchForm.do?lang=EN&company_search=SCORE MEDIA AND GAMING INC&document_selection=0&industry_group=A&FromDate=13&FromMonth=05&FromYear=2000&ToDate=13&ToMonth=11&ToYear=2020&Variable=Issuer,1620597684,18:01:24,20210509
3,2020-05-31,SCR.TO,CAD,2020-05-31,2020-05-31,Q2,2381000,0,0,0,1633000,7706000,1778000,0,12620000,12620000,1291000,1500000,-8739000,-3.6703065938681227,-10239000,-4.300293994120118,838000,-10677000,-4.4842503149937,0,-10677000,-4.4842503149937,-0.03,-0.03,358109556,358109556,https://www.sedar.com/ModifyCompanyDocumentSearchForm.do?lang=EN&company_search=SCORE MEDIA AND GAMING INC&document_selection=0&industry_group=A&FromDate=13&FromMonth=05&FromYear=2000&ToDate=13&ToMonth=11&ToYear=2020&Variable=Issuer,https://www.sedar.com/ModifyCompanyDocumentSearchForm.do?lang=EN&company_search=SCORE MEDIA AND GAMING INC&document_selection=0&industry_group=A&FromDate=13&FromMonth=05&FromYear=2000&ToDate=13&ToMonth=11&ToYear=2020&Variable=Issuer,1620597684,18:01:24,20210509
4,2020-02-29,SCR.TO,CAD,2020-02-29,2020-02-29,Q1,6653000,0,0,0,2674000,8446000,4158000,0,16590000,16590000,903000,1312000,-8625000,-1.296407635653089,-9937000,-1.4936119044040284,354000,-10454000,-1.5713212084773787,0,-10454000,-1.5713212084773787,-0.03,-0.03,357173928,357173928,https://www.sedar.com/ModifyCompanyDocumentSearchForm.do?lang=EN&company_search=SCORE MEDIA AND GAMING INC&document_selection=0&industry_group=A&FromDate=13&FromMonth=05&FromYear=2000&ToDate=13&ToMonth=11&ToYear=2020&Variable=Issuer,https://www.sedar.com/ModifyCompanyDocumentSearchForm.do?lang=EN&company_search=SCORE MEDIA AND GAMING INC&document_selection=0&industry_group=A&FromDate=13&FromMonth=05&FromYear=2000&ToDate=13&ToMonth=11&ToYear=2020&Variable=Issuer,1620597684,18:01:24,20210509
5,2019-11-30,SCR.TO,CAD,2019-11-30,2019-11-30,Q4,9219000,0,0,0,2582000,5978000,5491000,0,15264000,15264000,0,1213000,-4832000,-0.5241349387135265,-6045000,-0.6557110315652457,0,-7217000,-0.782839787395596,-3107000,-4110000,-0.44581841848356657,-0.01,-0.01,357005888,357005888,https://www.sedar.com/ModifyCompanyDocumentSearchForm.do?lang=EN&company_search=SCORE MEDIA AND GAMING INC&document_selection=0&industry_group=A&FromDate=13&FromMonth=05&FromYear=2000&ToDate=13&ToMonth=11&ToYear=2020&Variable=Issuer,https://www.sedar.com/ModifyCompanyDocumentSearchForm.do?lang=EN&company_search=SCORE MEDIA AND GAMING INC&document_selection=0&industry_group=A&FromDate=13&FromMonth=05&FromYear=2000&ToDate=13&ToMonth=11&ToYear=2020&Variable=Issuer,1620597684,18:01:24,20210509
6,2019-08-31,SCR.TO,CAD,2019-08-31,2019-08-31,Q3,6407000,0,0,0,768000,9860000,699000,0,11283000,11283000,0,104000,-4772000,-0.7448103636647417,-4876000,-0.7610426096457,0,-4847000,-0.756516310285625,0,-4847000,-0.756516310285625,-0.013534964143766105,-0.013534964143766105,358109556,358109556,https://www.sedar.com/ModifyCompanyDocumentSearchForm.do?lang=EN&company_search=SCORE MEDIA AND GAMING INC&document_selection=0&industry_group=A&FromDate=13&FromMonth=05&FromYear=2000&ToDate=13&ToMonth=11&ToYear=2020&Variable=Issuer,https://www.sedar.com/ModifyCompanyDocumentSearchForm.do?lang=EN&company_search=SCORE MEDIA AND GAMING INC&document_selection=0&industry_group=A&FromDate=13&FromMonth=05&FromYear=2000&ToDate=13&ToMonth=11&ToYear=2020&Variable=Issuer,1620597684,18:01:24,20210509
7,2019-05-31,SCR.TO,CAD,2019-05-31,2019-05-31,Q2,8463000,0,0,0,777000,8893000,690000,0,10358000,10358000,0,101000,-1794000,-0.2119815668202765,-1895000,-0.2239158690771594,0,-1727000,-0.2040647524518492,0,-1727000,-0.2040647524518492,-0.01,-0.01,334561013,334561013,https://www.sedar.com/ModifyCompanyDocumentSearchForm.do?lang=EN&company_search=SCORE MEDIA AND GAMING INC&document_selection=0&industry_group=A&FromDate=13&FromMonth=05&FromYear=2000&ToDate=13&ToMonth=11&ToYear=2020&Variable=Issuer,https://www.sedar.com/ModifyCompanyDocumentSearchForm.do?lang=EN&company_search=SCORE MEDIA AND GAMING INC&document_selection=0&industry_group=A&FromDate=13&FromMonth=05&FromYear=2000&ToDate=13&ToMonth=11&ToYear=2020&Variable=Issuer,1620597684,18:01:24,20210509
8,2019-02-28,SCR.TO,CAD,2019-02-28,2019-02-28,Q1,6776000,0,0,0,759000,8417000,548000,0,9754000,9754000,0,97000,-2881000,-0.4251770956316411,-2978000,-0.4394923258559622,0,-3004000,-0.4433293978748524,0,-3004000,-0.4433293978748524,-0.01,-0.01,307039855,307039855,https://www.sedar.com/ModifyCompanyDocumentSearchForm.do?lang=EN&company_search=SCORE MEDIA AND GAMING INC&document_selection=0&industry_group=A&FromDate=13&FromMonth=05&FromYear=2000&ToDate=13&ToMonth=11&ToYear=2020&Variable=Issuer,https://www.sedar.com/ModifyCompanyDocumentSearchForm.do?lang=EN&company_search=SCORE MEDIA AND GAMING INC&document_selection=0&industry_group=A&FromDate=13&FromMonth=05&FromYear=2000&ToDate=13&ToMonth=11&ToYear=2020&Variable=Issuer,1620597684,18:01:24,20210509
9,2018-11-30,SCR.TO,CAD,2018-11-30,2018-11-30,Q4,9475000,0,0,0,712000,7976000,535000,0,9339000,9339000,0,93000,229000,0.0241688654353562,136000,0.014353562005277045,0,163000,0.01720316622691293,0,163000,0.01720316622691293,0.000444,0.000444,367064100,367064100,https://www.sedar.com/ModifyCompanyDocumentSearchForm.do?lang=EN&company_search=SCORE MEDIA AND GAMING INC&document_selection=0&industry_group=A&FromDate=13&FromMonth=05&FromYear=2000&ToDate=13&ToMonth=11&ToYear=2020&Variable=Issuer,https://www.sedar.com/ModifyCompanyDocumentSearchForm.do?lang=EN&company_search=SCORE MEDIA AND GAMING INC&document_selection=0&industry_group=A&FromDate=13&FromMonth=05&FromYear=2000&ToDate=13&ToMonth=11&ToYear=2020&Variable=Issuer,1620597684,18:01:24,20210509
10,2018-08-31,SCR.TO,CAD,2018-08-31,2018-08-31,Q3,5098000,0,0,0,0,6887000,563000,0,8305000,8305000,0,107000,-3100000,-0.6080816006276971,-3207000,-0.6290702236171047,0,-3136000,-0.6151431934091801,0,-3136000,-0.6151431934091801,-0.008757096669042811,-0.008757096669042811,358109556,358109556,https://www.sedar.com/ModifyCompanyDocumentSearchForm.do?lang=EN&company_search=SCORE MEDIA AND GAMING INC&document_selection=0&industry_group=A&FromDate=13&FromMonth=05&FromYear=2000&ToDate=13&ToMonth=11&ToYear=2020&Variable=Issuer,https://www.sedar.com/ModifyCompanyDocumentSearchForm.do?lang=EN&company_search=SCORE MEDIA AND GAMING INC&document_selection=0&industry_group=A&FromDate=13&FromMonth=05&FromYear=2000&ToDate=13&ToMonth=11&ToYear=2020&Variable=Issuer,1620597684,18:01:24,20210509
11,2018-05-31,SCR.TO,CAD,2018-05-31,2018-05-31,Q2,7194000,0,0,0,0,6678000,560000,0,8198000,8198000,0,105000,-899000,-0.12496524881845983,-1004000,-0.13956074506533223,0,-894000,-0.12427022518765637,0,-894000,-0.12427022518765637,-0.003021,-0.003021,295912014,295912014,https://www.sedar.com/ModifyCompanyDocumentSearchForm.do?lang=EN&company_search=SCORE MEDIA AND GAMING INC&document_selection=0&industry_group=A&FromDate=13&FromMonth=05&FromYear=2000&ToDate=13&ToMonth=11&ToYear=2020&Variable=Issuer,https://www.sedar.com/ModifyCompanyDocumentSearchForm.do?lang=EN&company_search=SCORE MEDIA AND GAMING INC&document_selection=0&industry_group=A&FromDate=13&FromMonth=05&FromYear=2000&ToDate=13&ToMonth=11&ToYear=2020&Variable=Issuer,1620597684,18:01:24,20210509
12,2018-02-28,SCR.TO,CAD,2018-02-28,2018-02-28,Q1,7099000,0,0,0,0,7056000,561000,0,8643000,8643000,0,103000,-1441000,-0.20298633610367658,-1544000,-0.2174954218904071,0,-1623000,-0.22862374982391886,0,-1623000,-0.22862374982391886,-0.01,-0.01,295833800,295833800,https://www.sedar.com/ModifyCompanyDocumentSearchForm.do?lang=EN&company_search=SCORE MEDIA AND GAMING INC&document_selection=0&industry_group=A&FromDate=13&FromMonth=05&FromYear=2000&ToDate=13&ToMonth=11&ToYear=2020&Variable=Issuer,https://www.sedar.com/ModifyCompanyDocumentSearchForm.do?lang=EN&company_search=SCORE MEDIA AND GAMING INC&document_selection=0&industry_group=A&FromDate=13&FromMonth=05&FromYear=2000&ToDate=13&ToMonth=11&ToYear=2020&Variable=Issuer,1620597684,18:01:24,20210509
13,2017-11-30,SCR.TO,CAD,2017-11-30,2017-11-30,Q4,8351000,0,0,0,0,7014000,806000,0,8787000,8787000,0,103000,-333000,-0.03987546401628547,-436000,-0.052209316249550955,0,-260000,-0.0311339959286313,0,-260000,-0.0311339959286313,-0.000879,-0.000879,295793416,295793416,https://www.sedar.com/ModifyCompanyDocumentSearchForm.do?lang=EN&company_search=SCORE MEDIA AND GAMING INC&document_selection=0&industry_group=A&FromDate=13&FromMonth=05&FromYear=2000&ToDate=13&ToMonth=11&ToYear=2020&Variable=Issuer,https://www.sedar.com/ModifyCompanyDocumentSearchForm.do?lang=EN&company_search=SCORE MEDIA AND GAMING INC&document_selection=0&industry_group=A&FromDate=13&FromMonth=05&FromYear=2000&ToDate=13&ToMonth=11&ToYear=2020&Variable=Issuer,1620597684,18:01:24,20210509
14,2017-08-31,SCR.TO,CAD,2017-08-31,2017-08-31,Q3,4752000,0,0,0,0,6016000,631000,0,7584000,7584000,0,123000,-2709000,-0.5700757575757576,-2832000,-0.5959595959595959,0,-3418000,-0.7192760942760943,0,-3417000,-0.7190656565656566,-0.009541772741747221,-0.009541772741747221,358109556,358109556,https://www.sedar.com/ModifyCompanyDocumentSearchForm.do?lang=EN&company_search=SCORE MEDIA AND GAMING INC&document_selection=0&industry_group=A&FromDate=13&FromMonth=05&FromYear=2000&ToDate=13&ToMonth=11&ToYear=2020&Variable=Issuer,https://www.sedar.com/ModifyCompanyDocumentSearchForm.do?lang=EN&company_search=SCORE MEDIA AND GAMING INC&document_selection=0&industry_group=A&FromDate=13&FromMonth=05&FromYear=2000&ToDate=13&ToMonth=11&ToYear=2020&Variable=Issuer,1620597684,18:01:24,20210509
15,2017-05-31,SCR.TO,CAD,2017-05-31,2017-05-31,Q2,6357000,0,0,0,0,6843000,1000000,0,8763000,8763000,0,121000,-2285000,-0.35944627969167847,-2406000,-0.37848041529023124,-760000,-2927000,-0.46043731319804937,0,-2927000,-0.46043731319804937,-0.01,-0.01,295650283,295650283,https://www.sedar.com/ModifyCompanyDocumentSearchForm.do?lang=EN&company_search=SCORE MEDIA AND GAMING INC&document_selection=0&industry_group=A&FromDate=13&FromMonth=05&FromYear=2000&ToDate=13&ToMonth=11&ToYear=2020&Variable=Issuer,https://www.sedar.com/ModifyCompanyDocumentSearchForm.do?lang=EN&company_search=SCORE MEDIA AND GAMING INC&document_selection=0&industry_group=A&FromDate=13&FromMonth=05&FromYear=2000&ToDate=13&ToMonth=11&ToYear=2020&Variable=Issuer,1620597684,18:01:24,20210509
16,2017-02-28,SCR.TO,CAD,2017-02-28,2017-02-28,Q1,6691000,0,0,0,0,7481000,628000,0,8748000,8748000,0,120000,-1937000,-0.2894933492751457,-2057000,-0.3074278882080407,0,-2138000,-0.3195337019877447,0,-2138000,-0.3195337019877447,-0.01,-0.01,295596116,295596116,https://www.sedar.com/ModifyCompanyDocumentSearchForm.do?lang=EN&company_search=SCORE MEDIA AND GAMING INC&document_selection=0&industry_group=A&FromDate=13&FromMonth=05&FromYear=2000&ToDate=13&ToMonth=11&ToYear=2020&Variable=Issuer,https://www.sedar.com/ModifyCompanyDocumentSearchForm.do?lang=EN&company_search=SCORE MEDIA AND GAMING INC&document_selection=0&industry_group=A&FromDate=13&FromMonth=05&FromYear=2000&ToDate=13&ToMonth=11&ToYear=2020&Variable=Issuer,1620597684,18:01:24,20210509
17,2016-11-30,SCR.TO,CAD,2016-11-30,2016-11-30,Q4,8548000,0,0,0,0,7577000,1326000,0,9489000,9489000,0,117000,-824000,-0.09639681796911559,-941000,-0.11008423022929341,0,-753000,-0.08809078146934955,0,-753000,-0.08809078146934955,-0.002549,-0.002549,295372948,295372948,https://www.sedar.com/ModifyCompanyDocumentSearchForm.do?lang=EN&company_search=SCORE MEDIA AND GAMING INC&document_selection=0&industry_group=A&FromDate=13&FromMonth=05&FromYear=2000&ToDate=13&ToMonth=11&ToYear=2020&Variable=Issuer,https://www.sedar.com/ModifyCompanyDocumentSearchForm.do?lang=EN&company_search=SCORE MEDIA AND GAMING INC&document_selection=0&industry_group=A&FromDate=13&FromMonth=05&FromYear=2000&ToDate=13&ToMonth=11&ToYear=2020&Variable=Issuer,1620597684,18:01:24,20210509
18,2016-08-31,SCR.TO,CAD,2016-08-31,2016-08-31,Q3,4986000,0,0,0,0,7446000,1362000,0,10126000,10126000,0,173000,-4967000,-0.9961893301243482,-5140000,-1.03088648215002,0,-5166000,-1.036101083032491,0,-5166000,-1.036101083032491,-0.014425752994985701,-0.014425752994985701,358109556,358109556,https://www.sedar.com/ModifyCompanyDocumentSearchForm.do?lang=EN&company_search=SCORE MEDIA AND GAMING INC&document_selection=0&industry_group=A&FromDate=13&FromMonth=05&FromYear=2000&ToDate=13&ToMonth=11&ToYear=2020&Variable=Issuer,https://www.sedar.com/ModifyCompanyDocumentSearchForm.do?lang=EN&company_search=SCORE MEDIA AND GAMING INC&document_selection=0&industry_group=A&FromDate=13&FromMonth=05&FromYear=2000&ToDate=13&ToMonth=11&ToYear=2020&Variable=Issuer,1620597684,18:01:24,20210509
19,2016-05-31,SCR.TO,CAD,2016-05-31,2016-05-31,Q2,6125000,0,0,0,0,7723000,1383000,0,10421000,10421000,0,166000,-4130000,-0.6742857142857143,-4296000,-0.7013877551020408,0,-4446000,-0.7258775510204082,0,-4446000,-0.7258775510204082,-0.02,-0.02,295306604,295306604,https://www.sedar.com/ModifyCompanyDocumentSearchForm.do?lang=EN&company_search=SCORE MEDIA AND GAMING INC&document_selection=0&industry_group=A&FromDate=13&FromMonth=05&FromYear=2000&ToDate=13&ToMonth=11&ToYear=2020&Variable=Issuer,https://www.sedar.com/ModifyCompanyDocumentSearchForm.do?lang=EN&company_search=SCORE MEDIA AND GAMING INC&document_selection=0&industry_group=A&FromDate=13&FromMonth=05&FromYear=2000&ToDate=13&ToMonth=11&ToYear=2020&Variable=Issuer,1620597684,18:01:24,20210509
20,2016-02-29,SCR.TO,CAD,2016-02-29,2016-02-29,Q1,5802000,0,0,0,0,7989000,1061000,0,10094000,10094000,0,158000,-4134000,-0.7125129265770423,-4292000,-0.7397449155463633,0,-4193000,-0.7226818338503964,0,-4193000,-0.7226818338503964,-0.01,-0.01,295043386,295043386,https://www.sedar.com/ModifyCompanyDocumentSearchForm.do?lang=EN&company_search=SCORE MEDIA AND GAMING INC&document_selection=0&industry_group=A&FromDate=13&FromMonth=05&FromYear=2000&ToDate=13&ToMonth=11&ToYear=2020&Variable=Issuer,https://www.sedar.com/ModifyCompanyDocumentSearchForm.do?lang=EN&company_search=SCORE MEDIA AND GAMING INC&document_selection=0&industry_group=A&FromDate=13&FromMonth=05&FromYear=2000&ToDate=13&ToMonth=11&ToYear=2020&Variable=Issuer,1620597684,18:01:24,20210509
21,2015-11-30,SCR.TO,CAD,2015-11-30,2015-11-30,Q4,7003000,0,7003000,1,0,7361000,1986000,0,10110000,10110000,0,149000,-2958000,-0.4223904041125232,-3107000,-0.44366699985720404,0,-3059000,-0.43681279451663574,0,-3059000,-0.43681279451663574,-0.01,-0.01,294951233,294951233,https://www.sedar.com/ModifyCompanyDocumentSearchForm.do?lang=EN&company_search=SCORE MEDIA AND GAMING INC&document_selection=0&industry_group=A&FromDate=13&FromMonth=05&FromYear=2000&ToDate=13&ToMonth=11&ToYear=2020&Variable=Issuer,https://www.sedar.com/ModifyCompanyDocumentSearchForm.do?lang=EN&company_search=SCORE MEDIA AND GAMING INC&document_selection=0&industry_group=A&FromDate=13&FromMonth=05&FromYear=2000&ToDate=13&ToMonth=11&ToYear=2020&Variable=Issuer,1620597684,18:01:24,20210509
22,2015-08-31,SCR.TO,CAD,2015-08-31,2015-08-31,Q3,2933000,0,2933000,1,0,5993000,960000,0,7620000,7620000,0,143000,-4544000,-1.5492669621547903,-4687000,-1.5980225025571089,0,-4622000,-1.5758608932833276,0,-4622000,-1.5758608932833276,-0.012906664797294602,-0.012906664797294602,358109556,358109556,https://www.sedar.com/ModifyCompanyDocumentSearchForm.do?lang=EN&company_search=SCORE MEDIA AND GAMING INC&document_selection=0&industry_group=A&FromDate=13&FromMonth=05&FromYear=2000&ToDate=13&ToMonth=11&ToYear=2020&Variable=Issuer,https://www.sedar.com/ModifyCompanyDocumentSearchForm.do?lang=EN&company_search=SCORE MEDIA AND GAMING INC&document_selection=0&industry_group=A&FromDate=13&FromMonth=05&FromYear=2000&ToDate=13&ToMonth=11&ToYear=2020&Variable=Issuer,1620597684,18:01:24,20210509
23,2015-05-31,SCR.TO,CAD,2015-05-31,2015-05-31,Q2,3161000,0,3161000,1,0,5414000,975000,0,7140000,7140000,0,146000,-3833000,-1.2125909522303069,-3979000,-1.2587788674470104,0,-3987000,-1.261309712116419,0,-3987000,-1.261309712116419,-0.01,-0.01,291974141,291974141,https://www.sedar.com/ModifyCompanyDocumentSearchForm.do?lang=EN&company_search=SCORE MEDIA AND GAMING INC&document_selection=0&industry_group=A&FromDate=13&FromMonth=05&FromYear=2000&ToDate=13&ToMonth=11&ToYear=2020&Variable=Issuer,https://www.sedar.com/ModifyCompanyDocumentSearchForm.do?lang=EN&company_search=SCORE MEDIA AND GAMING INC&document_selection=0&industry_group=A&FromDate=13&FromMonth=05&FromYear=2000&ToDate=13&ToMonth=11&ToYear=2020&Variable=Issuer,1620597684,18:01:24,20210509
24,2015-02-28,SCR.TO,CAD,2015-02-28,2015-02-28,Q1,3219000,0,3219000,1,0,4809000,334000,0,5874000,5874000,0,138000,-2517000,-0.7819198508853681,-2655000,-0.8247903075489282,-397000,-2845000,-0.8838148493320908,0,-2845000,-0.8838148493320908,-0.01,-0.01,254538678,254538678,https://www.sedar.com/ModifyCompanyDocumentSearchForm.do?lang=EN&company_search=SCORE MEDIA AND GAMING INC&document_selection=0&industry_group=A&FromDate=13&FromMonth=05&FromYear=2000&ToDate=13&ToMonth=11&ToYear=2020&Variable=Issuer,https://www.sedar.com/ModifyCompanyDocumentSearchForm.do?lang=EN&company_search=SCORE MEDIA AND GAMING INC&document_selection=0&industry_group=A&FromDate=13&FromMonth=05&FromYear=2000&ToDate=13&ToMonth=11&ToYear=2020&Variable=Issuer,1620597684,18:01:24,20210509
25,2014-11-30,SCR.TO,CAD,2014-11-30,2014-11-30,Q4,3046000,0,3046000,1,0,4024000,518000,0,5126000,5126000,0,126000,-1954000,-0.6414970453053185,-2080000,-0.6828627708470125,0,-2015000,-0.6615233092580434,0,-2015000,-0.6615233092580434,-0.01,-0.01,252689603,252689603,https://www.sedar.com/ModifyCompanyDocumentSearchForm.do?lang=EN&company_search=SCORE MEDIA AND GAMING INC&document_selection=0&industry_group=A&FromDate=13&FromMonth=05&FromYear=2000&ToDate=13&ToMonth=11&ToYear=2020&Variable=Issuer,https://www.sedar.com/ModifyCompanyDocumentSearchForm.do?lang=EN&company_search=SCORE MEDIA AND GAMING INC&document_selection=0&industry_group=A&FromDate=13&FromMonth=05&FromYear=2000&ToDate=13&ToMonth=11&ToYear=2020&Variable=Issuer,1620597684,18:01:24,20210509
26,2014-08-31,SCR.TO,CAD,2014-08-31,2014-08-31,Q3,1804000,0,1804000,1,0,4638000,412000,0,5779000,5779000,0,137000,-3838000,-2.1274944567627494,-3975000,-2.203436807095344,0,-3933000,-2.1801552106430155,0,-3933000,-2.1801552106430155,-0.010982672576321868,-0.010982672576321868,358109556,358109556,https://www.sedar.com/ModifyCompanyDocumentSearchForm.do?lang=EN&company_search=SCORE MEDIA AND GAMING INC&document_selection=0&industry_group=A&FromDate=13&FromMonth=05&FromYear=2000&ToDate=13&ToMonth=11&ToYear=2020&Variable=Issuer,https://www.sedar.com/ModifyCompanyDocumentSearchForm.do?lang=EN&company_search=SCORE MEDIA AND GAMING INC&document_selection=0&industry_group=A&FromDate=13&FromMonth=05&FromYear=2000&ToDate=13&ToMonth=11&ToYear=2020&Variable=Issuer,1620597684,18:01:24,20210509
27,2014-05-31,SCR.TO,CAD,2014-05-31,2014-05-31,Q2,1972000,0,1972000,1,0,3721000,389000,0,4741000,4741000,0,132000,-2637000,-1.3372210953346857,-2769000,-1.404158215010142,0,-2756000,-1.3975659229208925,0,-2756000,-1.3975659229208925,-0.01,-0.01,210053808,210053808,https://www.sedar.com/ModifyCompanyDocumentSearchForm.do?lang=EN&company_search=SCORE MEDIA AND GAMING INC&document_selection=0&industry_group=A&FromDate=13&FromMonth=05&FromYear=2000&ToDate=13&ToMonth=11&ToYear=2020&Variable=Issuer,https://www.sedar.com/ModifyCompanyDocumentSearchForm.do?lang=EN&company_search=SCORE MEDIA AND GAMING INC&document_selection=0&industry_group=A&FromDate=13&FromMonth=05&FromYear=2000&ToDate=13&ToMonth=11&ToYear=2020&Variable=Issuer,1620597684,18:01:24,20210509
28,2014-02-28,SCR.TO,CAD,2014-02-28,2014-02-28,Q1,1914000,0,1914000,1,0,2150000,453000,0,2890000,2890000,0,130000,-846000,-0.44200626959247646,-976000,-0.509926854754441,0,-950000,-0.49634273772204807,0,-950000,-0.49634273772204807,-0.004871,-0.004871,195049949,195049949,https://www.sedar.com/ModifyCompanyDocumentSearchForm.do?lang=EN&company_search=SCORE MEDIA AND GAMING INC&document_selection=0&industry_group=A&FromDate=13&FromMonth=05&FromYear=2000&ToDate=13&ToMonth=11&ToYear=2020&Variable=Issuer,https://www.sedar.com/ModifyCompanyDocumentSearchForm.do?lang=EN&company_search=SCORE MEDIA AND GAMING INC&document_selection=0&industry_group=A&FromDate=13&FromMonth=05&FromYear=2000&ToDate=13&ToMonth=11&ToYear=2020&Variable=Issuer,1620597684,18:01:24,20210509
29,2013-11-30,SCR.TO,CAD,2013-11-30,2013-11-30,Q4,2130000,0,2130000,1,0,4414000,0,0,5212000,5212000,0,128000,-2954000,-1.3868544600938968,-3082000,-1.4469483568075117,68000,-3048000,-1.4309859154929578,0,-3048000,-1.4309859154929578,-0.02,-0.02,195036885,195036885,https://www.sedar.com/ModifyCompanyDocumentSearchForm.do?lang=EN&company_search=SCORE MEDIA AND GAMING INC&document_selection=0&industry_group=A&FromDate=13&FromMonth=05&FromYear=2000&ToDate=13&ToMonth=11&ToYear=2020&Variable=Issuer,https://www.sedar.com/ModifyCompanyDocumentSearchForm.do?lang=EN&company_search=SCORE MEDIA AND GAMING INC&document_selection=0&industry_group=A&FromDate=13&FromMonth=05&FromYear=2000&ToDate=13&ToMonth=11&ToYear=2020&Variable=Issuer,1620597684,18:01:24,20210509
30,2013-08-31,SCR.TO,CAD,2013-08-31,2013-08-31,Q3,1295000,0,1295000,1,0,2489000,0,0,3492000,3492000,0,128000,-2069000,-1.5976833976833977,-2197000,-1.6965250965250964,0,-2158000,-1.6664092664092665,0,-2158000,-1.6664092664092665,-0.006026088843046679,-0.006026088843046679,358109556,358109556,https://www.sedar.com/ModifyCompanyDocumentSearchForm.do?lang=EN&company_search=SCORE MEDIA AND GAMING INC&document_selection=0&industry_group=A&FromDate=13&FromMonth=05&FromYear=2000&ToDate=13&ToMonth=11&ToYear=2020&Variable=Issuer,https://www.sedar.com/ModifyCompanyDocumentSearchForm.do?lang=EN&company_search=SCORE MEDIA AND GAMING INC&document_selection=0&industry_group=A&FromDate=13&FromMonth=05&FromYear=2000&ToDate=13&ToMonth=11&ToYear=2020&Variable=Issuer,1620597684,18:01:24,20210509
31,2013-05-31,SCR.TO,CAD,2013-05-31,2013-05-31,Q2,1368000,0,1368000,1,0,3718000,0,0,4499000,4499000,0,94000,-3037000,-2.220029239766082,-3131000,-2.2887426900584797,0,-3126000,-2.2850877192982457,0,-3126000,-2.2850877192982457,-0.03,-0.03,122189841,122189841,https://www.sedar.com/ModifyCompanyDocumentSearchForm.do?lang=EN&company_search=SCORE MEDIA AND GAMING INC&document_selection=0&industry_group=A&FromDate=13&FromMonth=05&FromYear=2000&ToDate=13&ToMonth=11&ToYear=2020&Variable=Issuer,https://www.sedar.com/ModifyCompanyDocumentSearchForm.do?lang=EN&company_search=SCORE MEDIA AND GAMING INC&document_selection=0&industry_group=A&FromDate=13&FromMonth=05&FromYear=2000&ToDate=13&ToMonth=11&ToYear=2020&Variable=Issuer,1620597684,18:01:24,20210509
32,2013-02-28,SCR.TO,CAD,2013-02-28,2013-02-28,Q1,1110000,0,1110000,1,0,3588000,0,0,4248000,4248000,0,33000,-3105000,-2.7972972972972974,-3138000,-2.827027027027027,-142000,-3280000,-2.954954954954955,0,-3280000,-2.954954954954955,-0.03,-0.03,95015276,95015276,https://www.sedar.com/ModifyCompanyDocumentSearchForm.do?lang=EN&company_search=SCORE MEDIA AND GAMING INC&document_selection=0&industry_group=A&FromDate=13&FromMonth=05&FromYear=2000&ToDate=13&ToMonth=11&ToYear=2020&Variable=Issuer,https://www.sedar.com/ModifyCompanyDocumentSearchForm.do?lang=EN&company_search=SCORE MEDIA AND GAMING INC&document_selection=0&industry_group=A&FromDate=13&FromMonth=05&FromYear=2000&ToDate=13&ToMonth=11&ToYear=2020&Variable=Issuer,1620597684,18:01:24,20210509
33,2012-11-30,SCR.TO,CAD,2012-11-30,2012-11-30,Q4,1506000,0,1506000,1,0,3615000,0,0,4238000,4238000,0,24000,-2708000,-1.798140770252324,-2732000,-1.8140770252324037,-2000,-2833000,-1.8811420982735725,0,-2833000,-1.8811420982735725,-0.03,-0.03,95020842,95020842,https://www.sedar.com/ModifyCompanyDocumentSearchForm.do?lang=EN&company_search=SCORE MEDIA AND GAMING INC&document_selection=0&industry_group=A&FromDate=13&FromMonth=05&FromYear=2000&ToDate=13&ToMonth=11&ToYear=2020&Variable=Issuer,https://www.sedar.com/ModifyCompanyDocumentSearchForm.do?lang=EN&company_search=SCORE MEDIA AND GAMING INC&document_selection=0&industry_group=A&FromDate=13&FromMonth=05&FromYear=2000&ToDate=13&ToMonth=11&ToYear=2020&Variable=Issuer,1620597684,18:01:24,20210509
34,2012-08-31,SCR.TO,CAD,2012-08-31,2012-08-31,Q3,1334000,0,1334000,1,0,3183000,0,0,3880000,3880000,0,25000,-2521000,-1.8898050974512743,-2546000,-1.908545727136432,-4000,-2837000,-2.126686656671664,0,-2837000,-2.126686656671664,-0.007922156648620681,-0.007922156648620681,358109556,358109556,https://www.sedar.com/ModifyCompanyDocumentSearchForm.do?lang=EN&company_search=SCORE MEDIA AND GAMING INC&document_selection=0&industry_group=A&FromDate=13&FromMonth=05&FromYear=2000&ToDate=13&ToMonth=11&ToYear=2020&Variable=Issuer,https://www.sedar.com/ModifyCompanyDocumentSearchForm.do?lang=EN&company_search=SCORE MEDIA AND GAMING INC&document_selection=0&industry_group=A&FromDate=13&FromMonth=05&FromYear=2000&ToDate=13&ToMonth=11&ToYear=2020&Variable=Issuer,1620597684,18:01:24,20210509
35,2012-05-31,SCR.TO,CAD,2012-05-31,2012-05-31,Q2,1145000,0,1145000,1,0,3198000,0,0,3833000,3833000,0,24000,-2664000,-2.3266375545851528,-2688000,-2.347598253275109,-14000,-2873000,-2.509170305676856,0,-2873000,-2.509170305676856,-0.030235,-0.030235,95020842,95020842,https://www.sedar.com/ModifyCompanyDocumentSearchForm.do?lang=EN&company_search=SCORE MEDIA AND GAMING INC&document_selection=0&industry_group=A&FromDate=13&FromMonth=05&FromYear=2000&ToDate=13&ToMonth=11&ToYear=2020&Variable=Issuer,https://www.sedar.com/ModifyCompanyDocumentSearchForm.do?lang=EN&company_search=SCORE MEDIA AND GAMING INC&document_selection=0&industry_group=A&FromDate=13&FromMonth=05&FromYear=2000&ToDate=13&ToMonth=11&ToYear=2020&Variable=Issuer,1620597684,18:01:24,20210509
36,2012-02-29,SCR.TO,CAD,2012-02-29,2012-02-29,Q1,701000,0,701000,1,0,1779000,0,0,2162000,2162000,129000,23000,-1438000,-2.051355206847361,-1461000,-2.0841654778887304,-35000,-1625000,-2.31811697574893,0,-1625000,-2.31811697574893,-0.017102,-0.017102,95020842,95020842,https://www.sedar.com/ModifyCompanyDocumentSearchForm.do?lang=EN&company_search=SCORE MEDIA AND GAMING INC&document_selection=0&industry_group=A&FromDate=13&FromMonth=05&FromYear=2000&ToDate=13&ToMonth=11&ToYear=2020&Variable=Issuer,https://www.sedar.com/ModifyCompanyDocumentSearchForm.do?lang=EN&company_search=SCORE MEDIA AND GAMING INC&document_selection=0&industry_group=A&FromDate=13&FromMonth=05&FromYear=2000&ToDate=13&ToMonth=11&ToYear=2020&Variable=Issuer,1620597684,18:01:24,20210509
37,2011-11-30,SCR.TO,CAD,2011-11-30,2011-11-30,Q4,1015000,0,1015000,1,0,2501000,0,0,2679000,2679000,0,20000,-1644000,-1.619704433497537,-1664000,-1.639408866995074,12000,-1771000,-1.7448275862068965,0,-1771000,-1.7448275862068965,-0.02,-0.02,95020842,95020842,https://www.sedar.com/ModifyCompanyDocumentSearchForm.do?lang=EN&company_search=SCORE MEDIA AND GAMING INC&document_selection=0&industry_group=A&FromDate=13&FromMonth=05&FromYear=2000&ToDate=13&ToMonth=11&ToYear=2020&Variable=Issuer,https://www.sedar.com/ModifyCompanyDocumentSearchForm.do?lang=EN&company_search=SCORE MEDIA AND GAMING INC&document_selection=0&industry_group=A&FromDate=13&FromMonth=05&FromYear=2000&ToDate=13&ToMonth=11&ToYear=2020&Variable=Issuer,1620597684,18:01:24,20210509
