,date,symbol,reportedCurrency,fillingDate,acceptedDate,period,revenue,costOfRevenue,grossProfit,grossProfitRatio,researchAndDevelopmentExpenses,generalAndAdministrativeExpenses,sellingAndMarketingExpenses,otherExpenses,operatingExpenses,costAndExpenses,interestExpense,depreciationAndAmortization,ebitda,ebitdaratio,operatingIncome,operatingIncomeRatio,totalOtherIncomeExpensesNet,incomeBeforeTax,incomeBeforeTaxRatio,incomeTaxExpense,netIncome,netIncomeRatio,eps,epsdiluted,weightedAverageShsOut,weightedAverageShsOutDil,link,finalLink,timestamp,est_time,est_date
0,2021-03-31,PTC,USD,2021-05-04,Not found...,Q2,461785000.0,233028000.0,372337000.0,0.8062994683673138,72545000.0,60805000.0,129178000.0,8119.0,270647000.0,503675000.0,12925.0,40169000.0,141859000.0,0.3071970722305835,101690000.0,0.2202107041155516,0.0,86357000.0,0.18700694045930466,-22905000.0,109262000.0,0.23660794525590914,0.9386689117791084,0.9290591386420646,116401000,117605000,https://www.sec.gov/Archives/edgar/data/857005/000156459021023320/0001564590-21-023320-index.htm,https://www.sec.gov/Archives/edgar/data/857005/000156459021023320/ptc-10q_20210331.htm,1620596877,17:47:57,20210509
1,2020-12-31,PTC,USD,2021-02-04,2021-02-04 16:01:44,Q1,429050000.0,86830000.0,342220000.0,0.7976226547022491,70835000.0,49528000.0,124725000.0,-12931000.0,251635000.0,338465000.0,0.0,28226000.0,118811000.0,0.2769164433049761,90585000.0,0.21112923901643166,-13178000.0,77407000.0,0.18041487006176438,53892000.0,23515000.0,0.054807132035893255,0.2020171648009897,0.19994898176097956,116401000,117605000,https://www.sec.gov/Archives/edgar/data/857005/000156459021004303/0001564590-21-004303-index.htm,https://www.sec.gov/Archives/edgar/data/857005/000156459021004303/ptc-10q_20201231.htm,1620596877,17:47:57,20210509
2,2020-09-30,PTC,USD,2020-11-20,2020-11-20 16:46:16,Q4,390981000.0,84615000.0,306366000.0,0.7835828339484527,69884000.0,45931000.0,115815000.0,3671000.0,238376000.0,322991000.0,12052000.0,29360000.0,97350000.0,0.24898908131085654,67990000.0,0.1738959182159747,2655000.0,55381000.0,0.1416462692560508,1975000.0,53406000.0,0.1365948728966369,0.4594894561598224,0.4594894561598224,116229000,116229000,https://www.sec.gov/Archives/edgar/data/857005/000156459020054803/0001564590-20-054803-index.htm,https://www.sec.gov/Archives/edgar/data/857005/000156459020054803/ptc-10k_20200930.htm,1620596877,17:47:57,20210509
3,2020-06-27,PTC,USD,2020-08-05,2020-08-05 16:02:53,Q3,351721000.0,79224000.0,272497000.0,0.7747532845636171,61429000.0,36309000.0,104594000.0,7364000.0,209096000.0,288320000.0,19660000.0,20484000.0,83885000.0,0.23849869640993857,63401000.0,0.18025935329423037,774300.0,44516000.0,0.12656622720849764,9838000.0,34678000.0,0.098595193349274,0.29836,0.29836,116229000,116229000,https://www.sec.gov/Archives/edgar/data/857005/000156459020036779/0001564590-20-036779-index.htm,https://www.sec.gov/Archives/edgar/data/857005/000156459020036779/ptc-10q_20200627.htm,1620596877,17:47:57,20210509
4,2020-03-28,PTC,USD,2020-05-06 00:00:00,2020-05-06 17:07:53,Q2,359603000.0,83027000.0,276576000.0,0.7691148294090984,59954000.0,33329000.0,107438000.0,25530000.0,226551000.0,309578000.0,32618000.0,20604999.999999996,70630000.0,0.19641104217706748,50025000.0,0.13911174267177973,-3229000.0,15778000.0,0.043876163435788915,8622000.0,7156000.0,0.01989972274981021,0.06168,0.06168,116017000,116017000,https://www.sec.gov/Archives/edgar/data/857005/000085700520000017/0000857005-20-000017-index.html,https://www.sec.gov/Archives/edgar/data/857005/000085700520000017/ptc3282020q220.htm,1620596877,17:47:57,20210509
5,2019-12-28,PTC,USD,2020-01-27 00:00:00,2020-01-27 16:07:48,Q1,356110000.0,87405000.0,268705000.0,0.7545561764623291,65308000.0,37457000.0,107604000.0,20811000.0,238280000.0,325685000.0,12098000.0,19588000.0,50013000.0,0.14044255988318216,30425000.0,0.08543708404706411,-196000.0,19031000.0,0.0534413523911151,-16424000.0,35455000.0,0.09956193311055572,0.30646,0.30646,115691000,115691000,https://www.sec.gov/Archives/edgar/data/857005/000085700520000009/0000857005-20-000009-index.html,https://www.sec.gov/Archives/edgar/data/857005/000085700520000009/ptc12282019q120.htm,1620596877,17:47:57,20210509
6,2019-09-30,PTC,USD,2019-11-18 00:00:00,2019-11-15 19:51:01,Q4,335005000.0,85417000.0,249588000.0,0.745027686153938,64114000.0,25911000.0,101307000.0,-200000.0,197387000.0,282804000.0,10572000.0,19190000.0,71391000.0,0.2131042820256414,52201000.0,0.15582155490216565,-9050000.0,33783000.0,0.10084327099595529,23957000.0,9826000.0,0.029330905508873004,0.08493314086661884,0.08493314086661884,115691000,115691000,https://www.sec.gov/Archives/edgar/data/857005/000085700519000040/0000857005-19-000040-index.html,https://www.sec.gov/Archives/edgar/data/857005/000085700519000040/ptc9-30x1910xk.htm,1620596877,17:47:57,20210509
7,2019-06-29,PTC,USD,2019-08-08 00:00:00,2019-08-08 16:24:15,Q3,295486000.0,82705000.0,212781000.0,0.7201051826482473,60590000.0,28373000.0,108202000.0,5911000.0,203476000.0,286181000.0,10816000.0,19076000.0,28381000.0,0.09604854375503408,9305000.0,0.031490493627447665,-1609000.0,-485000.0,-0.0016413637194317159,14273000.0,-14758000.0,-0.049944836642006725,-0.12708,-0.12708,116133000,116133000,https://www.sec.gov/Archives/edgar/data/857005/000085700519000017/0000857005-19-000017-index.html,https://www.sec.gov/Archives/edgar/data/857005/000085700519000017/ptc6292019q3.htm,1620596877,17:47:57,20210509
8,2019-03-30,PTC,USD,2019-05-09 00:00:00,2019-05-09 16:06:52,Q2,290451000.0,79904000.0,210547000.0,0.7248967984272734,61402000.0,34971000.0,103722000.0,32910000.0,233405000.00000003,313309000.00000006,11383000.0,19505000.0,-3353000.0,-0.011544115874966862,-22858000.0,-0.07869830022964286,1773000.0,-33420000.0,-0.11506243738186475,10093000.0,-43513000.0,-0.14981184433863198,-0.36732,-0.36732,118461000,118461000,https://www.sec.gov/Archives/edgar/data/857005/000085700519000011/0000857005-19-000011-index.html,https://www.sec.gov/Archives/edgar/data/857005/000085700519000011/ptc3302019q2.htm,1620596877,17:47:57,20210509
9,2018-12-29,PTC,USD,2019-02-07 00:00:00,2019-02-07 17:05:08,Q1,334689000.0,77352000.0,257337000.0,0.7688839489795004,60782000.0,37464000.0,104218000.0,24429000.0,227292999.99999997,304645000.0,10276000.0,20053000.0,50097000.0,0.1496822423204826,30044000.0,0.08976691794471883,842000.0,20423000.0,0.061020828291339126,-562000.0,20985000.0,0.06269999910364547,0.1754,0.1754,119638000,119638000,https://www.sec.gov/Archives/edgar/data/857005/000085700519000006/0000857005-19-000006-index.html,https://www.sec.gov/Archives/edgar/data/857005/000085700519000006/ptc12292018q1.htm,1620596877,17:47:57,20210509
10,2018-09-30,PTC,USD,2018-11-16 00:00:00,2018-11-15 18:56:03,Q4,312521000.0,78049000.0,234472000.0,0.750259982529174,62393000.0,41542000.0,109138000.0,0.0,220857000.0,298906000.0,10601000.0,22105000.0,35720000.0,0.11429631928734389,13615000.0,0.043565072427132895,-8645000.0,669000.0,0.0021406561479068607,-12522000.0,13191000.0,0.04220836359796622,0.11025761045821561,0.11025761045821561,119638000,119638000,https://www.sec.gov/Archives/edgar/data/857005/000085700518000025/0000857005-18-000025-index.html,https://www.sec.gov/Archives/edgar/data/857005/000085700518000025/ptc9-30x1810xk.htm,1620596877,17:47:57,20210509
11,2018-06-30,PTC,USD,2018-08-01 00:00:00,2018-07-31 19:47:39,Q3,314777000.0,81556000.0,233221000.0,0.7409086432617377,61218000.0,33082000.0,107741000.0,0.0,209891000.0,291447000.0,10646000.0,22576000.0,45906000.0,0.14583657636993808,23330000.0,0.0741159614584293,-1627000.0,9971000.0,0.03167639312910409,-7026000.0,16997000.0,0.05399695657560749,0.15,0.14,115774000,117500000,https://www.sec.gov/Archives/edgar/data/857005/000085700518000015/0000857005-18-000015-index.html,https://www.sec.gov/Archives/edgar/data/857005/000085700518000015/ptc06302018q3.htm,1620596877,17:47:57,20210509
12,2018-03-31,PTC,USD,2018-05-02 00:00:00,2018-05-02 17:18:23,Q2,307883000.0,83631000.0,224252000.0,0.7283675941835047,62194000.0,33353000.0,98330000.0,-10820000.0,201772000.0,285403000.0,10820000.0,21681000.0,44161000.0,0.14343435655752348,22480000.0,0.07301474910923955,-114000.0,11546000.0,0.03750125859498576,3624000.0,7922000.0,0.025730553489474898,0.06815151280529246,0.06718968661210296,116241000,117905000,https://www.sec.gov/Archives/edgar/data/857005/000085700518000008/0000857005-18-000008-index.html,https://www.sec.gov/Archives/edgar/data/857005/000085700518000008/ptc03312018q2.htm,1620596877,17:47:57,20210509
13,2017-12-30,PTC,USD,2018-02-06 00:00:00,2018-02-06 16:20:27,Q1,306600000.0,83000000.0,223600000.0,0.7292889758643183,64000000.0,34985000.0,99315000.0,7926000.0,206300000.0,289300000.0,10047000.0,21000000.0,38300000.0,0.12491846053489888,17300000.0,0.05642530984996738,-3600000.0,6500000.0,0.021200260926288322,-300000.0,13900000.0,0.045335942596216566,0.1181,0.1181,117700000,117700000,https://www.sec.gov/Archives/edgar/data/857005/000085700518000004/0000857005-18-000004-index.html,https://www.sec.gov/Archives/edgar/data/857005/000085700518000004/ptc12302017q1.htm,1620596877,17:47:57,20210509
14,2017-09-30,PTC,USD,2017-11-29 00:00:00,2017-11-29 17:18:44,Q4,306379000.0,82806000.0,223573000.0,0.729726906870249,60585000.0,36278000.0,101378000.0,-12114000.0,206363000.0,289169000.0,10161000.0,22555000.0,39765000.0,0.1297902271369774,17210000.0,0.05617225723695162,-2795000.0,5454000.0,0.017801481172012443,-11981000.0,17435000.0,0.056906641773750814,0.15,0.15,117380000,117380000,https://www.sec.gov/Archives/edgar/data/857005/000085700517000021/0000857005-17-000021-index.html,https://www.sec.gov/Archives/edgar/data/857005/000085700517000021/ptc9-30x1710xk.htm,1620596877,17:47:57,20210509
15,2017-07-01,PTC,USD,2017-08-08 00:00:00,2017-08-08 16:44:55,Q3,291300000.0,82300000.0,209000000.0,0.7174733951253004,59900000.0,34999000.0,93101000.0,9524000.0,197700000.0,280000000.0,10199000.0,21500000.0,32800000.0,0.11259869550291796,11300000.0,0.038791623755578444,-7800000.0,700000.0,0.002403020940611054,1700000.0,-1000000.0,-0.0034328870580157913,-0.00865,-0.00865,115600000,115600000,https://www.sec.gov/Archives/edgar/data/857005/000085700517000013/0000857005-17-000013-index.html,https://www.sec.gov/Archives/edgar/data/857005/000085700517000013/ptc07012017q3.htm,1620596877,17:47:57,20210509
16,2017-04-01,PTC,USD,2017-05-11 00:00:00,2017-05-11 16:11:24,Q2,280000000.0,81800000.0,198200000.0,0.7078571428571429,57700000.0,36223000.0,87777000.0,8410000.0,190700000.0,272500000.0,22040000.0,21200000.000000004,28700000.000000004,0.10250000000000001,7500000.0,0.026785714285714284,2700000.0,-1100000.0,-0.003928571428571429,0.0,-1100000.0,-0.003928571428571429,-0.00951,-0.00951,115700000,115700000,https://www.sec.gov/Archives/edgar/data/857005/000085700517000009/0000857005-17-000009-index.html,https://www.sec.gov/Archives/edgar/data/857005/000085700517000009/ptc04012017q2.htm,1620596877,17:47:57,20210509
17,2016-12-31,PTC,USD,2017-02-09 00:00:00,2017-02-09 16:23:56,Q1,286327000.0,82115000.0,204212000.0,0.7132125157599528,57914000.0,36695000.0,90690000.0,-11064000.0,193366000.0,275481000.0,0.0,21454000.0,32300000.0,0.11280808306586525,10846000.0,0.0378797668400116,-6285000.0,-6503000.0,-0.022711794556573427,2638000.0,-9141000.0,-0.03192503675867103,-0.08,-0.08,115290000,115290000,https://www.sec.gov/Archives/edgar/data/857005/000085700517000004/0000857005-17-000004-index.html,https://www.sec.gov/Archives/edgar/data/857005/000085700517000004/ptc12312016q1.htm,1620596877,17:47:57,20210509
18,2016-09-30,PTC,USD,2016-11-18 00:00:00,2016-11-18 17:04:55,Q4,288237000.0,82856000.0,205381000.0,0.7125421094446583,57934000.0,37647000.0,102985000.0,-10298000.0,206724000.0,289580000.0,27932000.0,21833000.0,20490000.0,0.07108733438108224,-1343000.0,-0.004659360179296898,-35465000.0,-43373000.0,-0.15047686452467934,-14900000.0,-28473000.0,-0.0987832929152052,-0.25,-0.25,114958000,114958000,https://www.sec.gov/Archives/edgar/data/857005/000085700516000071/0000857005-16-000071-index.html,https://www.sec.gov/Archives/edgar/data/857005/000085700516000071/ptc9-30x1610xk.htm,1620596877,17:47:57,20210509
19,2016-07-02,PTC,USD,2016-08-11,2016-08-11 17:19:25,Q3,288700000.0,82500000.0,206200000.0,0.7142362313820575,57100000.0,34626000.0,94874000.0,11109000.0,198600000.00000003,281100000.0,-8500000.0,21800000.000000004,29400000.000000004,0.1018358157256668,7600000.0,0.026324904745410462,200000.0,-700000.0,-0.0024246622791825423,-3800000.0,3100000.0,0.010737790093522688,0.02679,0.02679,115700000,115700000,https://www.sec.gov/Archives/edgar/data/857005/000085700516000068/ptc07022016q3.htm,https://www.sec.gov/Archives/edgar/data/857005/000085700516000068/ptc07022016q3.htm,1620596877,17:47:57,20210509
20,2016-04-02,PTC,USD,2016-05-11 00:00:00,2016-05-10 20:29:00,Q2,272600000.0,80200000.0,192400000.0,0.7057960381511372,56600000.0,32823000.0,87177000.0,12975000.0,190700000.0,270900000.0,-4500000.0,22299999.999999996,24099999.999999996,0.08840792369772559,1800000.0,0.006603081438004402,-800000.0,-3600000.0,-0.013206162876008804,1600000.0,-5200000.0,-0.019075568598679385,-0.04538,-0.04538,114600000,114600000,https://www.sec.gov/Archives/edgar/data/857005/000085700516000059/0000857005-16-000059-index.html,https://www.sec.gov/Archives/edgar/data/857005/000085700516000059/ptc04022016q2.htm,1620596877,17:47:57,20210509
21,2016-01-02,PTC,USD,2016-02-10 00:00:00,2016-02-09 17:55:07,Q1,291000000.0,80100000.0,210900000.0,0.7247422680412371,57700000.0,37371000.0,82429000.0,45497000.0,224200000.00000003,304300000.0,-6700000.0,20600000.0,7300000.0,0.025085910652920963,-13300000.0,-0.04570446735395189,500000.0,-19500000.0,-0.06701030927835051,4300000.0,-23900000.0,-0.08213058419243986,-0.20928,-0.20928,114200000,114200000,https://www.sec.gov/Archives/edgar/data/857005/000085700516000050/0000857005-16-000050-index.html,https://www.sec.gov/Archives/edgar/data/857005/000085700516000050/ptc01022016q1.htm,1620596877,17:47:57,20210509
22,2015-09-30,PTC,USD,2015-11-23 00:00:00,2015-11-23 17:24:04,Q4,312568000.0,76362000.0,236206000.0,0.7556947608200456,52180000.0,47390000.0,82692000.0,-4598000.0,190700000.0,267062000.0,3842000.0,20978000.0,66484000.0,0.2127025159325331,45506000.0,0.14558752015561413,-71162000.0,-26209000.0,-0.08385055411942362,-20655000.0,-5554000.0,-0.017768933480074734,0.08,0.08,115025000,115025000,https://www.sec.gov/Archives/edgar/data/857005/000085700515000042/0000857005-15-000042-index.html,https://www.sec.gov/Archives/edgar/data/857005/000085700515000042/ptc9-30x1510xk.htm,1620596877,17:47:57,20210509
23,2015-07-04,PTC,USD,2015-08-11 00:00:00,2015-08-11 17:04:20,Q3,303100000.0,79400000.0,223700000.0,0.7380402507423293,54100000.0,45346000.0,86454000.0,13498000.0,202100000.0,281500000.0,-4000000.0,21299999.999999996,42900000.0,0.1415374463873309,21600000.0,0.07126360936984494,300000.0,17900000.0,0.059056417024084464,500000.0,17400000.0,0.057406796436819535,0.15,0.15,116000000,116000000,https://www.sec.gov/Archives/edgar/data/857005/000085700515000028/0000857005-15-000028-index.html,https://www.sec.gov/Archives/edgar/data/857005/000085700515000028/ptc07042015-q3.htm,1620596877,17:47:57,20210509
24,2015-04-04,PTC,USD,2015-05-11 00:00:00,2015-05-11 17:12:42,Q2,314100000.0,86100000.0,228100000.0,0.7262018465456861,60200000.0,32976000.0,82024000.0,47660000.0,224000000.00000003,310100000.00000006,-4000000.0,21000000.000000004,25000000.000000004,0.07959248646927732,4000000.0,0.012734797835084369,400000.0,400000.0,0.0012734797835084368,-5000000.0,5400000.0,0.017191977077363897,0.04659,0.04659,115900000,115900000,https://www.sec.gov/Archives/edgar/data/857005/000085700515000021/0000857005-15-000021-index.html,https://www.sec.gov/Archives/edgar/data/857005/000085700515000021/ptc04042015-q2.htm,1620596877,17:47:57,20210509
25,2015-01-03,PTC,USD,2015-02-10,2015-02-10 17:11:20,Q1,325400000.0,92900000.0,232500000.0,0.7145052243392748,61100000.0,32993000.0,87607000.0,9158000.0,194900000.0,287800000.0,-2500000.0,21200000.0,58800000.0,0.18070067609096496,37600000.0,0.11555009219422249,-700000.0,34400000.0,0.1057160417947142,4100000.0,30300000.0,0.09311616472034419,0.25897,0.25897,117000000,117000000,https://www.sec.gov/Archives/edgar/data/857005/000085700514000032/ptc9-30x1410xk.htm,https://www.sec.gov/Archives/edgar/data/857005/000085700514000032/ptc9-30x1410xk.htm,1620596877,17:47:57,20210509
26,2014-09-30,PTC,USD,2014-11-26 00:00:00,2014-11-26 17:17:59,Q4,366708000.0,95854000.0,270854000.0,0.7386094658420324,60387000.0,43344000.0,95835000.0,-3740000.0,207921000.0,303775000.0,2755000.0,20008000.0,82941000.0,0.22617723093033149,62933000.0,0.1716161087295614,-32251000.0,32368000.0,0.08826641360428461,-6387000.0,38755000.0,0.10568354112809102,0.33,0.33,118275000,118275000,https://www.sec.gov/Archives/edgar/data/857005/000085700514000032/0000857005-14-000032-index.html,https://www.sec.gov/Archives/edgar/data/857005/000085700514000032/ptc9-30x1410xk.htm,1620596877,17:47:57,20210509
27,2014-06-28,PTC,USD,2014-08-05 00:00:00,2014-08-05 16:38:23,Q3,336600000.0,91100000.0,245600000.0,0.7296494355317885,57400000.0,32560000.0,91440000.0,8512000.0,191200000.00000003,282300000.0,-3400000.0,19000000.0,73400000.0,0.21806298276886513,54400000.0,0.16161616161616163,1100000.0,52100000.0,0.15478312537136066,14100000.0,38000000.0,0.11289364230540701,0.31693,0.31693,119900000,119900000,https://www.sec.gov/Archives/edgar/data/857005/000085700514000018/0000857005-14-000018-index.html,https://www.sec.gov/Archives/edgar/data/857005/000085700514000018/ptc06282014-q3.htm,1620596877,17:47:57,20210509
28,2014-03-29,PTC,USD,2014-05-06 00:00:00,2014-05-06 16:57:47,Q2,328700000.0,93800000.0,234900000.0,0.7146334043200486,55600000.0,30266000.0,85934000.0,7985000.0,183700000.0,277500000.0,-2400000.0,19199999.999999996,70400000.0,0.21417706114998478,51200000.0,0.1557651353818071,-300000.0,48500000.0,0.14755095832065712,4800000.0,43800000.0,0.1332522056586553,0.36288,0.36288,120700000,120700000,https://www.sec.gov/Archives/edgar/data/857005/000085700514000010/0000857005-14-000010-index.html,https://www.sec.gov/Archives/edgar/data/857005/000085700514000010/ptc03292014-q2.htm,1620596877,17:47:57,20210509
29,2013-12-28,PTC,USD,2014-02-04,2014-02-04 16:46:56,Q1,324900000.0,93000000.0,232000000.0,0.714065866420437,53100000.0,29662000.0,84238000.0,8856000.0,177100000.00000003,270100000.0,200000.0,19100000.0,74000000.0,0.22776238842720836,54900000.0,0.16897506925207756,-1900000.0,53100000.0,0.1634349030470914,13500000.0,39700000.0,0.12219144352108341,0.32783,0.32783,121100000,121100000,https://www.sec.gov/Archives/edgar/data/857005/000085700513000038/ptc9-30x1310xk.htm,https://www.sec.gov/Archives/edgar/data/857005/000085700513000038/ptc9-30x1310xk.htm,1620596877,17:47:57,20210509
30,2013-09-30,PTC,USD,2013-11-22 00:00:00,2013-11-22 16:51:32,Q4,344845000.0,91529000.0,253316000.0,0.7345793037451609,55127000.0,33910000.0,90734000.0,-599000.0,186462000.0,277991000.0,1476000.0,19119000.0,85973000.0,0.24930910988995056,66854000.0,0.19386680972610884,-14824000.0,48407000.0,0.14037321115283677,-8059000.0,56466000.0,0.16374313097188592,0.47,0.47,121267000,121267000,https://www.sec.gov/Archives/edgar/data/857005/000085700513000038/0000857005-13-000038-index.html,https://www.sec.gov/Archives/edgar/data/857005/000085700513000038/ptc9-30x1310xk.htm,1620596877,17:47:57,20210509
31,2013-06-29,PTC,USD,2013-08-07 00:00:00,2013-08-07 16:15:18,Q3,315000000.0,91200000.0,223800000.0,0.7104761904761905,53800000.0,27902000.0,88298000.0,9669000.0,175500000.0,266700000.0,-1700000.0,18500000.0,66800000.0,0.21206349206349207,48300000.0,0.15333333333333332,-200000.0,46400000.0,0.1473015873015873,11900000.0,34500000.0,0.10952380952380952,0.2856,0.2856,120800000,120800000,https://www.sec.gov/Archives/edgar/data/857005/000085700513000026/0000857005-13-000026-index.html,https://www.sec.gov/Archives/edgar/data/857005/000085700513000026/ptc06292013-q3.htm,1620596877,17:47:57,20210509
32,2013-03-30,PTC,USD,2013-05-08 00:00:00,2013-05-08 16:08:30,Q2,313900000.0,93300000.0,220700000.0,0.703090156100669,55500000.0,31341000.0,88059000.0,44475000.0,199399999.99999997,292700000.0,-2400000.0,19400000.0,40600000.0,0.12934055431666136,21200000.0,0.0675374323032813,500000.0,19400000.0,0.061803122013380056,2300000.0,17000000.0,0.0541573749601784,0.14038,0.14038,121100000,121100000,https://www.sec.gov/Archives/edgar/data/857005/000085700513000018/0000857005-13-000018-index.html,https://www.sec.gov/Archives/edgar/data/857005/000085700513000018/ptc03302013-q2.htm,1620596877,17:47:57,20210509
33,2012-12-29,PTC,USD,2013-02-06 00:00:00,2013-02-06 16:45:44,Q1,319800000.0,97100000.0,222700000.0,0.6963727329580988,57400000.0,31251000.0,93549000.0,22025000.0,208799999.99999997,305900000.0,-1800000.0,19500000.0,33400000.0,0.10444027517198248,13900000.0,0.04346466541588493,0.0,12100000.0,0.037836147592245156,-23800000.0,35800000.0,0.11194496560350219,0.29392,0.29392,121800000,121800000,https://www.sec.gov/Archives/edgar/data/857005/000085700513000009/0000857005-13-000009-index.html,https://www.sec.gov/Archives/edgar/data/857005/000085700513000009/ptc-12292012xq1.htm,1620596877,17:47:57,20210509
34,2012-09-30,PTC,USD,2012-11-16 00:00:00,2012-11-16 17:29:10,Q4,325295000.0,87839000.0,237456000.0,0.7299712568591586,52131000.0,28511000.0,94350000.0,0.0,179851000.0,267690000.0,1346000.0,0.0,68696000.0,0.2111806206673942,57605000.0,0.17708541477735593,-734000.0,56159000.0,0.17264021887824899,140144000.0,-83985000.0,-0.2581810356753101,-0.6895320197044335,-0.6895320197044335,121800000,121800000,https://www.sec.gov/Archives/edgar/data/857005/000085700512000031/0000857005-12-000031-index.html,https://www.sec.gov/Archives/edgar/data/857005/000085700512000031/ptc9-30x1210xk.htm,1620596877,17:47:57,20210509
35,2012-06-30,PTC,USD,2012-07-30 00:00:00,2012-07-30 17:02:59,Q3,310983000.0,92854000.0,218129000.0,0.7014177623857253,53260000.0,29851000.0,94706000.0,0.0,182920000.0,275774000.0,1000000.0,16867000.0,52076000.0,0.1674560988864343,35209000.0,0.11321840743706248,-4126000.0,30779000.0,0.09897325577282359,7884000.0,22895000.0,0.07362138766427746,0.19232707783807396,0.18964117686038037,119042000,120728000,https://www.sec.gov/Archives/edgar/data/857005/000085700512000019/0000857005-12-000019-index.html,https://www.sec.gov/Archives/edgar/data/857005/000085700512000019/pmtc-6302012xq3.htm,1620596877,17:47:57,20210509
36,2012-03-31,PTC,USD,2012-05-09,2012-05-09 08:28:18,Q2,301125000.0,93216000.0,207909000.0,0.6904408468244084,54576000.0,29534000.0,90962000.0,0.0,180204000.0,273420000.0,1200000.0,16259000.0,43964000.0,0.1459991697799917,27705000.0,0.09200498132004982,-23269000.0,3936000.0,0.013070983810709837,367000.0,3569000.0,0.011852220838522208,0.029990840567044527,0.029398439881055345,119003000,121401000,https://www.sec.gov/Archives/edgar/data/857005/000085700512000014/pmtc-3312012xq2.htm,https://www.sec.gov/Archives/edgar/data/857005/000085700512000014/pmtc-3312012xq2.htm,1620596877,17:47:57,20210509
37,2011-12-31,PTC,USD,2012-02-08 00:00:00,2012-02-08 16:09:12,Q1,318276000.0,98219000.0,220057000.0,0.6914030589802561,54993000.0,29572000.0,97778000.0,0.0,187552000.0,285771000.0,1200000.0,17026000.0,49531000.0,0.15562279279618946,32505000.0,0.10212834143950533,-2243000.0,29862000.0,0.09382422802850356,7739000.0,22123000.0,0.06950885395065917,0.19,0.18,117715000,120576000,https://www.sec.gov/Archives/edgar/data/857005/000085700512000005/0000857005-12-000005-index.html,https://www.sec.gov/Archives/edgar/data/857005/000085700512000005/pmtc-12312011xq1.htm,1620596877,17:47:57,20210509
38,2011-09-30,PTC,USD,2011-09-30,2011-09-30,Q4,339425000.0,98527000.0,240898000.0,0.7097237975988805,55730000.0,30213000.0,98261000.0,0.0,189650000.0,288177000.0,2010000.0,0.0,57946000.0,0.1707181262429108,51248000.0,0.1509847536274582,-2721000.0,47661000.0,0.14041688149075643,10040000.0,37621000.0,0.11083744568019445,0.31824487793323974,0.31824487793323974,118214000,118214000,,,1620596877,17:47:57,20210509
39,2011-06-30,PTC,USD,2011-06-30,2011-06-30,Q3,291783000.0,90409000.0,201374000.0,0.6901498716511928,51103000.0,31882000.0,89106000.0,0.0,176844000.0,267253000.0,800000.0,0.0,41357000.0,0.14173889500073686,24530000.0,0.08406932549188952,-6471000.0,18259000.0,0.06257732630070978,2733000.0,15526000.0,0.053210776501715316,0.13133808178388345,0.12814037172757584,118214000,121164000,,,1620596877,17:47:57,20210509
40,2011-03-31,PTC,USD,2011-03-31,2011-03-31,Q2,269189000.0,81771000.0,187418000.0,0.6962320154241072,53051000.0,24712000.0,81163000.0,0.0,163192000.0,244963000.0,300000.0,0.0,39777000.0,0.1477660677070757,24226000.0,0.08999624798933091,-1422000.0,23404000.0,0.08694263138538351,4387000.0,19017000.0,0.07064553157818484,0.16089649220772628,0.15651594212440947,118194000,121502000,,,1620596877,17:47:57,20210509
41,2010-12-31,PTC,USD,2010-12-31,2010-12-31,Q1,266552000.0,86061000.0,180491000.0,0.6771324169392839,51522000.0,23484000.0,84521000.0,0.0,163381000.0,249442000.0,300000.0,0.0,32079000.0,0.12034799963984513,17110000.0,0.06419010174374981,-2486000.0,15224000.0,0.057114559260482006,1964000.0,13260000.0,0.049746390948107684,0.11350115983462727,0.10945109368551383,116827000,121150000,,,1620596877,17:47:57,20210509
42,2010-09-30,PTC,USD,2010-09-30,2010-09-30,Q4,268066000.0,77147000.0,190919000.0,0.7122089336208247,50320000.0,23242000.0,84676000.0,0.0,161974000.0,239121000.0,326000.0,14644000.0,43589000.0,0.16260547775547812,28945000.0,0.10797713995807003,8327000.0,37755000.0,0.14084218065700238,50970000.0,-13215000.0,-0.04929756104839853,-0.11472549223877487,-0.11472549223877487,115188000,115188000,,,1620596877,17:47:57,20210509
43,2010-06-30,PTC,USD,2010-06-30,2010-06-30,Q3,242998000.0,74711000.0,168287000.0,0.6925447946073631,50597000.0,22755000.0,79121000.0,0.0,156309000.0,231020000.0,300000.0,0.0,28317000.0,0.11653182330718771,11978000.0,0.049292586770261486,-720000.0,11658000.0,0.04797570350373254,940000.0,10718000.0,0.04410735890830377,0.09304788693266659,0.09006495634563834,115188000,119003000,,,1620596877,17:47:57,20210509
44,2010-03-31,PTC,USD,2010-03-31,2010-03-31,Q2,240556000.0,77166000.0,163390000.0,0.6792181446316035,49960000.0,22807000.0,75137000.0,0.0,151879000.0,229045000.0,300000.0,0.0,28187000.0,0.11717437935449541,11511000.0,0.04785164369211327,-1005000.0,10906000.0,0.04533663679143318,1904000.0,9002000.0,0.037421639867639966,0.07763624289570595,0.07510679482045121,115951000,119856000,,,1620596877,17:47:57,20210509
45,2009-12-31,PTC,USD,2009-12-31,2009-12-31,Q1,258429000.0,78671000.0,179758000.0,0.6955798304369866,50690000.0,24071000.0,78598000.0,0.0,157417000.0,236088000.0,500000.0,0.0,38764000.0,0.14999864566283197,22341000.0,0.08644927620352205,-524000.0,21817000.0,0.08442163998622446,3954000.0,17863000.0,0.06912149952211245,0.15365624973118974,0.14749036024208798,116253000,121113000,,,1620596877,17:47:57,20210509
46,2009-09-30,PTC,USD,2009-09-30,2009-09-30,Q4,246343000.0,73350000.0,172993000.0,0.7022444315446349,48826000.0,22295000.0,76297000.0,0.0,151528000.0,224878000.0,897000.0,16052000.0,37517000.0,0.1522957827094742,21465000.0,0.0871346050019688,-6546000.0,14879000.0,0.06039952424059137,-1021000.0,15900000.0,0.06454415185331022,0.13802802229282776,0.13802802229282776,115194000,115194000,,,1620596877,17:47:57,20210509
47,2009-06-30,PTC,USD,2009-06-30,2009-06-30,Q3,226159000.0,73806000.0,152353000.0,0.6736543759036784,46562000.0,19245000.0,73823000.0,0.0,143457000.0,217263000.0,400000.0,0.0,25397000.0,0.1122971007123307,8896000.0,0.039335158008303894,-7900000.0,1496000.0,0.006614815240605061,-2292000.0,3788000.0,0.016749278162708537,0.032883657134920224,0.03235560414780395,115194000,117074000,,,1620596877,17:47:57,20210509
48,2009-03-31,PTC,USD,2009-03-31,2009-03-31,Q2,225292000.0,79278000.0,146014000.0,0.648110008344726,44752000.0,17693000.0,71387000.0,0.0,137647000.0,216925000.0,700000.0,15162000.0,23529000.0,0.10443779628215827,8367000.0,0.03713846918665554,-10538000.0,-1671000.0,-0.007417040995685599,-8846000.0,7175000.0,0.03184755783605277,0.06250381120800048,0.062037421318392474,114793000,115656000,,,1620596877,17:47:57,20210509
49,2008-12-31,PTC,USD,2009-02-12,2009-02-12,Q1,240391000.0,83325000.0,157066000.0,0.6533772063014006,48361000.0,101299000.0,0.0,0.0,153528000.0,236853000.0,0.0,14795000.0,18333000.0,0.07626325444796186,3538000.0,0.014717689098177552,0.0,2467000.0,0.010262447429396275,-2192000.0,4659000.0,0.019380925242625555,0.04067042032211601,0.03969971710010566,114555000,117356000,https://www.sec.gov/Archives/edgar/data/857005/000119312509027292/0001193125-09-027292-index.htm,https://www.sec.gov/Archives/edgar/data/857005/000119312509027292/d10q.htm,1620596877,17:47:57,20210509
50,2008-09-30,PTC,USD,2008-09-30,2008-09-30,Q4,299547000.0,88786000.0,210761000.0,0.7035991013096442,47366000.0,106907000.0,0.0,0.0,152600000.0,241386000.0,0.0,16537000.0,74698000.0,0.24936988185493428,58161000.0,0.19416318641148134,-7468000.0,46926000.0,0.15665655139260284,10422000.0,36504000.0,0.12186401466213984,0.32164665039518553,0.32164665039518553,113491000,113491000,,,1620596877,17:47:57,20210509
51,2008-06-30,PTC,USD,2008-08-07,2008-08-07,Q3,271748000.0,85562000.0,186186000.0,0.6851421169613023,47374000.0,99056000.0,0.0,0.0,150474000.0,236036000.0,0.0,16636000.0,52348000.0,0.19263435241473717,35712000.0,0.13141587058598408,-10900000.0,24812000.0,0.09130517979893137,10342000.0,14470000.0,0.05324786198978465,0.13,0.12,113491000,117363000,https://www.sec.gov/Archives/edgar/data/857005/000119312508170085/0001193125-08-170085-index.htm,https://www.sec.gov/Archives/edgar/data/857005/000119312508170085/d10q.htm,1620596877,17:47:57,20210509
52,2008-03-31,PTC,USD,2008-03-31,2008-03-31,Q2,257793000.0,80653000.0,177140000.0,0.6871404576540092,45734000.0,94167000.0,0.0,0.0,144216000.0,224869000.0,0.0,14913000.0,47837000.0,0.1855636111143437,32924000.0,0.1277148720097132,-2247000.0,30677000.0,0.11899857637717083,11829000.0,18848000.0,0.0731129239350952,0.17,0.16,113811000,117247000,,,1620596877,17:47:57,20210509
53,2007-12-31,PTC,USD,2008-02-07,2008-02-07,Q1,241242000.0,75785000.0,165457000.0,0.6858548677261836,41548000.0,94579000.0,0.0,0.0,139020000.0,214805000.0,0.0,11935000.0,38372000.0,0.15906019681481665,26437000.0,0.1095870536639557,-9966000.0,16471000.0,0.0682758391988128,6591000.0,9880000.0,0.04095472595982457,0.09,0.08,113680000,118087000,https://www.sec.gov/Archives/edgar/data/857005/000095013508000606/0000950135-08-000606-index.htm,https://www.sec.gov/Archives/edgar/data/857005/000095013508000606/b68402pte10vq.htm,1620596877,17:47:57,20210509
54,2007-09-30,PTC,USD,2007-09-30,2007-09-30,Q4,266420000.0,74100000.0,192320000.0,0.7218677276480745,44416000.0,99809000.0,0.0,0.0,146252000.0,220352000.0,0.0,10317000.0,56385000.0,0.21163951655281135,46068000.0,0.17291494632535095,-22719000.0,33217000.0,0.12467907814728624,9341000.0,23876000.0,0.08961789655431274,0.21100447178181947,0.21100447178181947,113154000,113154000,,,1620596877,17:47:57,20210509
55,2007-06-30,PTC,USD,2007-06-30,2007-06-30,Q3,225096000.0,71757000.0,153339000.0,0.6812160145004797,39798000.0,91428000.0,0.0,0.0,132990000.0,204747000.0,0.0,9659000.0,30008000.0,0.13331200909834026,20349000.0,0.09040142872374454,1724000.0,22073000.0,0.09806038312542205,-65155000.0,87228000.0,0.38751466041155774,0.77,0.74,113154000,117500000,,,1620596877,17:47:57,20210509
56,2007-03-31,PTC,USD,2007-03-31,2007-03-31,Q2,228096000.0,72825000.0,155271000.0,0.6807265361952862,40153000.0,92271000.0,0.0,0.0,134012000.0,206837000.0,0.0,9687000.0,30946000.0,0.1356709455667789,21259000.0,0.09320198512906847,1348000.0,22607000.0,0.09911177749719416,5208000.0,17399000.0,0.07627928591470258,0.15418494394966548,0.14809424101595084,112845000,117486000,,,1620596877,17:47:57,20210509
57,2006-12-31,PTC,USD,2007-12-11,2007-12-11,Q1,221667000.0,72128000.0,149539000.0,0.6746110156225329,37984000.0,88484000.0,0.0,0.0,128556000.0,200684000.0,0.0,9536000.0,30519000.0,0.13767949221128992,20983000.0,0.09466000803006311,780000.0,21763000.0,0.09817879973112822,6610000.0,15153000.0,0.06835929570030722,0.14,0.13,111830000,117283000,https://www.sec.gov/Archives/edgar/data/857005/000095013507007465/0000950135-07-007465-index.htm,https://www.sec.gov/Archives/edgar/data/857005/000095013507007465/b67721q1e10vqza.htm,1620596877,17:47:57,20210509
58,2006-09-30,PTC,USD,2006-09-30,2006-09-30,Q4,245502000.0,73504000.0,171998000.0,0.7005971438114557,39861000.0,98456000.0,0.0,0.0,140099000.0,213603000.0,0.0,9078000.0,40977000.0,0.16691106386098686,31899000.0,0.12993376836033924,-4487000.0,32855000.0,0.13382783032317455,7132000.0,25723000.0,0.1047771504916457,0.2339581798502915,0.2339581798502915,109947000,109947000,,,1620596877,17:47:57,20210509
59,2006-06-30,PTC,USD,2006-06-30,2006-06-30,Q3,216704000.0,68574000.0,148130000.0,0.6835591405788541,36905000.0,88071000.0,0.0,0.0,126622000.0,195196000.0,0.0,8685000.0,30193000.0,0.13932830035440047,21508000.0,0.09925059066745422,-7207000.0,14301000.0,0.06599324424099232,-2575000.0,16876000.0,0.07787581216774955,0.15349213712061266,0.14951581894374993,109947000,112871000,,,1620596877,17:47:57,20210509
60,2006-03-31,PTC,USD,2006-05-11,2006-05-11,Q2,200194000.0,65530000.0,134664000.0,0.6726675125128625,35989000.0,82299000.0,0.0,0.0,119576000.0,185106000.0,0.0,8063000.0,23151000.0,0.11564282645833542,15088000.0,0.07536689411271066,804000.0,15892000.0,0.07938299849146328,5141000.0,10751000.0,0.053702908179066304,0.1,0.09,109739000,113403000,https://www.sec.gov/Archives/edgar/data/857005/000119312506109231/0001193125-06-109231-index.htm,https://www.sec.gov/Archives/edgar/data/857005/000119312506109231/d10q.htm,1620596877,17:47:57,20210509
61,2005-12-31,PTC,USD,2005-12-31,2005-12-31,Q1,192518000.0,62025000.0,130493000.0,0.6778223334960887,34583000.0,83274000.0,0.0,0.0,119215000.0,181240000.0,0.0,8061000.0,19339000.0,0.10045294465972013,11278000.0,0.05858153523306912,1099000.0,12377000.0,0.06429009235500058,4861000.0,7516000.0,0.039040505303400204,0.075,0.066708,109485200,112670800,,,1620596877,17:47:57,20210509
62,2005-09-30,PTC,USD,2005-09-30,2005-09-30,Q4,195092000.0,58886000.0,136206000.0,0.6981629180079142,35392000.0,88855000.0,0.0,0.0,125215000.0,184101000.0,0.0,7316000.0,18307000.0,0.09383777909909172,10991000.0,0.056337522809751295,-5001000.0,12868000.0,0.06595862464888361,-4407000.0,17275000.0,0.08854796711295183,0.15889966923113716,0.15889966923113716,108716400,108716400,,,1620596877,17:47:57,20210509
63,2005-06-30,PTC,USD,2005-06-30,2005-06-30,Q3,180334000.0,52126000.0,128208000.0,0.7109474641498553,28061000.0,73407000.0,0.0,0.0,101694000.0,153820000.0,0.0,5966000.0,32480000.0,0.18011023988820743,26514000.0,0.1470271828939634,2476000.0,28990000.0,0.1607572615258354,2336000.0,26654000.0,0.14780352013486087,0.24517000195002778,0.2379048237894113,108716400,112036400,,,1620596877,17:47:57,20210509
64,2005-03-31,PTC,USD,2005-03-31,2005-03-31,Q2,176103000.0,49573000.0,126530000.0,0.7184999687682777,28347000.0,73469000.0,0.0,0.0,102038000.0,151611000.0,0.0,6126000.0,30618000.0,0.17386415904328717,24492000.0,0.13907769884669768,2237000.0,26729000.0,0.15178049209837424,6225000.0,20504000.0,0.11643186089958717,0.2,0.175,108499200,111958000,,,1620596877,17:47:57,20210509
65,2004-12-31,PTC,USD,2005-02-10,2005-02-10,Q1,169190000.0,47657000.0,121533000.0,0.7183225958981028,26467000.0,71632000.0,0.0,0.0,98321000.0,145978000.0,0.0,6473000.0,29685000.0,0.1754536320113482,23212000.0,0.13719486967314853,-487000.0,22725000.0,0.13431644896270464,3566000.0,19159000.0,0.11323955316508068,0.175,0.171556,108014400,111677600,https://www.sec.gov/Archives/edgar/data/857005/000119312505025093/0001193125-05-025093-index.htm,https://www.sec.gov/Archives/edgar/data/857005/000119312505025093/d10q.htm,1620596877,17:47:57,20210509
66,2004-09-30,PTC,USD,2004-09-30,2004-09-30,Q4,170134000.0,43434000.0,126700000.0,0.744707113216641,25383000.0,71071000.0,0.0,0.0,97677000.0,141111000.0,0.0,7640000.0,36663000.0,0.21549484523963464,29023000.0,0.17058906508987035,-4333000.0,28174000.0,0.1655988808821282,-13870000.0,42044000.0,0.24712285610166104,0.39204935398203683,0.39204935398203683,107241600,107241600,,,1620596877,17:47:57,20210509
67,2004-06-30,PTC,USD,2004-06-30,2004-06-30,Q3,168377000.0,46024000.0,122353000.0,0.7266610047690599,26250000.0,68606000.0,0.0,0.0,96083000.0,142107000.0,0.0,8775000.0,35045000.0,0.20813412758274585,26270000.0,0.1560189337023465,-3848000.0,22422000.0,0.13316545608960845,6287000.0,16135000.0,0.09582662715216449,0.15,0.146691,107241600,109993200,,,1620596877,17:47:57,20210509
68,2004-03-31,PTC,USD,2004-03-31,2004-03-31,Q2,164708000.0,40570000.0,124138000.0,0.7536853097603031,26780000.0,71496000.0,0.0,0.0,99612000.0,140182000.0,0.0,9180000.0,33706000.0,0.20464094033076718,24526000.0,0.14890594263788037,-16503000.0,8023000.0,0.04871044515141948,4852000.0,3171000.0,0.01925225247103966,0.02963385230734725,0.028974674800165204,107006000,109440400,,,1620596877,17:47:57,20210509
69,2003-12-31,PTC,USD,2003-12-31,2003-12-31,Q1,156810000.0,52147000.0,104663000.0,0.6674510554173841,29579000.0,73145000.0,0.0,0.0,104133000.0,156280000.0,0.0,9562000.0,10092000.0,0.06435814042471781,530000.0,0.003379886486831197,-22110000.0,-21580000.0,-0.1376187743128627,4957000.0,-26537000.0,-0.16923027868120655,-0.25,-0.25,106568800,106568800,,,1620596877,17:47:57,20210509
70,2003-09-30,PTC,USD,2003-09-30,2003-09-30,Q4,163703000.0,59244000.0,104459000.0,0.638100706767744,32703000.0,86388000.0,0.0,0.0,120552000.0,179796000.0,0.0,10471000.0,-5622000.0,-0.03434268156356328,-16093000.0,-0.09830607869128849,-20364000.0,-33197000.0,-0.20278797578541627,4762000.0,-37959000.0,-0.23187724110126265,-0.3654011904171841,-0.3654011904171841,103883077,103883077,,,1620596877,17:47:57,20210509
71,2003-06-30,PTC,USD,2003-06-30,2003-06-30,Q3,165244000.0,55295000.0,109949000.0,0.6653736292997022,31880000.0,90260000.0,0.0,0.0,123599000.0,178894000.0,0.0,9931000.0,-3719000.0,-0.02250611217351311,-13650000.0,-0.08260511728111157,-15144000.0,-28794000.0,-0.17425141003606787,4968000.0,-33762000.0,-0.20431604173222628,-0.325,-0.325,103883077,103883077,,,1620596877,17:47:57,20210509
72,2003-03-31,PTC,USD,2003-05-13,2003-05-13,Q2,171026000.0,52672000.0,118354000.0,0.6920234350332698,31942000.0,94283000.0,0.0,0.0,127685000.0,180357000.0,0.0,10400000.0,1069000.0,0.0062505116181165435,-9331000.0,-0.0545589559482184,-887000.0,-10248000.0,-0.0599207138095962,4951000.0,-15169000.0,-0.08869411668401296,-0.15,-0.15,105518400,105518400,https://www.sec.gov/Archives/edgar/data/857005/000092701603002605/0000927016-03-002605-index.htm,https://www.sec.gov/Archives/edgar/data/857005/000092701603002605/d10q.htm,1620596877,17:47:57,20210509
73,2002-12-31,PTC,USD,2002-12-31,2002-12-31,Q1,171967000.0,51275000.0,120692000.0,0.7018323282955451,31900000.0,96966000.0,0.0,0.0,130347000.0,181622000.0,0.0,10835000.0,1180000.0,0.006861781620892381,-9655000.0,-0.056144492838742316,-565000.0,-10220000.0,-0.05943000691993231,1170000.0,-11390000.0,-0.06623363784912221,-0.1,-0.1,113900000,113900000,,,1620596877,17:47:57,20210509
74,2002-09-30,PTC,USD,2003-01-28,2003-01-28,Q4,174557000.0,52269000.0,122288000.0,0.7005619940764335,32348000.0,98580000.0,0.0,0.0,115185000.0,167454000.0,0.0,17937000.0,25040000.0,0.143448844789954,7103000.0,0.040691579254913866,-4670000.0,-17973000.0,-0.10296350189336434,32844000.0,-50817000.0,-0.2911198061378232,-0.46535714285714286,-0.46535714285714286,109200000,109200000,https://www.sec.gov/Archives/edgar/data/857005/000092701603000282/0000927016-03-000282-index.htm,https://www.sec.gov/Archives/edgar/data/857005/000092701603000282/d10k.htm,1620596877,17:47:57,20210509
75,2002-06-30,PTC,USD,2002-08-13,2002-08-13,Q3,182508000.0,52812000.0,129696000.0,0.7106318627128674,33464000.0,100623000.0,0.0,0.0,161299000.0,214111000.0,0.0,18045000.0,-13558000.0,-0.07428715453569158,-31603000.0,-0.1731595327328117,-19622000.0,-32833000.0,-0.17989896333311417,-8263000.0,-24570000.0,-0.1346242356499441,-0.225,-0.225,109200000,109200000,https://www.sec.gov/Archives/edgar/data/857005/000092701602004017/0000927016-02-004017-index.htm,https://www.sec.gov/Archives/edgar/data/857005/000092701602004017/d10q.htm,1620596877,17:47:57,20210509
76,2002-03-31,PTC,USD,2002-05-14,2002-05-14,Q2,185015000.0,55912000.0,129103000.0,0.697797475880334,35572000.0,101421000.0,0.0,0.0,146027000.0,201939000.0,0.0,18301000.0,1377000.0,0.0074426397859633005,-16924000.0,-0.09147366429748939,-952000.0,-17876000.0,-0.09661919303840229,-2591000.0,-15285000.0,-0.08261492311434208,-0.15,-0.15,104211600,104211600,https://www.sec.gov/Archives/edgar/data/857005/000092701602002829/0000927016-02-002829-index.htm,https://www.sec.gov/Archives/edgar/data/857005/000092701602002829/d10q.htm,1620596877,17:47:57,20210509
77,2001-12-31,PTC,USD,2002-02-12,2002-02-12,Q1,198605000.0,54693000.0,143912000.0,0.7246141839329322,34689000.0,99881000.0,0.0,0.0,149824000.0,204517000.0,0.0,18342000.0,12430000.0,0.06258654112434228,-5912000.0,-0.02976762921376602,-5834000.0,-5657000.0,-0.02848367362352408,-2708000.0,-2949000.0,-0.014848568767150877,-0.025,-0.025,117960000,117960000,https://www.sec.gov/Archives/edgar/data/857005/000092701602000694/0000927016-02-000694-index.htm,https://www.sec.gov/Archives/edgar/data/857005/000092701602000694/d10q.txt,1620596877,17:47:57,20210509
78,2001-09-30,PTC,USD,2001-12-27,2001-12-27,Q4,225439000.0,62632000.0,162807000.0,0.7221776178922015,37374000.0,115458000.0,0.0,0.0,194980000.0,257612000.0,0.0,19219000.0,-12954000.0,-0.057461220108321984,-32173000.0,-0.1427126628489303,-44849000.0,-34366000.0,-0.152440349717662,-9462000.0,-24904000.0,-0.11046890733191683,-0.2318808193668529,-0.2318808193668529,107400000,107400000,https://www.sec.gov/Archives/edgar/data/857005/000092701601504441/0000927016-01-504441-index.htm,https://www.sec.gov/Archives/edgar/data/857005/000092701601504441/d10k405.txt,1620596877,17:47:57,20210509
79,2001-06-30,PTC,USD,2001-06-30,2001-06-30,Q3,229093000.0,64188000.0,164905000.0,0.7198168429415128,38494000.0,117375000.0,0.0,0.0,169135000.0,233323000.0,0.0,18994000.0,14764000.0,0.06444544355349138,-4230000.0,-0.01846411719258118,-3368000.0,-3782000.0,-0.01650857948518724,-1097000.0,-2685000.0,-0.011720131125787344,-0.025,-0.025,107400000,107400000,,,1620596877,17:47:57,20210509
80,2001-03-31,PTC,USD,2001-03-31,2001-03-31,Q2,245130000.0,63362000.0,181768000.0,0.7415167462162934,37265000.0,111446000.0,0.0,0.0,158223000.0,221585000.0,0.0,19276000.0,42821000.0,0.174686900828132,23545000.0,0.09605107493982784,-13515000.0,10030000.0,0.04091706441480031,2909000.0,7121000.0,0.02904989189409701,0.075,0.075,94946667,94946667,,,1620596877,17:47:57,20210509
81,2000-12-31,PTC,USD,2000-12-31,2000-12-31,Q1,234944000.0,71828000.0,163116000.0,0.6942760828112231,35809000.0,111306000.0,0.0,0.0,147115000.0,218943000.0,0.0,18881000.0,34882000.0,0.14846942250068101,16001000.0,0.06810559111958595,1256000.0,17257000.0,0.07345154590029965,5003000.0,12254000.0,0.052157109779351674,0.125,0.125,98032000,98032000,,,1620596877,17:47:57,20210509
82,2000-09-30,PTC,USD,2000-09-30,2000-09-30,Q4,235018000.0,50647000.0,184371000.0,0.7844973576492014,35820000.0,120543000.0,0.0,0.0,176061000.0,226708000.0,0.0,19698000.0,28008000.0,0.11917385051357768,8310000.0,0.03535899377919989,-11436000.0,9735000.0,0.041422359138448966,2823000.0,6912000.0,0.029410513237283952,0.06720684492381265,0.06720684492381265,102846667,102846667,,,1620596877,17:47:57,20210509
83,2000-06-30,PTC,USD,2000-06-30,2000-06-30,Q3,227254000.0,48387000.0,178867000.0,0.7870796553636019,36265000.0,122259000.0,0.0,0.0,179445000.0,227832000.0,0.0,20921000.0,20343000.0,0.08951657616587606,-578000.0,-0.0025434095769491408,-20835000.0,-21413000.0,-0.0942249641370449,-5986000.0,-15427000.0,-0.06788439367403874,-0.15,-0.15,102846667,102846667,,,1620596877,17:47:57,20210509
84,2000-03-31,PTC,USD,2000-03-31,2000-03-31,Q2,227105000.0,54215000.0,172890000.0,0.7612778230333986,37611000.0,123715000.0,0.0,0.0,181291000.0,235506000.0,0.0,19950000.0,11549000.0,0.05085312960965192,-8401000.0,-0.036991699874507386,393000.0,-8008000.0,-0.03526122278241342,-2162000.0,-5846000.0,-0.02574139715109751,-0.05,-0.05,110042800,110042800,,,1620596877,17:47:57,20210509
85,1999-12-31,PTC,USD,1999-12-31,1999-12-31,Q1,239000000.0,51400000.0,187600000.0,0.7849372384937239,34100000.0,121400000.0,0.0,0.0,173700000.0,225100000.0,0.0,18200000.0,32100000.0,0.13430962343096234,13900000.0,0.05815899581589958,600000.0,14600000.0,0.06108786610878661,4200000.0,10400000.0,0.04351464435146443,0.1,0.1,104000000,104000000,,,1620596877,17:47:57,20210509
86,1999-09-30,PTC,USD,1999-09-30,1999-09-30,Q4,280100000.0,47600000.0,232500000.0,0.8300606926097822,32200000.0,119700000.0,0.0,0.0,170500000.0,218100000.0,0.0,18600000.0,80600000.0,0.2877543734380578,62000000.0,0.22134951802927527,-11700000.0,61000000.0,0.21777936451267405,17700000.0,43300000.0,0.15458764726883256,0.3975282483068303,0.3975282483068303,108923077,108923077,,,1620596877,17:47:57,20210509
87,1999-06-30,PTC,USD,1999-06-30,1999-06-30,Q3,264100000.0,43500000.0,220600000.0,0.8352896630064369,32400000.0,120000000.0,0.0,0.0,170900000.0,214400000.0,0.0,18500000.0,68200000.0,0.25823551684967816,49700000.0,0.1881862930708065,900000.0,50600000.0,0.19159409314653542,15200000.0,35400000.0,0.13404013631200304,0.325,0.325,108923077,108923077,,,1620596877,17:47:57,20210509
88,1999-03-31,PTC,USD,1999-03-31,1999-03-31,Q2,263200000.0,41300000.0,221900000.0,0.8430851063829787,30300000.0,118400000.0,0.0,0.0,161600000.0,202900000.0,0.0,12900000.0,73200000.0,0.27811550151975684,60300000.0,0.2291033434650456,-38800000.0,21500000.0,0.08168693009118541,11000000.0,10500000.0,0.0398936170212766,0.1,0.1,105000000,105000000,,,1620596877,17:47:57,20210509
89,1998-12-31,PTC,USD,1998-12-31,1998-12-31,Q1,250100000.0,36000000.0,214100000.0,0.8560575769692124,29200000.0,112700000.0,0.0,0.0,154200000.0,190200000.0,0.0,12300000.0,72200000.0,0.28868452618952417,59900000.0,0.23950419832067174,-11900000.0,48100000.0,0.19232307077169133,18100000.0,30000000.0,0.11995201919232307,0.275,0.275,109090909,109090909,,,1620596877,17:47:57,20210509
90,1998-09-30,PTC,USD,1998-09-30,1998-09-30,Q4,250100000.0,30600000.0,219500000.0,0.8776489404238305,23200000.0,118000000.0,0.0,0.0,150900000.0,181500000.0,0.0,9700000.0,78300000.0,0.3130747700919632,68600000.0,0.27429028388644544,13400000.0,68700000.0,0.2746901239504198,23400000.0,45300000.0,0.18112754898040784,0.44703947515473513,0.44703947515473513,101333333,101333333,,,1620596877,17:47:57,20210509
91,1998-06-30,PTC,USD,1998-08-18,1998-08-18,Q3,245000000.0,31100000.0,213900000.0,0.873061224489796,24200000.0,118400000.0,0.0,0.0,149100000.0,180200000.0,0.0,6500000.0,71300000.0,0.2910204081632653,64800000.0,0.26448979591836735,-26900000.0,38000000.0,0.15510204081632653,22800000.0,15200000.0,0.062040816326530614,0.15,0.125,101333333,121600000,https://www.sec.gov/Archives/edgar/data/857005/0000927016-98-003164-index.html,https://www.sec.gov/Archives/edgar/data/857005/,1620596877,17:47:57,20210509
92,1998-03-31,PTC,USD,1998-03-31,1998-03-31,Q2,264100000.0,30800000.0,233300000.0,0.8833775085195001,20700000.0,105500000.0,0.0,0.0,133000000.0,163800000.0,0.0,6800000.0,107100000.0,0.405528209011738,100300000.0,0.3797803862173419,-77200000.0,23200000.0,0.08784551306323363,20100000.0,-15900000.0,-0.06020446800454373,-0.15,-0.15,106000000,106000000,,,1620596877,17:47:57,20210509
93,1997-12-31,PTC,USD,1997-12-31,1997-12-31,Q1,223000000.0,17200000.0,205800000.0,0.9228699551569507,15000000.0,92600000.0,0.0,0.0,114500000.0,131700000.0,0.0,6900000.0,98200000.0,0.44035874439461886,91300000.0,0.4094170403587444,3200000.0,94400000.0,0.4233183856502242,32100000.0,62300000.0,0.27937219730941704,0.4,0.375,102676000,102676000,,,1620596877,17:47:57,20210509
94,1997-09-30,PTC,USD,1997-09-30,1997-09-30,Q4,220200000.0,14800000.0,205400000.0,0.932788374205268,14100000.0,94800000.0,0.0,0.0,115000000.0,129800000.0,0.0,6100000.0,96500000.0,0.43823796548592187,90400000.0,0.410535876475931,2700000.0,93100000.0,0.4227974568574024,32600000.0,60500000.0,0.27475022706630337,0.569049715192969,0.569049715192969,106317600,106317600,,,1620596877,17:47:57,20210509
95,1997-06-30,PTC,USD,1997-06-30,1997-06-30,Q3,207100000.0,13500000.0,193600000.0,0.9348140994688556,13700000.0,90300000.0,0.0,0.0,110000000.0,123500000.0,0.0,6000000.0,89600000.0,0.43264123611781746,83600000.0,0.4036697247706422,2800000.0,86400000.0,0.417189763399324,30200000.0,56200000.0,0.27136648961854176,0.525,0.525,106317600,106317600,,,1620596877,17:47:57,20210509
96,1997-03-31,PTC,USD,1997-03-31,1997-03-31,Q2,198000000.0,13100000.0,184900000.0,0.9338383838383838,12700000.0,87600000.0,0.0,0.0,105800000.0,118900000.0,0.0,5500000.0,84600000.0,0.42727272727272725,79100000.0,0.3994949494949495,2500000.0,81700000.0,0.4126262626262626,28600000.0,53100000.0,0.2681818181818182,0.5,0.5,108262400,108262400,,,1620596877,17:47:57,20210509
97,1996-12-31,PTC,USD,1996-12-31,1996-12-31,Q1,183500000.0,12700000.0,170800000.0,0.9307901907356948,12500000.0,80000000.0,0.0,0.0,97300000.0,110000000.0,0.0,4800000.0,78300000.0,0.42670299727520433,73500000.0,0.40054495912806537,2600000.0,76100000.0,0.4147138964577657,26600000.0,49500000.0,0.26975476839237056,0.475,0.475,108351200,108351200,,,1620596877,17:47:57,20210509
98,1996-09-30,PTC,USD,1996-09-30,1996-09-30,Q4,177100000.0,11800000.0,165300000.0,0.9333709768492378,12300000.0,77600000.0,0.0,0.0,94700000.0,106500000.0,0.0,4800000.0,75400000.0,0.4257481648785997,70600000.0,0.3986448334274421,-29300000.0,41300000.0,0.233201581027668,14900000.0,26400000.0,0.14906832298136646,0.25384615384615383,0.25384615384615383,104000000,104000000,,,1620596877,17:47:57,20210509
99,1996-06-30,PTC,USD,1996-06-30,1996-06-30,Q3,157100000.0,8400000.0,148700000.0,0.9465308720560153,10500000.0,70300000.0,0.0,0.0,86500000.0,94900000.0,0.0,5700000.0,67900000.0,0.4322087842138765,62200000.0,0.3959261616804583,3100000.0,65200000.0,0.41502227880331,23600000.0,41600000.0,0.26479949077021003,0.4,0.4,104000000,104000000,,,1620596877,17:47:57,20210509
100,1996-03-31,PTC,USD,1996-03-31,1996-03-31,Q2,140500000.0,10400000.0,130100000.0,0.9259786476868327,8900000.0,63100000.0,0.0,0.0,75000000.0,85400000.0,0.0,3000000.0,58100000.0,0.41352313167259785,55100000.0,0.3921708185053381,2700000.0,57700000.0,0.4106761565836299,20900000.0,36800000.0,0.2619217081850534,0.35,0.35,105142857,105142857,,,1620596877,17:47:57,20210509
101,1995-12-31,PTC,USD,1995-12-31,1995-12-31,Q1,125400000.0,9200000.0,116200000.0,0.9266347687400319,7800000.0,56400000.0,0.0,0.0,67500000.0,76700000.0,0.0,3300000.0,52000000.0,0.41467304625199364,48700000.0,0.3883572567783094,3000000.0,51700000.0,0.41228070175438597,18700000.0,33000000.0,0.2631578947368421,0.325,0.325,101538462,101538462,,,1620596877,17:47:57,20210509
102,1995-09-30,PTC,USD,1995-12-28,1995-12-28,Q4,141700000.0,10600000.0,131100000.0,0.9251940719830628,11300000.0,68500000.0,0.0,0.0,83200000.0,93800000.0,0.0,3400000.0,51300000.0,0.36203246294989416,47900000.0,0.33803810868031053,-7700000.0,40200000.0,0.2836979534227241,17600000.0,22600000.0,0.15949188426252647,0.25681818181818183,0.25681818181818183,88000000,88000000,https://www.sec.gov/Archives/edgar/data/857005/0000950109-95-005433-index.html,https://www.sec.gov/Archives/edgar/data/857005/,1620596877,17:47:57,20210509
103,1995-06-30,PTC,USD,1995-06-30,1995-06-30,Q3,97000000.0,4300000.0,92700000.0,0.9556701030927836,5500000.0,45600000.0,0.0,0.0,55400000.0,59700000.0,0.0,2500000.0,39800000.0,0.41030927835051545,37300000.0,0.3845360824742268,-16400000.0,21000000.0,0.21649484536082475,7800000.0,13200000.0,0.1360824742268041,0.15,0.15,88000000,88000000,,,1620596877,17:47:57,20210509
104,1995-03-31,PTC,USD,1995-03-31,1995-03-31,Q2,83500000.0,5600000.0,77900000.0,0.932934131736527,4600000.0,38100000.0,0.0,0.0,44500000.0,50100000.0,0.0,1900000.0,35300000.0,0.4227544910179641,33400000.0,0.4,2100000.0,35600000.0,0.42634730538922155,13300000.0,22300000.0,0.26706586826347306,0.25,0.25,89200000,89200000,,,1620596877,17:47:57,20210509
105,1994-12-31,PTC,USD,1994-12-31,1994-12-31,Q1,72000000.0,4600000.0,67400000.0,0.9361111111111111,4200000.0,32200000.0,0.0,0.0,38100000.0,42700000.0,0.0,1700000.0,31000000.0,0.4305555555555556,29300000.0,0.40694444444444444,1600000.0,31000000.0,0.4305555555555556,11600000.0,19400000.0,0.26944444444444443,0.225,0.225,86222222,86222222,,,1620596877,17:47:57,20210509
106,1994-09-30,PTC,USD,1994-09-30,1994-09-30,Q4,69100000.0,4300000.0,64800000.0,0.9377713458755427,4700000.0,30500000.0,0.0,0.0,36800000.0,41100000.0,0.0,1600000.0,29600000.0,0.4283646888567294,28000000.0,0.40520984081041966,1700000.0,29700000.0,0.42981186685962375,11100000.0,18600000.0,0.2691751085383502,0.20898876404494382,0.20898876404494382,89000000,89000000,,,1620596877,17:47:57,20210509
107,1994-06-30,PTC,USD,1994-06-30,1994-06-30,Q3,63600000.0,4000000.0,59600000.0,0.9371069182389937,3600000.0,27600000.0,0.0,0.0,32400000.0,36400000.0,0.0,1300000.0,28500000.0,0.4481132075471698,27200000.0,0.4276729559748428,1200000.0,28400000.0,0.44654088050314467,10600000.0,17800000.0,0.279874213836478,0.2,0.2,89000000,89000000,,,1620596877,17:47:57,20210509
108,1994-03-31,PTC,USD,1994-03-31,1994-03-31,Q2,58000000.0,2900000.0,55100000.0,0.95,3600000.0,25900000.0,0.0,0.0,30700000.0,33600000.0,0.0,1200000.0,25600000.0,0.4413793103448276,24400000.0,0.4206896551724138,900000.0,25400000.0,0.4379310344827586,9500000.0,15900000.0,0.27413793103448275,0.175,0.175,90857143,90857143,,,1620596877,17:47:57,20210509
109,1993-12-31,PTC,USD,1993-12-31,1993-12-31,Q1,53500000.0,2700000.0,50800000.0,0.9495327102803738,0.0,27300000.0,0.0,0.0,28400000.0,31100000.0,0.0,1100000.0,23500000.0,0.4392523364485981,22400000.0,0.41869158878504675,900000.0,23300000.0,0.4355140186915888,8700000.0,14600000.0,0.27289719626168224,0.175,0.175,83428571,83428571,,,1620596877,17:47:57,20210509
110,1993-09-30,PTC,USD,1993-09-30,1993-09-30,Q4,49000000.0,2100000.0,46900000.0,0.9571428571428572,0.0,25200000.0,0.0,0.0,26300000.0,28400000.0,0.0,1100000.0,21700000.0,0.44285714285714284,20600000.0,0.4204081632653061,1300000.0,21300000.0,0.4346938775510204,7900000.0,13400000.0,0.27346938775510204,0.14692982456140352,0.14692982456140352,91200000,91200000,,,1620596877,17:47:57,20210509
111,1993-06-30,PTC,USD,1993-06-30,1993-06-30,Q3,43500000.0,2100000.0,41400000.0,0.9517241379310345,0.0,23200000.0,0.0,0.0,24000000.0,26100000.0,0.0,800000.0,18200000.0,0.41839080459770117,17400000.0,0.4,800000.0,18200000.0,0.41839080459770117,6800000.0,11400000.0,0.2620689655172414,0.125,0.125,91200000,91200000,,,1620596877,17:47:57,20210509
112,1993-03-31,PTC,USD,1993-03-31,1993-03-31,Q2,38000000.0,1600000.0,36400000.0,0.9578947368421052,0.0,20600000.0,0.0,0.0,21300000.0,22900000.0,0.0,700000.0,15800000.0,0.41578947368421054,15100000.0,0.3973684210526316,500000.0,15600000.0,0.4105263157894737,5800000.0,9800000.0,0.2578947368421053,0.125,0.125,78400000,78400000,,,1620596877,17:47:57,20210509
113,1992-12-31,PTC,USD,1992-12-31,1992-12-31,Q1,32500000.0,1400000.0,31100000.0,0.9569230769230769,0.0,17500000.0,0.0,0.0,18200000.0,19600000.0,0.0,700000.0,13600000.0,0.41846153846153844,12900000.0,0.39692307692307693,300000.0,13200000.0,0.40615384615384614,4900000.0,8300000.0,0.2553846153846154,0.1,0.1,83000000,83000000,,,1620596877,17:47:57,20210509
114,1992-09-30,PTC,USD,1992-09-30,1992-09-30,Q4,27500000.0,1100000.0,26400000.0,0.96,0.0,15700000.0,0.0,0.0,16300000.0,17400000.0,0.0,600000.0,10700000.0,0.3890909090909091,10100000.0,0.36727272727272725,700000.0,11000000.0,0.4,4100000.0,6900000.0,0.2509090909090909,0.09078947368421053,0.09078947368421053,76000000,76000000,,,1620596877,17:47:57,20210509
115,1992-06-30,PTC,USD,1992-06-30,1992-06-30,Q3,23500000.0,800000.0,22700000.0,0.9659574468085106,0.0,13800000.0,0.0,0.0,14200000.0,15000000.0,0.0,500000.0,9000000.0,0.3829787234042553,8500000.0,0.3617021276595745,600000.0,9100000.0,0.3872340425531915,3400000.0,5700000.0,0.2425531914893617,0.075,0.075,76000000,76000000,,,1620596877,17:47:57,20210509
116,1992-03-31,PTC,USD,1992-03-31,1992-03-31,Q2,19200000.0,800000.0,18400000.0,0.9583333333333334,0.0,11100000.0,0.0,0.0,11400000.0,12200000.0,0.0,400000.0,7400000.0,0.3854166666666667,7000000.0,0.3645833333333333,400000.0,7300000.0,0.3802083333333333,2600000.0,4700000.0,0.24479166666666666,0.075,0.075,62666667,62666667,,,1620596877,17:47:57,20210509
117,1991-12-31,PTC,USD,1991-12-31,1991-12-31,Q1,16500000.0,600000.0,15900000.0,0.9636363636363636,0.0,10100000.0,0.0,0.0,10400000.0,11000000.0,0.0,300000.0,5800000.0,0.3515151515151515,5500000.0,0.3333333333333333,500000.0,5900000.0,0.3575757575757576,2100000.0,3800000.0,0.23030303030303031,0.05,0.05,76000000,76000000,,,1620596877,17:47:57,20210509
118,1991-09-30,PTC,USD,1991-09-30,1991-09-30,Q4,13700000.0,-12400000.0,26100000.0,1.905109489051095,0.0,21200000.0,0.0,0.0,21400000.0,9000000.0,0.0,200000.0,4900000.0,0.35766423357664234,4700000.0,0.34306569343065696,400000.0,5000000.0,0.36496350364963503,1800000.0,3200000.0,0.23357664233576642,0.054545454235537194,0.054545454235537194,58666667,58666667,,,1620596877,17:47:57,20210509
119,1991-06-30,PTC,USD,1991-06-30,1991-06-30,Q3,11800000.0,5500000.0,6300000.0,0.5338983050847458,0.0,2200000.0,0.0,0.0,2500000.0,8000000.0,0.0,300000.0,4100000.0,0.3474576271186441,3800000.0,0.3220338983050847,400000.0,4200000.0,0.3559322033898305,1500000.0,2700000.0,0.2288135593220339,0.05,0.05,58666667,58666667,,,1620596877,17:47:57,20210509
120,1991-03-31,PTC,USD,1991-03-31,1991-03-31,Q2,10300000.0,4700000.0,5600000.0,0.5436893203883495,0.0,2000000.0,0.0,0.0,2200000.0,6900000.0,0.0,300000.0,3700000.0,0.3592233009708738,3400000.0,0.3300970873786408,300000.0,3700000.0,0.3592233009708738,1300000.0,2400000.0,0.23300970873786409,0.05,0.05,80000000,80000000,,,1620596877,17:47:57,20210509
121,1990-12-31,PTC,USD,1990-12-31,1990-12-31,Q1,8800000.0,4000000.0,4800000.0,0.5454545454545454,0.0,1900000.0,0.0,0.0,2100000.0,6100000.0,0.0,200000.0,2900000.0,0.32954545454545453,2700000.0,0.3068181818181818,400000.0,3100000.0,0.3522727272727273,1100000.0,2000000.0,0.22727272727272727,0.025,0.025,80000000,80000000,,,1620596877,17:47:57,20210509
122,1990-09-30,PTC,USD,1990-09-30,1990-09-30,Q4,8000000.0,3700000.0,4300000.0,0.5375,0.0,1800000.0,0.0,0.0,1900000.0,5600000.0,0.0,100000.0,2500000.0,0.3125,2400000.0,0.3,400000.0,2700000.0,0.3375,1000000.0,1700000.0,0.2125,0.028333333333333332,0.028333333333333332,60000000,60000000,,,1620596877,17:47:57,20210509
123,1990-06-30,PTC,USD,1990-06-30,1990-06-30,Q3,6700000.0,2800000.0,3900000.0,0.582089552238806,0.0,1800000.0,0.0,0.0,2000000.0,4800000.0,0.0,200000.0,2100000.0,0.31343283582089554,1900000.0,0.2835820895522388,300000.0,2300000.0,0.34328358208955223,800000.0,1500000.0,0.22388059701492538,0.025,0.025,60000000,60000000,,,1620596877,17:47:57,20210509
124,1990-03-31,PTC,USD,1990-03-31,1990-03-31,Q2,5900000.0,2700000.0,3200000.0,0.5423728813559322,0.0,1300000.0,0.0,0.0,1500000.0,4200000.0,0.0,200000.0,1900000.0,0.3220338983050847,1700000.0,0.288135593220339,300000.0,2000000.0,0.3389830508474576,700000.0,1300000.0,0.22033898305084745,0.025,0.025,52000000,52000000,,,1620596877,17:47:57,20210509
125,1989-12-31,PTC,USD,1989-12-31,1989-12-31,Q1,4900000.0,1900000.0,3000000.0,0.6122448979591837,0.0,1300000.0,0.0,0.0,1500000.0,3400000.0,0.0,200000.0,1700000.0,0.3469387755102041,1500000.0,0.30612244897959184,100000.0,1500000.0,0.30612244897959184,500000.0,1000000.0,0.20408163265306123,0.025,0.025,74284800,74284800,,,1620596877,17:47:57,20210509
126,1989-09-30,PTC,USD,1989-09-30,1989-09-30,Q4,4000000.0,0.0,0.0,0.0,0.0,0.0,0.0,0.0,0.0,0.0,0.0,0.0,-4800000.0,-1.2,-4800000.0,-1.2,0.0,0.0,0.0,0.0,0.0,0.0,0.0,0.0,75199180,75199180,,,1620596877,17:47:57,20210509
127,1989-06-30,PTC,USD,1989-06-30,1989-06-30,Q3,3000000.0,0.0,0.0,0.0,0.0,0.0,0.0,0.0,0.0,0.0,0.0,0.0,3000000.0,1.0,3000000.0,1.0,0.0,0.0,0.0,0.0,0.0,0.0,0.025,0.025,75199180,75199180,,,1620596877,17:47:57,20210509
128,1989-03-31,PTC,USD,1989-03-31,1989-03-31,Q2,2300000.0,0.0,0.0,0.0,0.0,0.0,0.0,0.0,0.0,0.0,0.0,0.0,2300000.0,1.0,2300000.0,1.0,0.0,0.0,0.0,0.0,0.0,0.0,0.025,0.025,75199180,75199180,,,1620596877,17:47:57,20210509
129,1988-12-31,PTC,USD,1988-12-31,1988-12-31,Q1,1700000.0,0.0,0.0,0.0,0.0,0.0,0.0,0.0,0.0,0.0,0.0,0.0,1700000.0,1.0,1700000.0,1.0,0.0,0.0,0.0,0.0,0.0,0.0,0.025,0.025,75199180,75199180,,,1620596877,17:47:57,20210509
