,date,symbol,reportedCurrency,fillingDate,acceptedDate,period,revenue,costOfRevenue,grossProfit,grossProfitRatio,researchAndDevelopmentExpenses,generalAndAdministrativeExpenses,sellingAndMarketingExpenses,otherExpenses,operatingExpenses,costAndExpenses,interestExpense,depreciationAndAmortization,ebitda,ebitdaratio,operatingIncome,operatingIncomeRatio,totalOtherIncomeExpensesNet,incomeBeforeTax,incomeBeforeTaxRatio,incomeTaxExpense,netIncome,netIncomeRatio,eps,epsdiluted,weightedAverageShsOut,weightedAverageShsOutDil,link,finalLink,timestamp,est_time,est_date
0,2018-06-30,STORM.OL,USD,2018-06-30,2018-06-30,Q2,348000.0,155000.0,193000.0,0.5545977011494253,0.0,0.0,0.0,0.0,331000.0,486000.0,485000.0,1000.0,-137000.0,-0.3936781609195402,-138000.0,-0.39655172413793105,0.0,-3680000.0,-10.574712643678161,-667000.0,-3013000.0,-8.658045977011493,-0.3,-0.3,8834562.0,8834562.0,https://www.oslobors.no/ob_eng/,https://www.oslobors.no/ob_eng/,1620598389,18:13:09,20210509
1,2018-03-31,STORM.OL,USD,2018-03-31,2018-03-31,Q1,332000.0,471000.0,-139000.0,-0.4186746987951807,0.0,0.0,0.0,0.0,323000.0,794000.0,460000.0,1000.0,-461000.0,-1.3885542168674698,-462000.0,-1.391566265060241,0.0,-782000.0,-2.355421686746988,-32000.0,-750000.0,-2.2590361445783134,-0.1,-0.1,8834562.0,8834562.0,https://www.oslobors.no/ob_eng/,https://www.oslobors.no/ob_eng/,1620598389,18:13:09,20210509
2,2017-12-31,STORM.OL,USD,2017-12-31,2017-12-31,Q4,227000.0,431000.0,-204000.0,-0.8986784140969163,0.0,0.0,0.0,0.0,294000.0,725000.0,456000.0,1000.0,-497000.0,-2.1894273127753303,-498000.0,-2.193832599118943,0.0,-1173000.0,-5.167400881057269,260000.0,-1433000.0,-6.312775330396476,-0.16220385345645885,-0.16220385345645885,8834562.0,8834562.0,https://www.oslobors.no/ob_eng/,https://www.oslobors.no/ob_eng/,1620598389,18:13:09,20210509
3,2017-09-30,STORM.OL,USD,2017-09-30,2017-09-30,Q3,167000.0,265000.0,-98000.0,-0.5868263473053892,0.0,0.0,0.0,0.0,207000.0,472000.0,0.0,0.0,-305000.0,-1.8263473053892216,-305000.0,-1.8263473053892216,0.0,-1316000.0,-7.880239520958084,-213000.0,-1103000.0,-6.604790419161676,-0.1,-0.1,8834562.0,8834562.0,https://www.oslobors.no/ob_eng/,https://www.oslobors.no/ob_eng/,1620598389,18:13:09,20210509
4,2017-06-30,STORM.OL,USD,2017-06-30,2017-06-30,Q2,818000.0,282000.0,536000.0,0.6552567237163814,0.0,0.0,0.0,0.0,266000.0,548000.0,626000.0,1000.0,271000.0,0.3312958435207824,270000.0,0.33007334963325186,0.0,-4268000.0,-5.21760391198044,-739000.0,-3529000.0,-4.314180929095355,-1.7,-1.7,2065331.0,2065331.0,https://www.oslobors.no/ob_eng/,https://www.oslobors.no/ob_eng/,1620598389,18:13:09,20210509
5,2017-03-31,STORM.OL,USD,2017-03-31,2017-03-31,Q1,1822000.0,264000.0,1558000.0,0.8551042810098792,0.0,0.0,0.0,0.0,234000.0,498000.0,498000.0,2000.0,1326000.0,0.7277716794731065,1324000.0,0.7266739846322722,0.0,756000.0,0.4149286498353458,215000.0,541000.0,0.2969264544456641,0.091553,0.091553,6011477.0,6011477.0,https://www.oslobors.no/ob_eng/,https://www.oslobors.no/ob_eng/,1620598389,18:13:09,20210509
6,2016-12-31,STORM.OL,USD,2016-12-31,2016-12-31,Q4,1610000.0,383000.0,1227000.0,0.762111801242236,0.0,0.0,0.0,0.0,242000.0,625000.0,-90000.0,1000.0,986000.0,0.6124223602484472,985000.0,0.6118012422360248,0.0,-1967000.0,-1.2217391304347827,-677000.0,-1291000.0,-0.801863354037267,-0.14613061745449293,-0.14613061745449293,8834562.0,8834562.0,https://www.oslobors.no/ob_eng/,https://www.oslobors.no/ob_eng/,1620598389,18:13:09,20210509
7,2016-09-30,STORM.OL,USD,2016-09-30,2016-09-30,Q3,1579000.0,260000.0,1319000.0,0.8353388220392653,0.0,0.0,0.0,0.0,232000.0,492000.0,195000.0,2000.0,1089000.0,0.6896770107663078,1087000.0,0.688410386320456,0.0,-5609000.0,-3.552248258391387,164000.0,-5772000.0,-3.655478150728309,-0.946048,-0.946048,6011477.0,6011477.0,https://www.oslobors.no/ob_eng/,https://www.oslobors.no/ob_eng/,1620598389,18:13:09,20210509
8,2016-06-30,STORM.OL,USD,2016-06-30,2016-06-30,Q2,1570000.0,240000.0,1330000.0,0.8471337579617835,0.0,0.0,0.0,0.0,958000.0,1198000.0,0.0,2000.0,374000.0,0.23821656050955414,372000.0,0.23694267515923567,0.0,-304000.0,-0.19363057324840766,-537000.0,-1099000.0,-0.7,-0.183106,-0.183106,6011477.0,6011477.0,https://www.oslobors.no/ob_eng/,https://www.oslobors.no/ob_eng/,1620598389,18:13:09,20210509
9,2016-03-31,STORM.OL,USD,2016-03-31,2016-03-31,Q1,1438000.0,286000.0,1152000.0,0.8011126564673157,0.0,0.0,0.0,0.0,609000.0,895000.0,566000.0,1000.0,544000.0,0.37830319888734354,543000.0,0.3776077885952712,0.0,-2108000.0,-1.4659248956884563,-110000.0,-1998000.0,-1.3894297635605006,-0.335694,-0.335694,6011477.0,6011477.0,https://www.oslobors.no/ob_eng/,https://www.oslobors.no/ob_eng/,1620598389,18:13:09,20210509
10,2015-12-31,STORM.OL,USD,2015-12-31,2015-12-31,Q4,2229000.0,464000.0,1765000.0,0.7918349035441902,0.0,0.0,0.0,0.0,440000.0,904000.0,799000.0,2000.0,1327000.0,0.5953342305966801,1325000.0,0.5944369672498878,0.0,3319000.0,1.4890085240017945,888000.0,2431000.0,1.0906235980260206,0.27516927268154323,0.27516927268154323,8834562.0,8834562.0,https://www.oslobors.no/ob_eng/,https://www.oslobors.no/ob_eng/,1620598389,18:13:09,20210509
11,2015-09-30,STORM.OL,USD,2015-09-30,2015-09-30,Q3,2546000.0,340000.0,2206000.0,0.8664571877454831,0.0,0.0,0.0,0.0,358000.0,698000.0,0.0,2000.0,1850000.0,0.7266300078554595,1848000.0,0.7258444619010213,0.0,1998000.0,0.7847604084838963,-770000.0,2768000.0,1.087195600942655,0.457765,0.457765,6011477.0,6011477.0,https://www.oslobors.no/ob_eng/,https://www.oslobors.no/ob_eng/,1620598389,18:13:09,20210509
12,2015-06-30,STORM.OL,USD,2015-06-30,2015-06-30,Q2,2853000.0,461000.0,2392000.0,0.8384157027690151,0.0,0.0,0.0,0.0,483000.0,944000.0,0.0,2000.0,1911000.0,0.6698212407991588,1909000.0,0.6691202243252716,0.0,-8813000.0,-3.0890290921836665,-985000.0,-7828000.0,-2.7437784787942516,-1.312259,-1.312259,6011477.0,6011477.0,https://www.oslobors.no/ob_eng/,https://www.oslobors.no/ob_eng/,1620598389,18:13:09,20210509
13,2015-03-31,STORM.OL,USD,2015-03-31,2015-03-31,Q1,2736000.0,445000.0,2291000.0,0.8373538011695907,0.0,0.0,0.0,0.0,555000.0,1000000.0,758000.0,2000.0,1738000.0,0.6352339181286549,1736000.0,0.6345029239766082,0.0,-3637000.0,-1.329312865497076,-1472000.0,-2165000.0,-0.7913011695906432,-0.366212,-0.366212,6011477.0,6011477.0,https://www.oslobors.no/ob_eng/,https://www.oslobors.no/ob_eng/,1620598389,18:13:09,20210509
14,2014-12-31,STORM.OL,USD,2014-12-31,2014-12-31,Q4,2683000.0,162000.0,2521000.0,0.9396198285501305,0.0,0.0,0.0,0.0,654000.0,816000.0,0.0,3000.0,1870000.0,0.6969809914275065,1867000.0,0.6958628401043608,0.0,12571000.0,4.685426761088334,1610000.0,10961000.0,4.085352217666791,1.2406953508278056,1.2406953508278056,8834562.0,8834562.0,https://www.oslobors.no/ob_eng/,https://www.oslobors.no/ob_eng/,1620598389,18:13:09,20210509
15,2014-09-30,STORM.OL,USD,2014-09-30,2014-09-30,Q3,3225000.0,640000.0,2585000.0,0.8015503875968992,0.0,0.0,0.0,0.0,630000.0,1270000.0,0.0,1000.0,1956000.0,0.6065116279069768,1955000.0,0.6062015503875969,0.0,2565000.0,0.7953488372093023,2072000.0,493000.0,0.15286821705426357,0.091553,0.091553,6011477.0,6011477.0,https://www.oslobors.no/ob_eng/,https://www.oslobors.no/ob_eng/,1620598389,18:13:09,20210509
16,2014-06-30,STORM.OL,USD,2014-06-30,2014-06-30,Q2,3522000.0,816000.0,2706000.0,0.768313458262351,0.0,0.0,0.0,0.0,912000.0,1728000.0,0.0,1000.0,1795000.0,0.5096536059057354,1794000.0,0.5093696763202725,0.0,-4102000.0,-1.164679159568427,-536000.0,-3566000.0,-1.0124929017603634,-0.579836,-0.579836,6011477.0,6011477.0,https://www.oslobors.no/ob_eng/,https://www.oslobors.no/ob_eng/,1620598389,18:13:09,20210509
17,2014-03-31,STORM.OL,USD,2014-03-31,2014-03-31,Q1,3246000.0,717000.0,2529000.0,0.7791127541589649,0.0,0.0,0.0,0.0,750000.0,1467000.0,0.0,2000.0,1781000.0,0.5486752926678989,1779000.0,0.5480591497227357,0.0,9880000.0,3.043746149106593,1534000.0,8346000.0,2.5711645101663585,1.373295,1.373295,6024092.0,6024092.0,https://www.oslobors.no/ob_eng/,https://www.oslobors.no/ob_eng/,1620598389,18:13:09,20210509
18,2013-12-31,STORM.OL,USD,2013-12-31,2013-12-31,Q4,3285000.0,859000.0,2426000.0,0.7385083713850837,0.0,0.0,0.0,0.0,707000.0,1566000.0,0.0,2000.0,1721000.0,0.523896499238965,1719000.0,0.5232876712328767,0.0,5028000.0,1.530593607305936,1341000.0,3688000.0,1.1226788432267885,0.41745136883979084,0.41745136883979084,8834562.0,8834562.0,https://www.oslobors.no/ob_eng/,https://www.oslobors.no/ob_eng/,1620598389,18:13:09,20210509
19,2013-09-30,STORM.OL,USD,2013-09-30,2013-09-30,Q3,3268000.0,588000.0,2680000.0,0.8200734394124847,0.0,0.0,0.0,0.0,682000.0,1270000.0,0.0,3000.0,2001000.0,0.6123011015911872,1998000.0,0.6113831089351285,0.0,532000.0,0.16279069767441862,216000.0,316000.0,0.0966952264381885,0.061035,0.061035,6063086.0,6063086.0,https://www.oslobors.no/ob_eng/,https://www.oslobors.no/ob_eng/,1620598389,18:13:09,20210509
20,2013-06-30,STORM.OL,USD,2013-06-30,2013-06-30,Q2,3225000.0,590000.0,2635000.0,0.8170542635658915,0.0,0.0,0.0,0.0,892000.0,1482000.0,0.0,6000.0,1749000.0,0.5423255813953488,1743000.0,0.5404651162790698,0.0,7692000.0,2.3851162790697673,3500000.0,4192000.0,1.29984496124031,0.701906,0.701906,6075689.0,6075689.0,https://www.oslobors.no/ob_eng/,https://www.oslobors.no/ob_eng/,1620598389,18:13:09,20210509
21,2013-03-31,STORM.OL,USD,2013-03-31,2013-03-31,Q1,3123000.0,795000.0,2328000.0,0.7454370797310279,0.0,0.0,0.0,0.0,834000.0,1629000.0,0.0,7000.0,1501000.0,0.48062760166506563,1494000.0,0.4783861671469741,0.0,5412000.0,1.732949087415946,2419000.0,2994000.0,0.9586935638808838,0.488283,0.488283,6292462.0,6292462.0,https://www.oslobors.no/ob_eng/,https://www.oslobors.no/ob_eng/,1620598389,18:13:09,20210509
22,2012-12-31,STORM.OL,USD,2012-12-31,2012-12-31,Q4,3094000.0,767000.0,2327000.0,0.7521008403361344,0.0,0.0,0.0,0.0,1184000.0,1951000.0,0.0,7000.0,1150000.0,0.37168713639301876,1143000.0,0.36942469295410474,0.0,-2759000.0,-0.8917259211376859,84000.0,-2844000.0,-0.9191984486102133,-0.3219174872506413,-0.3219174872506413,8834562.0,8834562.0,https://www.oslobors.no/ob_eng/,https://www.oslobors.no/ob_eng/,1620598389,18:13:09,20210509
23,2012-09-30,STORM.OL,USD,2012-09-30,2012-09-30,Q3,3204000.0,682000.0,2522000.0,0.7871410736579276,0.0,0.0,0.0,0.0,666000.0,1348000.0,0.0,7000.0,1863000.0,0.5814606741573034,1856000.0,0.5792759051186017,0.0,-4278000.0,-1.3352059925093633,-964000.0,-3314000.0,-1.0343320848938826,-0.5188,-0.5188,6292462.0,6292462.0,https://www.oslobors.no/ob_eng/,https://www.oslobors.no/ob_eng/,1620598389,18:13:09,20210509
24,2012-06-30,STORM.OL,USD,2012-06-30,2012-06-30,Q2,3140000.0,786000.0,2354000.0,0.7496815286624203,0.0,0.0,0.0,0.0,708000.0,1494000.0,0.0,7000.0,1653000.0,0.5264331210191083,1646000.0,0.524203821656051,0.0,11042000.0,3.5165605095541403,2941000.0,8101000.0,2.5799363057324842,1.281742,1.281742,6292462.0,6292462.0,https://www.oslobors.no/ob_eng/,https://www.oslobors.no/ob_eng/,1620598389,18:13:09,20210509
25,2012-03-31,STORM.OL,USD,2012-03-31,2012-03-31,Q1,3142000.0,763000.0,2379000.0,0.7571610439210694,0.0,0.0,0.0,-1000.0,1008000.0,1771000.0,0.0,7000.0,1378000.0,0.4385741565881604,1371000.0,0.43634627625716105,0.0,-2322000.0,-0.7390197326543603,-1688000.0,-633000.0,-0.20146403564608528,-0.091553,-0.091553,6293183.0,6293183.0,https://www.oslobors.no/ob_eng/,https://www.oslobors.no/ob_eng/,1620598389,18:13:09,20210509
26,2011-12-31,STORM.OL,USD,2011-12-31,2011-12-31,Q4,2904000.0,720000.0,2184000.0,0.7520661157024794,0.0,0.0,0.0,0.0,843000.0,1563000.0,0.0,6000.0,1347000.0,0.46384297520661155,1341000.0,0.4617768595041322,0.0,-3632000.0,-1.2506887052341598,-21000.0,-3611000.0,-1.243457300275482,-0.40873560002182335,-0.40873560002182335,8834562.0,8834562.0,https://www.oslobors.no/ob_eng/,https://www.oslobors.no/ob_eng/,1620598389,18:13:09,20210509
27,2011-09-30,STORM.OL,USD,2011-09-30,2011-09-30,Q3,2947000.0,669000.0,2278000.0,0.7729894808279606,0.0,0.0,0.0,0.0,777000.0,1446000.0,0.0,7000.0,1508000.0,0.511706820495419,1501000.0,0.509331523583305,0.0,10938000.0,3.7115710892432983,3297000.0,7641000.0,2.5928062436375976,1.129153,1.129153,6742893.0,6742893.0,https://www.oslobors.no/ob_eng/,https://www.oslobors.no/ob_eng/,1620598389,18:13:09,20210509
28,2011-06-30,STORM.OL,USD,2011-06-30,2011-06-30,Q2,2995000.0,812000.0,2183000.0,0.728881469115192,0.0,0.0,0.0,0.0,1167000.0,1979000.0,0.0,7000.0,1023000.0,0.3415692821368948,1016000.0,0.3392320534223706,0.0,5983000.0,1.9976627712854758,2034000.0,3949000.0,1.3185308848080133,0.579836,0.579836,6760567.0,6760567.0,https://www.oslobors.no/ob_eng/,https://www.oslobors.no/ob_eng/,1620598389,18:13:09,20210509
29,2011-03-31,STORM.OL,USD,2011-03-31,2011-03-31,Q1,2934000.0,839000.0,2095000.0,0.7140422631220177,0.0,0.0,0.0,0.0,984000.0,1823000.0,0.0,7000.0,1118000.0,0.38104976141785957,1111000.0,0.37866394001363324,0.0,8245000.0,2.8101567825494205,506000.0,7739000.0,2.637695978186776,1.129153,1.129153,6849734.0,6849734.0,https://www.oslobors.no/ob_eng/,https://www.oslobors.no/ob_eng/,1620598389,18:13:09,20210509
30,2010-12-31,STORM.OL,USD,2010-12-31,2010-12-31,Q4,2670000.0,753000.0,1917000.0,0.7179775280898877,0.0,0.0,0.0,0.0,359000.0,1112000.0,0.0,7000.0,1565000.0,0.5861423220973783,1558000.0,0.5835205992509364,0.0,3218000.0,1.205243445692884,520000.0,2698000.0,1.0104868913857679,0.3053914840373524,0.3053914840373524,8834562.0,8834562.0,https://www.oslobors.no/ob_eng/,https://www.oslobors.no/ob_eng/,1620598389,18:13:09,20210509
31,2010-09-30,STORM.OL,USD,2010-09-30,2010-09-30,Q3,2704000.0,616000.0,2088000.0,0.772189349112426,0.0,0.0,0.0,0.0,987000.0,1603000.0,0.0,11000.0,1112000.0,0.41124260355029585,1101000.0,0.40717455621301774,0.0,1449000.0,0.5358727810650887,706000.0,742000.0,0.2744082840236686,0.091553,0.091553,6952915.0,6952915.0,https://www.oslobors.no/ob_eng/,https://www.oslobors.no/ob_eng/,1620598389,18:13:09,20210509
32,2010-06-30,STORM.OL,USD,2010-06-30,2010-06-30,Q2,2707000.0,527000.0,2180000.0,0.805319541928334,0.0,0.0,0.0,1000.0,1157000.0,1684000.0,0.0,12000.0,1035000.0,0.38234207609900256,1023000.0,0.3779091244920576,0.0,4336000.0,1.601773180642778,971000.0,3365000.0,1.2430735131141486,0.457765,0.457765,7453395.0,7453395.0,https://www.oslobors.no/ob_eng/,https://www.oslobors.no/ob_eng/,1620598389,18:13:09,20210509
33,2010-03-31,STORM.OL,USD,2010-03-31,2010-03-31,Q1,2695000.0,716000.0,1979000.0,0.7343228200371058,0.0,0.0,0.0,0.0,977000.0,1693000.0,0.0,7000.0,1009000.0,0.3743970315398887,1002000.0,0.3717996289424861,0.0,-851000.0,-0.3157699443413729,46000.0,-897000.0,-0.3328385899814471,-0.122071,-0.122071,6859577.0,6859577.0,https://www.oslobors.no/ob_eng/,https://www.oslobors.no/ob_eng/,1620598389,18:13:09,20210509
34,2009-12-31,STORM.OL,USD,2009-12-31,2009-12-31,Q4,2526000.0,625000.0,1901000.0,0.7525732383214568,0.0,0.0,0.0,0.0,1307000.0,1932000.0,0.0,6000.0,600000.0,0.2375296912114014,594000.0,0.23515439429928742,0.0,-3451000.0,-1.366191607284244,-595000.0,-2856000.0,-1.1306413301662708,-0.3232757888846102,-0.3232757888846102,8834562.0,8834562.0,https://www.oslobors.no/ob_eng/,https://www.oslobors.no/ob_eng/,1620598389,18:13:09,20210509
35,2009-09-30,STORM.OL,USD,2009-09-30,2009-09-30,Q3,2537000.0,576000.0,1961000.0,0.7729601891998423,0.0,0.0,0.0,0.0,1116000.0,1692000.0,0.0,6000.0,851000.0,0.33543555380370516,845000.0,0.33307055577453687,0.0,-3177000.0,-1.2522664564446195,-549000.0,-2628000.0,-1.0358691367757193,-0.39673,-0.39673,6884047.0,6884047.0,https://www.oslobors.no/ob_eng/,https://www.oslobors.no/ob_eng/,1620598389,18:13:09,20210509
36,2009-06-30,STORM.OL,USD,2009-06-30,2009-06-30,Q2,2812000.0,620000.0,2192000.0,0.7795163584637269,0.0,0.0,0.0,-1000.0,219000.0,839000.0,0.0,6000.0,1979000.0,0.7037695590327169,1973000.0,0.7016358463726885,0.0,4863000.0,1.7293741109530583,278000.0,4586000.0,1.6308677098150783,0.640871,0.640871,7163195.0,7163195.0,https://www.oslobors.no/ob_eng/,https://www.oslobors.no/ob_eng/,1620598389,18:13:09,20210509
