,date,symbol,reportedCurrency,fillingDate,acceptedDate,period,revenue,costOfRevenue,grossProfit,grossProfitRatio,researchAndDevelopmentExpenses,generalAndAdministrativeExpenses,sellingAndMarketingExpenses,otherExpenses,operatingExpenses,costAndExpenses,interestExpense,depreciationAndAmortization,ebitda,ebitdaratio,operatingIncome,operatingIncomeRatio,totalOtherIncomeExpensesNet,incomeBeforeTax,incomeBeforeTaxRatio,incomeTaxExpense,netIncome,netIncomeRatio,eps,epsdiluted,weightedAverageShsOut,weightedAverageShsOutDil,link,finalLink,timestamp,est_time,est_date
0,2020-12-31,BMK.L,GBP,2020-12-31,2020-12-31,Q4,29030000,14359000.0,14671000,0.5053737512917671,1745000.0,0.0,0.0,0.0,16719000.0,31078000,2149000.0,1771000.0,-277000.0,-0.009541853255253186,-2048000.0,-0.07054770926627627,0.0,-515000.0,-0.01774026868756459,-290000.0,-717000.0,-0.024698587667929726,-0.0011,-0.0011,667926000,667926000,https://find-and-update.company-information.service.gov.uk/search/companies?q=Benchmark+Holdings+PLC,https://find-and-update.company-information.service.gov.uk/search/companies?q=Benchmark+Holdings+PLC,1620589502,15:45:02,20210509
1,2020-09-30,BMK.L,GBP,2020-09-30,2020-09-30,Q3,23999000,8251000.0,15748000,0.6561940080836701,-1015000.0,0.0,0.0,0.0,9306000.0,17557000,-3261000.0,1193000.0,7635000.0,0.3181382557606567,6442000.0,0.268427851160465,0.0,4869000.0,0.20288345347722822,427000.0,-9540000.0,-0.3975165631901329,-0.0143,-0.0143,667654000,667654000,https://find-and-update.company-information.service.gov.uk/search/companies?q=Benchmark+Holdings+PLC,https://find-and-update.company-information.service.gov.uk/search/companies?q=Benchmark+Holdings+PLC,1620589502,15:45:02,20210509
2,2020-06-30,BMK.L,GBP,2020-06-30,2020-06-30,Q2,24542000,14425000.0,10117000,0.4122320919240486,1618000.0,0.0,0.0,0.0,15897000.0,30322000,1999000.0,1831000.0,-3949000.0,-0.16090783147257762,-5780000.0,-0.23551462798467931,0.0,-8535000.0,-0.3477711677939858,-580000.0,-4413000.0,-0.17981419607203977,-0.0066,-0.0066,667596000,667596000,https://find-and-update.company-information.service.gov.uk/,https://find-and-update.company-information.service.gov.uk/,1620589502,15:45:02,20210509
3,2020-03-31,BMK.L,GBP,2020-03-31,2020-03-31,Q1,32005000,15061000.0,16944000,0.5294172785502266,2763000.0,0.0,0.0,0.0,18386000.0,33447000,11917000.0,1836000.0,394000.0,0.012310576472426183,-1442000.0,-0.04505546008436182,0.0,-13210000.0,-0.4127480081237307,958000.0,-13253000.0,-0.41409154819559446,-0.0218,-0.0218,607993000,607993000,https://find-and-update.company-information.service.gov.uk/,https://find-and-update.company-information.service.gov.uk/,1620589502,15:45:02,20210509
4,2019-12-31,BMK.L,GBP,2019-12-31,2019-12-31,Q4,25019000,12977000.0,12042000,0.4813142012070826,3993000.0,0.0,0.0,0.0,20419000.0,33396000,2010000.0,1780000.0,-6597000.0,-0.26367960350133895,-8377000.0,-0.3348255325952276,0.0,-5942000.0,-0.23749950037971143,-600000.0,-5716000.0,-0.22846636556217276,-0.010183,-0.010183,559832172,559832172,https://find-and-update.company-information.service.gov.uk/,https://find-and-update.company-information.service.gov.uk/,1620589502,15:45:02,20210509
5,2019-09-30,BMK.L,GBP,2019-09-30,2019-09-30,Q3,37233000,16235000.0,20998000,0.563962076652432,3766000.0,0.0,0.0,0.0,70175000.0,86410000,-1122000.0,3802000.0,-45375000.0,-1.2186769800983,-49177000.0,-1.3207906964252143,0.0,-55078000.0,-1.479279134101469,-457000.0,-61809000.0,-1.6600596245266297,-0.09258443729441158,-0.09258443729441158,667596000,667596000,https://find-and-update.company-information.service.gov.uk/,https://find-and-update.company-information.service.gov.uk/,1620589502,15:45:02,20210509
6,2019-06-30,BMK.L,GBP,2019-06-30,2019-06-30,Q2,22754000,11070000.0,11684000,0.5134921332512965,3537000.0,0.0,0.0,0.0,18827000.0,29897000,4765000.0,1610000.0,-5533000.0,-0.24316603674079282,-7143000.0,-0.31392282675573524,0.0,-11984000.0,-0.5266766282851367,-303000.0,-12520000.0,-0.5502329260789312,-0.0224,-0.0224,558118000,558118000,https://find-and-update.company-information.service.gov.uk/,https://find-and-update.company-information.service.gov.uk/,1620589502,15:45:02,20210509
7,2019-03-31,BMK.L,GBP,2019-03-31,2019-03-31,Q1,37740000,19796000.0,17944000,0.47546369899311075,2552000.0,0.0,0.0,0.0,18550000.0,38346000,1296000.0,1662000.0,1056000.0,0.027980922098569158,-606000.0,-0.016057233704292528,0.0,-205000.0,-0.00543190249072602,480000.0,-1624000.0,-0.04303126656067833,-0.0029,-0.0029,557576000,557576000,https://find-and-update.company-information.service.gov.uk/,https://find-and-update.company-information.service.gov.uk/,1620589502,15:45:02,20210509
8,2018-12-31,BMK.L,GBP,2018-12-31,2018-12-31,Q4,29615000,14249000.0,15366000,0.5188586864764477,2980000.0,0.0,0.0,0.0,18534000.0,32783000,2571000.0,1391000.0,-1777000.0,-0.06000337666722944,-3168000.0,-0.10697281782880297,0.0,-5877000.0,-0.1984467330744555,267000.0,-7901000.0,-0.266790477798413,-0.014176,-0.014176,558407777,558407777,https://find-and-update.company-information.service.gov.uk/,https://find-and-update.company-information.service.gov.uk/,1620589502,15:45:02,20210509
