,date,symbol,reportedCurrency,fillingDate,acceptedDate,period,revenue,costOfRevenue,grossProfit,grossProfitRatio,researchAndDevelopmentExpenses,generalAndAdministrativeExpenses,sellingAndMarketingExpenses,otherExpenses,operatingExpenses,costAndExpenses,interestExpense,depreciationAndAmortization,ebitda,ebitdaratio,operatingIncome,operatingIncomeRatio,totalOtherIncomeExpensesNet,incomeBeforeTax,incomeBeforeTaxRatio,incomeTaxExpense,netIncome,netIncomeRatio,eps,epsdiluted,weightedAverageShsOut,weightedAverageShsOutDil,link,finalLink,timestamp,est_time,est_date
0,2020-12-31,ACD.TO,CAD,2020-12-31,2020-12-31,Q4,9266005.0,0.0,0.0,0.0,0.0,7181458.0,0.0,0.0,0.0,0.0,3636959.0,179240.0,0.0,0.0,0.0,0.12376056347908294,0.0,1146766.0,0.12376056347908294,-222000.0,1384246.0,0.14938973160493654,0.16389788844918227,0.16389788844918227,8445783.0,8445783.0,https://www.sedar.com/ModifyCompanyDocumentSearchForm.do?lang=EN&company_search=Accord Financial Corp&document_selection=0&industry_group=A&FromDate=13&FromMonth=05&FromYear=2000&ToDate=13&ToMonth=11&ToYear=2020&Variable=Issuer,https://www.sedar.com/ModifyCompanyDocumentSearchForm.do?lang=EN&company_search=Accord Financial Corp&document_selection=0&industry_group=A&FromDate=13&FromMonth=05&FromYear=2000&ToDate=13&ToMonth=11&ToYear=2020&Variable=Issuer,1620586106,14:48:26,20210509
1,2020-09-30,ACD.TO,CAD,2020-09-30,2020-09-30,Q3,8933627.0,0.0,0.0,0.0,0.0,5760247.0,0.0,0.0,0.0,0.0,3378807.0,179591.0,0.0,0.0,0.0,-0.013479631509128375,0.0,-120422.0,-0.013479631509128375,-687000.0,566151.0,0.06337302867021424,0.07,0.07,8445783.0,8445783.0,https://www.sedar.com/ModifyCompanyDocumentSearchForm.do?lang=EN&company_search=Accord Financial Corp&document_selection=0&industry_group=A&FromDate=13&FromMonth=05&FromYear=2000&ToDate=13&ToMonth=11&ToYear=2020&Variable=Issuer,https://www.sedar.com/ModifyCompanyDocumentSearchForm.do?lang=EN&company_search=Accord Financial Corp&document_selection=0&industry_group=A&FromDate=13&FromMonth=05&FromYear=2000&ToDate=13&ToMonth=11&ToYear=2020&Variable=Issuer,1620586106,14:48:26,20210509
2,2020-06-30,ACD.TO,CAD,2020-06-30,2020-06-30,Q2,7695308.0,0.0,0.0,0.0,0.0,6569098.0,0.0,0.0,0.0,0.0,3574945.0,183738.0,0.0,0.0,0.0,0.4966535452512102,0.0,3821902.0,0.4966535452512102,-905000.0,4342691.0,0.564329718836465,0.51,0.51,8558913.0,8558913.0,https://www.sedar.com/ModifyCompanyDocumentSearchForm.do?lang=EN&company_search=Accord Financial Corp&document_selection=0&industry_group=A&FromDate=13&FromMonth=05&FromYear=2000&ToDate=13&ToMonth=11&ToYear=2020&Variable=Issuer,https://www.sedar.com/ModifyCompanyDocumentSearchForm.do?lang=EN&company_search=Accord Financial Corp&document_selection=0&industry_group=A&FromDate=13&FromMonth=05&FromYear=2000&ToDate=13&ToMonth=11&ToYear=2020&Variable=Issuer,1620586106,14:48:26,20210509
3,2020-03-31,ACD.TO,CAD,2020-03-31,2020-03-31,Q1,8009976.0,0.0,0.0,0.0,0.0,6947497.0,0.0,0.0,0.0,0.0,4005071.0,178764.0,0.0,0.0,0.0,-1.1124216851586073,0.0,-8910471.0,-1.1124216851586073,-2856000.0,-5876462.0,-0.7336428973070581,-0.69,-0.69,8558913.0,8558913.0,https://www.sedar.com/ModifyCompanyDocumentSearchForm.do?lang=EN&company_search=Accord Financial Corp&document_selection=0&industry_group=A&FromDate=13&FromMonth=05&FromYear=2000&ToDate=13&ToMonth=11&ToYear=2020&Variable=Issuer,https://www.sedar.com/ModifyCompanyDocumentSearchForm.do?lang=EN&company_search=Accord Financial Corp&document_selection=0&industry_group=A&FromDate=13&FromMonth=05&FromYear=2000&ToDate=13&ToMonth=11&ToYear=2020&Variable=Issuer,1620586106,14:48:26,20210509
4,2019-12-31,ACD.TO,CAD,2019-12-31,2019-12-31,Q4,9904045.0,0.0,0.0,0.0,0.0,7226886.0,0.0,0.0,0.0,0.0,4392630.0,183031.0,0.0,0.0,0.0,-0.20097798424785024,0.0,-1990495.0,-0.20097798424785024,-688000.0,-658212.0,-0.06645890643671348,-0.07793380436130078,-0.07793380436130078,8445783.0,8445783.0,https://www.sedar.com/ModifyCompanyDocumentSearchForm.do?lang=EN&company_search=Accord Financial Corp&document_selection=0&industry_group=A&FromDate=13&FromMonth=05&FromYear=2000&ToDate=13&ToMonth=11&ToYear=2020&Variable=Issuer,https://www.sedar.com/ModifyCompanyDocumentSearchForm.do?lang=EN&company_search=Accord Financial Corp&document_selection=0&industry_group=A&FromDate=13&FromMonth=05&FromYear=2000&ToDate=13&ToMonth=11&ToYear=2020&Variable=Issuer,1620586106,14:48:26,20210509
5,2019-09-30,ACD.TO,CAD,2019-09-30,2019-09-30,Q3,10913627.0,4385557.0,10913627.0,1.0,0.0,6501610.0,0.0,0.0,7478151.0,11863708.0,4385557.0,183662.0,3619138.0,0.3316164277925203,3435476.0,0.3147877419669923,627757.0,4063233.0,0.37230821614116005,1079000.0,3237263.0,0.2966257688667571,0.38,0.38,8445783.0,8445783.0,https://www.sedar.com/ModifyCompanyDocumentSearchForm.do?lang=EN&company_search=Accord Financial Corp&document_selection=0&industry_group=A&FromDate=13&FromMonth=05&FromYear=2000&ToDate=13&ToMonth=11&ToYear=2020&Variable=Issuer,https://www.sedar.com/ModifyCompanyDocumentSearchForm.do?lang=EN&company_search=Accord Financial Corp&document_selection=0&industry_group=A&FromDate=13&FromMonth=05&FromYear=2000&ToDate=13&ToMonth=11&ToYear=2020&Variable=Issuer,1620586106,14:48:26,20210509
6,2019-06-30,ACD.TO,CAD,2019-06-30,2019-06-30,Q2,9717465.0,4273268.0,9717465.0,1.0,0.0,6186900.0,0.0,0.0,6708799.0,10982067.0,4273268.0,182211.0,3190877.0,0.32836516519483216,3008666.0,0.3096142872652487,-96968.0,2911698.0,0.29963555309949663,723000.0,2221980.0,0.22865840010743543,0.26326664957353263,0.2629660781357123,8440036.0,8449683.0,https://www.sedar.com/ModifyCompanyDocumentSearchForm.do?lang=EN&company_search=Accord Financial Corp&document_selection=0&industry_group=A&FromDate=13&FromMonth=05&FromYear=2000&ToDate=13&ToMonth=11&ToYear=2020&Variable=Issuer,https://www.sedar.com/ModifyCompanyDocumentSearchForm.do?lang=EN&company_search=Accord Financial Corp&document_selection=0&industry_group=A&FromDate=13&FromMonth=05&FromYear=2000&ToDate=13&ToMonth=11&ToYear=2020&Variable=Issuer,1620586106,14:48:26,20210509
7,2019-03-31,ACD.TO,CAD,2019-03-31,2019-03-31,Q1,8550369.0,4038124.0,8550369.0,1.0,0.0,6235511.0,0.0,0.0,6517869.0,10555993.0,4038124.0,177714.0,2210214.0,0.25849340537232957,2032500.0,0.23770903922392123,-96458.0,1936042.0,0.22642788866772884,465000.0,1642688.0,0.19211896001213516,0.19489586692455232,0.1948179724835838,8428542.0,8431912.0,https://www.sedar.com/ModifyCompanyDocumentSearchForm.do?lang=EN&company_search=Accord Financial Corp&document_selection=0&industry_group=A&FromDate=13&FromMonth=05&FromYear=2000&ToDate=13&ToMonth=11&ToYear=2020&Variable=Issuer,https://www.sedar.com/ModifyCompanyDocumentSearchForm.do?lang=EN&company_search=Accord Financial Corp&document_selection=0&industry_group=A&FromDate=13&FromMonth=05&FromYear=2000&ToDate=13&ToMonth=11&ToYear=2020&Variable=Issuer,1620586106,14:48:26,20210509
8,2018-12-31,ACD.TO,CAD,2018-12-31,2018-12-31,Q4,9656273.0,3294922.0,9656273.0,1.0,0.0,6593594.0,0.0,0.0,5981363.0,9276285.0,3294922.0,118291.0,3793201.0,0.39282246887593175,3674910.0,0.3805722974070845,552206.0,4227116.0,0.4377585430735026,-103000.0,4160525.0,0.4308624041594516,0.4926156639354812,0.4926156639354812,8445783.0,8445783.0,https://www.sedar.com/ModifyCompanyDocumentSearchForm.do?lang=EN&company_search=Accord Financial Corp&document_selection=0&industry_group=A&FromDate=13&FromMonth=05&FromYear=2000&ToDate=13&ToMonth=11&ToYear=2020&Variable=Issuer,https://www.sedar.com/ModifyCompanyDocumentSearchForm.do?lang=EN&company_search=Accord Financial Corp&document_selection=0&industry_group=A&FromDate=13&FromMonth=05&FromYear=2000&ToDate=13&ToMonth=11&ToYear=2020&Variable=Issuer,1620586106,14:48:26,20210509
9,2018-09-30,ACD.TO,CAD,2018-09-30,2018-09-30,Q3,10465149.0,2654693.0,10465149.0,1.0,0.0,5810497.0,0.0,0.0,7209099.0,9863792.0,2654693.0,61639.0,3317689.0,0.3170226243314835,3256050.0,0.3111326938584439,-151496.0,3104554.0,0.2966564546763739,274000.0,2615687.0,0.24994264295711413,0.31477733938477737,0.31469474265753733,8309642.0,8311823.0,https://www.sedar.com/ModifyCompanyDocumentSearchForm.do?lang=EN&company_search=Accord Financial Corp&document_selection=0&industry_group=A&FromDate=13&FromMonth=05&FromYear=2000&ToDate=13&ToMonth=11&ToYear=2020&Variable=Issuer,https://www.sedar.com/ModifyCompanyDocumentSearchForm.do?lang=EN&company_search=Accord Financial Corp&document_selection=0&industry_group=A&FromDate=13&FromMonth=05&FromYear=2000&ToDate=13&ToMonth=11&ToYear=2020&Variable=Issuer,1620586106,14:48:26,20210509
10,2018-06-30,ACD.TO,CAD,2018-06-30,2018-06-30,Q2,8831945.0,1991399.0,8831945.0,1.0,0.0,5713973.0,0.0,0.0,6054277.0,8045676.0,1991399.0,52052.0,2829720.0,0.32039601695889186,2777668.0,0.31450241141673774,-185374.0,2592294.0,0.29351337672505884,109000.0,2363407.0,0.2675975676931865,0.28,0.28,8440739.0,8440739.0,https://www.sedar.com/ModifyCompanyDocumentSearchForm.do?lang=EN&company_search=Accord Financial Corp&document_selection=0&industry_group=A&FromDate=13&FromMonth=05&FromYear=2000&ToDate=13&ToMonth=11&ToYear=2020&Variable=Issuer,https://www.sedar.com/ModifyCompanyDocumentSearchForm.do?lang=EN&company_search=Accord Financial Corp&document_selection=0&industry_group=A&FromDate=13&FromMonth=05&FromYear=2000&ToDate=13&ToMonth=11&ToYear=2020&Variable=Issuer,1620586106,14:48:26,20210509
11,2018-03-31,ACD.TO,CAD,2018-03-31,2018-03-31,Q1,8566839.0,1466131.0,8566839.0,1.0,0.0,5405996.0,0.0,0.0,6993533.0,8459664.0,1466131.0,46532.0,1619838.0,0.1890823441411704,1573306.0,0.18365070243528564,-165817.0,1407489.0,0.16429502176940644,-176000.0,1216295.0,0.14197710497419178,0.15,0.15,8108633.0,8108633.0,https://www.sedar.com/ModifyCompanyDocumentSearchForm.do?lang=EN&company_search=Accord Financial Corp&document_selection=0&industry_group=A&FromDate=13&FromMonth=05&FromYear=2000&ToDate=13&ToMonth=11&ToYear=2020&Variable=Issuer,https://www.sedar.com/ModifyCompanyDocumentSearchForm.do?lang=EN&company_search=Accord Financial Corp&document_selection=0&industry_group=A&FromDate=13&FromMonth=05&FromYear=2000&ToDate=13&ToMonth=11&ToYear=2020&Variable=Issuer,1620586106,14:48:26,20210509
12,2017-12-31,ACD.TO,CAD,2017-12-31,2017-12-31,Q4,8528021.0,1407035.0,8528021.0,1.0,0.0,5104549.0,0.0,0.0,5068674.0,6475709.0,1407035.0,43080.0,3502427.0,0.41069633857608934,3459347.0,0.4056447562687756,-459250.0,3000097.0,0.3517928719922242,387000.0,2432738.0,0.28526407240319884,0.2880417363316107,0.2880417363316107,8445783.0,8445783.0,https://www.sedar.com/ModifyCompanyDocumentSearchForm.do?lang=EN&company_search=Accord Financial Corp&document_selection=0&industry_group=A&FromDate=13&FromMonth=05&FromYear=2000&ToDate=13&ToMonth=11&ToYear=2020&Variable=Issuer,https://www.sedar.com/ModifyCompanyDocumentSearchForm.do?lang=EN&company_search=Accord Financial Corp&document_selection=0&industry_group=A&FromDate=13&FromMonth=05&FromYear=2000&ToDate=13&ToMonth=11&ToYear=2020&Variable=Issuer,1620586106,14:48:26,20210509
13,2017-09-30,ACD.TO,CAD,2017-09-30,2017-09-30,Q3,7302577.0,1067565.0,7302577.0,1.0,0.0,3962279.0,0.0,0.0,4874931.0,5942496.0,1067565.0,39240.0,2466886.0,0.33781033736446736,2427646.0,0.3324368917986075,-109977.0,2317669.0,0.31737686572835866,314000.0,1982743.0,0.271512782405444,0.24,0.24,8307713.0,8307713.0,https://www.sedar.com/ModifyCompanyDocumentSearchForm.do?lang=EN&company_search=Accord Financial Corp&document_selection=0&industry_group=A&FromDate=13&FromMonth=05&FromYear=2000&ToDate=13&ToMonth=11&ToYear=2020&Variable=Issuer,https://www.sedar.com/ModifyCompanyDocumentSearchForm.do?lang=EN&company_search=Accord Financial Corp&document_selection=0&industry_group=A&FromDate=13&FromMonth=05&FromYear=2000&ToDate=13&ToMonth=11&ToYear=2020&Variable=Issuer,1620586106,14:48:26,20210509
14,2017-06-30,ACD.TO,CAD,2017-06-30,2017-06-30,Q2,5849145.0,753763.0,5849145.0,1.0,0.0,3886607.0,0.0,0.0,5979409.0,6733172.0,753763.0,41649.0,-88615.0,-0.015150077489957933,-130264.0,-0.022270605361980254,-5849145.0,-130264.0,-0.022270605361980254,-499000.0,368736.0,0.063041008557661,0.04,0.04,9218400.0,9218400.0,https://www.sedar.com/ModifyCompanyDocumentSearchForm.do?lang=EN&company_search=Accord Financial Corp&document_selection=0&industry_group=A&FromDate=13&FromMonth=05&FromYear=2000&ToDate=13&ToMonth=11&ToYear=2020&Variable=Issuer,https://www.sedar.com/ModifyCompanyDocumentSearchForm.do?lang=EN&company_search=Accord Financial Corp&document_selection=0&industry_group=A&FromDate=13&FromMonth=05&FromYear=2000&ToDate=13&ToMonth=11&ToYear=2020&Variable=Issuer,1620586106,14:48:26,20210509
15,2017-03-31,ACD.TO,CAD,2017-03-31,2017-03-31,Q1,5882148.0,618805.0,5882148.0,1.0,0.0,3991197.0,0.0,0.0,4467362.0,5086167.0,618805.0,36962.0,1451748.0,0.24680575871263355,1414786.0,0.24052199978647257,-5882148.0,1414786.0,0.24052199978647257,189000.0,1225786.0,0.208390880338271,0.15,0.15,8171907.0,8171907.0,https://www.sedar.com/ModifyCompanyDocumentSearchForm.do?lang=EN&company_search=Accord Financial Corp&document_selection=0&industry_group=A&FromDate=13&FromMonth=05&FromYear=2000&ToDate=13&ToMonth=11&ToYear=2020&Variable=Issuer,https://www.sedar.com/ModifyCompanyDocumentSearchForm.do?lang=EN&company_search=Accord Financial Corp&document_selection=0&industry_group=A&FromDate=13&FromMonth=05&FromYear=2000&ToDate=13&ToMonth=11&ToYear=2020&Variable=Issuer,1620586106,14:48:26,20210509
16,2016-12-31,ACD.TO,CAD,2016-12-31,2016-12-31,Q4,7067339.0,655101.0,7067339.0,1.0,0.0,4612082.0,0.0,0.0,4561664.0,5216765.0,655101.0,43785.0,2549460.0,0.36073832032112796,2505675.0,0.3545429191949049,0.0,2505675.0,0.3545429191949049,296000.0,2209675.0,0.31266011153561474,0.26163056758621434,0.26163056758621434,8445783.0,8445783.0,https://www.sedar.com/ModifyCompanyDocumentSearchForm.do?lang=EN&company_search=Accord Financial Corp&document_selection=0&industry_group=A&FromDate=13&FromMonth=05&FromYear=2000&ToDate=13&ToMonth=11&ToYear=2020&Variable=Issuer,https://www.sedar.com/ModifyCompanyDocumentSearchForm.do?lang=EN&company_search=Accord Financial Corp&document_selection=0&industry_group=A&FromDate=13&FromMonth=05&FromYear=2000&ToDate=13&ToMonth=11&ToYear=2020&Variable=Issuer,1620586106,14:48:26,20210509
17,2016-09-30,ACD.TO,CAD,2016-09-30,2016-09-30,Q3,6482023.0,550229.0,6482023.0,1.0,0.0,4718160.0,0.0,0.0,5226199.0,5776428.0,550229.0,42148.0,1297972.0,0.20024180722592314,1255824.0,0.19373951619733532,-44491.0,1211333.0,0.18687576393974537,-54000.0,1265333.0,0.19520649649037036,0.15,0.15,8307713.0,8307713.0,https://www.sedar.com/ModifyCompanyDocumentSearchForm.do?lang=EN&company_search=Accord Financial Corp&document_selection=0&industry_group=A&FromDate=13&FromMonth=05&FromYear=2000&ToDate=13&ToMonth=11&ToYear=2020&Variable=Issuer,https://www.sedar.com/ModifyCompanyDocumentSearchForm.do?lang=EN&company_search=Accord Financial Corp&document_selection=0&industry_group=A&FromDate=13&FromMonth=05&FromYear=2000&ToDate=13&ToMonth=11&ToYear=2020&Variable=Issuer,1620586106,14:48:26,20210509
18,2016-06-30,ACD.TO,CAD,2016-06-30,2016-06-30,Q2,6323005.0,574419.0,6323005.0,1.0,0.0,3992203.0,0.0,0.0,4465098.0,5039517.0,574419.0,33571.0,1891478.0,0.2991422590999058,1857907.0,0.2938329164693053,-6323005.0,1857907.0,0.2938329164693053,231000.0,1626907.0,0.2572996541992296,0.2,0.2,8307713.0,8307713.0,https://www.sedar.com/ModifyCompanyDocumentSearchForm.do?lang=EN&company_search=Accord Financial Corp&document_selection=0&industry_group=A&FromDate=13&FromMonth=05&FromYear=2000&ToDate=13&ToMonth=11&ToYear=2020&Variable=Issuer,https://www.sedar.com/ModifyCompanyDocumentSearchForm.do?lang=EN&company_search=Accord Financial Corp&document_selection=0&industry_group=A&FromDate=13&FromMonth=05&FromYear=2000&ToDate=13&ToMonth=11&ToYear=2020&Variable=Issuer,1620586106,14:48:26,20210509
19,2016-03-31,ACD.TO,CAD,2016-03-31,2016-03-31,Q1,6369727.0,500889.0,6369727.0,1.0,0.0,4104130.0,0.0,0.0,4800190.0,5301079.0,500889.0,34017.0,1603554.0,0.2517461109400764,1569537.0,0.24640569368200552,-6369727.0,1569537.0,0.24640569368200552,105000.0,1464537.0,0.22992147073179117,0.18,0.176286,8307713.0,8307713.0,https://www.sedar.com/ModifyCompanyDocumentSearchForm.do?lang=EN&company_search=Accord Financial Corp&document_selection=0&industry_group=A&FromDate=13&FromMonth=05&FromYear=2000&ToDate=13&ToMonth=11&ToYear=2020&Variable=Issuer,https://www.sedar.com/ModifyCompanyDocumentSearchForm.do?lang=EN&company_search=Accord Financial Corp&document_selection=0&industry_group=A&FromDate=13&FromMonth=05&FromYear=2000&ToDate=13&ToMonth=11&ToYear=2020&Variable=Issuer,1620586106,14:48:26,20210509
20,2015-12-31,ACD.TO,CAD,2015-12-31,2015-12-31,Q4,7326026.0,513566.0,7326026.0,1.0,0.0,4426524.0,0.0,0.0,3840661.0,4354227.0,513566.0,32928.0,3518293.0,0.4802457703535314,3485365.0,0.47575110981042107,-33947178.0,3434765.0,0.4688442274160643,641000.0,2793765.0,0.3813479504440743,0.3307881578297714,0.3307881578297714,8445783.0,8445783.0,https://www.sedar.com/ModifyCompanyDocumentSearchForm.do?lang=EN&company_search=Accord Financial Corp&document_selection=0&industry_group=A&FromDate=13&FromMonth=05&FromYear=2000&ToDate=13&ToMonth=11&ToYear=2020&Variable=Issuer,https://www.sedar.com/ModifyCompanyDocumentSearchForm.do?lang=EN&company_search=Accord Financial Corp&document_selection=0&industry_group=A&FromDate=13&FromMonth=05&FromYear=2000&ToDate=13&ToMonth=11&ToYear=2020&Variable=Issuer,1620586106,14:48:26,20210509
21,2015-09-30,ACD.TO,CAD,2015-09-30,2015-09-30,Q3,7922038.0,599346.0,7922038.0,1.0,0.0,4455490.0,0.0,0.0,4762097.0,5361443.0,599346.0,34368.0,3194309.0,0.40321808605310905,3159941.0,0.3988798084533298,599346.0,3159941.0,0.3988798084533298,636000.0,2523941.0,0.31859743666970547,0.3,0.3,8307713.0,8307713.0,https://www.sedar.com/ModifyCompanyDocumentSearchForm.do?lang=EN&company_search=Accord Financial Corp&document_selection=0&industry_group=A&FromDate=13&FromMonth=05&FromYear=2000&ToDate=13&ToMonth=11&ToYear=2020&Variable=Issuer,https://www.sedar.com/ModifyCompanyDocumentSearchForm.do?lang=EN&company_search=Accord Financial Corp&document_selection=0&industry_group=A&FromDate=13&FromMonth=05&FromYear=2000&ToDate=13&ToMonth=11&ToYear=2020&Variable=Issuer,1620586106,14:48:26,20210509
22,2015-06-30,ACD.TO,CAD,2015-06-30,2015-06-30,Q2,7023912.0,633244.0,7023912.0,1.0,0.0,4239593.0,0.0,0.0,4947562.0,5580806.0,633244.0,34596.0,2110946.0,0.3005370796217265,2076350.0,0.2956116192799682,633244.0,2076350.0,0.2956116192799682,340000.0,1736350.0,0.2472055458553581,0.21,0.21,8307713.0,8307713.0,https://www.sedar.com/ModifyCompanyDocumentSearchForm.do?lang=EN&company_search=Accord Financial Corp&document_selection=0&industry_group=A&FromDate=13&FromMonth=05&FromYear=2000&ToDate=13&ToMonth=11&ToYear=2020&Variable=Issuer,https://www.sedar.com/ModifyCompanyDocumentSearchForm.do?lang=EN&company_search=Accord Financial Corp&document_selection=0&industry_group=A&FromDate=13&FromMonth=05&FromYear=2000&ToDate=13&ToMonth=11&ToYear=2020&Variable=Issuer,1620586106,14:48:26,20210509
23,2015-03-31,ACD.TO,CAD,2015-03-31,2015-03-31,Q1,7047452.0,511426.0,7047452.0,1.0,0.0,4362787.0,0.0,0.0,5019893.0,5531319.0,511426.0,33856.0,2061415.0,0.29250500748355573,2027559.0,0.2877010017237436,511426.0,2027559.0,0.2877010017237436,323000.0,1704559.0,0.24186883429642372,0.21,0.21,8307713.0,8307713.0,https://www.sedar.com/ModifyCompanyDocumentSearchForm.do?lang=EN&company_search=Accord Financial Corp&document_selection=0&industry_group=A&FromDate=13&FromMonth=05&FromYear=2000&ToDate=13&ToMonth=11&ToYear=2020&Variable=Issuer,https://www.sedar.com/ModifyCompanyDocumentSearchForm.do?lang=EN&company_search=Accord Financial Corp&document_selection=0&industry_group=A&FromDate=13&FromMonth=05&FromYear=2000&ToDate=13&ToMonth=11&ToYear=2020&Variable=Issuer,1620586106,14:48:26,20210509
24,2014-12-31,ACD.TO,CAD,2014-12-31,2014-12-31,Q4,7301576.0,623205.0,7301576.0,1.0,0.0,4211639.0,0.0,0.0,3489868.0,4113073.0,623205.0,38134.0,3849842.0,0.5272617856747639,3811708.0,0.52203907759092,0.0,3811708.0,0.52203907759092,1442000.0,2369708.0,0.32454746756042807,0.28057884035145114,0.28057884035145114,8445783.0,8445783.0,https://www.sedar.com/ModifyCompanyDocumentSearchForm.do?lang=EN&company_search=Accord Financial Corp&document_selection=0&industry_group=A&FromDate=13&FromMonth=05&FromYear=2000&ToDate=13&ToMonth=11&ToYear=2020&Variable=Issuer,https://www.sedar.com/ModifyCompanyDocumentSearchForm.do?lang=EN&company_search=Accord Financial Corp&document_selection=0&industry_group=A&FromDate=13&FromMonth=05&FromYear=2000&ToDate=13&ToMonth=11&ToYear=2020&Variable=Issuer,1620586106,14:48:26,20210509
25,2014-09-30,ACD.TO,CAD,2014-09-30,2014-09-30,Q3,7512657.0,652713.0,7512657.0,1.0,0.0,4009644.0,0.0,0.0,4518474.0,5171187.0,652713.0,31914.0,3026097.0,0.4027998349984566,2994183.0,0.39855180397561074,-3308.0,2990875.0,0.39811148039901195,815000.0,2175875.0,0.28962789063842526,0.26,0.26,8307713.0,8307713.0,https://www.sedar.com/ModifyCompanyDocumentSearchForm.do?lang=EN&company_search=Accord Financial Corp&document_selection=0&industry_group=A&FromDate=13&FromMonth=05&FromYear=2000&ToDate=13&ToMonth=11&ToYear=2020&Variable=Issuer,https://www.sedar.com/ModifyCompanyDocumentSearchForm.do?lang=EN&company_search=Accord Financial Corp&document_selection=0&industry_group=A&FromDate=13&FromMonth=05&FromYear=2000&ToDate=13&ToMonth=11&ToYear=2020&Variable=Issuer,1620586106,14:48:26,20210509
26,2014-06-30,ACD.TO,CAD,2014-06-30,2014-06-30,Q2,6800023.0,729036.0,6800023.0,1.0,0.0,3780381.0,0.0,0.0,4573439.0,5302475.0,729036.0,29039.0,2255623.0,0.3317081427518701,2226584.0,0.32743771601948995,-2845.0,2223739.0,0.32701933508166076,687000.0,1536739.0,0.2259902650329271,0.18,0.18,8307713.0,8307713.0,https://www.sedar.com/ModifyCompanyDocumentSearchForm.do?lang=EN&company_search=Accord Financial Corp&document_selection=0&industry_group=A&FromDate=13&FromMonth=05&FromYear=2000&ToDate=13&ToMonth=11&ToYear=2020&Variable=Issuer,https://www.sedar.com/ModifyCompanyDocumentSearchForm.do?lang=EN&company_search=Accord Financial Corp&document_selection=0&industry_group=A&FromDate=13&FromMonth=05&FromYear=2000&ToDate=13&ToMonth=11&ToYear=2020&Variable=Issuer,1620586106,14:48:26,20210509
27,2014-03-31,ACD.TO,CAD,2014-03-31,2014-03-31,Q1,6098321.0,517904.0,6098321.0,1.0,0.0,4152259.0,0.0,0.0,4787927.0,5305831.0,517904.0,26836.0,1337230.0,0.21927838826457316,1310394.0,0.21487783276741254,-112429.0,1197965.0,0.19644177471143287,401000.0,796965.0,0.13068597077785837,0.1,0.1,8279902.0,8279902.0,https://www.sedar.com/ModifyCompanyDocumentSearchForm.do?lang=EN&company_search=Accord Financial Corp&document_selection=0&industry_group=A&FromDate=13&FromMonth=05&FromYear=2000&ToDate=13&ToMonth=11&ToYear=2020&Variable=Issuer,https://www.sedar.com/ModifyCompanyDocumentSearchForm.do?lang=EN&company_search=Accord Financial Corp&document_selection=0&industry_group=A&FromDate=13&FromMonth=05&FromYear=2000&ToDate=13&ToMonth=11&ToYear=2020&Variable=Issuer,1620586106,14:48:26,20210509
28,2013-12-31,ACD.TO,CAD,2013-12-31,2013-12-31,Q4,6774018.0,500658.0,6774018.0,1.0,0.0,3509585.0,0.0,0.0,2918919.0,3419577.0,500658.0,28793.0,3883892.0,0.5733512960845395,3855099.0,0.5691007906976332,619459.0,3855099.0,0.5691007906976332,1208000.0,2647099.0,0.39077235991991754,0.3134225683989276,0.3134225683989276,8445783.0,8445783.0,https://www.sedar.com/ModifyCompanyDocumentSearchForm.do?lang=EN&company_search=Accord Financial Corp&document_selection=0&industry_group=A&FromDate=13&FromMonth=05&FromYear=2000&ToDate=13&ToMonth=11&ToYear=2020&Variable=Issuer,https://www.sedar.com/ModifyCompanyDocumentSearchForm.do?lang=EN&company_search=Accord Financial Corp&document_selection=0&industry_group=A&FromDate=13&FromMonth=05&FromYear=2000&ToDate=13&ToMonth=11&ToYear=2020&Variable=Issuer,1620586106,14:48:26,20210509
29,2013-09-30,ACD.TO,CAD,2013-09-30,2013-09-30,Q3,5993867.0,469767.0,5993867.0,1.0,0.0,3455421.0,0.0,0.0,3922992.0,4392759.0,469767.0,28228.0,2099103.0,0.3502084714258758,2070875.0,0.34549899088518315,-439343.0,2070875.0,0.34549899088518315,693000.0,1377875.0,0.22988080983445244,0.17,0.17,8221498.0,8221498.0,https://www.sedar.com/ModifyCompanyDocumentSearchForm.do?lang=EN&company_search=Accord Financial Corp&document_selection=0&industry_group=A&FromDate=13&FromMonth=05&FromYear=2000&ToDate=13&ToMonth=11&ToYear=2020&Variable=Issuer,https://www.sedar.com/ModifyCompanyDocumentSearchForm.do?lang=EN&company_search=Accord Financial Corp&document_selection=0&industry_group=A&FromDate=13&FromMonth=05&FromYear=2000&ToDate=13&ToMonth=11&ToYear=2020&Variable=Issuer,1620586106,14:48:26,20210509
30,2013-06-30,ACD.TO,CAD,2013-06-30,2013-06-30,Q2,5899083.0,488931.0,5899083.0,1.0,0.0,3578834.0,0.0,0.0,3945074.0,4434005.0,488931.0,27436.0,1981445.0,0.335890340922479,1954009.0,0.3312394485719221,-338804.0,1954009.0,0.3312394485719221,687000.0,1267009.0,0.21478067014822474,0.15,0.15,8221498.0,8221498.0,https://www.sedar.com/ModifyCompanyDocumentSearchForm.do?lang=EN&company_search=Accord Financial Corp&document_selection=0&industry_group=A&FromDate=13&FromMonth=05&FromYear=2000&ToDate=13&ToMonth=11&ToYear=2020&Variable=Issuer,https://www.sedar.com/ModifyCompanyDocumentSearchForm.do?lang=EN&company_search=Accord Financial Corp&document_selection=0&industry_group=A&FromDate=13&FromMonth=05&FromYear=2000&ToDate=13&ToMonth=11&ToYear=2020&Variable=Issuer,1620586106,14:48:26,20210509
31,2013-03-31,ACD.TO,CAD,2013-03-31,2013-03-31,Q1,5494080.0,453137.0,5494080.0,1.0,0.0,3301003.0,0.0,0.0,3608052.0,4061189.0,453137.0,27343.0,1913371.0,0.3482604912924457,1886028.0,0.34328367988817055,-279706.0,1886028.0,0.34328367988817055,640000.0,1246028.0,0.2267946589783913,0.15,0.15,8221498.0,8221498.0,https://www.sedar.com/ModifyCompanyDocumentSearchForm.do?lang=EN&company_search=Accord Financial Corp&document_selection=0&industry_group=A&FromDate=13&FromMonth=05&FromYear=2000&ToDate=13&ToMonth=11&ToYear=2020&Variable=Issuer,https://www.sedar.com/ModifyCompanyDocumentSearchForm.do?lang=EN&company_search=Accord Financial Corp&document_selection=0&industry_group=A&FromDate=13&FromMonth=05&FromYear=2000&ToDate=13&ToMonth=11&ToYear=2020&Variable=Issuer,1620586106,14:48:26,20210509
32,2012-12-31,ACD.TO,CAD,2012-12-31,2012-12-31,Q4,5228724.0,1910708.0,5228724.0,1.0,0.0,3648714.0,0.0,0.0,3893211.0,5803919.0,557768.0,31469.0,1366982.0,0.2614370159908995,1335513.0,0.2554185304100962,-27243467.0,4356965.0,0.8332750017021361,1832000.0,2524965.0,0.482902712019223,0.2989616238068158,0.2989616238068158,8445783.0,8445783.0,https://www.sedar.com/ModifyCompanyDocumentSearchForm.do?lang=EN&company_search=Accord Financial Corp&document_selection=0&industry_group=A&FromDate=13&FromMonth=05&FromYear=2000&ToDate=13&ToMonth=11&ToYear=2020&Variable=Issuer,https://www.sedar.com/ModifyCompanyDocumentSearchForm.do?lang=EN&company_search=Accord Financial Corp&document_selection=0&industry_group=A&FromDate=13&FromMonth=05&FromYear=2000&ToDate=13&ToMonth=11&ToYear=2020&Variable=Issuer,1620586106,14:48:26,20210509
33,2012-09-30,ACD.TO,CAD,2012-09-30,2012-09-30,Q3,6748970.0,0.0,6748970.0,1.0,0.0,3293098.0,0.0,0.0,3325441.0,3325441.0,493458.0,32343.0,3455872.0,0.5120591734738782,3423529.0,0.507266886650852,-341693.0,2588378.0,0.3835219300130242,863000.0,1725378.0,0.25565056593820984,0.21,0.21,8342261.0,8342261.0,https://www.sedar.com/ModifyCompanyDocumentSearchForm.do?lang=EN&company_search=Accord Financial Corp&document_selection=0&industry_group=A&FromDate=13&FromMonth=05&FromYear=2000&ToDate=13&ToMonth=11&ToYear=2020&Variable=Issuer,https://www.sedar.com/ModifyCompanyDocumentSearchForm.do?lang=EN&company_search=Accord Financial Corp&document_selection=0&industry_group=A&FromDate=13&FromMonth=05&FromYear=2000&ToDate=13&ToMonth=11&ToYear=2020&Variable=Issuer,1620586106,14:48:26,20210509
34,2012-06-30,ACD.TO,CAD,2012-06-30,2012-06-30,Q2,6322501.0,0.0,6322501.0,1.0,0.0,3283641.0,0.0,0.0,3314998.0,3314998.0,469120.0,31357.0,3038860.0,0.48064207502695533,3007503.0,0.47568248704112503,-722345.0,1816038.0,0.2872341182706021,573000.0,1243038.0,0.19660542560610114,0.15,0.15,8515898.0,8515898.0,https://www.sedar.com/ModifyCompanyDocumentSearchForm.do?lang=EN&company_search=Accord Financial Corp&document_selection=0&industry_group=A&FromDate=13&FromMonth=05&FromYear=2000&ToDate=13&ToMonth=11&ToYear=2020&Variable=Issuer,https://www.sedar.com/ModifyCompanyDocumentSearchForm.do?lang=EN&company_search=Accord Financial Corp&document_selection=0&industry_group=A&FromDate=13&FromMonth=05&FromYear=2000&ToDate=13&ToMonth=11&ToYear=2020&Variable=Issuer,1620586106,14:48:26,20210509
35,2012-03-31,ACD.TO,CAD,2012-03-31,2012-03-31,Q1,5679624.0,0.0,5679624.0,1.0,0.0,3389254.0,0.0,0.0,3420572.0,3420572.0,390362.0,31318.0,2290370.0,0.40326084966187903,2259052.0,0.39774675224979683,-604474.0,1264216.0,0.22258797413349898,381000.0,883216.0,0.15550606871159076,0.1,0.1,8535243.0,8535243.0,https://www.sedar.com/ModifyCompanyDocumentSearchForm.do?lang=EN&company_search=Accord Financial Corp&document_selection=0&industry_group=A&FromDate=13&FromMonth=05&FromYear=2000&ToDate=13&ToMonth=11&ToYear=2020&Variable=Issuer,https://www.sedar.com/ModifyCompanyDocumentSearchForm.do?lang=EN&company_search=Accord Financial Corp&document_selection=0&industry_group=A&FromDate=13&FromMonth=05&FromYear=2000&ToDate=13&ToMonth=11&ToYear=2020&Variable=Issuer,1620586106,14:48:26,20210509
36,2011-12-31,ACD.TO,CAD,2011-12-31,2011-12-31,Q4,7370759.0,0.0,7370759.0,1.0,0.0,2335122.0,0.0,0.0,3261029.0,3261029.0,484402.0,40201.0,4149931.0,0.5630262772124282,4109730.0,0.5575721577655707,0.0,3625328.0,0.4918527386392636,1281000.0,2344328.0,0.318057882505723,0.27757379037562296,0.27757379037562296,8445783.0,8445783.0,https://www.sedar.com/ModifyCompanyDocumentSearchForm.do?lang=EN&company_search=Accord Financial Corp&document_selection=0&industry_group=A&FromDate=13&FromMonth=05&FromYear=2000&ToDate=13&ToMonth=11&ToYear=2020&Variable=Issuer,https://www.sedar.com/ModifyCompanyDocumentSearchForm.do?lang=EN&company_search=Accord Financial Corp&document_selection=0&industry_group=A&FromDate=13&FromMonth=05&FromYear=2000&ToDate=13&ToMonth=11&ToYear=2020&Variable=Issuer,1620586106,14:48:26,20210509
37,2011-09-30,ACD.TO,CAD,2011-09-30,2011-09-30,Q3,7341838.0,0.0,7341838.0,1.0,0.0,3475005.0,0.0,0.0,3506374.0,3506374.0,523297.0,31369.0,3866833.0,0.5266845985977898,3835464.0,0.5224119627809821,523297.0,3312167.0,0.4511359417083297,1064000.0,2248167.0,0.306213103585233,0.25,0.25,8905931.0,8905931.0,https://www.sedar.com/ModifyCompanyDocumentSearchForm.do?lang=EN&company_search=Accord Financial Corp&document_selection=0&industry_group=A&FromDate=13&FromMonth=05&FromYear=2000&ToDate=13&ToMonth=11&ToYear=2020&Variable=Issuer,https://www.sedar.com/ModifyCompanyDocumentSearchForm.do?lang=EN&company_search=Accord Financial Corp&document_selection=0&industry_group=A&FromDate=13&FromMonth=05&FromYear=2000&ToDate=13&ToMonth=11&ToYear=2020&Variable=Issuer,1620586106,14:48:26,20210509
38,2011-06-30,ACD.TO,CAD,2011-06-30,2011-06-30,Q2,6828201.0,0.0,6828201.0,1.0,0.0,3194090.0,0.0,0.0,3223734.0,3223734.0,543443.0,29644.0,3634111.0,0.5322208587591373,3604467.0,0.527879451703311,-1032385.0,2028639.0,0.2970971416922261,635000.0,1393639.0,0.2041004651151892,0.16,0.16,8948580.0,8948580.0,https://www.sedar.com/ModifyCompanyDocumentSearchForm.do?lang=EN&company_search=Accord Financial Corp&document_selection=0&industry_group=A&FromDate=13&FromMonth=05&FromYear=2000&ToDate=13&ToMonth=11&ToYear=2020&Variable=Issuer,https://www.sedar.com/ModifyCompanyDocumentSearchForm.do?lang=EN&company_search=Accord Financial Corp&document_selection=0&industry_group=A&FromDate=13&FromMonth=05&FromYear=2000&ToDate=13&ToMonth=11&ToYear=2020&Variable=Issuer,1620586106,14:48:26,20210509
39,2011-03-31,ACD.TO,CAD,2011-03-31,2011-03-31,Q1,6867277.0,0.0,6867277.0,1.0,0.0,3537506.0,0.0,0.0,3566774.0,3566774.0,495634.0,29268.0,3329771.0,0.4848750094105713,3300503.0,0.48061305813060984,-446401.0,2358468.0,0.3434356878279411,760000.0,1598468.0,0.2327659128938588,0.18,0.18,9002340.0,9002340.0,https://www.sedar.com/ModifyCompanyDocumentSearchForm.do?lang=EN&company_search=Accord Financial Corp&document_selection=0&industry_group=A&FromDate=13&FromMonth=05&FromYear=2000&ToDate=13&ToMonth=11&ToYear=2020&Variable=Issuer,https://www.sedar.com/ModifyCompanyDocumentSearchForm.do?lang=EN&company_search=Accord Financial Corp&document_selection=0&industry_group=A&FromDate=13&FromMonth=05&FromYear=2000&ToDate=13&ToMonth=11&ToYear=2020&Variable=Issuer,1620586106,14:48:26,20210509
40,2010-12-31,ACD.TO,CAD,2010-12-31,2010-12-31,Q4,8216934.0,0.0,8216934.0,1.0,0.0,3689919.0,0.0,0.0,5055370.0,5055370.0,460384.0,39922.0,3201486.0,0.38962050808732307,3161564.0,0.38476200490353213,1584304.0,4285484.0,0.5215429502050278,1323000.0,2962484.0,0.3605339899286035,0.3507648728365387,0.3507648728365387,8445783.0,8445783.0,https://www.sedar.com/ModifyCompanyDocumentSearchForm.do?lang=EN&company_search=Accord Financial Corp&document_selection=0&industry_group=A&FromDate=13&FromMonth=05&FromYear=2000&ToDate=13&ToMonth=11&ToYear=2020&Variable=Issuer,https://www.sedar.com/ModifyCompanyDocumentSearchForm.do?lang=EN&company_search=Accord Financial Corp&document_selection=0&industry_group=A&FromDate=13&FromMonth=05&FromYear=2000&ToDate=13&ToMonth=11&ToYear=2020&Variable=Issuer,1620586106,14:48:26,20210509
41,2010-09-30,ACD.TO,CAD,2010-09-30,2010-09-30,Q3,8141361.0,0.0,8141361.0,1.0,0.0,3762167.0,0.0,0.0,3806010.0,3806010.0,476024.0,43843.0,4379194.0,0.5378945854384789,4335351.0,0.5325093679054399,-1752621.0,2106706.0,0.2587658255173797,737000.0,1369706.0,0.16824042073555023,0.15,0.15,9407348.0,9407348.0,https://www.sedar.com/ModifyCompanyDocumentSearchForm.do?lang=EN&company_search=Accord Financial Corp&document_selection=0&industry_group=A&FromDate=13&FromMonth=05&FromYear=2000&ToDate=13&ToMonth=11&ToYear=2020&Variable=Issuer,https://www.sedar.com/ModifyCompanyDocumentSearchForm.do?lang=EN&company_search=Accord Financial Corp&document_selection=0&industry_group=A&FromDate=13&FromMonth=05&FromYear=2000&ToDate=13&ToMonth=11&ToYear=2020&Variable=Issuer,1620586106,14:48:26,20210509
42,2010-06-30,ACD.TO,CAD,2010-06-30,2010-06-30,Q2,8069232.0,0.0,8069232.0,1.0,0.0,3638635.0,0.0,0.0,3680881.0,3680881.0,408583.0,42246.0,4430597.0,0.5490729477105132,4388351.0,0.5438375052297418,-509904.0,3469864.0,0.43001167893053516,1158000.0,2311864.0,0.2865035978640842,0.25,0.25,9408695.0,9408695.0,https://www.sedar.com/ModifyCompanyDocumentSearchForm.do?lang=EN&company_search=Accord Financial Corp&document_selection=0&industry_group=A&FromDate=13&FromMonth=05&FromYear=2000&ToDate=13&ToMonth=11&ToYear=2020&Variable=Issuer,https://www.sedar.com/ModifyCompanyDocumentSearchForm.do?lang=EN&company_search=Accord Financial Corp&document_selection=0&industry_group=A&FromDate=13&FromMonth=05&FromYear=2000&ToDate=13&ToMonth=11&ToYear=2020&Variable=Issuer,1620586106,14:48:26,20210509
43,2010-03-31,ACD.TO,CAD,2010-03-31,2010-03-31,Q1,6978924.0,0.0,6978924.0,1.0,0.0,4130302.0,0.0,0.0,4162863.0,4162863.0,385316.0,32561.0,2848622.0,0.408174956483263,2816061.0,0.4035093375425782,385316.0,2430745.0,0.34829796111836153,820000.0,1610745.0,0.23080133842982098,0.17,0.17,9408971.0,9408971.0,https://www.sedar.com/ModifyCompanyDocumentSearchForm.do?lang=EN&company_search=Accord Financial Corp&document_selection=0&industry_group=A&FromDate=13&FromMonth=05&FromYear=2000&ToDate=13&ToMonth=11&ToYear=2020&Variable=Issuer,https://www.sedar.com/ModifyCompanyDocumentSearchForm.do?lang=EN&company_search=Accord Financial Corp&document_selection=0&industry_group=A&FromDate=13&FromMonth=05&FromYear=2000&ToDate=13&ToMonth=11&ToYear=2020&Variable=Issuer,1620586106,14:48:26,20210509
44,2009-12-31,ACD.TO,CAD,2009-12-31,2009-12-31,Q4,6633104.0,0.0,6633104.0,1.0,0.0,3198284.0,0.0,0.0,3232541.0,3232541.0,363732.0,34257.0,3434820.0,0.5178299631665657,3400563.0,0.5126654127539686,-2323793.0,713038.0,0.10749688230427264,108000.0,605038.0,0.0912149123547588,0.07163788129531626,0.07163788129531626,8445783.0,8445783.0,https://www.sedar.com/ModifyCompanyDocumentSearchForm.do?lang=EN&company_search=Accord Financial Corp&document_selection=0&industry_group=A&FromDate=13&FromMonth=05&FromYear=2000&ToDate=13&ToMonth=11&ToYear=2020&Variable=Issuer,https://www.sedar.com/ModifyCompanyDocumentSearchForm.do?lang=EN&company_search=Accord Financial Corp&document_selection=0&industry_group=A&FromDate=13&FromMonth=05&FromYear=2000&ToDate=13&ToMonth=11&ToYear=2020&Variable=Issuer,1620586106,14:48:26,20210509
45,2009-09-30,ACD.TO,CAD,2009-09-30,2009-09-30,Q3,5663933.0,0.0,5663933.0,1.0,0.0,3073067.0,0.0,0.0,3118293.0,3118293.0,270844.0,45226.0,2590866.0,0.4574323177904823,2545640.0,0.44944740695202434,-1175565.0,1099231.0,0.19407556551251579,390000.0,709231.0,0.12521881879605568,0.08,0.08,9427823.0,9427823.0,https://www.sedar.com/ModifyCompanyDocumentSearchForm.do?lang=EN&company_search=Accord Financial Corp&document_selection=0&industry_group=A&FromDate=13&FromMonth=05&FromYear=2000&ToDate=13&ToMonth=11&ToYear=2020&Variable=Issuer,https://www.sedar.com/ModifyCompanyDocumentSearchForm.do?lang=EN&company_search=Accord Financial Corp&document_selection=0&industry_group=A&FromDate=13&FromMonth=05&FromYear=2000&ToDate=13&ToMonth=11&ToYear=2020&Variable=Issuer,1620586106,14:48:26,20210509
46,2009-06-30,ACD.TO,CAD,2009-06-30,2009-06-30,Q2,5677356.0,0.0,5677356.0,1.0,0.0,3544143.0,0.0,0.0,3594506.0,3594506.0,245205.0,50363.0,2133213.0,0.37574057360503726,2082850.0,0.3668697189325454,-1082462.0,755183.0,0.13301667184513355,261000.0,494183.0,0.08704456792915576,0.05,0.05,9408027.0,9408027.0,https://www.sedar.com/ModifyCompanyDocumentSearchForm.do?lang=EN&company_search=Accord Financial Corp&document_selection=0&industry_group=A&FromDate=13&FromMonth=05&FromYear=2000&ToDate=13&ToMonth=11&ToYear=2020&Variable=Issuer,https://www.sedar.com/ModifyCompanyDocumentSearchForm.do?lang=EN&company_search=Accord Financial Corp&document_selection=0&industry_group=A&FromDate=13&FromMonth=05&FromYear=2000&ToDate=13&ToMonth=11&ToYear=2020&Variable=Issuer,1620586106,14:48:26,20210509
47,2009-03-31,ACD.TO,CAD,2009-03-31,2009-03-31,Q1,6070895.0,0.0,6070895.0,1.0,0.0,3474719.0,0.0,0.0,3526021.0,3526021.0,300404.0,51302.0,2596176.0,0.42764304110020024,2544874.0,0.4191925572753276,-331309.0,1913161.0,0.31513656553111197,633000.0,1280161.0,0.2108685786856798,0.13577497449501508,0.1355453170535646,9428549.0,9444524.0,https://www.sedar.com/ModifyCompanyDocumentSearchForm.do?lang=EN&company_search=Accord Financial Corp&document_selection=0&industry_group=A&FromDate=13&FromMonth=05&FromYear=2000&ToDate=13&ToMonth=11&ToYear=2020&Variable=Issuer,https://www.sedar.com/ModifyCompanyDocumentSearchForm.do?lang=EN&company_search=Accord Financial Corp&document_selection=0&industry_group=A&FromDate=13&FromMonth=05&FromYear=2000&ToDate=13&ToMonth=11&ToYear=2020&Variable=Issuer,1620586106,14:48:26,20210509
48,2008-12-31,ACD.TO,CAD,2008-12-31,2008-12-31,Q4,6753267.0,0.0,6753267.0,1.0,0.0,3388127.0,0.0,0.0,3439212.0,3439212.0,574436.0,51085.0,3365140.0,0.4982980829870935,3314055.0,0.4907335960506226,-2004809.0,734810.0,0.10880807763116726,273000.0,461810.0,0.06838319882806351,0.05467935891793573,0.05467935891793573,8445783.0,8445783.0,https://www.sedar.com/ModifyCompanyDocumentSearchForm.do?lang=EN&company_search=Accord Financial Corp&document_selection=0&industry_group=A&FromDate=13&FromMonth=05&FromYear=2000&ToDate=13&ToMonth=11&ToYear=2020&Variable=Issuer,https://www.sedar.com/ModifyCompanyDocumentSearchForm.do?lang=EN&company_search=Accord Financial Corp&document_selection=0&industry_group=A&FromDate=13&FromMonth=05&FromYear=2000&ToDate=13&ToMonth=11&ToYear=2020&Variable=Issuer,1620586106,14:48:26,20210509
49,2008-09-30,ACD.TO,CAD,2008-09-30,2008-09-30,Q3,6785016.0,0.0,6785016.0,1.0,0.0,3341894.0,0.0,0.0,3389054.0,3389054.0,627620.0,47160.0,3443122.0,0.5074596729027611,3395962.0,0.5005090629115687,-760227.0,2008115.0,0.29596319301236723,676000.0,1332115.0,0.19633188779510616,0.13953324920162866,0.13922522208790958,9546936.0,9568058.0,https://www.sedar.com/ModifyCompanyDocumentSearchForm.do?lang=EN&company_search=Accord Financial Corp&document_selection=0&industry_group=A&FromDate=13&FromMonth=05&FromYear=2000&ToDate=13&ToMonth=11&ToYear=2020&Variable=Issuer,https://www.sedar.com/ModifyCompanyDocumentSearchForm.do?lang=EN&company_search=Accord Financial Corp&document_selection=0&industry_group=A&FromDate=13&FromMonth=05&FromYear=2000&ToDate=13&ToMonth=11&ToYear=2020&Variable=Issuer,1620586106,14:48:26,20210509
50,2008-06-30,ACD.TO,CAD,2008-06-30,2008-06-30,Q2,7094273.0,0.0,7094273.0,1.0,0.0,3339991.0,0.0,0.0,3389578.0,3389578.0,789070.0,49587.0,3754282.0,0.5291989750042041,3704695.0,0.5222092524491234,-248231.0,2667394.0,0.3759925788026483,908000.0,1759394.0,0.24800201514658374,0.19,0.18,9497922.0,9529659.0,https://www.sedar.com/ModifyCompanyDocumentSearchForm.do?lang=EN&company_search=Accord Financial Corp&document_selection=0&industry_group=A&FromDate=13&FromMonth=05&FromYear=2000&ToDate=13&ToMonth=11&ToYear=2020&Variable=Issuer,https://www.sedar.com/ModifyCompanyDocumentSearchForm.do?lang=EN&company_search=Accord Financial Corp&document_selection=0&industry_group=A&FromDate=13&FromMonth=05&FromYear=2000&ToDate=13&ToMonth=11&ToYear=2020&Variable=Issuer,1620586106,14:48:26,20210509
51,2008-03-31,ACD.TO,CAD,2008-03-31,2008-03-31,Q1,7427209.0,0.0,7427209.0,1.0,0.0,3420606.0,0.0,0.0,3467907.0,3467907.0,880276.0,47301.0,4006603.0,0.5394493409300856,3959302.0,0.5330807305947631,-835184.0,2243842.0,0.30211106217692274,756000.0,1487842.0,0.20032316311551215,0.1571950799476806,0.15569053889087592,9464940.0,9556406.0,https://www.sedar.com/ModifyCompanyDocumentSearchForm.do?lang=EN&company_search=Accord Financial Corp&document_selection=0&industry_group=A&FromDate=13&FromMonth=05&FromYear=2000&ToDate=13&ToMonth=11&ToYear=2020&Variable=Issuer,https://www.sedar.com/ModifyCompanyDocumentSearchForm.do?lang=EN&company_search=Accord Financial Corp&document_selection=0&industry_group=A&FromDate=13&FromMonth=05&FromYear=2000&ToDate=13&ToMonth=11&ToYear=2020&Variable=Issuer,1620586106,14:48:26,20210509
52,2007-12-31,ACD.TO,CAD,2007-12-31,2007-12-31,Q4,9803240.0,0.0,0.0,0.0,0.0,3209306.0,0.0,0.0,17942934.0,17942934.0,959435.0,13512.0,-8126182.0,-0.8289281910878444,-8139694.0,-0.8303065109086384,0.0,3180228.0,0.32440580869182023,1121000.0,2059228.0,0.21005585908332347,0.24381729911838843,0.24381729911838843,8445783.0,8445783.0,https://www.sedar.com/ModifyCompanyDocumentSearchForm.do?lang=EN&company_search=Accord Financial Corp&document_selection=0&industry_group=A&FromDate=13&FromMonth=05&FromYear=2000&ToDate=13&ToMonth=11&ToYear=2020&Variable=Issuer,https://www.sedar.com/ModifyCompanyDocumentSearchForm.do?lang=EN&company_search=Accord Financial Corp&document_selection=0&industry_group=A&FromDate=13&FromMonth=05&FromYear=2000&ToDate=13&ToMonth=11&ToYear=2020&Variable=Issuer,1620586106,14:48:26,20210509
53,2007-09-30,ACD.TO,CAD,2007-09-30,2007-09-30,Q3,6337401.0,0.0,0.0,0.0,0.0,3285720.0,0.0,0.0,-1274480.0,-1274480.0,836161.0,64533.0,7676414.0,1.2112874031483885,7611881.0,1.201104522185041,0.0,1777201.0,0.28043057398450877,614000.0,1163201.0,0.1835454313211362,0.12256972174315658,0.12124492329013743,9490117.0,9593812.0,https://www.sedar.com/ModifyCompanyDocumentSearchForm.do?lang=EN&company_search=Accord Financial Corp&document_selection=0&industry_group=A&FromDate=13&FromMonth=05&FromYear=2000&ToDate=13&ToMonth=11&ToYear=2020&Variable=Issuer,https://www.sedar.com/ModifyCompanyDocumentSearchForm.do?lang=EN&company_search=Accord Financial Corp&document_selection=0&industry_group=A&FromDate=13&FromMonth=05&FromYear=2000&ToDate=13&ToMonth=11&ToYear=2020&Variable=Issuer,1620586106,14:48:26,20210509
54,2007-06-30,ACD.TO,CAD,2007-06-30,2007-06-30,Q2,6128654.0,0.0,0.0,0.0,0.0,3280484.0,0.0,0.0,-308443.0,-308443.0,656742.0,65176.0,6502273.0,1.0609626518318704,6437097.0,1.0503280165595905,0.0,2539727.0,0.414402085678193,869000.0,1670727.0,0.27260912428732315,0.18,0.17,9449499.0,9564474.0,https://www.sedar.com/ModifyCompanyDocumentSearchForm.do?lang=EN&company_search=Accord Financial Corp&document_selection=0&industry_group=A&FromDate=13&FromMonth=05&FromYear=2000&ToDate=13&ToMonth=11&ToYear=2020&Variable=Issuer,https://www.sedar.com/ModifyCompanyDocumentSearchForm.do?lang=EN&company_search=Accord Financial Corp&document_selection=0&industry_group=A&FromDate=13&FromMonth=05&FromYear=2000&ToDate=13&ToMonth=11&ToYear=2020&Variable=Issuer,1620586106,14:48:26,20210509
55,2007-03-31,ACD.TO,CAD,2007-03-31,2007-03-31,Q1,6076704.0,0.0,0.0,0.0,0.0,3367804.0,0.0,0.0,-606091.0,-606091.0,0.0,66056.0,6748851.0,1.1106104559313734,6682795.0,1.0997400893642344,0.0,2102809.0,0.34604433587681743,709000.0,1393809.0,0.22936924358994612,0.14762450322154663,0.14566196025579822,9441583.0,9568792.0,https://www.sedar.com/ModifyCompanyDocumentSearchForm.do?lang=EN&company_search=Accord Financial Corp&document_selection=0&industry_group=A&FromDate=13&FromMonth=05&FromYear=2000&ToDate=13&ToMonth=11&ToYear=2020&Variable=Issuer,https://www.sedar.com/ModifyCompanyDocumentSearchForm.do?lang=EN&company_search=Accord Financial Corp&document_selection=0&industry_group=A&FromDate=13&FromMonth=05&FromYear=2000&ToDate=13&ToMonth=11&ToYear=2020&Variable=Issuer,1620586106,14:48:26,20210509
56,2006-12-31,ACD.TO,CAD,2006-12-31,2006-12-31,Q4,9446319.0,0.0,0.0,0.0,0.0,3299739.0,0.0,0.0,20238815.0,20238815.0,591350.0,80903.0,-10711593.0,-1.13394360279385,-10792496.0,-1.142508102891719,0.0,3747421.0,0.39670701359968896,1287000.0,2460421.0,0.26046346730403663,0.29131946676820847,0.29131946676820847,8445783.0,8445783.0,https://www.sedar.com/ModifyCompanyDocumentSearchForm.do?lang=EN&company_search=Accord Financial Corp&document_selection=0&industry_group=A&FromDate=13&FromMonth=05&FromYear=2000&ToDate=13&ToMonth=11&ToYear=2020&Variable=Issuer,https://www.sedar.com/ModifyCompanyDocumentSearchForm.do?lang=EN&company_search=Accord Financial Corp&document_selection=0&industry_group=A&FromDate=13&FromMonth=05&FromYear=2000&ToDate=13&ToMonth=11&ToYear=2020&Variable=Issuer,1620586106,14:48:26,20210509
57,2006-09-30,ACD.TO,CAD,2006-09-30,2006-09-30,Q3,6447571.0,0.0,0.0,0.0,0.0,3309734.0,0.0,0.0,-893280.0,-893280.0,557957.0,83577.0,7424428.0,1.1515077538502485,7340851.0,1.138545197873742,0.0,2244557.0,0.34812443321678815,785000.0,1459557.0,0.22637315665077593,0.1496067632941354,0.1477796406589044,9755956.0,9876577.0,https://www.sedar.com/ModifyCompanyDocumentSearchForm.do?lang=EN&company_search=Accord Financial Corp&document_selection=0&industry_group=A&FromDate=13&FromMonth=05&FromYear=2000&ToDate=13&ToMonth=11&ToYear=2020&Variable=Issuer,https://www.sedar.com/ModifyCompanyDocumentSearchForm.do?lang=EN&company_search=Accord Financial Corp&document_selection=0&industry_group=A&FromDate=13&FromMonth=05&FromYear=2000&ToDate=13&ToMonth=11&ToYear=2020&Variable=Issuer,1620586106,14:48:26,20210509
58,2006-06-30,ACD.TO,CAD,2006-06-30,2006-06-30,Q2,6344411.0,0.0,0.0,0.0,0.0,3228893.0,0.0,0.0,-806712.0,-806712.0,652999.0,79552.0,7230675.0,1.139692084891726,7151123.0,1.1271531746603427,0.0,2308806.0,0.3639117957521983,803000.0,1505806.0,0.23734370298519436,0.15228367976097484,0.15015567445685454,9888164.0,10028299.0,https://www.sedar.com/ModifyCompanyDocumentSearchForm.do?lang=EN&company_search=Accord Financial Corp&document_selection=0&industry_group=A&FromDate=13&FromMonth=05&FromYear=2000&ToDate=13&ToMonth=11&ToYear=2020&Variable=Issuer,https://www.sedar.com/ModifyCompanyDocumentSearchForm.do?lang=EN&company_search=Accord Financial Corp&document_selection=0&industry_group=A&FromDate=13&FromMonth=05&FromYear=2000&ToDate=13&ToMonth=11&ToYear=2020&Variable=Issuer,1620586106,14:48:26,20210509
59,2006-03-31,ACD.TO,CAD,2006-03-31,2006-03-31,Q1,6625415.0,0.0,0.0,0.0,0.0,3451094.0,0.0,0.0,-575106.0,-575106.0,588344.0,78218.0,7278739.0,1.098608766394256,7200521.0,1.0868030153582833,0.0,2599215.0,0.39230976474681206,908000.0,1691215.0,0.25526174586799466,0.17029987294082677,0.16768293136353907,9930806.0,10085791.0,https://www.sedar.com/ModifyCompanyDocumentSearchForm.do?lang=EN&company_search=Accord Financial Corp&document_selection=0&industry_group=A&FromDate=13&FromMonth=05&FromYear=2000&ToDate=13&ToMonth=11&ToYear=2020&Variable=Issuer,https://www.sedar.com/ModifyCompanyDocumentSearchForm.do?lang=EN&company_search=Accord Financial Corp&document_selection=0&industry_group=A&FromDate=13&FromMonth=05&FromYear=2000&ToDate=13&ToMonth=11&ToYear=2020&Variable=Issuer,1620586106,14:48:26,20210509
60,2005-12-31,ACD.TO,CAD,2005-12-31,2005-12-31,Q4,8263008.0,0.0,0.0,0.0,0.0,4067677.0,0.0,0.0,17076175.0,17076175.0,616765.0,71989.0,-8741178.0,-1.0578687567529887,-8813167.0,-1.0665809593794415,0.0,2867162.0,0.34698768293580257,979000.0,2795762.0,0.33834676185718326,0.33102460719154164,0.33102460719154164,8445783.0,8445783.0,https://www.sedar.com/ModifyCompanyDocumentSearchForm.do?lang=EN&company_search=Accord Financial Corp&document_selection=0&industry_group=A&FromDate=13&FromMonth=05&FromYear=2000&ToDate=13&ToMonth=11&ToYear=2020&Variable=Issuer,https://www.sedar.com/ModifyCompanyDocumentSearchForm.do?lang=EN&company_search=Accord Financial Corp&document_selection=0&industry_group=A&FromDate=13&FromMonth=05&FromYear=2000&ToDate=13&ToMonth=11&ToYear=2020&Variable=Issuer,1620586106,14:48:26,20210509
61,2005-09-30,ACD.TO,CAD,2005-09-30,2005-09-30,Q3,6181232.0,0.0,0.0,0.0,0.0,3894798.0,0.0,0.0,-750961.0,-750961.0,0.0,93205.0,7025398.0,1.1365692146808273,6932193.0,1.1214905054526347,0.0,1535473.0,0.24840889324328871,535000.0,1000473.0,0.1618565683993094,0.10064933399126877,0.0991933641665629,9940185.0,10086088.0,https://www.sedar.com/ModifyCompanyDocumentSearchForm.do?lang=EN&company_search=Accord Financial Corp&document_selection=0&industry_group=A&FromDate=13&FromMonth=05&FromYear=2000&ToDate=13&ToMonth=11&ToYear=2020&Variable=Issuer,https://www.sedar.com/ModifyCompanyDocumentSearchForm.do?lang=EN&company_search=Accord Financial Corp&document_selection=0&industry_group=A&FromDate=13&FromMonth=05&FromYear=2000&ToDate=13&ToMonth=11&ToYear=2020&Variable=Issuer,1620586106,14:48:26,20210509
62,2005-06-30,ACD.TO,CAD,2005-06-30,2005-06-30,Q2,6162812.0,0.0,0.0,0.0,0.0,3477071.0,0.0,0.0,-682455.0,-682455.0,391571.0,88894.0,6934161.0,1.1251618579310874,6845267.0,1.1107375983560752,0.0,2003286.0,0.32506037828186224,723000.0,1280286.0,0.20774380266670475,0.12899390005226108,0.1266530716500376,9925167.0,10108606.0,https://www.sedar.com/ModifyCompanyDocumentSearchForm.do?lang=EN&company_search=Accord Financial Corp&document_selection=0&industry_group=A&FromDate=13&FromMonth=05&FromYear=2000&ToDate=13&ToMonth=11&ToYear=2020&Variable=Issuer,https://www.sedar.com/ModifyCompanyDocumentSearchForm.do?lang=EN&company_search=Accord Financial Corp&document_selection=0&industry_group=A&FromDate=13&FromMonth=05&FromYear=2000&ToDate=13&ToMonth=11&ToYear=2020&Variable=Issuer,1620586106,14:48:26,20210509
63,2005-03-31,ACD.TO,CAD,2005-03-31,2005-03-31,Q1,5623306.0,0.0,0.0,0.0,0.0,3452205.0,0.0,0.0,-413200.0,-413200.0,244270.0,83720.0,6120226.0,1.0883679458311535,6036506.0,1.0734799066598901,0.0,1757901.0,0.31260987753467445,624000.0,1133901.0,0.2016431259476187,0.114818778579993,0.11213154673262767,9875571.0,10112239.0,https://www.sedar.com/ModifyCompanyDocumentSearchForm.do?lang=EN&company_search=Accord Financial Corp&document_selection=0&industry_group=A&FromDate=13&FromMonth=05&FromYear=2000&ToDate=13&ToMonth=11&ToYear=2020&Variable=Issuer,https://www.sedar.com/ModifyCompanyDocumentSearchForm.do?lang=EN&company_search=Accord Financial Corp&document_selection=0&industry_group=A&FromDate=13&FromMonth=05&FromYear=2000&ToDate=13&ToMonth=11&ToYear=2020&Variable=Issuer,1620586106,14:48:26,20210509
64,2004-12-31,ACD.TO,CAD,2004-12-31,2004-12-31,Q4,8094682.0,0.0,0.0,0.0,0.0,3445291.0,0.0,0.0,15797535.0,15797535.0,324903.0,124588.0,-7578265.0,-0.9362029292812244,-7702853.0,-0.9515942689286621,0.0,4207482.0,0.5197834825382888,1436000.0,2771482.0,0.34238306087873493,0.3281497997284562,0.3281497997284562,8445783.0,8445783.0,https://www.sedar.com/ModifyCompanyDocumentSearchForm.do?lang=EN&company_search=Accord Financial Corp&document_selection=0&industry_group=A&FromDate=13&FromMonth=05&FromYear=2000&ToDate=13&ToMonth=11&ToYear=2020&Variable=Issuer,https://www.sedar.com/ModifyCompanyDocumentSearchForm.do?lang=EN&company_search=Accord Financial Corp&document_selection=0&industry_group=A&FromDate=13&FromMonth=05&FromYear=2000&ToDate=13&ToMonth=11&ToYear=2020&Variable=Issuer,1620586106,14:48:26,20210509
65,2004-09-30,ACD.TO,CAD,2004-09-30,2004-09-30,Q3,6642898.0,0.0,0.0,0.0,0.0,3394173.0,0.0,0.0,-671754.0,-671754.0,0.0,96939.0,7411591.0,1.1157165140876768,7314652.0,1.1011236360997865,0.0,2576971.0,0.38792873230930236,879000.0,1697971.0,0.2556069655141476,0.17259440658529043,0.16873137575757757,9837926.0,10063161.0,https://www.sedar.com/ModifyCompanyDocumentSearchForm.do?lang=EN&company_search=Accord Financial Corp&document_selection=0&industry_group=A&FromDate=13&FromMonth=05&FromYear=2000&ToDate=13&ToMonth=11&ToYear=2020&Variable=Issuer,https://www.sedar.com/ModifyCompanyDocumentSearchForm.do?lang=EN&company_search=Accord Financial Corp&document_selection=0&industry_group=A&FromDate=13&FromMonth=05&FromYear=2000&ToDate=13&ToMonth=11&ToYear=2020&Variable=Issuer,1620586106,14:48:26,20210509
66,2004-06-30,ACD.TO,CAD,2004-06-30,2004-06-30,Q2,6489475.0,0.0,0.0,0.0,0.0,3483015.0,0.0,0.0,-213888.0,-213888.0,284220.0,97696.0,6801059.0,1.0480137453337905,6703363.0,1.032959214728464,0.0,2792572.0,0.43032325419236533,955000.0,1837572.0,0.28316188905882217,0.19,0.18,9752871.0,10037412.0,https://www.sedar.com/ModifyCompanyDocumentSearchForm.do?lang=EN&company_search=Accord Financial Corp&document_selection=0&industry_group=A&FromDate=13&FromMonth=05&FromYear=2000&ToDate=13&ToMonth=11&ToYear=2020&Variable=Issuer,https://www.sedar.com/ModifyCompanyDocumentSearchForm.do?lang=EN&company_search=Accord Financial Corp&document_selection=0&industry_group=A&FromDate=13&FromMonth=05&FromYear=2000&ToDate=13&ToMonth=11&ToYear=2020&Variable=Issuer,1620586106,14:48:26,20210509
67,2004-03-31,ACD.TO,CAD,2004-03-31,2004-03-31,Q1,6190996.0,0.0,0.0,0.0,0.0,3436860.0,0.0,0.0,-736073.0,-736073.0,310848.0,97258.0,7024327.0,1.1346037051227298,6927069.0,1.1188941165524902,0.0,2018063.0,0.3259674210740889,701000.0,1317063.0,0.21273846728377793,0.14,0.13,9690539.0,9847424.0,https://www.sedar.com/ModifyCompanyDocumentSearchForm.do?lang=EN&company_search=Accord Financial Corp&document_selection=0&industry_group=A&FromDate=13&FromMonth=05&FromYear=2000&ToDate=13&ToMonth=11&ToYear=2020&Variable=Issuer,https://www.sedar.com/ModifyCompanyDocumentSearchForm.do?lang=EN&company_search=Accord Financial Corp&document_selection=0&industry_group=A&FromDate=13&FromMonth=05&FromYear=2000&ToDate=13&ToMonth=11&ToYear=2020&Variable=Issuer,1620586106,14:48:26,20210509
68,2003-12-31,ACD.TO,CAD,2003-12-31,2003-12-31,Q4,6902825.0,0.0,0.0,0.0,0.0,3408846.0,0.0,0.0,-1026000.0,-1026000.0,255852.0,153458.0,8082283.0,1.1708659860274597,7928825.0,1.148634798071804,0.0,3180372.0,0.4607348440674651,1128000.0,2052372.0,0.2973234871230257,0.24300553305714817,0.24300553305714817,8445783.0,8445783.0,https://www.sedar.com/ModifyCompanyDocumentSearchForm.do?lang=EN&company_search=Accord Financial Corp&document_selection=0&industry_group=A&FromDate=13&FromMonth=05&FromYear=2000&ToDate=13&ToMonth=11&ToYear=2020&Variable=Issuer,https://www.sedar.com/ModifyCompanyDocumentSearchForm.do?lang=EN&company_search=Accord Financial Corp&document_selection=0&industry_group=A&FromDate=13&FromMonth=05&FromYear=2000&ToDate=13&ToMonth=11&ToYear=2020&Variable=Issuer,1620586106,14:48:26,20210509
69,2003-09-30,ACD.TO,CAD,2003-09-30,2003-09-30,Q3,6381047.0,0.0,0.0,0.0,0.0,3452853.0,0.0,0.0,-537309.0,-537309.0,196379.0,87718.0,7006074.0,1.0979505400916183,6918356.0,1.084203893185554,0.0,2390885.0,0.37468537686683706,852000.0,1538885.0,0.24116496869557613,0.161065346341492,0.1598016566823839,9554414.0,9629969.0,https://www.sedar.com/ModifyCompanyDocumentSearchForm.do?lang=EN&company_search=Accord Financial Corp&document_selection=0&industry_group=A&FromDate=13&FromMonth=05&FromYear=2000&ToDate=13&ToMonth=11&ToYear=2020&Variable=Issuer,https://www.sedar.com/ModifyCompanyDocumentSearchForm.do?lang=EN&company_search=Accord Financial Corp&document_selection=0&industry_group=A&FromDate=13&FromMonth=05&FromYear=2000&ToDate=13&ToMonth=11&ToYear=2020&Variable=Issuer,1620586106,14:48:26,20210509
70,2003-06-30,ACD.TO,CAD,2003-06-30,2003-06-30,Q2,6106426.0,0.0,0.0,0.0,0.0,3320059.0,0.0,0.0,-1199039.0,-1199039.0,0.0,87909.0,7393374.0,1.210753065704882,7305465.0,1.1963569197432344,0.0,1587328.0,0.2599438689668883,468000.0,1119328.0,0.18330329393985942,0.1173883409749732,0.11647547151198612,9535257.0,9609989.0,https://www.sedar.com/ModifyCompanyDocumentSearchForm.do?lang=EN&company_search=Accord Financial Corp&document_selection=0&industry_group=A&FromDate=13&FromMonth=05&FromYear=2000&ToDate=13&ToMonth=11&ToYear=2020&Variable=Issuer,https://www.sedar.com/ModifyCompanyDocumentSearchForm.do?lang=EN&company_search=Accord Financial Corp&document_selection=0&industry_group=A&FromDate=13&FromMonth=05&FromYear=2000&ToDate=13&ToMonth=11&ToYear=2020&Variable=Issuer,1620586106,14:48:26,20210509
71,2003-03-31,ACD.TO,CAD,2003-03-31,2003-03-31,Q1,6051037.0,0.0,0.0,0.0,0.0,3992976.0,0.0,0.0,-311385.0,-311385.0,0.0,89063.0,6451485.0,1.066178408758697,6362422.0,1.0514597745807868,0.0,1746676.0,0.2886572995669998,618000.0,1128676.0,0.18652604503988324,0.11864243760049792,0.11795646606325431,9513257.0,9568581.0,https://www.sedar.com/ModifyCompanyDocumentSearchForm.do?lang=EN&company_search=Accord Financial Corp&document_selection=0&industry_group=A&FromDate=13&FromMonth=05&FromYear=2000&ToDate=13&ToMonth=11&ToYear=2020&Variable=Issuer,https://www.sedar.com/ModifyCompanyDocumentSearchForm.do?lang=EN&company_search=Accord Financial Corp&document_selection=0&industry_group=A&FromDate=13&FromMonth=05&FromYear=2000&ToDate=13&ToMonth=11&ToYear=2020&Variable=Issuer,1620586106,14:48:26,20210509
72,2002-12-31,ACD.TO,CAD,2002-12-31,2002-12-31,Q4,7133831.0,0.0,0.0,0.0,0.0,3767251.0,0.0,0.0,-2083055.0,-2083055.0,268309.0,109628.0,9326514.0,1.3073640236220903,9216886.0,1.2919966845303736,0.0,1283525.0,0.17992085879242165,357196.0,926329.0,0.12985014643604537,0.10967946962407156,0.10967946962407156,8445783.0,8445783.0,https://www.sedar.com/ModifyCompanyDocumentSearchForm.do?lang=EN&company_search=Accord Financial Corp&document_selection=0&industry_group=A&FromDate=13&FromMonth=05&FromYear=2000&ToDate=13&ToMonth=11&ToYear=2020&Variable=Issuer,https://www.sedar.com/ModifyCompanyDocumentSearchForm.do?lang=EN&company_search=Accord Financial Corp&document_selection=0&industry_group=A&FromDate=13&FromMonth=05&FromYear=2000&ToDate=13&ToMonth=11&ToYear=2020&Variable=Issuer,1620586106,14:48:26,20210509
73,2002-09-30,ACD.TO,CAD,2002-09-30,2002-09-30,Q3,6114837.0,0.0,0.0,0.0,0.0,3412216.0,0.0,0.0,-707011.0,-707011.0,191556.0,103095.0,6924943.0,1.1324820269125735,6821848.0,1.1156222152773656,0.0,1995610.0,0.3263553877233359,696000.0,1299610.0,0.21253387457425277,1.366202824263054,0.13583982145709142,951257.0,9567224.0,https://www.sedar.com/ModifyCompanyDocumentSearchForm.do?lang=EN&company_search=Accord Financial Corp&document_selection=0&industry_group=A&FromDate=13&FromMonth=05&FromYear=2000&ToDate=13&ToMonth=11&ToYear=2020&Variable=Issuer,https://www.sedar.com/ModifyCompanyDocumentSearchForm.do?lang=EN&company_search=Accord Financial Corp&document_selection=0&industry_group=A&FromDate=13&FromMonth=05&FromYear=2000&ToDate=13&ToMonth=11&ToYear=2020&Variable=Issuer,1620586106,14:48:26,20210509
74,2002-06-30,ACD.TO,CAD,2002-06-30,2002-06-30,Q2,5739962.0,0.0,0.0,0.0,0.0,3403867.0,0.0,0.0,-305183.0,-305183.0,123470.0,97095.0,6142240.0,1.0700837392303293,6045145.0,1.0531681220189262,0.0,2030912.0,0.35381976396359416,797000.0,1233912.0,0.21496867052429963,0.13,0.13,9513257.0,9513257.0,https://www.sedar.com/ModifyCompanyDocumentSearchForm.do?lang=EN&company_search=Accord Financial Corp&document_selection=0&industry_group=A&FromDate=13&FromMonth=05&FromYear=2000&ToDate=13&ToMonth=11&ToYear=2020&Variable=Issuer,https://www.sedar.com/ModifyCompanyDocumentSearchForm.do?lang=EN&company_search=Accord Financial Corp&document_selection=0&industry_group=A&FromDate=13&FromMonth=05&FromYear=2000&ToDate=13&ToMonth=11&ToYear=2020&Variable=Issuer,1620586106,14:48:26,20210509
75,2002-03-31,ACD.TO,CAD,2002-03-31,2002-03-31,Q1,6489562.0,0.0,0.0,0.0,0.0,3740526.0,0.0,0.0,-841111.0,-841111.0,173508.0,98002.0,7428675.0,1.1447113071729649,7330673.0,1.1296098257478702,0.0,1907925.0,0.2939990403050314,719000.0,1188925.0,0.18320573869238016,0.13,0.12,9503257.0,9503257.0,https://www.sedar.com/ModifyCompanyDocumentSearchForm.do?lang=EN&company_search=Accord Financial Corp&document_selection=0&industry_group=A&FromDate=13&FromMonth=05&FromYear=2000&ToDate=13&ToMonth=11&ToYear=2020&Variable=Issuer,https://www.sedar.com/ModifyCompanyDocumentSearchForm.do?lang=EN&company_search=Accord Financial Corp&document_selection=0&industry_group=A&FromDate=13&FromMonth=05&FromYear=2000&ToDate=13&ToMonth=11&ToYear=2020&Variable=Issuer,1620586106,14:48:26,20210509
76,2001-12-31,ACD.TO,CAD,2001-12-31,2001-12-31,Q4,6686905.0,0.0,0.0,0.0,0.0,3783967.0,0.0,0.0,-1181600.0,-1181600.0,309660.0,238816.0,8107321.0,1.2124175534122288,7868505.0,1.1767035721309036,0.0,1721338.0,0.25741923954355567,592478.0,1128860.0,0.16881651526378796,0.13365960266798235,0.13365960266798235,8445783.0,8445783.0,https://www.sedar.com/ModifyCompanyDocumentSearchForm.do?lang=EN&company_search=Accord Financial Corp&document_selection=0&industry_group=A&FromDate=13&FromMonth=05&FromYear=2000&ToDate=13&ToMonth=11&ToYear=2020&Variable=Issuer,https://www.sedar.com/ModifyCompanyDocumentSearchForm.do?lang=EN&company_search=Accord Financial Corp&document_selection=0&industry_group=A&FromDate=13&FromMonth=05&FromYear=2000&ToDate=13&ToMonth=11&ToYear=2020&Variable=Issuer,1620586106,14:48:26,20210509
77,2001-09-30,ACD.TO,CAD,2001-09-30,2001-09-30,Q3,6530115.0,0.0,0.0,0.0,0.0,3460685.0,0.0,0.0,-4535705.0,-4535705.0,358514.0,242022.0,11307842.0,1.7316451547943643,11065820.0,1.6945827140869647,0.0,-1466275.0,-0.22454045602565958,-597876.0,-868399.0,-0.1329837223387337,-0.09,-0.09,9503257.0,9503257.0,https://www.sedar.com/ModifyCompanyDocumentSearchForm.do?lang=EN&company_search=Accord Financial Corp&document_selection=0&industry_group=A&FromDate=13&FromMonth=05&FromYear=2000&ToDate=13&ToMonth=11&ToYear=2020&Variable=Issuer,https://www.sedar.com/ModifyCompanyDocumentSearchForm.do?lang=EN&company_search=Accord Financial Corp&document_selection=0&industry_group=A&FromDate=13&FromMonth=05&FromYear=2000&ToDate=13&ToMonth=11&ToYear=2020&Variable=Issuer,1620586106,14:48:26,20210509
78,2001-06-30,ACD.TO,CAD,2001-06-30,2001-06-30,Q2,6489068.0,0.0,0.0,0.0,0.0,3525455.0,0.0,0.0,-1089732.0,-1089732.0,394738.0,210479.0,7789279.0,1.200369452130876,7578800.0,1.1679335152598185,0.0,1873881.0,0.2887750598391017,756233.0,1117648.0,0.1722355198003781,0.12,0.11,9503257.0,9503257.0,https://www.sedar.com/ModifyCompanyDocumentSearchForm.do?lang=EN&company_search=Accord Financial Corp&document_selection=0&industry_group=A&FromDate=13&FromMonth=05&FromYear=2000&ToDate=13&ToMonth=11&ToYear=2020&Variable=Issuer,https://www.sedar.com/ModifyCompanyDocumentSearchForm.do?lang=EN&company_search=Accord Financial Corp&document_selection=0&industry_group=A&FromDate=13&FromMonth=05&FromYear=2000&ToDate=13&ToMonth=11&ToYear=2020&Variable=Issuer,1620586106,14:48:26,20210509
79,2001-03-31,ACD.TO,CAD,2001-03-31,2001-03-31,Q1,6921377.0,0.0,0.0,0.0,0.0,3651381.0,0.0,0.0,-775135.0,-775135.0,506858.0,136953.0,7833465.0,1.1317784018989285,7696512.0,1.1119914433211773,0.0,2494861.0,0.36045731940334996,954043.0,1540818.0,0.22261726243202762,0.16,0.16,9503257.0,9503257.0,https://www.sedar.com/ModifyCompanyDocumentSearchForm.do?lang=EN&company_search=Accord Financial Corp&document_selection=0&industry_group=A&FromDate=13&FromMonth=05&FromYear=2000&ToDate=13&ToMonth=11&ToYear=2020&Variable=Issuer,https://www.sedar.com/ModifyCompanyDocumentSearchForm.do?lang=EN&company_search=Accord Financial Corp&document_selection=0&industry_group=A&FromDate=13&FromMonth=05&FromYear=2000&ToDate=13&ToMonth=11&ToYear=2020&Variable=Issuer,1620586106,14:48:26,20210509
80,2000-12-31,ACD.TO,CAD,2000-12-31,2000-12-31,Q4,7903436.0,0.0,0.0,0.0,0.0,3863962.0,0.0,0.0,-135178.0,-135178.0,819576.0,185073.0,8223687.0,1.040520477422731,8038614.0,1.0171037002134262,0.0,3904296.0,0.49399982488628996,1511958.0,2392338.0,0.3026959413601881,0.2832582840454224,0.2832582840454224,8445783.0,8445783.0,https://www.sedar.com/ModifyCompanyDocumentSearchForm.do?lang=EN&company_search=Accord Financial Corp&document_selection=0&industry_group=A&FromDate=13&FromMonth=05&FromYear=2000&ToDate=13&ToMonth=11&ToYear=2020&Variable=Issuer,https://www.sedar.com/ModifyCompanyDocumentSearchForm.do?lang=EN&company_search=Accord Financial Corp&document_selection=0&industry_group=A&FromDate=13&FromMonth=05&FromYear=2000&ToDate=13&ToMonth=11&ToYear=2020&Variable=Issuer,1620586106,14:48:26,20210509
81,2000-09-30,ACD.TO,CAD,2000-09-30,2000-09-30,Q3,7345976.0,0.0,0.0,0.0,0.0,3604537.0,0.0,0.0,-579701.0,-579701.0,624824.0,169307.0,8094984.0,1.1019616726218544,7925677.0,1.0789140884751054,0.0,3161738.0,0.43040407428502353,1177781.0,1983957.0,0.2700739833617752,0.21,0.2,9446409.0,9446409.0,https://www.sedar.com/ModifyCompanyDocumentSearchForm.do?lang=EN&company_search=Accord Financial Corp&document_selection=0&industry_group=A&FromDate=13&FromMonth=05&FromYear=2000&ToDate=13&ToMonth=11&ToYear=2020&Variable=Issuer,https://www.sedar.com/ModifyCompanyDocumentSearchForm.do?lang=EN&company_search=Accord Financial Corp&document_selection=0&industry_group=A&FromDate=13&FromMonth=05&FromYear=2000&ToDate=13&ToMonth=11&ToYear=2020&Variable=Issuer,1620586106,14:48:26,20210509
82,2000-06-30,ACD.TO,CAD,2000-06-30,2000-06-30,Q2,6900000.0,0.0,0.0,0.0,0.0,3600000.0,0.0,0.0,-600000.0,-600000.0,0.0,100000.0,7600000.0,1.1014492753623188,7500000.0,1.0869565217391304,0.0,2800000.0,0.4057971014492754,1100000.0,1700000.0,0.2463768115942029,0.17,0.17,10000000.0,10000000.0,https://www.sedar.com/ModifyCompanyDocumentSearchForm.do?lang=EN&company_search=Accord Financial Corp&document_selection=0&industry_group=A&FromDate=13&FromMonth=05&FromYear=2000&ToDate=13&ToMonth=11&ToYear=2020&Variable=Issuer,https://www.sedar.com/ModifyCompanyDocumentSearchForm.do?lang=EN&company_search=Accord Financial Corp&document_selection=0&industry_group=A&FromDate=13&FromMonth=05&FromYear=2000&ToDate=13&ToMonth=11&ToYear=2020&Variable=Issuer,1620586106,14:48:26,20210509
83,2000-03-31,ACD.TO,CAD,2000-03-31,2000-03-31,Q1,6300000.0,0.0,0.0,0.0,0.0,3300000.0,0.0,0.0,-800000.0,-800000.0,400000.0,200000.0,7300000.0,1.1587301587301588,7100000.0,1.126984126984127,0.0,2300000.0,0.36507936507936506,900000.0,1400000.0,0.2222222222222222,0.15,0.14,9333333.0,10000000.0,https://www.sedar.com/ModifyCompanyDocumentSearchForm.do?lang=EN&company_search=Accord Financial Corp&document_selection=0&industry_group=A&FromDate=13&FromMonth=05&FromYear=2000&ToDate=13&ToMonth=11&ToYear=2020&Variable=Issuer,https://www.sedar.com/ModifyCompanyDocumentSearchForm.do?lang=EN&company_search=Accord Financial Corp&document_selection=0&industry_group=A&FromDate=13&FromMonth=05&FromYear=2000&ToDate=13&ToMonth=11&ToYear=2020&Variable=Issuer,1620586106,14:48:26,20210509
84,1999-12-31,ACD.TO,CAD,1999-12-31,1999-12-31,Q4,6800000.0,0.0,0.0,0.0,0.0,3500000.0,0.0,0.0,100000.0,100000.0,0.0,200000.0,6900000.0,1.0147058823529411,6700000.0,0.9852941176470589,0.0,3500000.0,0.5147058823529411,1200000.0,2300000.0,0.3382352941176471,0.27232525391665874,0.27232525391665874,8445783.0,8445783.0,https://www.sedar.com/ModifyCompanyDocumentSearchForm.do?lang=EN&company_search=Accord Financial Corp&document_selection=0&industry_group=A&FromDate=13&FromMonth=05&FromYear=2000&ToDate=13&ToMonth=11&ToYear=2020&Variable=Issuer,https://www.sedar.com/ModifyCompanyDocumentSearchForm.do?lang=EN&company_search=Accord Financial Corp&document_selection=0&industry_group=A&FromDate=13&FromMonth=05&FromYear=2000&ToDate=13&ToMonth=11&ToYear=2020&Variable=Issuer,1620586106,14:48:26,20210509
85,1999-09-30,ACD.TO,CAD,1999-09-30,1999-09-30,Q3,6600000.0,0.0,0.0,0.0,0.0,3200000.0,0.0,0.0,-900000.0,-900000.0,500000.0,200000.0,7700000.0,1.1666666666666667,7500000.0,1.1363636363636365,0.0,2400000.0,0.36363636363636365,900000.0,1500000.0,0.22727272727272727,0.16,0.16,9375000.0,9375000.0,https://www.sedar.com/ModifyCompanyDocumentSearchForm.do?lang=EN&company_search=Accord Financial Corp&document_selection=0&industry_group=A&FromDate=13&FromMonth=05&FromYear=2000&ToDate=13&ToMonth=11&ToYear=2020&Variable=Issuer,https://www.sedar.com/ModifyCompanyDocumentSearchForm.do?lang=EN&company_search=Accord Financial Corp&document_selection=0&industry_group=A&FromDate=13&FromMonth=05&FromYear=2000&ToDate=13&ToMonth=11&ToYear=2020&Variable=Issuer,1620586106,14:48:26,20210509
86,1999-06-30,ACD.TO,CAD,1999-06-30,1999-06-30,Q2,5900000.0,0.0,0.0,0.0,0.0,3100000.0,0.0,0.0,-700000.0,-700000.0,0.0,200000.0,6800000.0,1.152542372881356,6600000.0,1.11864406779661,0.0,2000000.0,0.3389830508474576,700000.0,1300000.0,0.22033898305084745,0.14,0.14,9285714.0,9285714.0,https://www.sedar.com/ModifyCompanyDocumentSearchForm.do?lang=EN&company_search=Accord Financial Corp&document_selection=0&industry_group=A&FromDate=13&FromMonth=05&FromYear=2000&ToDate=13&ToMonth=11&ToYear=2020&Variable=Issuer,https://www.sedar.com/ModifyCompanyDocumentSearchForm.do?lang=EN&company_search=Accord Financial Corp&document_selection=0&industry_group=A&FromDate=13&FromMonth=05&FromYear=2000&ToDate=13&ToMonth=11&ToYear=2020&Variable=Issuer,1620586106,14:48:26,20210509
87,1999-03-31,ACD.TO,CAD,1999-03-31,1999-03-31,Q1,5200000.0,0.0,0.0,0.0,0.0,2800000.0,0.0,0.0,-900000.0,-900000.0,200000.0,200000.0,6300000.0,1.2115384615384615,6100000.0,1.1730769230769231,0.0,1700000.0,0.3269230769230769,600000.0,1100000.0,0.21153846153846154,0.12,0.11,9166667.0,10000000.0,https://www.sedar.com/ModifyCompanyDocumentSearchForm.do?lang=EN&company_search=Accord Financial Corp&document_selection=0&industry_group=A&FromDate=13&FromMonth=05&FromYear=2000&ToDate=13&ToMonth=11&ToYear=2020&Variable=Issuer,https://www.sedar.com/ModifyCompanyDocumentSearchForm.do?lang=EN&company_search=Accord Financial Corp&document_selection=0&industry_group=A&FromDate=13&FromMonth=05&FromYear=2000&ToDate=13&ToMonth=11&ToYear=2020&Variable=Issuer,1620586106,14:48:26,20210509
88,1998-12-31,ACD.TO,CAD,1998-12-31,1998-12-31,Q4,5700000.0,0.0,0.0,0.0,0.0,3400000.0,0.0,0.0,200000.0,200000.0,200000.0,200000.0,5700000.0,1.0,5500000.0,0.9649122807017544,0.0,2500000.0,0.43859649122807015,800000.0,1700000.0,0.2982456140350877,0.20128388332970432,0.20128388332970432,8445783.0,8445783.0,https://www.sedar.com/ModifyCompanyDocumentSearchForm.do?lang=EN&company_search=Accord Financial Corp&document_selection=0&industry_group=A&FromDate=13&FromMonth=05&FromYear=2000&ToDate=13&ToMonth=11&ToYear=2020&Variable=Issuer,https://www.sedar.com/ModifyCompanyDocumentSearchForm.do?lang=EN&company_search=Accord Financial Corp&document_selection=0&industry_group=A&FromDate=13&FromMonth=05&FromYear=2000&ToDate=13&ToMonth=11&ToYear=2020&Variable=Issuer,1620586106,14:48:26,20210509
89,1998-09-30,ACD.TO,CAD,1998-09-30,1998-09-30,Q3,5200000.0,0.0,0.0,0.0,0.0,2700000.0,0.0,0.0,-1000000.0,-1000000.0,200000.0,100000.0,6300000.0,1.2115384615384615,6200000.0,1.1923076923076923,0.0,1700000.0,0.3269230769230769,500000.0,1200000.0,0.23076923076923078,0.12,0.12,10000000.0,10000000.0,https://www.sedar.com/ModifyCompanyDocumentSearchForm.do?lang=EN&company_search=Accord Financial Corp&document_selection=0&industry_group=A&FromDate=13&FromMonth=05&FromYear=2000&ToDate=13&ToMonth=11&ToYear=2020&Variable=Issuer,https://www.sedar.com/ModifyCompanyDocumentSearchForm.do?lang=EN&company_search=Accord Financial Corp&document_selection=0&industry_group=A&FromDate=13&FromMonth=05&FromYear=2000&ToDate=13&ToMonth=11&ToYear=2020&Variable=Issuer,1620586106,14:48:26,20210509
90,1998-06-30,ACD.TO,CAD,1998-06-30,1998-06-30,Q2,4500000.0,0.0,0.0,0.0,0.0,2500000.0,0.0,0.0,-600000.0,-600000.0,0.0,200000.0,5300000.0,1.1777777777777778,5100000.0,1.1333333333333333,0.0,1400000.0,0.3111111111111111,500000.0,900000.0,0.2,0.09,0.09,10000000.0,10000000.0,https://www.sedar.com/ModifyCompanyDocumentSearchForm.do?lang=EN&company_search=Accord Financial Corp&document_selection=0&industry_group=A&FromDate=13&FromMonth=05&FromYear=2000&ToDate=13&ToMonth=11&ToYear=2020&Variable=Issuer,https://www.sedar.com/ModifyCompanyDocumentSearchForm.do?lang=EN&company_search=Accord Financial Corp&document_selection=0&industry_group=A&FromDate=13&FromMonth=05&FromYear=2000&ToDate=13&ToMonth=11&ToYear=2020&Variable=Issuer,1620586106,14:48:26,20210509
91,1998-03-31,ACD.TO,CAD,1998-03-31,1998-03-31,Q1,4400000.0,0.0,0.0,0.0,0.0,2400000.0,0.0,0.0,-400000.0,-400000.0,0.0,100000.0,4900000.0,1.1136363636363635,4800000.0,1.0909090909090908,0.0,1500000.0,0.3409090909090909,500000.0,1000000.0,0.22727272727272727,0.11,0.11,9090909.0,9090909.0,https://www.sedar.com/ModifyCompanyDocumentSearchForm.do?lang=EN&company_search=Accord Financial Corp&document_selection=0&industry_group=A&FromDate=13&FromMonth=05&FromYear=2000&ToDate=13&ToMonth=11&ToYear=2020&Variable=Issuer,https://www.sedar.com/ModifyCompanyDocumentSearchForm.do?lang=EN&company_search=Accord Financial Corp&document_selection=0&industry_group=A&FromDate=13&FromMonth=05&FromYear=2000&ToDate=13&ToMonth=11&ToYear=2020&Variable=Issuer,1620586106,14:48:26,20210509
92,1997-12-31,ACD.TO,CAD,1997-12-31,1997-12-31,Q4,4900000.0,0.0,0.0,0.0,0.0,2700000.0,0.0,0.0,-100000.0,-100000.0,0.0,400000.0,5400000.0,1.1020408163265305,5000000.0,1.0204081632653061,0.0,2100000.0,0.42857142857142855,700000.0,1400000.0,0.2857142857142857,0.16576319803622708,0.16576319803622708,8445783.0,8445783.0,https://www.sedar.com/ModifyCompanyDocumentSearchForm.do?lang=EN&company_search=Accord Financial Corp&document_selection=0&industry_group=A&FromDate=13&FromMonth=05&FromYear=2000&ToDate=13&ToMonth=11&ToYear=2020&Variable=Issuer,https://www.sedar.com/ModifyCompanyDocumentSearchForm.do?lang=EN&company_search=Accord Financial Corp&document_selection=0&industry_group=A&FromDate=13&FromMonth=05&FromYear=2000&ToDate=13&ToMonth=11&ToYear=2020&Variable=Issuer,1620586106,14:48:26,20210509
93,1997-09-30,ACD.TO,CAD,1997-09-30,1997-09-30,Q3,5000000.0,0.0,0.0,0.0,0.0,2300000.0,0.0,0.0,-900000.0,-900000.0,0.0,500000.0,6400000.0,1.28,5900000.0,1.18,0.0,1800000.0,0.36,600000.0,1200000.0,0.24,0.12,0.12,10000000.0,10000000.0,https://www.sedar.com/ModifyCompanyDocumentSearchForm.do?lang=EN&company_search=Accord Financial Corp&document_selection=0&industry_group=A&FromDate=13&FromMonth=05&FromYear=2000&ToDate=13&ToMonth=11&ToYear=2020&Variable=Issuer,https://www.sedar.com/ModifyCompanyDocumentSearchForm.do?lang=EN&company_search=Accord Financial Corp&document_selection=0&industry_group=A&FromDate=13&FromMonth=05&FromYear=2000&ToDate=13&ToMonth=11&ToYear=2020&Variable=Issuer,1620586106,14:48:26,20210509
94,1997-06-30,ACD.TO,CAD,1997-06-30,1997-06-30,Q2,4800000.0,0.0,0.0,0.0,0.0,2200000.0,0.0,0.0,-1000000.0,-1000000.0,0.0,400000.0,6200000.0,1.2916666666666667,5800000.0,1.2083333333333333,0.0,1600000.0,0.3333333333333333,600000.0,1000000.0,0.20833333333333334,0.1,0.1,10000000.0,10000000.0,https://www.sedar.com/ModifyCompanyDocumentSearchForm.do?lang=EN&company_search=Accord Financial Corp&document_selection=0&industry_group=A&FromDate=13&FromMonth=05&FromYear=2000&ToDate=13&ToMonth=11&ToYear=2020&Variable=Issuer,https://www.sedar.com/ModifyCompanyDocumentSearchForm.do?lang=EN&company_search=Accord Financial Corp&document_selection=0&industry_group=A&FromDate=13&FromMonth=05&FromYear=2000&ToDate=13&ToMonth=11&ToYear=2020&Variable=Issuer,1620586106,14:48:26,20210509
95,1997-03-31,ACD.TO,CAD,1997-03-31,1997-03-31,Q1,4300000.0,0.0,0.0,0.0,0.0,2200000.0,0.0,0.0,-800000.0,-800000.0,0.0,400000.0,5500000.0,1.2790697674418605,5100000.0,1.186046511627907,0.0,1400000.0,0.32558139534883723,500000.0,900000.0,0.20930232558139536,0.09,0.09,10000000.0,10000000.0,https://www.sedar.com/ModifyCompanyDocumentSearchForm.do?lang=EN&company_search=Accord Financial Corp&document_selection=0&industry_group=A&FromDate=13&FromMonth=05&FromYear=2000&ToDate=13&ToMonth=11&ToYear=2020&Variable=Issuer,https://www.sedar.com/ModifyCompanyDocumentSearchForm.do?lang=EN&company_search=Accord Financial Corp&document_selection=0&industry_group=A&FromDate=13&FromMonth=05&FromYear=2000&ToDate=13&ToMonth=11&ToYear=2020&Variable=Issuer,1620586106,14:48:26,20210509
96,1996-12-31,ACD.TO,CAD,1996-12-31,1996-12-31,Q4,5100000.0,0.0,0.0,0.0,0.0,2400000.0,0.0,0.0,-700000.0,-700000.0,300000.0,500000.0,6300000.0,1.2352941176470589,5800000.0,1.1372549019607843,0.0,2200000.0,0.43137254901960786,900000.0,1300000.0,0.2549019607843137,0.153922969605068,0.153922969605068,8445783.0,8445783.0,https://www.sedar.com/ModifyCompanyDocumentSearchForm.do?lang=EN&company_search=Accord Financial Corp&document_selection=0&industry_group=A&FromDate=13&FromMonth=05&FromYear=2000&ToDate=13&ToMonth=11&ToYear=2020&Variable=Issuer,https://www.sedar.com/ModifyCompanyDocumentSearchForm.do?lang=EN&company_search=Accord Financial Corp&document_selection=0&industry_group=A&FromDate=13&FromMonth=05&FromYear=2000&ToDate=13&ToMonth=11&ToYear=2020&Variable=Issuer,1620586106,14:48:26,20210509
97,1996-09-30,ACD.TO,CAD,1996-09-30,1996-09-30,Q3,5100000.0,0.0,0.0,0.0,0.0,2300000.0,0.0,0.0,-1600000.0,-1600000.0,300000.0,400000.0,7100000.0,1.392156862745098,6700000.0,1.3137254901960784,0.0,1300000.0,0.2549019607843137,500000.0,800000.0,0.1568627450980392,0.07,0.07,11428571.0,11428571.0,https://www.sedar.com/ModifyCompanyDocumentSearchForm.do?lang=EN&company_search=Accord Financial Corp&document_selection=0&industry_group=A&FromDate=13&FromMonth=05&FromYear=2000&ToDate=13&ToMonth=11&ToYear=2020&Variable=Issuer,https://www.sedar.com/ModifyCompanyDocumentSearchForm.do?lang=EN&company_search=Accord Financial Corp&document_selection=0&industry_group=A&FromDate=13&FromMonth=05&FromYear=2000&ToDate=13&ToMonth=11&ToYear=2020&Variable=Issuer,1620586106,14:48:26,20210509
98,1996-06-30,ACD.TO,CAD,1996-06-30,1996-06-30,Q2,4700000.0,0.0,0.0,0.0,0.0,2200000.0,0.0,0.0,-600000.0,-600000.0,300000.0,400000.0,5700000.0,1.2127659574468086,5300000.0,1.127659574468085,0.0,1900000.0,0.40425531914893614,700000.0,1200000.0,0.2553191489361702,0.12,0.12,10000000.0,10000000.0,https://www.sedar.com/ModifyCompanyDocumentSearchForm.do?lang=EN&company_search=Accord Financial Corp&document_selection=0&industry_group=A&FromDate=13&FromMonth=05&FromYear=2000&ToDate=13&ToMonth=11&ToYear=2020&Variable=Issuer,https://www.sedar.com/ModifyCompanyDocumentSearchForm.do?lang=EN&company_search=Accord Financial Corp&document_selection=0&industry_group=A&FromDate=13&FromMonth=05&FromYear=2000&ToDate=13&ToMonth=11&ToYear=2020&Variable=Issuer,1620586106,14:48:26,20210509
99,1996-03-31,ACD.TO,CAD,1996-03-31,1996-03-31,Q1,4300000.0,0.0,0.0,0.0,0.0,2300000.0,0.0,0.0,-400000.0,-400000.0,200000.0,400000.0,5100000.0,1.186046511627907,4700000.0,1.0930232558139534,0.0,1700000.0,0.3953488372093023,700000.0,1000000.0,0.23255813953488372,0.1,0.1,10000000.0,10000000.0,https://www.sedar.com/ModifyCompanyDocumentSearchForm.do?lang=EN&company_search=Accord Financial Corp&document_selection=0&industry_group=A&FromDate=13&FromMonth=05&FromYear=2000&ToDate=13&ToMonth=11&ToYear=2020&Variable=Issuer,https://www.sedar.com/ModifyCompanyDocumentSearchForm.do?lang=EN&company_search=Accord Financial Corp&document_selection=0&industry_group=A&FromDate=13&FromMonth=05&FromYear=2000&ToDate=13&ToMonth=11&ToYear=2020&Variable=Issuer,1620586106,14:48:26,20210509
