,date,symbol,reportedCurrency,fillingDate,acceptedDate,period,revenue,costOfRevenue,grossProfit,grossProfitRatio,researchAndDevelopmentExpenses,generalAndAdministrativeExpenses,sellingAndMarketingExpenses,otherExpenses,operatingExpenses,costAndExpenses,interestExpense,depreciationAndAmortization,ebitda,ebitdaratio,operatingIncome,operatingIncomeRatio,totalOtherIncomeExpensesNet,incomeBeforeTax,incomeBeforeTaxRatio,incomeTaxExpense,netIncome,netIncomeRatio,eps,epsdiluted,weightedAverageShsOut,weightedAverageShsOutDil,link,finalLink,timestamp,est_time,est_date
0,2020-12-31,RADICO.NS,INR,2020-12-31,2020-12-31,Q4,6842104000.0,3366400000.0,3475704000.0,0.5079876014746341,0.0,0.0,922234000.0,25583000.0,2365723000.0,5732123000.0,53855000.0,135538000.0,1245519000.0,0.1820374259146017,1109981000.0,0.16222802225748104,0.0,1081709000.0,0.15809595995617723,276412000.0,840854000.0,0.12289406884198194,6.3,6.3,133468889,133468889,https://www.nseindia.com/companies-listing/corporate-filings-annual-reports,https://www.nseindia.com/companies-listing/corporate-filings-annual-reports,1620597047,17:50:47,20210509
1,2020-09-30,RADICO.NS,INR,2020-09-30,2020-09-30,Q3,6300513000.0,3218135000.0,3082378000.0,0.48922651219035657,0.0,0.0,802927000.0,37510000.0,2142773000.0,5360908000.0,54364000.0,132742000.0,1072347000.0,0.17019995038499247,939605000.0,0.14913150722806223,0.0,922751000.0,0.14645648695590344,198638000.0,746681000.0,0.11851114345768353,5.42,5.42,137764022,137764022,https://www.nseindia.com/companies-listing/corporate-filings-annual-reports,https://www.nseindia.com/companies-listing/corporate-filings-annual-reports,1620597047,17:50:47,20210509
2,2020-06-30,RADICO.NS,INR,2020-06-30,2020-06-30,Q2,4091512000.0,1856186000.0,2235326000.0,0.5463325049517147,0.0,0.0,494374000.0,-577140000.0,1010296000.0,2866482000.0,65700000.0,128752000.0,1353782000.0,0.33087572515979424,1225030000.0,0.29940765174341416,0.0,582190000.0,0.142292140411662,141461000.0,448713000.0,0.10966923719153213,3.36,3.36,133545536,133545536,https://www.nseindia.com/companies-listing/corporate-filings-annual-reports,https://www.nseindia.com/companies-listing/corporate-filings-annual-reports,1620597047,17:50:47,20210509
3,2020-03-31,RADICO.NS,INR,2020-03-31,2020-03-31,Q1,5594670000.0,3263292000.0,2331378000.0,0.41671412254878304,0.0,126391000.0,787891000.0,-67103000.0,1617707000.0,4880999000.0,77319000.0,110407000.0,824078000.0,0.14729698087644133,713671000.0,0.12756266231967212,0.0,540549000.0,0.09661856731496228,156080000.0,326728000.0,0.05839986987614998,2.371649689495854,2.371649689495854,137764022,137764022,https://www.nseindia.com/companies-listing/corporate-filings-annual-reports,https://www.nseindia.com/companies-listing/corporate-filings-annual-reports,1620597047,17:50:47,20210509
4,2019-12-31,RADICO.NS,INR,2019-12-31,2019-12-31,Q4,6479271000.0,3256087000.0,3223184000.0,0.49746090262315007,0.0,0.0,781817000.0,18159000.0,2329040000.0,5585127000.0,81000000.0,130900000.0,1025044000.0,0.1582036003741779,894144000.0,0.13800071026509,0.0,745444000.0,0.11505059751320788,188438000.0,597444000.0,0.09220852160682892,4.48,4.46,133358036,133956054,https://www.nseindia.com/companies-listing/corporate-filings-annual-reports,https://www.nseindia.com/companies-listing/corporate-filings-annual-reports,1620597047,17:50:47,20210509
5,2019-09-30,RADICO.NS,INR,2019-09-30,2019-09-30,Q3,5701735000.0,2941922000.0,2759813000.0,0.48403038724177816,0.0,0.0,745146000.0,18734000.0,2026263000.0,4968185000.0,76798000.0,132234000.0,865784000.0,0.15184571012156825,733550000.0,0.12865382203837955,0.0,617166000.0,0.10824178956054605,-168696100.0,799435000.0,0.14020907671086083,5.99,5.97,133461603,133908710,https://www.nseindia.com/companies-listing/corporate-filings-annual-reports,https://www.nseindia.com/companies-listing/corporate-filings-annual-reports,1620597047,17:50:47,20210509
6,2019-06-30,RADICO.NS,INR,2019-06-30,2019-06-30,Q2,6235836000.0,3244124000.0,2991712000.0,0.47976117396288165,0.0,0.0,797598000.0,-735417000.0,1346911000.0,4591035000.0,73796000.0,128181000.0,1772982000.0,0.284321460667022,1644801000.0,0.26376591687145073,0.0,823708000.0,0.13209263360999232,276038000.0,567792000.0,0.09105306810506242,4.26,4.26,133284507,133284507,https://www.nseindia.com/companies-listing/corporate-filings-annual-reports,https://www.nseindia.com/companies-listing/corporate-filings-annual-reports,1620597047,17:50:47,20210509
7,2019-03-31,RADICO.NS,INR,2019-03-31,2019-03-31,Q1,4882244000.0,2778968000.0,2103276000.0,0.4308010824530687,0.0,119816000.0,675728000.0,-75927000.0,1458731000.0,4237699000.0,65193000.0,84572000.0,729117000.0,0.14934054914092781,644545000.0,0.13201818671905788,0.0,627262000.0,0.12847821616453417,176050000.0,409451000.0,0.08386532913963334,2.972118511464481,2.972118511464481,137764022,137764022,https://www.nseindia.com/companies-listing/corporate-filings-annual-reports,https://www.nseindia.com/companies-listing/corporate-filings-annual-reports,1620597047,17:50:47,20210509
8,2018-12-31,RADICO.NS,INR,2018-12-31,2018-12-31,Q4,5529322000.0,2728698000.0,2800624000.0,0.506504052395574,0.0,0.0,755444000.0,27545000.0,1949448000.0,4678146000.0,76350000.0,106854000.0,958030000.0,0.1732635574488156,851176000.0,0.15393858415190867,0.0,802371000.0,0.14511200469062935,281392000.0,528838000.0,0.09564246755750525,3.97,3.97,133208564,133208564,https://www.nseindia.com/companies-listing/corporate-filings-annual-reports,https://www.nseindia.com/companies-listing/corporate-filings-annual-reports,1620597047,17:50:47,20210509
9,2018-09-30,RADICO.NS,INR,2018-09-30,2018-09-30,Q3,5176486000.0,2513399000.0,2663087000.0,0.5144584569532304,0.0,0.0,703067000.0,42060000.0,1853552000.0,4366951000.0,91632000.0,107436000.0,916971000.0,0.17714159760115258,809535000.0,0.15638697757513495,0.0,759963000.0,0.14681059699572258,264551000.0,505843000.0,0.09771937951730189,3.79,3.79,133467810,133467810,https://www.nseindia.com/companies-listing/corporate-filings-annual-reports,https://www.nseindia.com/companies-listing/corporate-filings-annual-reports,1620597047,17:50:47,20210509
10,2017-09-30,RADICO.NS,INR,2017-09-30,2017-09-30,Q3,0.0,0.0,0.0,0.0,0.0,0.0,0.0,0.0,0.0,0.0,0.0,0.0,0.0,0.0,0.0,0.0,0.0,0.0,0.0,0.0,0.0,0.0,2.15,2.15,133034419,133034419,https://www.nseindia.com/companies-listing/corporate-filings-annual-reports,https://www.nseindia.com/companies-listing/corporate-filings-annual-reports,1620597047,17:50:47,20210509
11,2017-06-30,RADICO.NS,INR,2017-06-30,2017-06-30,Q2,0.0,0.0,0.0,0.0,0.0,0.0,0.0,0.0,0.0,0.0,0.0,104258000.0,0.0,0.0,0.0,0.0,0.0,0.0,0.0,0.0,0.0,0.0,1.93,1.93,133087565,133087565,https://www.nseindia.com/companies-listing/corporate-filings-annual-reports,https://www.nseindia.com/companies-listing/corporate-filings-annual-reports,1620597047,17:50:47,20210509
12,2017-03-31,RADICO.NS,INR,2017-03-31,2017-03-31,Q1,3831648000.0,2513131000.0,1318517000.0,0.34411224621885933,0.0,114060000.0,488326000.0,-398498000.0,670983000.0,3184114000.0,170067000.0,60388000.0,707922000.0,0.18475653295918623,647534000.0,0.16899621259572906,0.0,233240000.0,0.0608719798895932,65952000.0,167288000.0,0.04365954283900818,1.2143083337099436,1.2143083337099436,137764022,137764022,https://www.nseindia.com/companies-listing/corporate-filings-annual-reports,https://www.nseindia.com/companies-listing/corporate-filings-annual-reports,1620597047,17:50:47,20210509
13,2016-12-31,RADICO.NS,INR,2016-12-31,2016-12-31,Q4,4058942000.0,2088212000.0,1970730000.0,0.4855280021246916,0.0,0.0,486567000.0,152210000.0,1654355000.0,3742567000.0,195359000.0,104843000.0,421218000.0,0.10377531878997039,316375000.0,0.07794518867231905,0.0,273226000.0,0.0673145859191878,76225000.0,197001000.0,0.0485350615997962,1.45,1.45,135862759,135862759,https://www.nseindia.com/companies-listing/corporate-filings-annual-reports,https://www.nseindia.com/companies-listing/corporate-filings-annual-reports,1620597047,17:50:47,20210509
14,2016-09-30,RADICO.NS,INR,2016-09-30,2016-09-30,Q3,4387484000.0,2605129000.0,1782355000.0,0.40623623926605773,0.0,0.0,583119000.0,129385000.0,1404956000.0,4010085000.0,206216000.0,105210000.0,482609000.0,0.10999675440411863,377399000.0,0.08601717977774961,0.0,300566000.0,0.0685053210450454,77924000.0,222642000.0,0.05074480043687909,1.64,1.64,135757317,135757317,https://www.nseindia.com/companies-listing/corporate-filings-annual-reports,https://www.nseindia.com/companies-listing/corporate-filings-annual-reports,1620597047,17:50:47,20210509
15,2016-06-30,RADICO.NS,INR,2016-06-30,2016-06-30,Q2,4220097000.0,2287540000.0,1932557000.0,0.45794136959411125,0.0,0.0,420696000.0,122381000.0,1557744000.0,3845284000.0,213896000.0,104916000.0,479729000.0,0.11367724485953759,374813000.0,0.08881620493557375,0.0,283298000.0,0.06713068443687432,68000000.0,215298000.0,0.05101731073953987,1.62,1.62,132900000,132900000,https://www.nseindia.com/companies-listing/corporate-filings-annual-reports,https://www.nseindia.com/companies-listing/corporate-filings-annual-reports,1620597047,17:50:47,20210509
16,2016-03-31,RADICO.NS,INR,2016-03-31,2016-03-31,Q1,3770166000.0,2166077000.0,1604089000.0,0.4254690642268802,0.0,123021000.0,648030000.0,-483882000.0,511413000.0,2677490000.0,198678000.0,58025000.0,1150701000.0,0.3052122903872137,1092676000.0,0.2898217213777855,0.0,202835000.0,0.05380001835462948,55100000.0,147735000.0,0.03918527725304403,1.072377227778672,1.072377227778672,137764022,137764022,https://www.nseindia.com/companies-listing/corporate-filings-annual-reports,https://www.nseindia.com/companies-listing/corporate-filings-annual-reports,1620597047,17:50:47,20210509
17,2015-12-31,RADICO.NS,INR,2015-12-31,2015-12-31,Q4,3925564000.0,1786094000.0,2139470000.0,0.5450095833363053,0.0,0.0,713712000.0,151450000.0,1737846000.0,3523940000.0,196831000.0,100000000.0,501624000.0,0.12778393117524003,401624000.0,0.10230988464332769,0.0,356243000.0,0.09074950758668054,102500000.0,253743000.0,0.06463860989147037,1.91,1.91,132849738,132849738,https://www.nseindia.com/companies-listing/corporate-filings-annual-reports,https://www.nseindia.com/companies-listing/corporate-filings-annual-reports,1620597047,17:50:47,20210509
18,2015-09-30,RADICO.NS,INR,2015-09-30,2015-09-30,Q3,3616249000.0,1773254000.0,1842995000.0,0.5096427264826067,0.0,0.0,644024000.0,152094000.0,1523260000.0,3296514000.0,207848000.0,100000000.0,419735000.0,0.11606916448507833,319735000.0,0.08841620142860737,0.0,263981000.0,0.07299856840610257,77500000.0,186481000.0,0.05156752203733758,1.4,1.4,133200714,133200714,https://www.nseindia.com/companies-listing/corporate-filings-annual-reports,https://www.nseindia.com/companies-listing/corporate-filings-annual-reports,1620597047,17:50:47,20210509
19,2015-06-30,RADICO.NS,INR,2015-06-30,2015-06-30,Q2,3860358000.0,1786983000.0,2073375000.0,0.5370939690049472,0.0,0.0,722547000.0,182496000.0,1789374000.0,3576357000.0,212570000.0,100000000.0,384001000.0,0.09947289862753662,284001000.0,0.0735685654024834,0.0,253927000.0,0.06577809622838089,73000000.0,180927000.0,0.04686793297409204,1.36,1.36,133034559,133034559,https://www.nseindia.com/companies-listing/corporate-filings-annual-reports,https://www.nseindia.com/companies-listing/corporate-filings-annual-reports,1620597047,17:50:47,20210509
20,2015-03-31,RADICO.NS,INR,2015-03-31,2015-03-31,Q1,3396862000.0,1886246000.0,1510616000.0,0.4447092640207344,0.0,107324000.0,670934000.0,-621624000.0,562747000.0,2448993000.0,195223000.0,83174000.0,1031043000.0,0.3035280797394772,947869000.0,0.27904253985001454,0.0,181425000.0,0.053409588025654264,32421000.0,149004000.0,0.04386519087322358,1.0815886313191407,1.0815886313191407,137764022,137764022,https://www.nseindia.com/companies-listing/corporate-filings-annual-reports,https://www.nseindia.com/companies-listing/corporate-filings-annual-reports,1620597047,17:50:47,20210509
21,2014-12-31,RADICO.NS,INR,2014-12-31,2014-12-31,Q4,3995562000.0,2211604000.0,1783958000.0,0.44648487496877787,0.0,0.0,766973000.0,232308000.0,1543596000.0,3755200000.0,229970000.0,90000000.0,330362000.0,0.0826822359407763,240362000.0,0.0601572444627314,0.0,242700000.0,0.06074239368579439,30000000.0,212700000.0,0.05323406319311276,1.6,1.6,132937500,132937500,https://www.nseindia.com/companies-listing/corporate-filings-annual-reports,https://www.nseindia.com/companies-listing/corporate-filings-annual-reports,1620597047,17:50:47,20210509
22,2014-09-30,RADICO.NS,INR,2014-09-30,2014-09-30,Q3,3516092000.0,1641013000.0,1875079000.0,0.5332849652398174,0.0,0.0,659904000.0,213991000.0,1660560000.0,3301573000.0,226865000.0,105000000.0,319519000.0,0.09087333323473902,214519000.0,0.06101063339639577,0.0,201645000.0,0.05734918198954976,52500000.0,149145000.0,0.042417832070378136,1.12,1.12,133165179,133165179,https://www.nseindia.com/companies-listing/corporate-filings-annual-reports,https://www.nseindia.com/companies-listing/corporate-filings-annual-reports,1620597047,17:50:47,20210509
23,2014-06-30,RADICO.NS,INR,2014-06-30,2014-06-30,Q2,3608320000.0,1770009000.0,1838311000.0,0.50946451534232,0.0,0.0,738283000.0,184178000.0,1551301000.0,3321310000.0,225685000.0,105000000.0,392010000.0,0.10864058620078042,287010000.0,0.07954117151472154,0.0,245503000.0,0.06803803432068109,80000000.0,165503000.0,0.04586705170273146,1.24,1.24,133470161,133470161,https://www.nseindia.com/companies-listing/corporate-filings-annual-reports,https://www.nseindia.com/companies-listing/corporate-filings-annual-reports,1620597047,17:50:47,20210509
24,2014-03-31,RADICO.NS,INR,2014-03-31,2014-03-31,Q1,3496048000.0,1923137000.0,1572911000.0,0.44991115682622207,0.0,122719000.0,706351000.0,-565701000.0,622483000.0,2545620000.0,204268000.0,97534000.0,1047962000.0,0.29975618183732033,950428000.0,0.2718578234623781,0.0,188338000.0,0.05387168597227498,89300000.0,99038000.0,0.028328558417962224,0.7188959683537695,0.7188959683537695,137764022,137764022,https://www.nseindia.com/companies-listing/corporate-filings-annual-reports,https://www.nseindia.com/companies-listing/corporate-filings-annual-reports,1620597047,17:50:47,20210509
25,2013-12-31,RADICO.NS,INR,2013-12-31,2013-12-31,Q4,3794303000.0,1832286000.0,1962017000.0,0.5170954981718645,0.0,0.0,777788000.0,204875000.0,1635345000.0,3467631000.0,222040000.0,98500000.0,425172000.0,0.11205536300079356,326672000.0,0.08609539090578691,0.0,309507000.0,0.08157150338283474,94300000.0,215207000.0,0.05671845395583853,1.62,1.61,132843827,133668944,https://www.nseindia.com/companies-listing/corporate-filings-annual-reports,https://www.nseindia.com/companies-listing/corporate-filings-annual-reports,1620597047,17:50:47,20210509
26,2013-09-30,RADICO.NS,INR,2013-09-30,2013-09-30,Q3,3416535000.0,1664554000.0,1751981000.0,0.5127946881855447,0.0,0.0,692190000.0,192830000.0,1495532000.0,3160086000.0,198135000.0,96500000.0,352949000.0,0.10330612740686104,256449000.0,0.07506113650233351,0.0,251124000.0,0.07350253985397485,77900000.0,173224000.0,0.05070166118596765,1.3,1.3,133249231,133249231,https://www.nseindia.com/companies-listing/corporate-filings-annual-reports,https://www.nseindia.com/companies-listing/corporate-filings-annual-reports,1620597047,17:50:47,20210509
27,2013-06-30,RADICO.NS,INR,2013-06-30,2013-06-30,Q2,3484429000.0,1676377000.0,1808052000.0,0.5188947744379352,0.0,0.0,685564000.0,173685000.0,1462196000.0,3138573000.0,204415000.0,95000000.0,440856000.0,0.1265217342640645,345856000.0,0.09925758280625033,0.0,315126000.0,0.09043834728731738,90000000.0,225126000.0,0.06460915116938816,1.69,1.68,133210651,134003571,https://www.nseindia.com/companies-listing/corporate-filings-annual-reports,https://www.nseindia.com/companies-listing/corporate-filings-annual-reports,1620597047,17:50:47,20210509
28,2013-03-31,RADICO.NS,INR,2013-03-31,2013-03-31,Q1,3273399000.0,1908967000.0,1364432000.0,0.4168242246056775,0.0,103075000.0,574565000.0,-526489000.0,643744000.0,2552711000.0,97156000.0,88111000.0,808799000.0,0.24708231413280202,720688000.0,0.22016503334912732,0.0,197195000.0,0.06024166317641082,40000000.0,157195000.0,0.048021949050512935,1.1410453739511177,1.1410453739511177,137764022,137764022,https://www.nseindia.com/companies-listing/corporate-filings-annual-reports,https://www.nseindia.com/companies-listing/corporate-filings-annual-reports,1620597047,17:50:47,20210509
29,2012-12-31,RADICO.NS,INR,2012-12-31,2012-12-31,Q4,3175857000.0,1621247000.0,1554610000.0,0.48950881604555874,0.0,0.0,559309000.0,169280000.0,1228595000.0,2849842000.0,216454000.0,90000000.0,416015000.0,0.13099298866416215,326015000.0,0.1026541812178571,0.0,278839000.0,0.08779960810578058,85000000.0,193839000.0,0.06103517885093693,1.38,1.38,140463043,140463043,https://www.nseindia.com/companies-listing/corporate-filings-annual-reports,https://www.nseindia.com/companies-listing/corporate-filings-annual-reports,1620597047,17:50:47,20210509
30,2012-09-30,RADICO.NS,INR,2012-09-30,2012-09-30,Q3,2880961000.0,1345785000.0,1535176000.0,0.5328694140601001,0.0,0.0,527384000.0,0.0,1045130000.0,2390915000.0,0.0,85000000.0,575046000.0,0.19960214664481749,490046000.0,0.17009810268170933,0.0,330604000.0,0.11475476412211064,110000000.0,220604000.0,0.07657306016985305,1.66,1.65,132893976,133699394,https://www.nseindia.com/companies-listing/corporate-filings-annual-reports,https://www.nseindia.com/companies-listing/corporate-filings-annual-reports,1620597047,17:50:47,20210509
31,2012-06-30,RADICO.NS,INR,2012-06-30,2012-06-30,Q2,2908489000.0,1274384000.0,1634105000.0,0.5618398419247933,0.0,0.0,685179000.0,0.0,1138112000.0,2412496000.0,0.0,90000000.0,585993000.0,0.20147678055512674,495993000.0,0.1705328780683028,0.0,286186000.0,0.09839679641215765,75000000.0,211186000.0,0.07261021100647105,1.59,1.58,132821384,133662025,https://www.nseindia.com/companies-listing/corporate-filings-annual-reports,https://www.nseindia.com/companies-listing/corporate-filings-annual-reports,1620597047,17:50:47,20210509
32,2012-03-31,RADICO.NS,INR,2012-03-31,2012-03-31,Q1,3192503000.0,2151840000.0,1040663000.0,0.32597087614326437,0.0,1092480000.0,91485000.0,-494729000.0,694785000.0,2846625000.0,187097000.0,103394000.0,449272000.0,0.14072719743724596,345878000.0,0.1083406969390475,0.0,62658000.0,0.019626606458944595,18000000.0,44658000.0,0.013988397191795905,0.3241630097007476,0.3241630097007476,137764022,137764022,https://www.nseindia.com/companies-listing/corporate-filings-annual-reports,https://www.nseindia.com/companies-listing/corporate-filings-annual-reports,1620597047,17:50:47,20210509
33,2011-12-31,RADICO.NS,INR,2011-12-31,2011-12-31,Q4,2904052000.0,1549175000.0,1354877000.0,0.46654708662241584,0.0,0.0,532936000.0,166844000.0,1099007000.0,2648182000.0,118858000.0,77500000.0,333370000.0,0.11479477640207544,255870000.0,0.08810792644208851,0.0,303916000.0,0.10465239603147602,67300000.0,236616000.0,0.08147787987267445,1.78,1.78,132930337,132930337,https://www.nseindia.com/companies-listing/corporate-filings-annual-reports,https://www.nseindia.com/companies-listing/corporate-filings-annual-reports,1620597047,17:50:47,20210509
34,2011-09-30,RADICO.NS,INR,2011-09-30,2011-09-30,Q3,2492690000.0,1261811000.0,1230879000.0,0.493795457918955,0.0,0.0,398954000.0,0.0,809414000.0,2071225000.0,0.0,75000000.0,496465000.0,0.19916836830893533,421465000.0,0.1690803910634696,0.0,225610000.0,0.09050864728466035,77700000.0,147910000.0,0.059337502858357836,1.12,1.12,132062500,132062500,https://www.nseindia.com/companies-listing/corporate-filings-annual-reports,https://www.nseindia.com/companies-listing/corporate-filings-annual-reports,1620597047,17:50:47,20210509
35,2011-06-30,RADICO.NS,INR,2011-06-30,2011-06-30,Q2,2849422000.0,1486252000.0,1363170000.0,0.47840228649880573,0.0,0.0,532453000.0,0.0,976355000.0,2462607000.0,0.0,72500000.0,459315000.0,0.16119584954422336,386815000.0,0.13575209288059123,0.0,277416000.0,0.09735869239445755,70000000.0,207416000.0,0.072792306650261,1.56,1.56,132958974,132958974,https://www.nseindia.com/companies-listing/corporate-filings-annual-reports,https://www.nseindia.com/companies-listing/corporate-filings-annual-reports,1620597047,17:50:47,20210509
