,date,symbol,reportedCurrency,fillingDate,acceptedDate,period,revenue,costOfRevenue,grossProfit,grossProfitRatio,researchAndDevelopmentExpenses,generalAndAdministrativeExpenses,sellingAndMarketingExpenses,otherExpenses,operatingExpenses,costAndExpenses,interestExpense,depreciationAndAmortization,ebitda,ebitdaratio,operatingIncome,operatingIncomeRatio,totalOtherIncomeExpensesNet,incomeBeforeTax,incomeBeforeTaxRatio,incomeTaxExpense,netIncome,netIncomeRatio,eps,epsdiluted,weightedAverageShsOut,weightedAverageShsOutDil,link,finalLink,timestamp,est_time,est_date
0,2021-03-31,TCS.NS,INR,2021-03-31,2021-03-31,Q1,437050000000,240790000000,196260000000,0.44905617206269305,0.0,24630000000,0.0,30440000000,80500000000,321290000000,1380000000,10670000000,126430000000,0.2892804026999199,115760000000,0.28662624413682647,0.0,125270000000,0.28662624413682647,32450000000,92460000000,0.2115547420203638,24.6403306814885,24.6403306814885,3752384706,3752384706,https://www.nseindia.com/companies-listing/corporate-filings-annual-reports,https://www.nseindia.com/companies-listing/corporate-filings-annual-reports,1620598659,18:17:39,20210509
1,2020-12-31,TCS.NS,INR,2020-12-31,2020-12-31,Q4,420150000000,238270000000,181880000000,0.4328930143996192,0.0,37010000000,0.0,740000000,69770000000,308040000000,1830000000,10240000000,122350000000,0.29120552183743903,112110000000,0.2668332738307747,0.0,116920000000,0.2782815661073426,29650000000,87010000000,0.2070927049863144,23.19,23.19,3752384706,3752384706,,,1620598659,18:17:39,20210509
2,2020-09-30,TCS.NS,INR,2020-09-30,2020-09-30,Q3,401350000000,229310000000,172040000000,0.42865329512893985,0.0,30470000000,0.0,9140000000,66890000000,296200000000,1740000000,9980000000,115130000000,0.2868568581038993,105150000000,0.26199078111374113,0.0,100370000000,0.2500809767036253,25330000000,74750000000,0.18624641833810887,19.93,19.93,3750627195,3750627195,https://www.nseindia.com/companies-listing/corporate-filings-annual-reports,https://www.nseindia.com/companies-listing/corporate-filings-annual-reports,1620598659,18:17:39,20210509
3,2020-06-30,TCS.NS,INR,2020-06-30,2020-06-30,Q2,383220000000,224390000000,158830000000,0.4144616669276134,0.0,35230000000,0.0,5980000000,67820000000,292740000000,1420000000,9760000000,100240000000,0.26157298679609625,90480000000,0.23610458744324408,0.0,95040000000,0.2480037576326914,24550000000,70080000000,0.1828714576483482,18.68,18.68,3751605996,3751605996,https://www.nseindia.com/companies-listing/corporate-filings-annual-reports,https://www.nseindia.com/companies-listing/corporate-filings-annual-reports,1620598659,18:17:39,20210509
4,2020-03-31,TCS.NS,INR,2020-03-31,2020-03-31,Q1,399460000000,225200000000,174260000000,0.43623892254543634,0.0,47880000000,0.0,-38210000000,74010000000,299210000000,2510000000,9510000000,109760000000,0.27477094077003955,100250000000,0.25096380113152755,0.0,105120000000,0.2631552596004606,24190000000,80490000000,0.20149702097832073,21.460410703389037,21.460410703389037,3750627195,3750627195,https://www.nseindia.com/companies-listing/corporate-filings-annual-reports,https://www.nseindia.com/companies-listing/corporate-filings-annual-reports,1620598659,18:17:39,20210509
5,2019-12-31,TCS.NS,INR,2019-12-31,2019-12-31,Q4,398540000000,220820000000,177720000000,0.4459276358709289,0.0,32680000000,0.0,8180000000,77980000000,298800000000,2230000000,8970000000,108710000000,0.27277061273648817,99740000000,0.25026346163496765,0.0,105690000000,0.26519295428313344,24260000000,81180000000,0.20369348120640338,21.63,21.63,3753120666,3753120666,https://www.nseindia.com/companies-listing/corporate-filings-annual-reports,https://www.nseindia.com/companies-listing/corporate-filings-annual-reports,1620598659,18:17:39,20210509
6,2019-09-30,TCS.NS,INR,2019-09-30,2019-09-30,Q3,389770000000,219350000000,170420000000,0.43723221386971806,0.0,32790000000,0.0,13610000000,76810000000,296160000000,1930000000,8640000000,102250000000,0.2623341970905919,93610000000,0.2401672781383893,0.0,105290000000,0.2701336685737743,24710000000,80420000000,0.2063268081176078,21.43,21.43,3752683154,3752683154,https://www.nseindia.com/companies-listing/corporate-filings-annual-reports,https://www.nseindia.com/companies-listing/corporate-filings-annual-reports,1620598659,18:17:39,20210509
7,2019-06-30,TCS.NS,INR,2019-06-30,2019-06-30,Q2,381720000000,213200000000,168520000000,0.44147542701456566,0.0,31940000000,0.0,16750000000,76320000000,289520000000,2570000000,8170000000,100370000000,0.2629414230325893,92200000000,0.24153830032484544,0.0,106380000000,0.2786859478151525,24850000000,81310000000,0.21300953578539245,21.67,21.67,3752191970,3752191970,https://www.nseindia.com/companies-listing/corporate-filings-annual-reports,https://www.nseindia.com/companies-listing/corporate-filings-annual-reports,1620598659,18:17:39,20210509
8,2019-03-31,TCS.NS,INR,2019-03-31,2019-03-31,Q1,380100000000,207740000000,172360000000,0.4534596158905551,0.0,96890000000,0.0,-30650000000,76990000000,284730000000,280000000,5370000000,100740000000,0.2650355169692186,95370000000,0.25090765588003155,0.0,107020000000,0.281557484872402,25500000000,81260000000,0.21378584583004473,21.66570970005458,21.66570970005458,3750627195,3750627195,https://www.nseindia.com/companies-listing/corporate-filings-annual-reports,https://www.nseindia.com/companies-listing/corporate-filings-annual-reports,1620598659,18:17:39,20210509
9,2018-12-31,TCS.NS,INR,2018-12-31,2018-12-31,Q4,373380000000,205340000000,168040000000,0.4500508864963308,0.0,29620000000,0.0,11630000000,72400000000,277740000000,160000000,5190000000,100830000000,0.2700466013176924,95640000000,0.25614655310943274,0.0,107110000000,0.28686592747335155,25900000000,81050000000,0.2170710804006642,21.6,21.6,3752314815,3752314815,https://www.nseindia.com/companies-listing/corporate-filings-annual-reports,https://www.nseindia.com/companies-listing/corporate-filings-annual-reports,1620598659,18:17:39,20210509
10,2018-09-30,TCS.NS,INR,2018-09-30,2018-09-30,Q3,368540000000,200470000000,168070000000,0.45604276333640853,0.0,27670000000,0.0,7300000000,70360000000,270830000000,1370000000,5070000000,102780000000,0.27888424594345257,97710000000,0.26512725891355077,0.0,103640000000,0.2812177782601617,24370000000,79010000000,0.21438649807347912,20.66,20.66,3824298161,3824298161,https://www.nseindia.com/companies-listing/corporate-filings-annual-reports,https://www.nseindia.com/companies-listing/corporate-filings-annual-reports,1620598659,18:17:39,20210509
11,2018-06-30,TCS.NS,INR,2018-06-30,2018-06-30,Q2,342610000000,191610000000,151000000000,0.44073436268643645,0.0,25390000000,0.0,12250000000,65220000000,256830000000,170000000,4930000000,90710000000,0.2647616823793818,85780000000,0.25037214325326174,0.0,97860000000,0.2856308922681766,24240000000,73400000000,0.21423776305420156,19.17,19.17,3828899322,3828899322,https://www.nseindia.com/companies-listing/corporate-filings-annual-reports,https://www.nseindia.com/companies-listing/corporate-filings-annual-reports,1620598659,18:17:39,20210509
12,2018-03-31,TCS.NS,INR,2018-03-31,2018-03-31,Q1,320750000000,177160000000,143590000000,0.4476695245518316,0.0,24070000000,0.0,9940000000,62120000000,239280000000,120000000,5050000000,86520000000,0.26974279033515197,81470000000,0.25399844115354636,0.0,91290000000,0.284614185502728,22040000000,69040000000,0.21524551831644584,18.035,18.035,3828112004,3828112004,https://www.nseindia.com/companies-listing/corporate-filings-annual-reports,https://www.nseindia.com/companies-listing/corporate-filings-annual-reports,1620598659,18:17:39,20210509
13,2017-12-31,TCS.NS,INR,2017-12-31,2017-12-31,Q4,309040000000,164580000000,144460000000,0.4674475796013461,0.0,22330000000,0.0,8700000000,66650000000,231230000000,60000000,5060000000,82870000000,0.26815298990421954,77810000000,0.25177970489257057,0.0,86450000000,0.27973725084131507,21000000000,65310000000,0.21133186642505825,17.06,17.06,3828253224,3828253224,https://www.nseindia.com/companies-listing/corporate-filings-annual-reports,https://www.nseindia.com/companies-listing/corporate-filings-annual-reports,1620598659,18:17:39,20210509
14,2017-09-30,TCS.NS,INR,2017-09-30,2017-09-30,Q3,305410000000,165720000000,139690000000,0.45738515438263316,0.0,22400000000,0.0,8190000000,63090000000,228810000000,70000000,5040000000,81640000000,0.2673127926394028,76600000000,0.25081038603844014,0.0,84720000000,0.27739759667332436,20120000000,64460000000,0.21106054156707377,16.835,16.835,3828927829,3828927829,https://www.nseindia.com/companies-listing/corporate-filings-annual-reports,https://www.nseindia.com/companies-listing/corporate-filings-annual-reports,1620598659,18:17:39,20210509
15,2017-06-30,TCS.NS,INR,2017-06-30,2017-06-30,Q2,295840000000,161830000000,134010000000,0.45298134126554895,0.0,21120000000,0.0,9590000000,64870000000,226700000000,270000000,4990000000,74130000000,0.25057463493780424,69140000000,0.23370740941049215,0.0,78460000000,0.2652109248242293,18960000000,59450000000,0.20095321795565171,15.2,15.2,3911184211,3911184211,https://www.nseindia.com/companies-listing/corporate-filings-annual-reports,https://www.nseindia.com/companies-listing/corporate-filings-annual-reports,1620598659,18:17:39,20210509
16,2017-03-31,TCS.NS,INR,2017-03-31,2017-03-31,Q1,296420000000,156920000000,139500000000,0.47061601781256324,0.0,20680000000,0.0,9970000000,63230000000,220150000000,80000000,5050000000,81320000000,0.2743404628567573,76270000000,0.25730382565279,0.0,86160000000,0.2906686458403617,19940000000,66080000000,0.22292692800755684,16.76,16.76,3942720764,3942720764,https://www.nseindia.com/companies-listing/corporate-filings-annual-reports,https://www.nseindia.com/companies-listing/corporate-filings-annual-reports,1620598659,18:17:39,20210509
17,2016-12-31,TCS.NS,INR,2016-12-31,2016-12-31,Q4,297350000000,152750000000,144600000000,0.4862956112325542,0.0,22420000000,0.0,11920000000,67270000000,220020000000,70000000,4960000000,82290000000,0.27674457709769634,77330000000,0.2600638977635783,0.0,89180000000,0.29991592399529177,21040000000,67780000000,0.2279468639650244,17.2,17.2,3940697674,3940697674,https://www.nseindia.com/companies-listing/corporate-filings-annual-reports,https://www.nseindia.com/companies-listing/corporate-filings-annual-reports,1620598659,18:17:39,20210509
18,2016-09-30,TCS.NS,INR,2016-09-30,2016-09-30,Q3,292840000000,152800000000,140040000000,0.4782133588307608,0.0,22490000000,0.0,10570000000,63870000000,216670000000,50000000,4960000000,81130000000,0.27704548558940034,76170000000,0.2601079087556345,0.0,86690000000,0.29603196284660566,20660000000,65860000000,0.22490096981286709,16.715,16.715,3940173497,3940173497,https://www.nseindia.com/companies-listing/corporate-filings-annual-reports,https://www.nseindia.com/companies-listing/corporate-filings-annual-reports,1620598659,18:17:39,20210509
19,2016-06-30,TCS.NS,INR,2016-06-30,2016-06-30,Q2,293050000000,153740000000,139310000000,0.47537962804982087,0.0,22950000000,0.0,9750000000,65840000000,219580000000,120000000,4900000000,78370000000,0.2674287664221123,73470000000,0.25070807029517145,0.0,83100000000,0.2835693567650572,19920000000,63170000000,0.215560484558949,16.03,16.03,3940736120,3940736120,https://www.nseindia.com/companies-listing/corporate-filings-annual-reports,https://www.nseindia.com/companies-listing/corporate-filings-annual-reports,1620598659,18:17:39,20210509
20,2016-03-31,TCS.NS,INR,2016-03-31,2016-03-31,Q1,284490000000,144230000000,140260000000,0.49302260184892266,0.0,23010000000,0.0,9150000000,66140000000,210370000000,100000000,4950000000,79070000000,0.2779359555696158,74120000000,0.26053639846743293,0.0,83170000000,0.29234770993708037,19700000000,63400000000,0.22285493338957432,16.09,16.09,3940335612,3940335612,https://www.nseindia.com/companies-listing/corporate-filings-annual-reports,https://www.nseindia.com/companies-listing/corporate-filings-annual-reports,1620598659,18:17:39,20210509
21,2015-12-31,TCS.NS,INR,2015-12-31,2015-12-31,Q4,273640100000,105985400000,167654700000,0.6126832288103973,0.0,36956700000,0.0,6941800000,95353400000,201338800000,50600000,4849900000,77151200000,0.2819440571758306,72301300000,0.2642204121398874,0.0,79192500000,0.2894038556483498,18164200000,60833900000,0.22231354249614732,15.44,15.44,3940019430,3940019430,https://www.nseindia.com/companies-listing/corporate-filings-annual-reports,https://www.nseindia.com/companies-listing/corporate-filings-annual-reports,1620598659,18:17:39,20210509
22,2015-09-30,TCS.NS,INR,2015-09-30,2015-09-30,Q3,271654800000,102847100000,168807700000,0.621405180398064,0.0,36877400000,0.0,7024200000,95735300000,198582400000,44200000,4850100000,77922500000,0.2868438179630914,73072400000,0.2689899092524778,0.0,80052400000,0.29468428314169304,18971400000,60846600000,0.22398499860852816,15.44,15.44,3940841969,3940841969,https://www.nseindia.com/companies-listing/corporate-filings-annual-reports,https://www.nseindia.com/companies-listing/corporate-filings-annual-reports,1620598659,18:17:39,20210509
23,2015-06-30,TCS.NS,INR,2015-06-30,2015-06-30,Q2,256681100000,99760300000,156920800000,0.6113453620075651,0.0,35792800000,0.0,7402600000,89676900000,189437200000,43000000,4707600000,71951500000,0.28031475632604036,67243900000,0.261974488967049,0.0,74603500000,0.29064664285761593,17195000000,56841200000,0.2214467679934362,14.51,14.51,3917381116,3917381116,https://www.nseindia.com/companies-listing/corporate-filings-annual-reports,https://www.nseindia.com/companies-listing/corporate-filings-annual-reports,1620598659,18:17:39,20210509
24,2015-03-31,TCS.NS,INR,2015-03-31,2015-03-31,Q1,242197600000,156127700000,86069900000,0.3553705734491176,0.0,-72683600000,0.0,-20139900000,47822600000,203950300000,110500000,4701300000,42948600000,0.17732875965740372,38247300000,0.15791774980429205,0.0,49357900000,0.20379186251226272,11813400000,37126700000,0.15329094920841493,9.898797739613787,9.898797739613787,3750627195,3750627195,https://www.nseindia.com/companies-listing/corporate-filings-annual-reports,https://www.nseindia.com/companies-listing/corporate-filings-annual-reports,1620598659,18:17:39,20210509
25,2014-12-31,TCS.NS,INR,2014-12-31,2014-12-31,Q4,245011400000,93359800000,151651600000,0.6189573219858341,0.0,33445000000,0.0,6439100000,85790100000,179149900000,179800000,4618600000,70480100000,0.28766049253218423,65861500000,0.26880994108845546,0.0,72120800000,0.29435691563739486,18237400000,53275500000,0.21744090274983124,13.6,13.6,3917316176,3917316176,https://www.nseindia.com/companies-listing/corporate-filings-annual-reports,https://www.nseindia.com/companies-listing/corporate-filings-annual-reports,1620598659,18:17:39,20210509
26,2014-09-30,TCS.NS,INR,2014-09-30,2014-09-30,Q3,238164800000,90561200000,147603600000,0.619754052655976,0.0,33964700000,0.0,6626300000,84091700000,174652900000,664900000,4492100000,68004000000,0.28553337856811756,63511900000,0.26667206908829516,0.0,69473300000,0.2917026361578201,16350600000,52442800000,0.22019542770384204,13.39,13.39,3916564600,3916564600,https://www.nseindia.com/companies-listing/corporate-filings-annual-reports,https://www.nseindia.com/companies-listing/corporate-filings-annual-reports,1620598659,18:17:39,20210509
27,2014-06-30,TCS.NS,INR,2014-06-30,2014-06-30,Q2,221110300000,85321100000,135789200000,0.614124262867899,0.0,32827300000,0.0,7871500000,76438600000,161759700000,86700000,4174900000,63525500000,0.2873023102044545,59350600000,0.26842078365413097,0.0,72032900000,0.3257781297388679,15986500000,55676800000,0.25180554682436773,14.21,14.21,3918142153,3918142153,https://www.nseindia.com/companies-listing/corporate-filings-annual-reports,https://www.nseindia.com/companies-listing/corporate-filings-annual-reports,1620598659,18:17:39,20210509
28,2014-03-31,TCS.NS,INR,2014-03-31,2014-03-31,Q1,215510900000,106701600000,108809300000,0.504890007883592,0.0,-59778300000,0.0,-8236200000,45704100000,152405700000,120500000,3748600000,66853800000,0.31021075964139166,63105200000,0.2928167438398707,0.0,70229400000,0.3258740045167089,16132900000,53576100000,0.24860041881872333,14.284570876951689,14.284570876951689,3750627195,3750627195,https://www.nseindia.com/companies-listing/corporate-filings-annual-reports,https://www.nseindia.com/companies-listing/corporate-filings-annual-reports,1620598659,18:17:39,20210509
29,2013-12-31,TCS.NS,INR,2013-12-31,2013-12-31,Q4,212939600000,77037200000,135902400000,0.6382204155544577,0.0,30391000000,0.0,6830700000,72527500000,149564700000,70500000,3492700000,66867600000,0.31402144082171657,63374900000,0.29761913706985454,0.0,70135100000,0.32936616768323035,16362000000,53334300000,0.25046679903597074,13.6,13.6,3921639706,3921639706,https://www.nseindia.com/companies-listing/corporate-filings-annual-reports,https://www.nseindia.com/companies-listing/corporate-filings-annual-reports,1620598659,18:17:39,20210509
30,2013-09-30,TCS.NS,INR,2013-09-30,2013-09-30,Q3,209772400000,76095600000,133676800000,0.6372468446754673,0.0,29131800000,0.0,-257100000,70626000000,146721600000,126700000,3278700000,66329500000,0.3161974597230141,63050800000,0.30056766285745884,0.0,62667000000,0.2987380608697808,15946500000,46333300000,0.2208741474092874,11.815,11.815,3921565806,3921565806,https://www.nseindia.com/companies-listing/corporate-filings-annual-reports,https://www.nseindia.com/companies-listing/corporate-filings-annual-reports,1620598659,18:17:39,20210509
31,2013-06-30,TCS.NS,INR,2013-06-30,2013-06-30,Q2,179870700000,69652500000,110218200000,0.6127635017821135,0.0,24982200000,0.0,2584900000,61748500000,131401000000,67500000,2971500000,51441200000,0.2859898805086098,48469700000,0.2694696801646961,0.0,50987100000,0.28346528923276554,12258500000,38306400000,0.21296631413565412,9.77,9.77,3920818833,3920818833,https://www.nseindia.com/companies-listing/corporate-filings-annual-reports,https://www.nseindia.com/companies-listing/corporate-filings-annual-reports,1620598659,18:17:39,20210509
32,2013-03-31,TCS.NS,INR,2013-03-31,2013-03-31,Q1,164300900000,88973700000,75327200000,0.4584710126359624,0.0,-43687400000,0.0,-6946200000,31575700000,120549400000,189300000,2898800000,46650300000,0.2839321026239053,43751500000,0.26628886390762313,0.0,47510600000,0.28916822731950953,10933400000,36156400000,0.2200620933908457,9.640094341607844,9.640094341607844,3750627195,3750627195,https://www.nseindia.com/companies-listing/corporate-filings-annual-reports,https://www.nseindia.com/companies-listing/corporate-filings-annual-reports,1620598659,18:17:39,20210509
33,2012-12-31,TCS.NS,INR,2012-12-31,2012-12-31,Q4,160699300000,61418900000,99280400000,0.6178023177450057,0.0,21942700000,0.0,2211900000,55449700000,116868600000,79000000,2774200000,46604900000,0.29001308655358177,43830700000,0.27274978795800603,0.0,45963600000,0.2860224033334308,10057400000,35496200000,0.22088584082195753,9.05,9.05,3922232044,3922232044,https://www.nseindia.com/companies-listing/corporate-filings-annual-reports,https://www.nseindia.com/companies-listing/corporate-filings-annual-reports,1620598659,18:17:39,20210509
34,2012-09-30,TCS.NS,INR,2012-09-30,2012-09-30,Q3,156207500000,59465900000,96741600000,0.6193146935966583,0.0,21826200000,0.0,3283300000,55016300000,114482200000,151100000,2655800000,44381100000,0.2841163196389418,41725300000,0.26711457516444476,0.0,44857500000,0.28716610918169744,10160700000,34343700000,0.2198594817790439,8.755,8.755,3922752713,3922752713,https://www.nseindia.com/companies-listing/corporate-filings-annual-reports,https://www.nseindia.com/companies-listing/corporate-filings-annual-reports,1620598659,18:17:39,20210509
35,2012-06-30,TCS.NS,INR,2012-06-30,2012-06-30,Q2,148687100000,57066100000,91621000000,0.6162000603952865,0.0,20629500000,0.0,1862600000,50852500000,107918600000,65500000,2470400000,43238900000,0.2908046494954841,40768500000,0.2741898927344739,0.0,42565600000,0.2862763481162791,8988900000,33176800000,0.2231316637421807,8.46,8.46,3921607565,3921607565,https://www.nseindia.com/companies-listing/corporate-filings-annual-reports,https://www.nseindia.com/companies-listing/corporate-filings-annual-reports,1620598659,18:17:39,20210509
36,2012-03-31,TCS.NS,INR,2012-03-31,2012-03-31,Q1,132593300000,164173100000,-31579800000,-0.23817040529197175,0.0,-38421500000,0.0,-3126100000,-69386700000,94786400000,30100000,2434100000,40241000000,0.3034919562300659,37806900000,0.2851343167414945,0.0,37767200000,0.2848349049310938,8574700000,28949300000,0.21833154465572543,7.718522395025721,7.718522395025721,3750627195,3750627195,https://www.nseindia.com/companies-listing/corporate-filings-annual-reports,https://www.nseindia.com/companies-listing/corporate-filings-annual-reports,1620598659,18:17:39,20210509
37,2011-12-31,TCS.NS,INR,2011-12-31,2011-12-31,Q4,132039900000,48463700000,83576200000,0.6329617032427319,0.0,17845500000,0.0,-872800000,44986400000,93450100000,48600000,2348300000,40938100000,0.31004340354695814,38589800000,0.29225862788445006,0.0,37668400000,0.285280434171792,9308100000,28027700000,0.21226689811185862,7.15,7.15,3919958042,3919958042,https://www.nseindia.com/companies-listing/corporate-filings-annual-reports,https://www.nseindia.com/companies-listing/corporate-filings-annual-reports,1620598659,18:17:39,20210509
38,2011-09-30,TCS.NS,INR,2011-09-30,2011-09-30,Q3,116334900000,45008900000,71326000000,0.6131092217382745,0.0,16489100000,0.0,1226900000,39802600000,84811500000,96400000,2317700000,33841100000,0.2908937902555467,31523400000,0.27097113591879995,0.0,32653900000,0.2806887700939271,9377300000,23010000000,0.1977910326136009,5.87,5.87,3919931857,3919931857,https://www.nseindia.com/companies-listing/corporate-filings-annual-reports,https://www.nseindia.com/companies-listing/corporate-filings-annual-reports,1620598659,18:17:39,20210509
