,date,symbol,reportedCurrency,fillingDate,acceptedDate,period,revenue,costOfRevenue,grossProfit,grossProfitRatio,researchAndDevelopmentExpenses,generalAndAdministrativeExpenses,sellingAndMarketingExpenses,otherExpenses,operatingExpenses,costAndExpenses,interestExpense,depreciationAndAmortization,ebitda,ebitdaratio,operatingIncome,operatingIncomeRatio,totalOtherIncomeExpensesNet,incomeBeforeTax,incomeBeforeTaxRatio,incomeTaxExpense,netIncome,netIncomeRatio,eps,epsdiluted,weightedAverageShsOut,weightedAverageShsOutDil,link,finalLink,timestamp,est_time,est_date
0,2020-12-31,IMVT,USD,2021-02-16,2021-02-16 08:24:12,Q3,0.0,0.0,0.0,0.0,21091000.0,10549000.0,0.0,-503000.0,31640000.0,31640000.0,0.0,19000.0,-31621000.0,0.0,-31640000.0,0.0,-503000.0,-32143000.0,0.0,-367000.0,-31776000.0,0.0,-0.32,-0.32,97920460.0,97920460,https://www.sec.gov/Archives/edgar/data/1764013/000176401321000018/0001764013-21-000018-index.htm,https://www.sec.gov/Archives/edgar/data/1764013/000176401321000018/imvt-20201231.htm,1620593577,16:52:57,20210509
1,2020-09-30,IMVT,USD,2020-11-12,2020-11-12 08:30:38,Q2,0.0,0.0,0.0,0.0,11976000.0,8998000.0,0.0,225000.0,20974000.0,20974000.0,0.0,14000.0,-20960000.0,0.0,-20974000.0,0.0,225000.0,-20749000.0,0.0,40000.0,-20789000.0,0.0,-0.25,-0.25,84353438.0,84353438,https://www.sec.gov/Archives/edgar/data/1764013/000176401320000063/0001764013-20-000063-index.htm,https://www.sec.gov/Archives/edgar/data/1764013/000176401320000063/imvt-20200930.htm,1620593577,16:52:57,20210509
2,2020-06-30,IMVT,USD,2020-08-12,2020-08-12,Q1,0.0,0.0,0.0,0.0,16922000.0,9664000.0,0.0,-74000.0,26586000.0,26586000.0,0.0,10000.0,-26576000.0,0.0,-26586000.0,0.0,-74000.0,-26660000.0,0.0,48000.0,-26708000.0,0.0,-0.38,-0.38,70818867.0,70818867,https://www.sec.gov/Archives/edgar/data/1764013/000176401320000018/0001764013-20-000018-index.htm,https://www.sec.gov/ix?doc=/Archives/edgar/data/1764013/000176401320000018/imvt-20200630.htm,1620593577,16:52:57,20210509
3,2020-03-31,IMVT,USD,2020-06-29,2020-06-29,Q4,0.0,0.0,0.0,0.0,14168000.0,6315000.0,0.0,-127000.0,20483000.0,20483000.0,0.0,6000.0,-20477000.0,0.0,-20483000.0,0.0,-127000.0,-20610000.0,0.0,-59000.0,-20551000.0,0.0,-0.2901910305907605,-0.2901910305907605,70818867.0,70818867,https://www.sec.gov/Archives/edgar/data/1764013/000095012320006444/0000950123-20-006444-index.htm,https://www.sec.gov/Archives/edgar/data/1764013/000095012320006444/d919375d10k.htm,1620593577,16:52:57,20210509
4,2019-12-31,IMVT,USD,2020-02-14,2020-02-14,Q3,0.0,0.0,0.0,0.0,4953000.0,6088000.0,0.0,221000.0,11041000.0,11041000.0,376000.0,15000.0,-11026000.0,0.0,-11041000.0,0.0,221000.0,-11196000.0,0.0,100000.0,-11296000.0,0.0,-0.28,-0.28,41035055.0,41035055,https://www.sec.gov/Archives/edgar/data/1764013/000119312520036661/0001193125-20-036661-index.htm,https://www.sec.gov/Archives/edgar/data/1764013/000119312520036661/d873047d10q.htm,1620593577,16:52:57,20210509
5,2019-09-30,IMVT,USD,2019-09-30,2019-09-30,Q2,0.0,0.0,0.0,0.0,0.0,0.0,0.0,0.0,419757.0,419757.0,0.0,0.0,-419757.0,0.0,-419757.0,0.0,0.0,263383.0,0.0,138293.0,125090.0,0.0,0.04351,0.008702,2875000.0,14375000,,,1620593577,16:52:57,20210509
6,2019-06-30,IMVT,USD,2019-08-12,2019-08-12,Q1,0.0,0.0,0.0,0.0,0.0,0.0,0.0,0.0,92342.0,92342.0,0.0,0.0,-92342.0,0.0,-92342.0,0.0,0.0,249216.0,0.0,66467.0,182749.0,0.0,0.063565,0.012713,2875000.0,14375000,https://www.sec.gov/Archives/edgar/data/1764013/000121390019015337/0001213900-19-015337-index.htm,https://www.sec.gov/Archives/edgar/data/1764013/000121390019015337/f10q0619_healthsciences.htm,1620593577,16:52:57,20210509
7,2019-03-31,IMVT,USD,2019-06-12,2019-06-12,Q4,0.0,0.0,0.0,0.0,0.0,0.0,0.0,0.0,450.0,450.0,0.0,0.0,-450.0,0.0,-450.0,0.0,0.0,-450.0,0.0,0.0,-450.0,0.0,-3.1e-05,-3.1e-05,14375000.0,14375000,https://www.sec.gov/Archives/edgar/data/1764013/000121390019010580/0001213900-19-010580-index.htm,https://www.sec.gov/Archives/edgar/data/1764013/000121390019010580/s118879_10q.htm,1620593577,16:52:57,20210509
