,date,symbol,reportedCurrency,fillingDate,acceptedDate,period,revenue,costOfRevenue,grossProfit,grossProfitRatio,researchAndDevelopmentExpenses,generalAndAdministrativeExpenses,sellingAndMarketingExpenses,otherExpenses,operatingExpenses,costAndExpenses,interestExpense,depreciationAndAmortization,ebitda,ebitdaratio,operatingIncome,operatingIncomeRatio,totalOtherIncomeExpensesNet,incomeBeforeTax,incomeBeforeTaxRatio,incomeTaxExpense,netIncome,netIncomeRatio,eps,epsdiluted,weightedAverageShsOut,weightedAverageShsOutDil,link,finalLink,timestamp,est_time,est_date
0,2020-12-31,AOXY,USD,2021-01-25,2021-01-22 17:49:18,Q2,10284.0,0.0,10284.0,1.0,0.0,3292.0,0.0,3.025,3292.0,3292.0,698.0,0.0,6992.0,0.6798910929599378,6992.0,0.6798910929599378,0.0,6294.0,0.6120186697782963,2090.0,4204.0,0.4087903539478802,0.001277,0.001273,3292945.0,3302945.0,https://www.sec.gov/Archives/edgar/data/352991/000173112221000097/0001731122-21-000097-index.htm,https://www.sec.gov/Archives/edgar/data/352991/000173112221000097/e2377_10q.htm,1620588587,15:29:47,20210509
1,2020-09-30,AOXY,USD,2020-10-22,2020-10-22 17:19:57,Q1,10329.0,0.0,10329.0,1.0,0.0,11080.0,0.0,7.025,11080.0,11080.0,737.0,0.0,-751.0,-0.07270790976861265,-751.0,-0.07270790976861265,0.0,-1488.0,-0.14406041243101947,1990.0,-3478.0,-0.3367218510988479,-0.0011,-0.0011,3292945.0,3292945.0,https://www.sec.gov/Archives/edgar/data/352991/000173112220001074/0001731122-20-001074-index.htm,https://www.sec.gov/Archives/edgar/data/352991/000173112220001074/e2172_10-q.htm,1620588587,15:29:47,20210509
2,2020-06-30,AOXY,USD,2020-08-20,2020-08-20 16:58:20,Q4,15220.0,0.0,15220.0,1.0,0.0,3244.0,0.0,128600.0,3244.0,3240.0,743.0,0.0,11973.0,0.786662,11980.0,0.7871222076215506,0.0,11230.0,0.7378449408672799,3150.0,8080.0,0.5308804204993429,0.00245,0.00245,3291280.0,3291280.0,https://www.sec.gov/Archives/edgar/data/352991/000173112220000902/0001731122-20-000902-index.htm,https://www.sec.gov/Archives/edgar/data/352991/000173112220000902/e2089_10k.htm,1620588587,15:29:47,20210509
3,2020-03-31,AOXY,USD,2020-04-17,2020-04-17 14:37:23,Q3,9330.0,0.0,9330.0,1.0,0.0,3245.0,0.0,2747000.0,3245.0,3250.0,792.0,0.0,6082.0,0.651876,6080.0,0.6516613076098606,0.0,5290.0,0.5669882100750268,1110.0,4180.0,0.4480171489817792,0.00127,0.00127,3302950.0,3302950.0,https://www.sec.gov/Archives/edgar/data/352991/000173112220000392/0001731122-20-000392-index.htm,https://www.sec.gov/Archives/edgar/data/352991/000173112220000392/e1869-10q.htm,1620588587,15:29:47,20210509
4,2019-12-31,AOXY,USD,2020-01-27,2020-01-27 13:52:24,Q2,9280.0,0.0,9280.0,1.0,0.0,6458.0,0.0,3400000.0,6458.0,6460.0,859.0,0.0,2819.0,0.303772,2820.0,0.30387931034482757,0.0,1960.0,0.21120689655172414,1780.0,180.0,0.01939655172413793,5e-05,5e-05,3292950.0,3292950.0,https://www.sec.gov/Archives/edgar/data/352991/000173112220000065/0001731122-20-000065-index.htm,https://www.sec.gov/Archives/edgar/data/352991/000173112220000065/e1679_10q.htm,1620588587,15:29:47,20210509
5,2019-09-30,AOXY,USD,2019-11-12,2019-11-12 07:43:09,Q1,9330.0,0.0,9330.0,1.0,0.0,119215.0,0.0,118100000.0,119215.0,122220.0,896.0,0.0,-112894.0,-12.100107,-112890.0,-12.09967845659164,0.0,-113780.0,-12.195069667738478,1760.0,-115550.0,-12.384780278670954,-0.0377,-0.0377,3064680.0,3064680.0,https://www.sec.gov/Archives/edgar/data/352991/000173112219000665/0001731122-19-000665-index.htm,https://www.sec.gov/Archives/edgar/data/352991/000173112219000497/e1475_10k.htm,1620588587,15:29:47,20210509
6,2019-06-30,AOXY,USD,2019-08-16,2019-08-16 16:43:47,Q4,9720.0,0.0,9720.0,1.0,0.0,3742.0,0.0,4600000.0,3742.0,3740.0,955.0,0.0,5985.0,0.615741,5980.0,0.6152263374485597,0.0,5020.0,0.5164609053497943,1540.0,3490.0,0.35905349794238683,0.00152,0.00152,2302950.0,2302950.0,https://www.sec.gov/Archives/edgar/data/352991/000173112219000497/0001731122-19-000497-index.htm,https://www.sec.gov/Archives/edgar/data/352991/000173112219000497/e1475_10k.htm,1620588587,15:29:47,20210509
7,2019-03-31,AOXY,USD,2019-04-17,2019-04-17 17:14:05,Q3,9530.0,0.0,9530.0,1.0,0.0,3816.0,0.0,2500000.0,3816.0,3820.0,1014.0,0.0,5714.0,0.59958,5710.0,0.5991605456453305,0.0,4700.0,0.4931794333683106,5540.0,-840.0,-0.08814270724029381,-0.00037,-0.00037,2292950.0,2292950.0,https://www.sec.gov/Archives/edgar/data/352991/000173112219000205/0001731122-19-000205-index.htm,https://www.sec.gov/Archives/edgar/data/352991/000173112219000205/e1309_10q.htm,1620588587,15:29:47,20210509
8,2018-12-31,AOXY,USD,2019-01-16,2019-01-16 17:25:24,Q2,9490.0,0.0,9490.0,1.0,0.0,3815.0,0.0,2500000.0,3815.0,3820.0,1070.0,0.0,5670.0,0.597471,5670.0,0.5974710221285564,0.0,4600.0,0.48472075869336145,1830.0,2770.0,0.291886195995785,0.0012,0.0012,2302950.0,2302950.0,https://www.sec.gov/Archives/edgar/data/352991/000035299119000003/0000352991-19-000003-index.htm,https://www.sec.gov/Archives/edgar/data/352991/000035299119000003/dec3118.htm,1620588587,15:29:47,20210509
9,2018-09-30,AOXY,USD,2018-10-17,2018-10-16 19:14:46,Q1,10000.0,0.0,10000.0,1.0,0.0,7861.0,0.0,6000000.0,7861.0,10000.0,1143.0,0.0,1143.0,0.1143,1812.0,0.1812,0.0,669.0,0.0669,0.0,2689.0,0.2689,0.0011,0.0011,2300000.0,2300000.0,https://www.sec.gov/Archives/edgar/data/352991/000147793218004896/0001477932-18-004896-index.htm,https://www.sec.gov/Archives/edgar/data/352991/000035299118000009/jun3018.htm,1620588587,15:29:47,20210509
10,2018-06-30,AOXY,USD,2018-09-26,2018-09-26 17:25:24,Q4,10000.0,0.0,10000.0,1.0,0.0,3413.0,0.0,4325000.0,3413.0,3413.0,1257.0,0.0,1257.0,0.1257,10000.0,1.0,0.0,10000.0,1.0,1821.0,3430.0,0.343,0.003251713407866303,0.003237593602973584,2300000.0,2300000.0,https://www.sec.gov/Archives/edgar/data/352991/000035299118000009/0000352991-18-000009-index.htm,https://www.sec.gov/Archives/edgar/data/352991/000035299118000009/jun3018.htm,1620588587,15:29:47,20210509
11,2018-03-31,AOXY,USD,2018-05-08,2018-05-08 16:36:56,Q3,10000.0,0.0,10000.0,1.0,0.0,3183.0,0.0,725000.0,3183.0,3183.0,1454.0,0.0,1454.0,0.1454,10000.0,1.0,0.0,10000.0,1.0,1892.0,3686.0,0.3686,0.0018,0.0018,2300000.0,2300000.0,https://www.sec.gov/Archives/edgar/data/352991/000035299118000005/0000352991-18-000005-index.htm,https://www.sec.gov/Archives/edgar/data/352991/000035299118000005/mar3118.htm,1620588587,15:29:47,20210509
12,2017-12-31,AOXY,USD,2018-02-05,2018-02-05 15:54:45,Q2,10000.0,0.0,10000.0,1.0,0.0,0.0,0.0,2525000.0,3226.0,3226.0,1406.0,0.0,1406.0,0.1406,10000.0,1.0,0.0,10000.0,1.0,5140.0,3462.0,0.3462,0.0001,0.0001,2300000.0,2300000.0,https://www.sec.gov/Archives/edgar/data/352991/000035299118000002/0000352991-18-000002-index.htm,https://www.sec.gov/Archives/edgar/data/352991/000035299118000002/dec3117.htm,1620588587,15:29:47,20210509
13,2017-09-30,AOXY,USD,2017-10-30,2017-10-30 15:06:51,Q1,10000.0,0.0,10000.0,1.0,0.0,0.0,0.0,8250000.0,9484.0,10000.0,1690.0,0.0,1690.0,0.169,-1470.0,-0.147,0.0,-1470.0,-0.147,-1652.0,-3122.0,-0.3122,-0.0014,-0.0014,2290000.0,2290000.0,https://www.sec.gov/Archives/edgar/data/352991/000035299117000009/0000352991-17-000009-index.htm,https://www.sec.gov/Archives/edgar/data/352991/000035299117000007/jun3017.htm,1620588587,15:29:47,20210509
14,2017-06-30,AOXY,USD,2017-09-27,2017-09-27 17:25:26,Q4,10000.0,0.0,10000.0,1.0,0.0,0.0,0.0,15301000.0,875.0,14898.0,1631.0,0.0,1631.0,0.1631,10000.0,1.0,0.0,10000.0,1.0,4269.0,2350.0,0.235,3.92508324447381e-06,3.92508324447381e-06,2290000.0,2290000.0,https://www.sec.gov/Archives/edgar/data/352991/000035299117000007/0000352991-17-000007-index.htm,https://www.sec.gov/Archives/edgar/data/352991/000035299117000007/jun3017.htm,1620588587,15:29:47,20210509
15,2017-03-31,AOXY,USD,2017-05-08,2017-05-08 14:42:23,Q3,10000.0,0.0,10000.0,1.0,0.0,0.0,0.0,0.0,4158.0,5785.0,1551.0,0.0,1551.0,0.1551,6984.0,0.6984,0.0,1957.0,0.1957,4298.0,-2341.0,-0.2341,-0.001,-0.001,2300000.0,2300000.0,https://www.sec.gov/Archives/edgar/data/352991/000035299117000004/0000352991-17-000004-index.htm,https://www.sec.gov/Archives/edgar/data/352991/000035299117000004/mar3117.htm,1620588587,15:29:47,20210509
16,2016-12-31,AOXY,USD,2017-02-06,2017-02-06 09:12:47,Q2,10000.0,0.0,10000.0,1.0,0.0,0.0,0.0,0.0,9413.0,10000.0,2466.0,0.0,-7534.0,-0.7534,2336.0,0.2336,0.0,-1140.0,-0.114,3239.0,-10000.0,-1.0,-0.00437,-0.00437,2290000.0,2290000.0,https://www.sec.gov/Archives/edgar/data/352991/000035299117000001/0000352991-17-000001-index.htm,https://www.sec.gov/Archives/edgar/data/352991/000035299117000001/dec3116.htm,1620588587,15:29:47,20210509
17,2016-09-30,AOXY,USD,2016-11-14,2016-10-19 08:02:09,Q1,10000.0,0.0,10000.0,1.0,0.0,0.0,0.0,0.0,6062.0,10000.0,1010.0,0.0,1010.0,0.101,3087.0,0.3087,0.0,2077.0,0.2077,164.0,1913.0,0.1913,0.0008,0.0008,2290000.0,2290000.0,https://www.sec.gov/Archives/edgar/data/352991/000035299116000023/0000352991-16-000023-index.htm,https://www.sec.gov/Archives/edgar/data/352991/000035299116000021/jun3016.htm,1620588587,15:29:47,20210509
18,2016-06-30,AOXY,USD,2016-10-19,2016-10-19 08:02:09,Q4,10000.0,0.0,10000.0,1.0,0.0,0.0,0.0,-10000.0,-786.0,-10000.0,1895.0,0.0,1895.0,0.1895,20000.0,2.0,-10000.0,10000.0,1.0,-4591.0,9717.0,0.9717,2.292945,2.292945,2290000.0,2290000.0,https://www.sec.gov/Archives/edgar/data/352991/000035299116000021/0000352991-16-000021-index.htm,https://www.sec.gov/Archives/edgar/data/352991/000035299116000021/jun3016.htm,1620588587,15:29:47,20210509
19,2016-03-31,AOXY,USD,2016-05-09,2016-05-09 09:28:34,Q3,10000.0,0.0,10000.0,1.0,0.0,5754.0,0.0,275.0,5754.0,10000.0,2046.0,0.0,2046.0,0.2046,1526.0,0.1526,0.0,1526.0,0.1526,0.0,1526.0,0.1526,0.0006,0.0006,2300000.0,2300000.0,https://www.sec.gov/Archives/edgar/data/352991/000035299116000017/0000352991-16-000017-index.htm,https://www.sec.gov/Archives/edgar/data/352991/000035299116000017/mar3116.htm,1620588587,15:29:47,20210509
20,2015-12-31,AOXY,USD,2016-02-09,2016-02-09 09:30:06,Q2,10000.0,0.0,10000.0,1.0,0.0,7151.0,0.0,6143.0,7151.0,10000.0,2128.0,0.0,2128.0,0.2128,-222.0,-0.0222,0.0,-222.0,-0.0222,0.0,-222.0,-0.0222,-0.0001,-0.0001,2290000.0,2290000.0,https://www.sec.gov/Archives/edgar/data/352991/000035299116000014/0000352991-16-000014-index.htm,https://www.sec.gov/Archives/edgar/data/352991/000035299116000014/dec3115.htm,1620588587,15:29:47,20210509
21,2015-09-30,AOXY,USD,2015-11-06,2015-11-06 07:02:39,Q1,10000.0,0.0,10000.0,1.0,0.0,223.0,0.0,0.0,223.0,223.0,2204.0,0.0,12204.0,1.2204,10000.0,1.0,0.0,10000.0,1.0,0.0,10000.0,1.0,0.00435,0.00435,2300000.0,2300000.0,https://www.sec.gov/Archives/edgar/data/352991/000035299115000012/0000352991-15-000012-index.htm,https://www.sec.gov/Archives/edgar/data/352991/000035299115000009/jun15v1.htm,1620588587,15:29:47,20210509
22,2015-06-30,AOXY,USD,2015-09-29,2015-09-29 07:03:22,Q4,10000.0,0.0,10000.0,1.0,0.0,-1032.0,0.0,-10000.0,-1032.0,-10000.0,16992.0,0.0,16992.0,1.6992,20000.0,2.0,-10000.0,10000.0,1.0,-10000.0,10000.0,1.0,0.00469,0.00469,2130000.0,2130000.0,https://www.sec.gov/Archives/edgar/data/352991/000035299115000009/0000352991-15-000009-index.htm,https://www.sec.gov/Archives/edgar/data/352991/000035299115000009/jun15v1.htm,1620588587,15:29:47,20210509
23,2015-03-31,AOXY,USD,2015-05-07,2015-05-07 08:48:22,Q3,10000.0,0.0,10000.0,1.0,0.0,2194.0,0.0,24265.0,2194.0,94.0,2260.0,0.0,2260.0,0.226,4215.0,0.4215,0.0,4215.0,0.4215,0.0,4215.0,0.4215,0.0018,0.0018,2340000.0,2340000.0,https://www.sec.gov/Archives/edgar/data/352991/000035299115000004/0000352991-15-000004-index.htm,https://www.sec.gov/Archives/edgar/data/352991/000035299115000004/mar3115.htm,1620588587,15:29:47,20210509
24,2014-12-31,AOXY,USD,2015-02-09,2015-02-09 07:40:17,Q2,10000.0,0.0,10000.0,1.0,0.0,10357.0,0.0,0.0,10357.0,10000.0,2807.0,0.0,2807.0,0.2807,-6292.0,-0.6292,0.0,-6292.0,-0.6292,0.0,-6292.0,-0.6292,-0.0013,-0.0013,45850000.0,45850000.0,https://www.sec.gov/Archives/edgar/data/352991/000035299115000002/0000352991-15-000002-index.htm,https://www.sec.gov/Archives/edgar/data/352991/000035299115000002/dec3114.htm,1620588587,15:29:47,20210509
25,2014-09-30,AOXY,USD,2014-11-07,2014-10-03 10:36:23,Q1,10000.0,0.0,10000.0,1.0,0.0,3661.0,0.0,0.0,3661.0,10000.0,2986.0,0.0,2986.0,0.2986,3267.0,0.3267,0.0,3267.0,0.3267,0.0,3267.0,0.3267,0.0001,0.0001,45850000.0,45850000.0,https://www.sec.gov/Archives/edgar/data/352991/000035299114000016/0000352991-14-000016-index.htm,https://www.sec.gov/Archives/edgar/data/352991/000035299114000012/jun14-20140922e.htm,1620588587,15:29:47,20210509
26,2014-06-30,AOXY,USD,2014-10-03,2014-10-03 10:36:23,Q4,20000.0,1746000.0,-1726000.0,-86.3,0.0,-1623.0,0.0,-30000.0,44267.0,-10000.0,4353.0,0.0,64353.0,3.21765,30000.0,1.5,-30000.0,60000.0,3.0,80000.0,-20000.0,-1.0,-0.00044,-0.00044,45850000.0,45850000.0,https://www.sec.gov/Archives/edgar/data/352991/000035299114000012/0000352991-14-000012-index.htm,https://www.sec.gov/Archives/edgar/data/352991/000035299114000012/jun14-20140922e.htm,1620588587,15:29:47,20210509
27,2014-03-31,AOXY,USD,2014-05-14,2014-05-14 09:49:25,Q3,10000.0,0.0,10000.0,1.0,0.0,5805.0,0.0,0.0,5805.0,10000.0,0.0,0.0,33662.0,12.760424564063685,33662.0,3.3662,0.0,42287.0,4.2287,0.0,42287.0,4.2287,0.0009222900763358778,0.0009222900763358778,45850000.0,45850000.0,https://www.sec.gov/Archives/edgar/data/352991/000035299114000009/0000352991-14-000009-index.htm,https://www.sec.gov/Archives/edgar/data/352991/000035299114000009/mar3114.htm,1620588587,15:29:47,20210509
28,2013-12-31,AOXY,USD,2014-02-06,2014-02-06 11:08:36,Q2,10000.0,0.0,10000.0,1.0,0.0,9896.0,0.0,0.0,40126.0,40000.0,0.0,0.0,-30000.0,-3.0,-30000.0,-3.0,0.0,-30000.0,-3.0,10000.0,-40000.0,-4.0,-0.00087,-0.00087,45850000.0,45850000.0,https://www.sec.gov/Archives/edgar/data/352991/000035299114000002/0000352991-14-000002-index.htm,https://www.sec.gov/Archives/edgar/data/352991/000035299114000002/dec3113.htm,1620588587,15:29:47,20210509
29,2013-09-30,AOXY,USD,2013-11-06,2013-10-10 15:45:33,Q1,10000.0,0.0,10000.0,1.0,0.0,9685.0,0.0,0.0,9685.0,10000.0,0.0,0.0,-3676.0,-0.5264967058149528,-3676.0,-0.3676,0.0,-3676.0,-0.3676,0.0,-3676.0,-0.3676,-0.0001,-0.0001,45850000.0,45850000.0,https://www.sec.gov/Archives/edgar/data/352991/000035299113000031/0000352991-13-000031-index.htm,https://www.sec.gov/Archives/edgar/data/352991/000035299113000029/jun13.htm,1620588587,15:29:47,20210509
30,2013-06-30,AOXY,USD,2013-10-10,2013-10-10 15:45:33,Q4,10000.0,0.0,10000.0,1.0,0.0,3521.0,0.0,30280000.0,1066.0,28835000.0,20000.0,0.0,60000.0,6.0,10000.0,1.0,19209000.0,30000.0,3.0,20000.0,20000.0,2.0,0.00962,0.00962,2080000.0,2080000.0,https://www.sec.gov/Archives/edgar/data/352991/000035299113000029/0000352991-13-000029-index.htm,https://www.sec.gov/Archives/edgar/data/352991/000035299113000029/jun13.htm,1620588587,15:29:47,20210509
31,2013-03-31,AOXY,USD,2013-05-08,2013-05-08 10:48:44,Q3,10000.0,0.0,10000.0,1.0,0.0,5171.0,0.0,0.0,5171.0,10000.0,0.0,0.0,11963.0,50.690677966101696,11963.0,1.1963,0.0,11963.0,1.1963,0.0,11963.0,1.1963,0.005751442307692308,0.005751442307692308,2080000.0,2080000.0,https://www.sec.gov/Archives/edgar/data/352991/000035299113000010/0000352991-13-000010-index.htm,https://www.sec.gov/Archives/edgar/data/352991/000035299113000010/mar3113.htm,1620588587,15:29:47,20210509
32,2012-12-31,AOXY,USD,2013-02-07,2013-02-06 18:49:26,Q2,10000.0,0.0,10000.0,1.0,0.0,14335.0,0.0,0.0,16790.0,20000.0,0.0,0.0,-10000.0,-1.0,-10000.0,-1.0,0.0,-10000.0,-1.0,0.0,-10000.0,-1.0,-0.00481,-0.00481,2080000.0,2080000.0,https://www.sec.gov/Archives/edgar/data/352991/000035299113000007/0000352991-13-000007-index.htm,https://www.sec.gov/Archives/edgar/data/352991/000035299113000007/dec3112.htm,1620588587,15:29:47,20210509
33,2012-09-30,AOXY,USD,2012-11-07,2012-10-01 12:42:39,Q1,30000.0,0.0,30000.0,1.0,0.0,4525.0,0.0,0.0,4525.0,10000.0,0.0,0.0,20000.0,0.666667,20000.0,0.6666666666666666,0.0,20000.0,0.6666666666666666,0.0,20000.0,0.6666666666666666,0.00962,0.00962,2080000.0,2080000.0,https://www.sec.gov/Archives/edgar/data/352991/000035299112000025/0000352991-12-000025-index.htm,https://www.sec.gov/Archives/edgar/data/352991/000035299112000016/jun12.htm,1620588587,15:29:47,20210509
34,2012-06-30,AOXY,USD,2012-10-01,2012-10-01 12:42:39,Q4,30000.0,0.0,30000.0,1.0,0.0,525.0,0.0,35574000.0,525.0,-10000.0,-60000.0,0.0,-90000.0,-3.0,40000.0,1.3333333333333333,-63287000.0,-30000.0,-1.0,0.0,-30000.0,-1.0,-0.0131,-0.0131,2290000.0,2290000.0,https://www.sec.gov/Archives/edgar/data/352991/000035299112000016/0000352991-12-000016-index.htm,https://www.sec.gov/Archives/edgar/data/352991/000035299112000016/jun12.htm,1620588587,15:29:47,20210509
35,2012-03-31,AOXY,USD,2012-05-07,2012-05-07 09:50:15,Q3,10000.0,0.0,10000.0,1.0,0.0,3361.0,0.0,10000.0,3361.0,1261.0,0.0,0.0,10000.0,1.0,10000.0,1.0,10.0,10000.0,1.0,0.0,10000.0,1.0,0.00437,0.00437,2290000.0,2290000.0,https://www.sec.gov/Archives/edgar/data/352991/000035299112000006/0000352991-12-000006-index.htm,https://www.sec.gov/Archives/edgar/data/352991/000035299112000006/mar3112.htm,1620588587,15:29:47,20210509
36,2011-12-31,AOXY,USD,2012-02-08,2012-02-08 10:59:15,Q2,10000.0,0.0,10000.0,1.0,0.0,10592.0,0.0,10000.0,10592.0,10000.0,0.0,0.0,-1573.0,-0.1529560482302606,-1573.0,-0.1573,10.0,-1563.0,-0.1563,0.0,-1563.0,-0.1563,-0.0006825327510917031,-0.0006825327510917031,2290000.0,2290000.0,https://www.sec.gov/Archives/edgar/data/352991/000035299112000003/0000352991-12-000003-index.htm,https://www.sec.gov/Archives/edgar/data/352991/000035299112000003/dec3111.htm,1620588587,15:29:47,20210509
37,2011-09-30,AOXY,USD,2011-11-04,2011-11-04 14:38:05,Q1,10000.0,0.0,10000.0,1.0,0.0,4899.0,0.0,36000.0,4899.0,10000.0,0.0,0.0,4262.0,0.4035602689139286,4262.0,0.4262,36.0,4298.0,0.4298,0.0,4298.0,0.4298,0.0018768558951965065,0.0018768558951965065,2290000.0,2290000.0,https://www.sec.gov/Archives/edgar/data/352991/000035299111000058/0000352991-11-000058-index.htm,https://www.sec.gov/Archives/edgar/data/352991/000035299111000012/jun11.htm,1620588587,15:29:47,20210509
38,2011-06-30,AOXY,USD,2011-09-30,2011-09-30 10:38:40,Q4,10000.0,0.0,10000.0,1.0,0.0,-2749.0,0.0,-77760000.0,78254.0,50000.0,-16300000.0,0.0,-16240000.0,-1624.0,-40000.0,-4.0,97686000.0,60000.0,6.0,0.0,60000.0,6.0,0.0262,0.0262,2290000.0,2290000.0,https://www.sec.gov/Archives/edgar/data/352991/000035299111000012/0000352991-11-000012-index.htm,https://www.sec.gov/Archives/edgar/data/352991/000035299111000012/jun11.htm,1620588587,15:29:47,20210509
39,2011-03-31,AOXY,USD,2011-05-09,2011-05-09 16:11:25,Q3,10000.0,0.0,10000.0,1.0,0.0,3020.0,0.0,5000.0,3020.0,-576.0,-109000.0,0.0,-99000.0,-9.9,10000.0,1.0,5.0,10000.0,1.0,0.0,10000.0,1.0,0.00437,0.00437,2290000.0,2290000.0,https://www.sec.gov/Archives/edgar/data/352991/000035299111000006/0000352991-11-000006-index.htm,https://www.sec.gov/Archives/edgar/data/352991/000035299111000006/mar3111.htm,1620588587,15:29:47,20210509
40,2010-12-31,AOXY,USD,2011-02-02,2011-02-02 15:59:17,Q2,10000.0,0.0,10000.0,1.0,0.0,1496.0,0.0,8000.0,1496.0,1496.0,-1433000.0,0.0,-1423000.0,-142.3,10000.0,1.0,8.0,10000.0,1.0,0.0,10000.0,1.0,0.00437,0.00437,2290000.0,2290000.0,https://www.sec.gov/Archives/edgar/data/352991/000035299111000001/0000352991-11-000001-index.htm,https://www.sec.gov/Archives/edgar/data/352991/000035299111000001/dec3110.htm,1620588587,15:29:47,20210509
41,2010-09-30,AOXY,USD,2010-11-05,2010-11-05 11:03:05,Q1,10000.0,0.0,10000.0,1.0,0.0,0.0,0.0,9000.0,10197.0,10000.0,-1508000.0,0.0,-1508000.0,-150.8,-1591.0,-0.1591,9.0,-1582.0,-0.1582,0.0,-1582.0,-0.1582,-0.0006908296943231441,-0.0006908296943231441,2290000.0,2290000.0,https://www.sec.gov/Archives/edgar/data/352991/000035299110000005/0000352991-10-000005-index.htm,https://www.sec.gov/Archives/edgar/data/352991/000035299110000004/jun10.htm,1620588587,15:29:47,20210509
42,2010-06-30,AOXY,USD,2010-09-23,2010-09-23 07:11:29,Q4,20000.0,0.0,20000.0,1.0,0.0,0.0,0.0,18231000.0,8365.0,10000.0,-4090000.0,0.0,-4080000.0,-204.0,10000.0,0.5,12000.0,10000.0,0.5,0.0,10000.0,0.5,0.00437,0.00437,2290000.0,2290000.0,https://www.sec.gov/Archives/edgar/data/352991/000035299110000004/0000352991-10-000004-index.htm,https://www.sec.gov/Archives/edgar/data/352991/000035299110000004/jun10.htm,1620588587,15:29:47,20210509
43,2010-03-31,AOXY,USD,2010-05-06,2010-05-06 06:55:53,Q3,10000.0,0.0,10000.0,1.0,0.0,0.0,0.0,0.0,4293.0,10000.0,-1817000.0,0.0,-1817000.0,-181.7,3372.0,0.3372,0.0,3372.0,0.3372,0.0,3372.0,0.3372,0.0014724890829694323,0.0014724890829694323,2290000.0,2290000.0,https://www.sec.gov/Archives/edgar/data/352991/000035299110000002/0000352991-10-000002-index.htm,https://www.sec.gov/Archives/edgar/data/352991/000035299110000002/mar3110.htm,1620588587,15:29:47,20210509
44,2009-12-31,AOXY,USD,2010-02-08,2010-02-08 09:09:33,Q2,10000.0,0.0,10000.0,1.0,0.0,0.0,0.0,0.0,6356.0,10000.0,7000.0,0.0,7000.0,0.7,-2080.0,-0.208,0.0,-2094.0,-0.2094,0.0,-2094.0,-0.2094,-0.000914410480349345,-0.000914410480349345,2290000.0,2290000.0,https://www.sec.gov/Archives/edgar/data/352991/000035299110000001/0000352991-10-000001-index.htm,https://www.sec.gov/Archives/edgar/data/352991/000035299110000001/dec3109.htm,1620588587,15:29:47,20210509
45,2009-09-30,AOXY,USD,2009-11-06,2009-11-06 09:08:06,Q1,10000.0,0.0,10000.0,1.0,0.0,0.0,0.0,0.0,3794.0,10000.0,-1673000.0,0.0,-1673000.0,-167.3,4136.0,0.4136,0.0,4150.0,0.415,0.0,4150.0,0.415,0.0017659574468085106,0.0017659574468085106,2350000.0,2350000.0,https://www.sec.gov/Archives/edgar/data/352991/000035299109000005/0000352991-09-000005-index.htm,https://www.sec.gov/Archives/edgar/data/352991/000035299109000004/jun09.htm,1620588587,15:29:47,20210509
46,2009-06-30,AOXY,USD,2009-09-14,2009-09-14 12:34:15,Q4,40000.0,0.0,40000.0,1.0,0.0,0.0,0.0,68224000.0,-4756.0,14503000.0,-5821000.0,0.0,-5781000.0,-144.525,40000.0,1.0,3903000.0,40000.0,1.0,0.0,40000.0,1.0,0.01619,0.01619,2470000.0,2470000.0,https://www.sec.gov/Archives/edgar/data/352991/000035299109000004/0000352991-09-000004-index.htm,https://www.sec.gov/Archives/edgar/data/352991/000035299109000004/jun09.htm,1620588587,15:29:47,20210509
47,2009-03-31,AOXY,USD,2009-05-11,2009-05-11 11:03:22,Q3,30000.0,0.0,30000.0,1.0,0.0,0.0,0.0,0.0,5383.0,10000.0,195000.0,0.0,215000.0,7.166667,20000.0,0.6666666666666666,0.0,20000.0,0.6666666666666666,0.0,20000.0,0.6666666666666666,0.00873,0.00873,2290000.0,2290000.0,https://www.sec.gov/Archives/edgar/data/352991/000035299109000003/0000352991-09-000003-index.htm,https://www.sec.gov/Archives/edgar/data/352991/000035299109000003/mar3109.htm,1620588587,15:29:47,20210509
48,2008-12-31,AOXY,USD,2009-02-09,2009-02-09 10:55:47,Q2,10000.0,0.0,10000.0,1.0,0.0,0.0,0.0,0.0,2445.0,753.0,-1692000.0,0.0,-1682000.0,-168.2,10000.0,1.0,0.0,10000.0,1.0,0.0,10000.0,1.0,0.00437,0.00437,2290000.0,2290000.0,https://www.sec.gov/Archives/edgar/data/352991/000035299109000001/0000352991-09-000001-index.htm,https://www.sec.gov/Archives/edgar/data/352991/000035299109000001/dec3108.htm,1620588587,15:29:47,20210509
49,2008-09-30,AOXY,USD,2008-10-30,2008-10-30 12:54:50,Q1,10000.0,0.0,10000.0,1.0,0.0,0.0,0.0,1076000.0,5899.0,10000.0,-1852000.0,0.0,-1842000.0,-184.2,4005.0,0.4005,1076.0,10000.0,1.0,0.0,10000.0,1.0,0.00437,0.00437,2290000.0,2290000.0,https://www.sec.gov/Archives/edgar/data/352991/000035299108000005/0000352991-08-000005-index.htm,https://www.sec.gov/Archives/edgar/data/352991/000035299108000004/jun08.htm,1620588587,15:29:47,20210509
50,2008-06-30,AOXY,USD,2008-09-18,2008-09-18 09:50:15,Q4,10000.0,0.0,10000.0,1.0,0.0,0.0,0.0,-1764000.0,16162.0,10000.0,-5915000.0,0.0,-5835000.0,-583.5,1719000.0,171.9,83600000.0,80000.0,8.0,0.0,80000.0,8.0,0.03292,0.03292,2430000.0,2430000.0,https://www.sec.gov/Archives/edgar/data/352991/000035299108000004/0000352991-08-000004-index.htm,https://www.sec.gov/Archives/edgar/data/352991/000035299108000004/jun08.htm,1620588587,15:29:47,20210509
51,2008-03-31,AOXY,USD,2008-05-12,2008-05-12 11:58:51,Q3,10000.0,0.0,10000.0,1.0,0.0,0.0,0.0,1459000.0,6284.0,10000.0,-1524000.0,0.0,-1514000.0,-151.4,10000.0,1.0,1459.0,10000.0,1.0,0.0,10000.0,1.0,0.00437,0.00437,2290000.0,2290000.0,https://www.sec.gov/Archives/edgar/data/352991/000035299108000003/0000352991-08-000003-index.htm,https://www.sec.gov/Archives/edgar/data/352991/000035299108000003/mar3108.htm,1620588587,15:29:47,20210509
52,2007-12-31,AOXY,USD,2008-02-13,2008-02-13 11:07:02,Q2,10000.0,0.0,10000.0,1.0,0.0,0.0,0.0,500000.0,10508.0,10000.0,-528000.0,0.0,-528000.0,-52.8,-4830.0,-0.483,500.0,-4330.0,-0.433,0.0,-4330.0,-0.433,-0.001915929203539823,-0.001915929203539823,2260000.0,2260000.0,https://www.sec.gov/Archives/edgar/data/352991/000035299108000001/0000352991-08-000001-index.htm,https://www.sec.gov/Archives/edgar/data/352991/000035299108000001/dec3107.htm,1620588587,15:29:47,20210509
53,2007-09-30,AOXY,USD,2007-11-13,2007-11-13 07:51:28,Q1,10000.0,0.0,10000.0,1.0,0.0,0.0,0.0,1640000.0,4963.0,10000.0,-1944000.0,0.0,-1934000.0,-193.4,10000.0,1.0,1640.0,10000.0,1.0,0.0,10000.0,1.0,0.00426,0.00426,2350000.0,2350000.0,https://www.sec.gov/Archives/edgar/data/352991/000035299107000006/0000352991-07-000006-index.htm,https://www.sec.gov/Archives/edgar/data/352991/000035299107000005/jun07.htm,1620588587,15:29:47,20210509
54,2007-06-30,AOXY,USD,2007-09-25,2007-09-25 08:27:45,Q4,30000.0,20000.0,10000.0,0.3333333333333333,0.0,0.0,0.0,31906000.0,11119.0,-42122000.0,-2226000.0,0.0,-2226000.0,-74.2,30000.0,1.0,345930000.0,22120000.0,737.3333333333334,0.0,368971000.0,12299.033333333333,0.16,0.16,2310000.0,2310000.0,https://www.sec.gov/Archives/edgar/data/352991/000035299107000005/0000352991-07-000005-index.htm,https://www.sec.gov/Archives/edgar/data/352991/000035299107000005/jun07.htm,1620588587,15:29:47,20210509
55,2007-03-31,AOXY,USD,2007-05-11,2007-05-11 09:33:43,Q3,20000.0,0.0,20000.0,1.0,0.0,0.0,0.0,848000.0,4958.0,10000.0,25000.0,0.0,35000.0,1.75,10000.0,0.5,848.0,10000.0,0.5,0.0,10000.0,0.5,0.00426,0.00426,2350000.0,2350000.0,https://www.sec.gov/Archives/edgar/data/352991/000035299107000004/0000352991-07-000004-index.htm,https://www.sec.gov/Archives/edgar/data/352991/000035299107000004/mar3107.htm,1620588587,15:29:47,20210509
56,2006-12-31,AOXY,USD,2007-02-14,2007-02-14 10:17:31,Q2,10000.0,18864.0,-8864.0,-0.8864,0.0,0.0,0.0,73000.0,12713.0,10000.0,-32000.0,0.0,-32000.0,-3.2,10232.0,1.0232,-376960.0,-366728.0,-36.6728,0.0,-366728.0,-36.6728,30.0,30.0,2350000.0,2350000.0,https://www.sec.gov/Archives/edgar/data/352991/000035299107000003/0000352991-07-000003-index.htm,https://www.sec.gov/Archives/edgar/data/352991/000035299107000003/dec3106a.htm,1620588587,15:29:47,20210509
57,2006-09-30,AOXY,USD,2006-11-13,2006-11-13 14:22:26,Q1,10000.0,10000.0,0.0,0.0,0.0,0.0,0.0,0.0,13278.0,20000.0,-1848000.0,0.0,-1478000.0,-147.8,-10000.0,-1.0,377033.0,370000.0,37.0,0.0,370000.0,37.0,0.15745,0.15745,2350000.0,2350000.0,https://www.sec.gov/Archives/edgar/data/352991/000035299106000011/0000352991-06-000011-index.htm,https://www.sec.gov/Archives/edgar/data/352991/000035299106000010/jun06a.htm,1620588587,15:29:47,20210509
58,2006-06-30,AOXY,USD,2006-10-12,2006-10-12 16:13:00,Q4,20000.0,0.0,20000.0,1.0,0.0,0.0,0.0,615000.0,32729.0,20000.0,-1155000.0,0.0,-1165000.0,-58.25,-10000.0,-0.5,0.0,-10000.0,-0.5,0.0,-10000.0,-0.5,-0.00431,-0.00431,2320000.0,2320000.0,https://www.sec.gov/Archives/edgar/data/352991/000035299106000010/0000352991-06-000010-index.htm,https://www.sec.gov/Archives/edgar/data/352991/000035299106000010/jun06a.htm,1620588587,15:29:47,20210509
59,2006-03-31,AOXY,USD,2006-05-15,2006-05-15 07:59:07,Q3,10000.0,0.0,10000.0,1.0,0.0,0.0,0.0,0.0,11813.0,10000.0,-1781000.0,0.0,-1781000.0,-178.1,2161.0,0.2161,0.0,2161.0,0.2161,0.0,2161.0,0.2161,2.22,2.22,2350000.0,2350000.0,https://www.sec.gov/Archives/edgar/data/352991/000035299106000004/0000352991-06-000004-index.htm,https://www.sec.gov/Archives/edgar/data/352991/000035299106000004/mar3106.htm,1620588587,15:29:47,20210509
60,2005-12-31,AOXY,USD,2006-02-14,2006-02-14 14:08:26,Q2,0.0,0.0,0.0,0.0,0.0,10000.0,0.0,0.0,10000.0,10000.0,0.0,0.0,-10000.0,0.0,-10000.0,0.0,0.0,-10000.0,0.0,0.0,-10000.0,0.0,-0.00422,-0.00422,2370000.0,2370000.0,https://www.sec.gov/Archives/edgar/data/352991/000035299106000002/0000352991-06-000002-index.htm,https://www.sec.gov/Archives/edgar/data/352991/000035299106000002/dec3105.htm,1620588587,15:29:47,20210509
61,2005-09-30,AOXY,USD,2005-11-15,2005-11-15 14:54:37,Q1,0.0,0.0,0.0,0.0,0.0,0.0,0.0,0.0,0.0,0.0,0.0,0.0,0.0,0.0,0.0,0.0,0.0,0.0,0.0,0.0,0.0,0.0,0.0,0.0,2350000.0,2350000.0,https://www.sec.gov/Archives/edgar/data/352991/000035299105000009/0000352991-05-000009-index.htm,https://www.sec.gov/Archives/edgar/data/352991/000035299105000008/jun05.htm,1620588587,15:29:47,20210509
62,2005-06-30,AOXY,USD,2005-10-13,2005-10-13 16:59:12,Q4,-40000.0,10000.0,30000.0,-0.75,0.0,0.0,0.0,766000.0,-21110.0,-40000.0,0.0,7586000.0,178098000.0,-4452.45,170512000.0,-4262.8,0.0,-13579000.0,339.475,0.0,-200000.0,5.0,-0.08439,-0.08439,2370000.0,2370000.0,https://www.sec.gov/Archives/edgar/data/352991/000035299105000008/0000352991-05-000008-index.htm,https://www.sec.gov/Archives/edgar/data/352991/000035299105000008/jun05.htm,1620588587,15:29:47,20210509
63,2005-03-31,AOXY,USD,2005-05-16,2005-05-16 14:03:27,Q3,10000.0,7449.0,2551.0,0.2551,0.0,0.0,3158000.0,0.0,3636.0,10000.0,-5000.0,-5701.0,-4758.0,-0.4758,943.0,0.0943,0.0,943.0,0.0943,0.0,943.0,0.0943,0.00040127659574468085,0.00040127659574468085,2350000.0,2350000.0,https://www.sec.gov/Archives/edgar/data/352991/000035299105000004/0000352991-05-000004-index.htm,https://www.sec.gov/Archives/edgar/data/352991/000035299105000004/mar3105.htm,1620588587,15:29:47,20210509
64,2004-12-31,AOXY,USD,2005-02-16,2005-02-16 16:40:13,Q2,20000.0,10000.0,10000.0,0.5,0.0,0.0,9961000.0,0.0,19386.0,10000.0,-5000.0,10000.0,-5146.0,-0.2573,-15146.0,-0.7573,0.0,5915.0,0.29575,0.0,5915.0,0.29575,-0.01,-0.01,2370000.0,2370000.0,https://www.sec.gov/Archives/edgar/data/352991/000035299105000002/0000352991-05-000002-index.htm,https://www.sec.gov/Archives/edgar/data/352991/000035299105000002/dec3104.htm,1620588587,15:29:47,20210509
65,2004-09-30,AOXY,USD,2004-11-10,2004-11-10 16:55:41,Q1,20000.0,11147.0,8853.0,0.44265,0.0,0.0,2295000.0,0.0,10919.0,-150000.0,0.0,1885.0,161885.0,8.09425,160000.0,8.0,0.0,160000.0,8.0,0.0,160000.0,8.0,0.06809,0.06809,2350000.0,2350000.0,https://www.sec.gov/Archives/edgar/data/352991/000035299104000005/0000352991-04-000005-index.htm,https://www.sec.gov/Archives/edgar/data/352991/000035299104000004/jun04.htm,1620588587,15:29:47,20210509
66,2004-06-30,AOXY,USD,2004-10-13,2004-10-13 15:43:35,Q4,-20000.0,10000.0,10000.0,-0.5,0.0,0.0,58388000.0,1811000.0,26916.0,20000.0,-457000.0,4343.0,-25657.0,1.28285,-30000.0,1.5,0.0,-30000.0,1.5,0.0,-30000.0,1.5,-0.01266,-0.01266,2370000.0,2370000.0,https://www.sec.gov/Archives/edgar/data/352991/000035299104000004/0000352991-04-000004-index.htm,https://www.sec.gov/Archives/edgar/data/352991/000035299104000004/jun04.htm,1620588587,15:29:47,20210509
67,2004-03-31,AOXY,USD,2004-05-17,2004-05-17 11:53:42,Q3,20000.0,7849.0,12151.0,0.60755,0.0,0.0,-100000.0,0.0,18885.0,20000.0,10000.0,0.0,10000.0,0.5,-1205.0,-0.06025,0.0,-1205.0,-0.06025,0.0,-1205.0,-0.06025,2.1,2.1,2350000.0,2350000.0,https://www.sec.gov/Archives/edgar/data/352991/000035299104000002/0000352991-04-000002-index.htm,https://www.sec.gov/Archives/edgar/data/352991/000035299104000002/mar3104.htm,1620588587,15:29:47,20210509
68,2003-12-31,AOXY,USD,2004-02-17,2004-02-17 12:36:38,Q2,20000.0,10000.0,10000.0,0.5,0.0,0.0,455000.0,0.0,9887.0,20000.0,-77000.0,0.0,-77000.0,-3.85,7378.0,0.3689,0.0,7378.0,0.3689,0.0,7378.0,0.3689,0.0031395744680851063,0.0031395744680851063,2350000.0,2350000.0,https://www.sec.gov/Archives/edgar/data/352991/000035299104000001/0000352991-04-000001-index.htm,https://www.sec.gov/Archives/edgar/data/352991/000035299104000001/dec3103.htm,1620588587,15:29:47,20210509
69,2003-09-30,AOXY,USD,2003-11-14,2003-11-14 14:14:02,Q1,20000.0,1267.0,18733.0,0.93665,0.0,0.0,125000.0,0.0,21028.0,20000.0,-85000.0,0.0,-95000.0,-4.75,-10000.0,-0.5,0.0,-10000.0,-0.5,0.0,-10000.0,-0.5,-0.00426,-0.00426,2350000.0,2350000.0,https://www.sec.gov/Archives/edgar/data/352991/000035299103000011/0000352991-03-000011-index.htm,https://www.sec.gov/Archives/edgar/data/352991/000035299103000010/jun03f.htm,1620588587,15:29:47,20210509
70,2003-06-30,AOXY,USD,2003-10-14,2003-10-14 17:09:58,Q4,0.0,0.0,0.0,0.0,10000.0,0.0,0.0,10000.0,55929.0,-90000.0,0.0,0.0,100000.0,0.0,100000.0,0.0,0.0,100000.0,0.0,0.0,100000.0,0.0,0.05405,0.05405,1850000.0,1850000.0,https://www.sec.gov/Archives/edgar/data/352991/000035299103000010/0000352991-03-000010-index.htm,https://www.sec.gov/Archives/edgar/data/352991/000035299103000010/jun03f.htm,1620588587,15:29:47,20210509
71,2003-03-31,AOXY,USD,2003-05-23,2003-05-23 15:36:18,Q3,10000.0,0.0,10000.0,1.0,0.0,0.0,0.0,125000.0,11067.0,10000.0,0.0,911391.0,911391.0,0.0,0.0,0.0,0.0,0.0,0.0,0.0,0.0,0.0,0.125,0.125,2350000.0,2350000.0,https://www.sec.gov/Archives/edgar/data/352991/000035299103000007/0000352991-03-000007-index.htm,https://www.sec.gov/Archives/edgar/data/352991/000035299103000007/march3103.htm,1620588587,15:29:47,20210509
72,2002-12-31,AOXY,USD,2003-02-04,2003-02-04 10:51:38,Q2,0.0,0.0,0.0,0.0,0.0,0.0,0.0,0.0,8191.0,10000.0,0.0,0.0,-10000.0,0.0,-10000.0,0.0,0.0,-10000.0,0.0,0.0,-10000.0,0.0,-0.00606,-0.00606,1650000.0,1650000.0,https://www.sec.gov/Archives/edgar/data/352991/000035299103000001/0000352991-03-000001-index.htm,https://www.sec.gov/Archives/edgar/data/352991/000035299103000001/december.htm,1620588587,15:29:47,20210509
73,2002-09-30,AOXY,USD,2002-10-08,2002-10-08 11:38:15,Q1,0.0,0.0,0.0,0.0,0.0,0.0,0.0,0.0,5166.0,0.0,0.0,-911391.0,-911391.0,0.0,0.0,0.0,0.0,0.0,0.0,0.0,0.0,0.0,0.0,0.0,1650000.0,1650000.0,https://www.sec.gov/Archives/edgar/data/352991/000035299102000008/0000352991-02-000008-index.htm,https://www.sec.gov/Archives/edgar/data/352991/000035299102000006/jun02.htm,1620588587,15:29:47,20210509
74,2002-06-30,AOXY,USD,2002-09-26,2002-09-26,Q4,10000.0,0.0,10000.0,1.0,0.0,0.0,0.0,10000.0,6158.0,10000.0,0.0,911391.0,898043.0,89.8043,-13348.0,-1.3348,-20000.0,-20000.0,-2.0,-13348.0,-20000.0,-2.0,-0.01869,-0.01869,1070000.0,1070000.0,https://www.sec.gov/Archives/edgar/data/352991/000035299102000006/0000352991-02-000006-index.htm,https://www.sec.gov/Archives/edgar/data/352991/000035299102000006/jun02.htm,1620588587,15:29:47,20210509
75,2002-03-31,AOXY,USD,2002-05-15,2002-05-15 11:15:06,Q3,0.0,0.0,0.0,0.0,0.0,10000.0,0.0,0.0,4619.0,10000.0,0.0,-1062838.0,-1072838.0,0.0,-10000.0,0.0,0.0,-10000.0,0.0,0.0,-10000.0,0.0,-0.00606,-0.00606,1650000.0,1650000.0,https://www.sec.gov/Archives/edgar/data/352991/000035299102000003/0000352991-02-000003-index.htm,https://www.sec.gov/Archives/edgar/data/352991/000035299101500006/june.htm,1620588587,15:29:47,20210509
76,2001-12-31,AOXY,USD,2002-01-29,2002-01-29,Q2,0.0,0.0,0.0,0.0,0.0,10000.0,0.0,0.0,5392.0,10000.0,0.0,0.0,-10000.0,0.0,-10000.0,0.0,0.0,-10000.0,0.0,0.0,-10000.0,0.0,-0.00606,-0.00606,1650000.0,1650000.0,https://www.sec.gov/Archives/edgar/data/352991/000035299102000001/0000352991-02-000001-index.htm,https://www.sec.gov/Archives/edgar/data/352991/000035299102000001/dec.htm,1620588587,15:29:47,20210509
77,2001-09-30,AOXY,USD,2001-09-30,2001-09-30,Q1,0.0,0.0,0.0,0.0,0.0,10000.0,0.0,0.0,6013.0,10000.0,0.0,0.0,0.0,0.0,0.0,0.0,0.0,0.0,0.0,0.0,0.0,0.0,0.0,0.0,1570000.0,1570000.0,,,1620588587,15:29:47,20210509
78,2001-06-30,AOXY,USD,2001-10-18,2001-10-18 00:00:00,Q4,10000.0,10000.0,0.0,0.0,0.0,0.0,0.0,20000.0,-83592.0,-70000.0,2435000.0,-100000.0,-20000.0,-2.0,80000.0,8.0,-170000.0,-90000.0,-9.0,-468909.0,-90000.0,-9.0,-0.06081,-0.06081,1480000.0,1480000.0,https://www.sec.gov/Archives/edgar/data/352991/000035299101500006/0000352991-01-500006-index.htm,https://www.sec.gov/Archives/edgar/data/352991/000035299101500006/june.htm,1620588587,15:29:47,20210509
79,2001-03-31,AOXY,USD,2001-03-31,2001-03-31,Q3,0.0,0.0,0.0,0.0,0.0,30000.0,0.0,0.0,92006.0,90000.0,0.0,60000.0,-30000.0,0.0,-90000.0,0.0,0.0,-90000.0,0.0,0.0,-90000.0,0.0,-0.06081,-0.06081,1480000.0,1480000.0,,,1620588587,15:29:47,20210509
80,2000-12-31,AOXY,USD,2000-12-31,2000-12-31,Q2,10000.0,0.0,10000.0,1.0,0.0,30000.0,0.0,0.0,125667.0,130000.0,0.0,100000.0,-20000.0,-2.0,-120000.0,-12.0,0.0,-120000.0,-12.0,0.0,-120000.0,-12.0,-0.08108,-0.08108,1480000.0,1480000.0,,,1620588587,15:29:47,20210509
81,2000-09-30,AOXY,USD,2000-09-30,2000-09-30,Q1,30000.0,0.0,30000.0,1.0,0.0,20000.0,0.0,0.0,114678.0,120000.0,0.0,90000.0,0.0,0.0,-90000.0,-3.0,0.0,-90000.0,-3.0,0.0,-90000.0,-3.0,-0.06081,-0.06081,1480000.0,1480000.0,,,1620588587,15:29:47,20210509
82,2000-06-30,AOXY,USD,2000-06-30,2000-06-30,Q4,10000.0,0.0,10000.0,1.0,0.0,40000.0,0.0,20000.0,290000.0,290000.0,0.0,220000.00000000003,-69999.99999999997,-6.999999999999997,-290000.0,-29.0,-110000.0,-400000.0,-40.0,-10000.0,-390000.0,-39.0,-0.26351,-0.26351,1480000.0,1480000.0,,,1620588587,15:29:47,20210509
83,2000-03-31,AOXY,USD,2000-03-31,2000-03-31,Q3,20000.0,0.0,10000.0,0.5,0.0,30000.0,0.0,0.0,70000.0,70000.0,0.0,39999.99999999999,-10000.000000000007,-0.5000000000000003,-50000.0,-2.5,0.0,-50000.0,-2.5,0.0,-50000.0,-2.5,-0.03378,-0.03378,1480000.0,1480000.0,,,1620588587,15:29:47,20210509
84,1999-12-31,AOXY,USD,1999-12-31,1999-12-31,Q2,0.0,0.0,10000.0,0.0,0.0,50000.0,0.0,0.0,100000.0,100000.0,0.0,40000.0,-50000.0,0.0,-90000.0,0.0,20000.0,-70000.0,0.0,10000.0,-80000.0,0.0,-0.05405,-0.05405,1480000.0,1480000.0,,,1620588587,15:29:47,20210509
85,1999-09-30,AOXY,USD,1999-09-30,1999-09-30,Q1,70000.0,10000.0,60000.0,0.8571428571428571,0.0,60000.0,0.0,10000.0,110000.0,120000.0,0.0,40000.0,-10000.0,-0.14285714285714285,-50000.0,-0.7142857142857143,0.0,-50000.0,-0.7142857142857143,0.0,-50000.0,-0.7142857142857143,-0.03378,-0.03378,1480000.0,1480000.0,,,1620588587,15:29:47,20210509
86,1999-06-30,AOXY,USD,1999-06-30,1999-06-30,Q4,-120000.0,-70000.0,-60000.0,0.5,0.0,70000.0,0.0,10000.0,370000.0,300000.0,0.0,290000.0,-130000.0,1.0833333333333333,-420000.0,3.5,-50000.0,-470000.0,3.9166666666666665,0.0,-780000.0,6.5,-0.51656,-0.51656,1510000.0,1510000.0,,,1620588587,15:29:47,20210509
87,1999-03-31,AOXY,USD,1999-03-31,1999-03-31,Q3,20000.0,0.0,20000.0,1.0,0.0,80000.0,0.0,0.0,120000.0,120000.0,0.0,39999.99999999999,-60000.00000000001,-3.0000000000000004,-100000.0,-5.0,0.0,-110000.0,-5.5,0.0,810000.0,40.5,0.5473,0.5473,1480000.0,1480000.0,,,1620588587,15:29:47,20210509
88,1998-12-31,AOXY,USD,1998-12-31,1998-12-31,Q2,210000.0,-60000.0,260000.0,1.2380952380952381,0.0,160000.0,0.0,0.0,169999.99999999997,109999.99999999999,-10000.0,20000.0,120000.0,0.5714285714285714,100000.0,0.47619047619047616,40000.0,120000.0,0.5714285714285714,0.0,40000.0,0.19047619047619047,0.02703,0.02703,1480000.0,1480000.0,,,1620588587,15:29:47,20210509
89,1998-09-30,AOXY,USD,1998-10-14 00:00:00,1998-10-14 00:00:00,Q1,480000.0,140000.0,360000.0,0.75,0.0,200000.0,0.0,0.0,209999.99999999997,349999.99999999994,-10000.0,0.0,120000.0,0.25,130000.0,0.2708333333333333,10000.0,130000.0,0.2708333333333333,0.0,130000.0,0.2708333333333333,0.08784,0.08784,1480000.0,1480000.0,https://www.sec.gov/Archives/edgar/data/352991/000035299198000018/0000352991-98-000018-index.html,https://www.sec.gov/Archives/edgar/data/352991/0000352991-98-000018.txt,1620588587,15:29:47,20210509
90,1998-06-30,AOXY,USD,1998-06-30,1998-06-30,Q4,250000.0,310000.0,-60000.0,-0.24,0.0,270000.0,0.0,-40000.0,230000.00000000003,540000.0,-10000.0,80000.0,-210000.0,-0.84,-290000.0,-1.16,10000.0,-290000.0,-1.16,0.0,-290000.0,-1.16,-0.19595,-0.19595,1480000.0,1480000.0,,,1620588587,15:29:47,20210509
91,1998-03-31,AOXY,USD,1998-03-31,1998-03-31,Q3,90000.0,0.0,90000.0,1.0,0.0,50000.0,0.0,40000.0,90000.0,90000.0,0.0,0.0,0.0,0.0,0.0,0.0,0.0,0.0,0.0,0.0,0.0,0.0,0.0,0.0,1480000.0,1480000.0,,,1620588587,15:29:47,20210509
92,1997-06-30,AOXY,USD,1997-06-30,1997-06-30,Q2,0.0,0.0,0.0,0.0,0.0,0.0,0.0,0.0,0.0,0.0,-10000.0,0.0,-20000.0,0.0,0.0,0.0,0.0,-10000.0,0.0,0.0,-10000.0,0.0,-0.04167,-0.04167,240000.0,240000.0,,,1620588587,15:29:47,20210509
93,1997-03-31,AOXY,USD,1997-03-31,1997-03-31,Q1,0.0,0.0,0.0,0.0,0.0,0.0,0.0,0.0,0.0,0.0,-10000.0,0.0,-20000.0,0.0,0.0,0.0,0.0,-10000.0,0.0,0.0,-10000.0,0.0,-0.04167,-0.04167,240000.0,240000.0,,,1620588587,15:29:47,20210509
94,1996-12-31,AOXY,USD,1997-12-16,1997-12-16,Q4,0.0,0.0,0.0,0.0,0.0,0.0,0.0,0.0,0.0,0.0,-10000.0,0.0,-20000.0,0.0,0.0,0.0,0.0,-10000.0,0.0,0.0,-10000.0,0.0,-0.04167,-0.04167,240000.0,240000.0,https://www.sec.gov/Archives/edgar/data/352991/0000929624-97-001561-index.html,https://www.sec.gov/Archives/edgar/data/352991/,1620588587,15:29:47,20210509
95,1996-09-30,AOXY,USD,1996-09-30,1996-09-30,Q3,0.0,0.0,0.0,0.0,0.0,0.0,0.0,0.0,0.0,0.0,-10000.0,0.0,-20000.0,0.0,0.0,0.0,0.0,-10000.0,0.0,0.0,-10000.0,0.0,-0.04167,-0.04167,240000.0,240000.0,,,1620588587,15:29:47,20210509
96,1994-03-31,AOXY,USD,1994-03-31,1994-03-31,Q2,10000.0,0.0,0.0,0.0,210000.0,220000.0,0.0,0.0,200000.0,430000.0,0.0,-50000.0,-480000.0,-48.0,-430000.0,-43.0,0.0,-430000.0,-43.0,0.0,-430000.0,-43.0,-1.79167,-1.79167,240000.0,240000.0,,,1620588587,15:29:47,20210509
97,1993-12-31,AOXY,USD,1993-12-31,1993-12-31,Q1,20000.0,0.0,0.0,0.0,200000.0,150000.0,0.0,0.0,200000.0,350000.0,0.0,40000.0,-290000.0,-14.5,-330000.0,-16.5,0.0,-330000.0,-16.5,0.0,-330000.0,-16.5,-1.375,-1.375,240000.0,240000.0,,,1620588587,15:29:47,20210509
98,1993-09-30,AOXY,USD,1993-09-30,1993-09-30,Q4,10000.0,0.0,0.0,0.0,280000.0,260000.0,0.0,0.0,300000.0,530000.0,0.0,40000.0,-490000.0,-49.0,-530000.0,-53.0,0.0,-530000.0,-53.0,0.0,-530000.0,-53.0,-2.20833,-2.20833,240000.0,240000.0,,,1620588587,15:29:47,20210509
99,1993-06-30,AOXY,USD,1993-06-30,1993-06-30,Q3,30000.0,0.0,0.0,0.0,290000.0,320000.0,0.0,0.0,800000.0,610000.0,0.0,40000.00000000001,-530000.0,-17.666666666666668,-570000.0,-19.0,0.0,-570000.0,-19.0,0.0,-570000.0,-19.0,-2.47826,-2.47826,230000.0,230000.0,,,1620588587,15:29:47,20210509
100,1993-03-31,AOXY,USD,1993-03-31,1993-03-31,Q2,20000.0,0.0,0.0,0.0,360000.0,270000.0,0.0,0.0,600000.0,640000.0,0.0,39999.99999999999,-580000.0,-29.0,-620000.0,-31.0,0.0,-620000.0,-31.0,0.0,-620000.0,-31.0,-2.81818,-2.81818,220000.0,220000.0,,,1620588587,15:29:47,20210509
101,1992-12-31,AOXY,USD,1992-12-31,1992-12-31,Q1,30000.0,0.0,10000.0,0.3333333333333333,320000.0,350000.0,0.0,0.0,670000.0,670000.0,0.0,40000.0,-590000.0,-19.666666666666668,-630000.0,-21.0,0.0,-630000.0,-21.0,0.0,-630000.0,-21.0,-2.86364,-2.86364,220000.0,220000.0,,,1620588587,15:29:47,20210509
102,1992-09-30,AOXY,USD,1992-09-30,1992-09-30,Q4,280000.0,0.0,270000.0,0.9642857142857143,390000.0,410000.0,0.0,0.0,800000.0,800000.0,0.0,40000.0,-490000.0,-1.75,-530000.0,-1.8928571428571428,0.0,-530000.0,-1.8928571428571428,0.0,-530000.0,-1.8928571428571428,-2.40909,-2.40909,220000.0,220000.0,,,1620588587,15:29:47,20210509
103,1992-06-30,AOXY,USD,1992-06-30,1992-06-30,Q3,210000.0,20000.0,170000.0,0.8095238095238095,330000.0,260000.0,0.0,0.0,590000.0,610000.0,0.0,49999.99999999999,-340000.0,-1.619047619047619,-390000.0,-1.8571428571428572,0.0,-390000.0,-1.8571428571428572,0.0,-390000.0,-1.8571428571428572,-1.85714,-1.85714,210000.0,210000.0,,,1620588587,15:29:47,20210509
104,1992-03-31,AOXY,USD,1992-03-31,1992-03-31,Q2,270000.0,0.0,240000.0,0.8888888888888888,390000.0,300000.0,0.0,0.0,680000.0,680000.0,0.0,80000.0,-340000.0,-1.2592592592592593,-420000.0,-1.5555555555555556,0.0,-420000.0,-1.5555555555555556,0.0,-420000.0,-1.5555555555555556,-2.0,-2.0,210000.0,210000.0,,,1620588587,15:29:47,20210509
105,1991-12-31,AOXY,USD,1991-12-31,1991-12-31,Q1,170000.0,0.0,130000.0,0.7647058823529411,310000.0,500000.0,0.0,0.0,810000.0,810000.0,0.0,10000.000000000002,-630000.0,-3.7058823529411766,-640000.0,-3.764705882352941,0.0,-640000.0,-3.764705882352941,0.0,-640000.0,-3.764705882352941,-3.04762,-3.04762,210000.0,210000.0,,,1620588587,15:29:47,20210509
106,1991-09-30,AOXY,USD,1991-09-30,1991-09-30,Q4,200000.0,0.0,160000.0,0.8,320000.0,250000.0,0.0,0.0,560000.0,560000.0,0.0,40000.0,-320000.0,-1.6,-360000.0,-1.8,0.0,-360000.0,-1.8,0.0,-360000.0,-1.8,-1.8,-1.8,200000.0,200000.0,,,1620588587,15:29:47,20210509
107,1991-06-30,AOXY,USD,1991-06-30,1991-06-30,Q3,320000.0,0.0,260000.0,0.8125,430000.0,290000.0,0.0,0.0,720000.0,720000.0,0.0,39999.99999999999,-350000.0,-1.09375,-390000.0,-1.21875,0.0,-390000.0,-1.21875,0.0,-390000.0,-1.21875,-1.85714,-1.85714,210000.0,210000.0,,,1620588587,15:29:47,20210509
108,1991-03-31,AOXY,USD,1991-03-31,1991-03-31,Q2,260000.0,0.0,210000.0,0.8076923076923077,440000.0,350000.0,0.0,0.0,780000.0,780000.0,0.0,30000.0,-490000.0,-1.8846153846153846,-520000.0,-2.0,0.0,-520000.0,-2.0,0.0,-520000.0,-2.0,-2.6,-2.6,200000.0,200000.0,,,1620588587,15:29:47,20210509
109,1990-12-31,AOXY,USD,1990-12-31,1990-12-31,Q1,250000.0,0.0,160000.0,0.64,450000.0,340000.0,0.0,0.0,790000.0,790000.0,0.0,20000.000000000004,-520000.0,-2.08,-540000.0,-2.16,0.0,-540000.0,-2.16,0.0,-540000.0,-2.16,-2.84211,-2.84211,190000.0,190000.0,,,1620588587,15:29:47,20210509
110,1990-09-30,AOXY,USD,1990-09-30,1990-09-30,Q4,400000.0,0.0,350000.0,0.875,440000.0,360000.0,0.0,0.0,800000.0,800000.0,0.0,30000.0,-370000.0,-0.925,-400000.0,-1.0,0.0,-400000.0,-1.0,0.0,-400000.0,-1.0,-2.10526,-2.10526,190000.0,190000.0,,,1620588587,15:29:47,20210509
111,1990-06-30,AOXY,USD,1990-06-30,1990-06-30,Q3,610000.0,0.0,540000.0,0.8852459016393442,400000.0,410000.0,0.0,0.0,810000.0,810000.0,0.0,69999.99999999999,-130000.00000000001,-0.21311475409836067,-200000.0,-0.32786885245901637,0.0,-200000.0,-0.32786885245901637,0.0,-200000.0,-0.32786885245901637,-1.11111,-1.11111,180000.0,180000.0,,,1620588587,15:29:47,20210509
112,1990-03-31,AOXY,USD,1990-03-31,1990-03-31,Q2,570000.0,0.0,540000.0,0.9473684210526315,380000.0,340000.0,0.0,0.0,710000.0,710000.0,0.0,-20000.0,-160000.0,-0.2807017543859649,-140000.0,-0.24561403508771928,0.0,-140000.0,-0.24561403508771928,0.0,-140000.0,-0.24561403508771928,-0.77778,-0.77778,180000.0,180000.0,,,1620588587,15:29:47,20210509
113,1989-12-31,AOXY,USD,1989-12-31,1989-12-31,Q1,710000.0,0.0,680000.0,0.9577464788732394,430000.0,300000.0,0.0,0.0,720000.0,720000.0,0.0,20000.0,0.0,0.0,-20000.0,-0.028169014084507043,0.0,-20000.0,-0.028169014084507043,0.0,-20000.0,-0.028169014084507043,-0.11765,-0.11765,170000.0,170000.0,,,1620588587,15:29:47,20210509
114,1989-09-30,AOXY,USD,1989-09-30,1989-09-30,Q4,680000.0,0.0,660000.0,0.9705882352941176,390000.0,280000.0,0.0,0.0,670000.0,670000.0,0.0,20000.0,30000.0,0.04411764705882353,10000.0,0.014705882352941176,0.0,10000.0,0.014705882352941176,0.0,10000.0,0.014705882352941176,0.0625,0.0625,160000.0,160000.0,,,1620588587,15:29:47,20210509
115,1989-03-31,AOXY,USD,1989-03-31,1989-03-31,Q1,400000.0,0.0,0.0,0.0,0.0,0.0,0.0,0.0,0.0,0.0,0.0,0.0,400000.0,1.0,400000.0,1.0,0.0,0.0,0.0,0.0,-300000.0,-0.75,-2.0,-2.0,150000.0,150000.0,,,1620588587,15:29:47,20210509
116,1988-12-31,AOXY,USD,1988-12-31,1988-12-31,Q1,400000.0,0.0,0.0,0.0,0.0,0.0,0.0,0.0,0.0,0.0,0.0,0.0,400000.0,1.0,400000.0,1.0,0.0,0.0,0.0,0.0,-300000.0,-0.75,-2.0,-2.0,150000.0,150000.0,,,1620588587,15:29:47,20210509
117,1988-09-30,AOXY,USD,1988-09-30,1988-09-30,Q4,400000.0,0.0,0.0,0.0,0.0,0.0,0.0,0.0,0.0,0.0,0.0,0.0,400000.0,1.0,400000.0,1.0,0.0,0.0,0.0,0.0,-300000.0,-0.75,-1.0,-1.0,300000.0,300000.0,,,1620588587,15:29:47,20210509
