,date,symbol,reportedCurrency,fillingDate,acceptedDate,period,revenue,costOfRevenue,grossProfit,grossProfitRatio,researchAndDevelopmentExpenses,generalAndAdministrativeExpenses,sellingAndMarketingExpenses,otherExpenses,operatingExpenses,costAndExpenses,interestExpense,depreciationAndAmortization,ebitda,ebitdaratio,operatingIncome,operatingIncomeRatio,totalOtherIncomeExpensesNet,incomeBeforeTax,incomeBeforeTaxRatio,incomeTaxExpense,netIncome,netIncomeRatio,eps,epsdiluted,weightedAverageShsOut,weightedAverageShsOutDil,link,finalLink,timestamp,est_time,est_date
0,2020-12-31,MOFG,USD,2021-03-11,2021-03-11 14:12:44,Q4,49663000.0,0.0,49663000.0,1.0,0.0,20005000.0,986000.0,0.0,-99185857.0,3814.143,6433000.0,501000.0,699524.0,0.014085415701830336,198524.0,0.4186013732557437,0.0,20789000.0,0.4186013732557437,4079000.0,16710000.0,0.33646779292430984,1.04,1.04,16074000.0,16092000.0,https://www.sec.gov/Archives/edgar/data/1412665/000141266521000029/0001412665-21-000029-index.htm,https://www.sec.gov/Archives/edgar/data/1412665/000141266521000029/mofg-20201231.htm,1620595208,17:20:08,20210509
1,2020-09-30,MOFG,USD,2020-11-05,2020-11-05 12:00:15,Q3,47379000.0,0.0,47379000.0,1.0,0.0,18666000.0,857000.0,0.0,857.0,857.0,7345000.0,1712000.0,-15840000.0,-0.33432533400873804,-17552000.0,-0.3704594862702885,0.0,-17552000.0,-0.3704594862702885,2272000.0,-19824000.0,-0.41841322104729944,-1.23,-1.23,16099000.0,16099000.0,https://www.sec.gov/Archives/edgar/data/1412665/000141266520000108/0001412665-20-000108-index.htm,https://www.sec.gov/Archives/edgar/data/1412665/000141266520000108/mofg-20200930.htm,1620595208,17:20:08,20210509
2,2020-06-30,MOFG,USD,2020-08-06,2020-08-06 14:30:34,Q2,46981000.0,0.0,0.0,0.0,0.0,17816000.0,910000.0,0.0,41000000.0,0.0,8046000.0,886000.0,0.0,0.0,0.0,0.3034843873055065,0.0,14258000.0,0.3034843873055065,2546000.0,11712000.0,0.2492922670866946,0.7277246178700136,0.7274534161490683,16094000.0,16100000.0,https://www.sec.gov/Archives/edgar/data/1412665/000141266520000083/0001412665-20-000083-index.htm,https://www.sec.gov/Archives/edgar/data/1412665/000141266520000083/mofg-20200630.htm,1620595208,17:20:08,20210509
3,2020-03-31,MOFG,USD,2020-05-08,2020-05-08 12:42:53,Q1,47561000.0,0.0,0.0,0.0,0.0,18876000.0,1062000.0,0.0,62000000.0,0.0,9999000.0,1456000.0,0.0,0.0,0.0,-0.08773995500515128,0.0,-4173000.0,-0.08773995500515128,-2198000.0,-1975000.0,-0.04152561973045142,-0.12,-0.12,16142000.0,16142000.0,https://www.sec.gov/Archives/edgar/data/1412665/000141266520000052/0001412665-20-000052-index.htm,https://www.sec.gov/Archives/edgar/data/1412665/000141266520000017/midwestone12311910k.htm,1620595208,17:20:08,20210509
4,2019-12-31,MOFG,USD,2020-03-06,2020-03-06 09:19:44,Q4,48620000.0,0.0,0.0,0.0,0.0,21159000.0,1147000.0,0.0,47000000.0,0.0,10442000.0,-5511000.0,0.0,0.0,0.0,0.23817359111476757,0.0,11580000.0,0.23817359111476757,-1791000.0,13371000.0,0.27501028383381326,0.8273109763643114,0.8257271660594084,16162000.0,16193000.0,https://www.sec.gov/Archives/edgar/data/1412665/000141266520000017/0001412665-20-000017-index.htm,https://www.sec.gov/Archives/edgar/data/1412665/000141266520000017/midwestone12311910k.htm,1620595208,17:20:08,20210509
5,2019-09-30,MOFG,USD,2019-11-07,2019-11-07 15:00:58,Q3,51262000.0,0.0,0.0,0.0,0.0,19107000.0,1167000.0,0.0,47000000.0,0.0,10818000.0,4176000.0,0.0,0.0,0.0,0.30346065311536813,0.0,15556000.0,0.30346065311536813,3256000.0,12300000.0,0.23994381803285084,0.7592123942966483,0.7585568917668826,16201000.0,16215000.0,https://www.sec.gov/Archives/edgar/data/1412665/000141266519000112/0001412665-19-000112-index.htm,https://www.sec.gov/Archives/edgar/data/1412665/000141266519000112/midwestone930201910q.htm,1620595208,17:20:08,20210509
6,2019-06-30,MOFG,USD,2019-08-07,2019-08-07 13:44:38,Q2,43628000.0,0.0,0.0,0.0,0.0,18228000.0,869000.0,0.0,40000000.0,0.0,10119000.0,2378000.0,0.0,0.0,0.0,0.318419363711378,0.0,13892000.0,0.318419363711378,3218000.0,10674000.0,0.24465939305033466,0.7166644286289782,0.7163758389261745,14894000.0,14900000.0,https://www.sec.gov/Archives/edgar/data/1412665/000141266519000096/0001412665-19-000096-index.htm,https://www.sec.gov/Archives/edgar/data/1412665/000141266519000096/midwestone630201910q.htm,1620595208,17:20:08,20210509
7,2019-03-31,MOFG,USD,2019-05-09,2019-05-09 14:15:02,Q1,31386000.0,0.0,0.0,0.0,0.0,14136000.0,606000.0,0.0,30000000.0,0.0,7412000.0,1708000.0,0.0,0.0,0.0,0.2923277894602689,0.0,9175000.0,0.2923277894602689,1890000.0,7285000.0,0.23210985789842606,0.5988983886879315,0.5982590128931592,12164000.0,12177000.0,https://www.sec.gov/Archives/edgar/data/1412665/000141266519000055/0001412665-19-000055-index.htm,https://www.sec.gov/Archives/edgar/data/1412665/000141266519000028/midwestone12311810k.htm,1620595208,17:20:08,20210509
8,2018-12-31,MOFG,USD,2019-03-08,2019-03-08 13:32:16,Q4,32373000.0,0.0,0.0,0.0,0.0,13415000.0,0.0,0.0,30000000.0,0.0,6671000.0,1518000.0,0.0,0.0,0.0,0.2878942328483613,0.0,9320000.0,0.2878942328483613,1696000.0,7624000.0,0.23550489605535477,0.6240484570680199,0.6231303637106661,12217000.0,12235000.0,https://www.sec.gov/Archives/edgar/data/1412665/000141266519000028/0001412665-19-000028-index.htm,https://www.sec.gov/Archives/edgar/data/1412665/000141266519000028/midwestone12311810k.htm,1620595208,17:20:08,20210509
9,2018-09-30,MOFG,USD,2018-11-05,2018-11-05 13:14:44,Q3,32345000.0,0.0,0.0,0.0,0.0,14141000.0,0.0,0.0,30000000.0,0.0,6099000.0,1659000.0,0.0,0.0,0.0,0.26538877724532384,0.0,8584000.0,0.26538877724532384,1806000.0,6778000.0,0.2095532539805225,0.5546190982734637,0.5537581699346406,12221000.0,12240000.0,https://www.sec.gov/Archives/edgar/data/1412665/000141266518000131/0001412665-18-000131-index.htm,https://www.sec.gov/Archives/edgar/data/1412665/000141266518000131/midwestone0930201810q.htm,1620595208,17:20:08,20210509
10,2018-06-30,MOFG,USD,2018-08-02,2018-08-02 15:48:58,Q2,32085000.0,0.0,0.0,0.0,0.0,13308000.0,0.0,0.0,27000000.0,0.0,5392000.0,1660000.0,0.0,0.0,0.0,0.320617110799439,0.0,10287000.0,0.320617110799439,2131000.0,8156000.0,0.25419978182951536,0.6675265832067466,0.6668879814618878,12218240.0,12229940.0,https://www.sec.gov/Archives/edgar/data/1412665/000141266518000100/0001412665-18-000100-index.htm,https://www.sec.gov/Archives/edgar/data/1412665/000141266518000100/midwestone0630201810q.htm,1620595208,17:20:08,20210509
11,2018-03-31,MOFG,USD,2018-05-03,2018-05-03 14:22:48,Q1,31986000.0,0.0,0.0,0.0,0.0,13378000.0,0.0,0.0,27000000.0,0.0,4679000.0,1691000.0,0.0,0.0,0.0,0.3056649784280623,0.0,9777000.0,0.3056649784280623,1984000.0,7793000.0,0.2436378415556806,0.6375846888041831,0.6365938625914639,12222690.0,12241714.0,https://www.sec.gov/Archives/edgar/data/1412665/000141266518000063/0001412665-18-000063-index.htm,https://www.sec.gov/Archives/edgar/data/1412665/000141266518000046/midwestone12311710k.htm,1620595208,17:20:08,20210509
12,2017-12-31,MOFG,USD,2018-03-01,2018-03-01 15:09:57,Q4,31945000.0,0.0,0.0,0.0,0.0,13152000.0,0.0,0.0,35000000.0,0.0,4127000.0,1758000.0,0.0,0.0,0.0,0.03703239943653154,0.0,1183000.0,0.03703239943653154,2773000.0,-1590000.0,-0.04977304742526217,-0.1301223289016178,-0.1298235469377034,12219271.0,12247393.0,https://www.sec.gov/Archives/edgar/data/1412665/000141266518000046/0001412665-18-000046-index.htm,https://www.sec.gov/Archives/edgar/data/1412665/000141266518000046/midwestone12311710k.htm,1620595208,17:20:08,20210509
13,2017-09-30,MOFG,USD,2017-11-02,2017-11-02 12:33:26,Q3,32412000.0,0.0,0.0,0.0,0.0,13000000.0,0.0,0.0,28000000.0,0.0,3869000.0,1789000.0,0.0,0.0,0.0,0.25546094039244727,0.0,8280000.0,0.25546094039244727,1938000.0,6342000.0,0.19566827101073678,0.5190477936458467,0.5181799708815865,12218528.0,12238991.0,https://www.sec.gov/Archives/edgar/data/1412665/000141266517000117/0001412665-17-000117-index.htm,https://www.sec.gov/Archives/edgar/data/1412665/000141266517000117/midwestone09301710q.htm,1620595208,17:20:08,20210509
14,2017-06-30,MOFG,USD,2017-08-03,2017-08-03 14:20:36,Q2,31566000.0,0.0,0.0,0.0,0.0,12689000.0,0.0,0.0,25000000.0,0.0,3663000.0,1822000.0,0.0,0.0,0.0,0.3285180257238801,0.0,10370000.0,0.3285180257238801,3136000.0,7234000.0,0.22917062662358234,0.5929173344226707,0.5920172763637144,12200689.0,12219238.0,https://www.sec.gov/Archives/edgar/data/1412665/000141266517000099/0001412665-17-000099-index.htm,https://www.sec.gov/Archives/edgar/data/1412665/000141266517000099/midwestone06301710q.htm,1620595208,17:20:08,20210509
15,2017-03-31,MOFG,USD,2017-05-04,2017-05-04 12:50:23,Q1,30620000.0,0.0,0.0,0.0,0.0,12962000.0,0.0,0.0,25000000.0,0.0,3486000.0,1889000.0,0.0,0.0,0.0,0.301828870019595,0.0,9242000.0,0.301828870019595,2529000.0,6713000.0,0.21923579359895493,0.5834506014286674,0.5809427247416695,11505687.0,11555356.0,https://www.sec.gov/Archives/edgar/data/1412665/000141266517000056/0001412665-17-000056-index.htm,https://www.sec.gov/Archives/edgar/data/1412665/000141266517000033/midwestone12311610k.htm,1620595208,17:20:08,20210509
16,2016-12-31,MOFG,USD,2017-03-02,2017-03-02 14:04:03,Q4,30241000.0,0.0,0.0,0.0,0.0,13305000.0,0.0,0.0,29000000.0,0.0,3384000.0,799000.0,0.0,0.0,0.0,0.14556396944545485,0.0,4402000.0,0.14556396944545485,532000.0,3870000.0,0.12797195859925267,0.33840163377160865,0.33738629885573734,11436115.0,11470531.0,https://www.sec.gov/Archives/edgar/data/1412665/000141266517000033/0001412665-17-000033-index.htm,https://www.sec.gov/Archives/edgar/data/1412665/000141266517000033/midwestone12311610k.htm,1620595208,17:20:08,20210509
17,2016-09-30,MOFG,USD,2016-11-03,2016-11-03 12:10:32,Q3,30332000.0,0.0,0.0,0.0,0.0,12652000.0,0.0,0.0,25000000.0,0.0,3310000.0,2437000.0,0.0,0.0,0.0,0.29180403534221283,0.0,8851000.0,0.29180403534221283,2629000.0,6222000.0,0.20512989581959645,0.5440780142464143,0.5428794493516683,11435860.0,11461108.0,https://www.sec.gov/Archives/edgar/data/1412665/000141266516000202/0001412665-16-000202-index.htm,https://www.sec.gov/Archives/edgar/data/1412665/000141266516000202/midwestone09301610q.htm,1620595208,17:20:08,20210509
18,2016-06-30,MOFG,USD,2016-08-04,2016-08-04 11:52:12,Q2,30405000.0,0.0,0.0,0.0,0.0,14528000.0,0.0,0.0,27000000.0,0.0,3098000.0,2614000.0,0.0,0.0,0.0,0.21539220522940306,0.0,6549000.0,0.21539220522940306,1794000.0,4755000.0,0.15638875185002465,0.4159649354243962,0.41514494146107095,11431252.0,11453831.0,https://www.sec.gov/Archives/edgar/data/1412665/000141266516000180/0001412665-16-000180-index.htm,https://www.sec.gov/Archives/edgar/data/1412665/000141266516000180/midwestone06301610q.htm,1620595208,17:20:08,20210509
19,2016-03-31,MOFG,USD,2016-05-05,2016-05-05 12:46:25,Q1,32106000.0,0.0,0.0,0.0,0.0,15639000.0,0.0,0.0,27000000.0,0.0,2930000.0,2675000.0,0.0,0.0,0.0,0.23201270790506448,0.0,7449000.0,0.23201270790506448,1905000.0,5544000.0,0.17267800411138104,0.49,0.48,11425035.0,11442931.0,https://www.sec.gov/Archives/edgar/data/1412665/000141266516000149/0001412665-16-000149-index.htm,https://www.sec.gov/Archives/edgar/data/1412665/000141266516000134/midwestone12311510k.htm,1620595208,17:20:08,20210509
20,2015-12-31,MOFG,USD,2016-03-03,2016-03-03 16:35:22,Q4,33409000.0,0.0,0.0,0.0,0.0,14210000.0,0.0,0.0,26000000.0,0.0,2287000.0,2436000.0,0.0,0.0,0.0,0.289353168307941,0.0,9667000.0,0.289353168307941,1429000.0,8238000.0,0.2465802628034362,0.7221590082279491,0.7200861376163453,11407460.0,11440298.0,https://www.sec.gov/Archives/edgar/data/1412665/000141266516000134/0001412665-16-000134-index.htm,https://www.sec.gov/Archives/edgar/data/1412665/000141266516000134/midwestone12311510k.htm,1620595208,17:20:08,20210509
21,2015-09-30,MOFG,USD,2015-10-29,2015-10-29 14:39:10,Q3,31795000.0,0.0,0.0,0.0,0.0,13121000.0,0.0,0.0,26000000.0,0.0,3659000.0,2222000.0,0.0,0.0,0.0,0.3062116685013367,0.0,9736000.0,0.3062116685013367,2121000.0,7615000.0,0.23950306651989306,0.6676233450568518,0.6659853180628686,11406132.0,11434186.0,https://www.sec.gov/Archives/edgar/data/1412665/000141266515000105/0001412665-15-000105-index.htm,https://www.sec.gov/Archives/edgar/data/1412665/000141266515000105/midwestone9301510q.htm,1620595208,17:20:08,20210509
22,2015-06-30,MOFG,USD,2015-08-10,2015-08-10 16:08:50,Q2,27823000.0,0.0,0.0,0.0,0.0,11050000.0,0.0,0.0,23000000.0,0.0,2462000.0,2801000.0,0.0,0.0,0.0,0.25385472450850016,0.0,7063000.0,0.25385472450850016,2594000.0,4469000.0,0.16062250655932142,0.43,0.42,10229355.0,10254279.0,https://www.sec.gov/Archives/edgar/data/1412665/000141266515000092/0001412665-15-000092-index.htm,https://www.sec.gov/Archives/edgar/data/1412665/000141266515000092/midwestone6301510q.htm,1620595208,17:20:08,20210509
23,2015-03-31,MOFG,USD,2015-04-30,2015-04-30 10:46:05,Q1,18247000.0,0.0,0.0,0.0,0.0,7540000.0,0.0,0.0,14000000.0,0.0,2240000.0,929000.0,0.0,0.0,0.0,0.35463363840631335,0.0,6471000.0,0.35463363840631335,1675000.0,4796000.0,0.26283772674960265,0.573419381312052,0.5713587258366843,8363861.0,8394026.0,https://www.sec.gov/Archives/edgar/data/1412665/000141266515000037/0001412665-15-000037-index.htm,https://www.sec.gov/Archives/edgar/data/1412665/000141266515000017/midwestone12311410k.htm,1620595208,17:20:08,20210509
24,2014-12-31,MOFG,USD,2015-03-05,2015-03-05 14:00:11,Q4,17438000.0,0.0,0.0,0.0,0.0,7020000.0,0.0,0.0,14000000.0,0.0,2407000.0,989000.0,0.0,0.0,0.0,0.3197040945062507,0.0,5575000.0,0.3197040945062507,1668000.0,3907000.0,0.2240509232710173,0.46778340826009474,0.4659640512372019,8352156.0,8384767.0,https://www.sec.gov/Archives/edgar/data/1412665/000141266515000017/0001412665-15-000017-index.htm,https://www.sec.gov/Archives/edgar/data/1412665/000141266515000017/midwestone12311410k.htm,1620595208,17:20:08,20210509
25,2014-09-30,MOFG,USD,2014-10-30,2014-10-30 14:40:14,Q3,17569000.0,0.0,0.0,0.0,0.0,6935000.0,0.0,0.0,13000000.0,0.0,2429000.0,1058000.0,0.0,0.0,0.0,0.3758893505606466,0.0,6604000.0,0.3758893505606466,1715000.0,4889000.0,0.2782742330240765,0.5843292667331034,0.5826235649960143,8366858.0,8391353.0,https://www.sec.gov/Archives/edgar/data/1412665/000141266514000094/0001412665-14-000094-index.htm,https://www.sec.gov/Archives/edgar/data/1412665/000141266514000094/midwestone09301410q.htm,1620595208,17:20:08,20210509
26,2014-06-30,MOFG,USD,2014-07-31,2014-07-31 13:09:46,Q2,17419000.0,0.0,0.0,0.0,0.0,6691000.0,0.0,0.0,13000000.0,0.0,2321000.0,1030000.0,0.0,0.0,0.0,0.371548309317412,0.0,6472000.0,0.371548309317412,1719000.0,4753000.0,0.27286296572707963,0.5639329464387095,0.5623327450510164,8428307.0,8452291.0,https://www.sec.gov/Archives/edgar/data/1412665/000141266514000084/0001412665-14-000084-index.htm,https://www.sec.gov/Archives/edgar/data/1412665/000141266514000084/midwestone06301410q.htm,1620595208,17:20:08,20210509
27,2014-03-31,MOFG,USD,2014-05-01,2014-05-01 11:45:59,Q1,17741000.0,0.0,0.0,0.0,0.0,6801000.0,0.0,0.0,13000000.0,0.0,2394000.0,1149000.0,0.0,0.0,0.0,0.3890423313229243,0.0,6902000.0,0.3890423313229243,1929000.0,4973000.0,0.28031114367848486,0.59,0.58,8475593.0,8507973.0,https://www.sec.gov/Archives/edgar/data/1412665/000141266514000053/0001412665-14-000053-index.htm,https://www.sec.gov/Archives/edgar/data/1412665/000141266514000033/midwestone12311310k.htm,1620595208,17:20:08,20210509
28,2013-12-31,MOFG,USD,2014-03-06,2014-03-06 09:54:57,Q4,16530000.0,0.0,0.0,0.0,0.0,6612000.0,0.0,0.0,13000000.0,0.0,2723000.0,1186000.0,0.0,0.0,0.0,0.36333938294010887,0.0,6006000.0,0.36333938294010887,1584000.0,4422000.0,0.267513611615245,0.5217782230159419,0.5186959874959312,8474865.0,8525225.0,https://www.sec.gov/Archives/edgar/data/1412665/000141266514000033/0001412665-14-000033-index.htm,https://www.sec.gov/Archives/edgar/data/1412665/000141266514000033/midwestone12311310k.htm,1620595208,17:20:08,20210509
29,2013-09-30,MOFG,USD,2013-10-31,2013-10-31 13:43:48,Q3,17067000.0,0.0,0.0,0.0,0.0,6718000.0,0.0,0.0,13000000.0,0.0,2851000.0,1267000.0,0.0,0.0,0.0,0.382726899865237,0.0,6532000.0,0.382726899865237,1668000.0,4864000.0,0.28499443370246674,0.5743465243710557,0.5710498617869141,8468755.0,8517645.0,https://www.sec.gov/Archives/edgar/data/1412665/000141266513000091/0001412665-13-000091-index.htm,https://www.sec.gov/Archives/edgar/data/1412665/000141266513000091/midwestone09301310q.htm,1620595208,17:20:08,20210509
30,2013-06-30,MOFG,USD,2013-08-01,2013-08-01 14:19:45,Q2,17322000.0,0.0,0.0,0.0,0.0,6806000.0,0.0,0.0,14000000.0,0.0,3159000.0,1343000.0,0.0,0.0,0.0,0.35428934303198245,0.0,6137000.0,0.35428934303198245,1606000.0,4531000.0,0.2615748758803833,0.54,0.53,8474925.0,8517292.0,https://www.sec.gov/Archives/edgar/data/1412665/000141266513000073/0001412665-13-000073-index.htm,https://www.sec.gov/Archives/edgar/data/1412665/000141266513000073/midwestone06301310q.htm,1620595208,17:20:08,20210509
31,2013-03-31,MOFG,USD,2013-05-07,2013-05-07 10:19:44,Q1,17774000.0,0.0,0.0,0.0,0.0,6978000.0,0.0,0.0,15000000.0,0.0,3399000.0,1366000.0,0.0,0.0,0.0,0.37009114436817825,0.0,6578000.0,0.37009114436817825,1788000.0,4790000.0,0.2694947676381231,0.5639689094183514,0.5611202255726736,8493376.0,8536495.0,https://www.sec.gov/Archives/edgar/data/1412665/000141266513000044/0001412665-13-000044-index.htm,https://www.sec.gov/Archives/edgar/data/1412665/000141266513000031/midwestone12311210k.htm,1620595208,17:20:08,20210509
32,2012-12-31,MOFG,USD,2013-03-07,2013-03-07 12:15:26,Q4,13088000.0,0.0,0.0,0.0,0.0,7233000.0,0.0,0.0,15000000.0,0.0,3767000.0,1375000.0,0.0,0.0,0.0,0.44025061124694376,0.0,5762000.0,0.44025061124694376,1405000.0,4357000.0,0.33290036674816625,0.5133849483357055,0.5107137954966929,8486809.0,8531197.0,https://www.sec.gov/Archives/edgar/data/1412665/000141266513000031/0001412665-13-000031-index.htm,https://www.sec.gov/Archives/edgar/data/1412665/000141266513000031/midwestone12311210k.htm,1620595208,17:20:08,20210509
33,2012-09-30,MOFG,USD,2012-11-02,2012-11-02 15:25:16,Q3,17314000.0,0.0,0.0,0.0,0.0,6976000.0,0.0,0.0,15000000.0,0.0,3867000.0,1318000.0,0.0,0.0,0.0,0.3480420468984637,0.0,6026000.0,0.3480420468984637,1576000.0,4450000.0,0.257017442532055,0.5245218070235945,0.5213881625906219,8483918.0,8534908.0,https://www.sec.gov/Archives/edgar/data/1412665/000141266512000076/0001412665-12-000076-index.htm,https://www.sec.gov/Archives/edgar/data/1412665/000141266512000076/midwestone09301210q.htm,1620595208,17:20:08,20210509
34,2012-06-30,MOFG,USD,2012-08-03,2012-08-03 13:12:30,Q2,21393000.0,0.0,0.0,0.0,0.0,12650000.0,0.0,0.0,21000000.0,0.0,4051000.0,1352000.0,0.0,0.0,0.0,0.19810218295704202,0.0,4238000.0,0.19810218295704202,726000.0,3512000.0,0.1641658486420792,0.42,0.41,8471379.0,8516461.0,https://www.sec.gov/Archives/edgar/data/1412665/000141266512000062/0001412665-12-000062-index.htm,https://www.sec.gov/Archives/edgar/data/1412665/000141266512000062/midwestone06301210q.htm,1620595208,17:20:08,20210509
35,2012-03-31,MOFG,USD,2012-05-03,2012-05-03 11:38:16,Q1,17449000.0,0.0,0.0,0.0,0.0,6728000.0,0.0,0.0,16000000.0,0.0,4267000.0,1377000.0,0.0,0.0,0.0,0.3476990085391713,0.0,6067000.0,0.3476990085391713,1635000.0,4432000.0,0.2539973637457734,0.5215394498347183,0.5196493586223101,8497919.0,8528828.0,https://www.sec.gov/Archives/edgar/data/1412665/000141266512000019/0001412665-12-000019-index.htm,https://www.sec.gov/Archives/edgar/data/1412665/000141266512000009/midwestone12311110k.htm,1620595208,17:20:08,20210509
36,2011-12-31,MOFG,USD,2012-03-09,2012-03-09 12:32:34,Q4,16206000.0,0.0,0.0,0.0,0.0,6598000.0,0.0,0.0,16000000.0,0.0,4527000.0,1649000.0,0.0,0.0,0.0,0.27218314204615573,0.0,4411000.0,0.27218314204615573,1060000.0,3351000.0,0.20677526841910404,0.39433183582945425,0.39433183582945425,8497919.0,8497919.0,https://www.sec.gov/Archives/edgar/data/1412665/000141266512000009/0001412665-12-000009-index.htm,https://www.sec.gov/Archives/edgar/data/1412665/000141266512000009/midwestone12311110k.htm,1620595208,17:20:08,20210509
37,2011-09-30,MOFG,USD,2011-11-03,2011-11-03 10:46:07,Q3,16333000.0,0.0,0.0,0.0,0.0,6440000.0,0.0,0.0,16000000.0,0.0,4841000.0,1085000.0,0.0,0.0,0.0,0.3227820975938284,0.0,5272000.0,0.3227820975938284,1434000.0,3838000.0,0.2349843874364783,0.44571741399819786,0.44420108675335185,8610837.0,8640231.0,https://www.sec.gov/Archives/edgar/data/1412665/000141266511000042/0001412665-11-000042-index.htm,https://www.sec.gov/Archives/edgar/data/1412665/000141266511000042/midwestone09301110q.htm,1620595208,17:20:08,20210509
38,2011-06-30,MOFG,USD,2011-08-04,2011-08-04 13:30:52,Q2,15522000.0,0.0,0.0,0.0,0.0,6521000.0,0.0,0.0,16000000.0,0.0,5122000.0,1141000.0,0.0,0.0,0.0,0.2787656229867285,0.0,4327000.0,0.2787656229867285,1104000.0,3223000.0,0.20764076794227548,0.3735594548326864,0.37154630818077417,8627810.0,8674558.0,https://www.sec.gov/Archives/edgar/data/1412665/000141266511000036/0001412665-11-000036-index.htm,https://www.sec.gov/Archives/edgar/data/1412665/000141266511000036/midwestone06301110q.htm,1620595208,17:20:08,20210509
39,2011-03-31,MOFG,USD,2011-05-05,2011-05-05 16:44:35,Q1,15453000.0,0.0,0.0,0.0,0.0,6917000.0,0.0,0.0,17000000.0,0.0,5293000.0,1447000.0,0.0,0.0,0.0,0.2536077137125477,0.0,3919000.0,0.2536077137125477,1014000.0,2905000.0,0.1879893871740115,0.33693972896359425,0.33458563958434906,8621720.0,8682381.0,https://www.sec.gov/Archives/edgar/data/1412665/000141266511000022/0001412665-11-000022-index.htm,https://www.sec.gov/Archives/edgar/data/1412665/000141266511000012/midwestone12311010k.htm,1620595208,17:20:08,20210509
40,2010-12-31,MOFG,USD,2011-03-04,2011-03-04 12:59:37,Q4,16168000.0,0.0,0.0,0.0,0.0,6988000.0,0.0,0.0,17000000.0,0.0,5446000.0,1319000.0,0.0,0.0,0.0,0.23336219693221177,0.0,3773000.0,0.23336219693221177,1038000.0,2735000.0,0.16916130628401782,0.31722208561632714,0.31722208561632714,8621720.0,8621720.0,https://www.sec.gov/Archives/edgar/data/1412665/000141266511000012/0001412665-11-000012-index.htm,https://www.sec.gov/Archives/edgar/data/1412665/000141266511000012/midwestone12311010k.htm,1620595208,17:20:08,20210509
41,2010-09-30,MOFG,USD,2010-11-03,2010-11-03 15:08:24,Q3,15836000.0,0.0,0.0,0.0,0.0,6985000.0,0.0,0.0,18000000.0,0.0,5643000.0,1420000.0,0.0,0.0,0.0,0.233771154331902,0.0,3702000.0,0.233771154331902,916000.0,2786000.0,0.17592826471331144,0.32343621607953976,0.32236326289939027,8613754.0,8642424.0,https://www.sec.gov/Archives/edgar/data/1412665/000141266510000020/0001412665-10-000020-index.htm,https://www.sec.gov/Archives/edgar/data/1412665/000141266510000020/midwestone09301010q.htm,1620595208,17:20:08,20210509
42,2010-06-30,MOFG,USD,2010-08-04,2010-08-04 10:41:38,Q2,15681000.0,0.0,0.0,0.0,0.0,6810000.0,0.0,0.0,18000000.0,0.0,5966000.0,1427000.0,0.0,0.0,0.0,0.22441170843696193,0.0,3519000.0,0.22441170843696193,914000.0,2605000.0,0.16612460939991072,0.3024644641990056,0.3013918518683923,8612582.0,8643233.0,https://www.sec.gov/Archives/edgar/data/1412665/000141266510000009/0001412665-10-000009-index.htm,https://www.sec.gov/Archives/edgar/data/1412665/000141266510000009/midwestone06301010q.htm,1620595208,17:20:08,20210509
43,2010-03-31,MOFG,USD,2010-05-05,2010-05-05 10:46:36,Q1,15276000.0,0.0,0.0,0.0,0.0,6939000.0,0.0,189000.0,19000000.0,0.0,6061000.0,1576000.0,0.0,0.0,0.0,0.16620843152657763,0.0,2539000.0,0.16620843152657763,535000.0,2004000.0,0.1311861743912019,0.2328106671896,0.23271177381065877,8607853.0,8611511.0,https://www.sec.gov/Archives/edgar/data/1412665/000119312510108019/0001193125-10-108019-index.htm,https://www.sec.gov/Archives/edgar/data/1412665/000119312510050314/d10k.htm,1620595208,17:20:08,20210509
44,2009-12-31,MOFG,USD,2010-03-08,2010-03-08 17:07:43,Q4,15306000.0,0.0,0.0,0.0,0.0,6764000.0,0.0,402000.0,18000000.0,0.0,6431000.0,3668000.0,0.0,0.0,0.0,0.1293610348882791,0.0,1980000.0,0.1293610348882791,364000.0,1616000.0,0.10557951130275708,0.18773554799321038,0.18773554799321038,8607853.0,8607853.0,https://www.sec.gov/Archives/edgar/data/1412665/000119312510050314/0001193125-10-050314-index.htm,https://www.sec.gov/Archives/edgar/data/1412665/000119312510050314/d10k.htm,1620595208,17:20:08,20210509
45,2009-09-30,MOFG,USD,2009-11-06,2009-11-06 17:15:53,Q3,14868000.0,0.0,0.0,0.0,0.0,6916000.0,0.0,1388000.0,20000000.0,0.0,7104000.0,1017000.0,0.0,0.0,0.0,0.013317191283292978,0.0,198000.0,0.013317191283292978,-636000.0,834000.0,0.05609362389023406,0.09691688110785524,0.09691215111044592,8605312.0,8605732.0,https://www.sec.gov/Archives/edgar/data/1412665/000119312509227762/0001193125-09-227762-index.htm,https://www.sec.gov/Archives/edgar/data/1412665/000119312509227762/d10q.htm,1620595208,17:20:08,20210509
46,2009-06-30,MOFG,USD,2009-08-07,2009-08-07 17:20:19,Q2,14372000.0,0.0,0.0,0.0,0.0,7393000.0,0.0,614000.0,21000000.0,0.0,7782000.0,880000.0,0.0,0.0,0.0,0.06491789590871139,0.0,933000.0,0.06491789590871139,150000.0,783000.0,0.054480935151683826,0.09099147236752839,0.09081680846305948,8605202.0,8621752.0,https://www.sec.gov/Archives/edgar/data/1412665/000119312509169271/0001193125-09-169271-index.htm,https://www.sec.gov/Archives/edgar/data/1412665/000119312509169271/d10q.htm,1620595208,17:20:08,20210509
47,2009-03-31,MOFG,USD,2009-05-08,2009-05-08 17:02:51,Q1,15492000.0,0.0,0.0,0.0,0.0,7167000.0,0.0,0.0,21000000.0,0.0,6926000.0,279000.0,0.0,0.0,0.0,0.0786857733023496,0.0,1219000.0,0.0786857733023496,43000.0,1176000.0,0.07591014717273431,0.13669562730913612,0.1366877943843633,8603055.0,8603548.0,https://www.sec.gov/Archives/edgar/data/1412665/000119312509105548/0001193125-09-105548-index.htm,https://www.sec.gov/Archives/edgar/data/1412665/000114420409014344/v142581_10k.htm,1620595208,17:20:08,20210509
48,2008-12-31,MOFG,USD,2009-03-16,2009-03-16 17:30:08,Q4,8584000.0,0.0,0.0,0.0,0.0,5985000.0,0.0,0.0,50000000.0,0.0,7841000.0,1147000.0,0.0,0.0,0.0,-3.989049394221808,0.0,-34242000.0,-3.989049394221808,-2738000.0,-31504000.0,-3.6700838769804287,-3.6619549683222994,-3.6619549683222994,8603055.0,8603055.0,https://www.sec.gov/Archives/edgar/data/1412665/000114420409014344/0001144204-09-014344-index.htm,https://www.sec.gov/Archives/edgar/data/1412665/000114420409014344/v142581_10k.htm,1620595208,17:20:08,20210509
49,2008-09-30,MOFG,USD,2008-11-14,2008-11-14 17:09:00,Q3,13973000.0,0.0,0.0,0.0,0.0,5815000.0,0.0,0.0,20000000.0,0.0,8489000.0,856000.0,0.0,0.0,0.0,0.15608673871037,0.0,2181000.0,0.15608673871037,477000.0,1704000.0,0.12194947398554355,0.2,0.2,8646328.0,8646328.0,https://www.sec.gov/Archives/edgar/data/1412665/000114420408064628/0001144204-08-064628-index.htm,https://www.sec.gov/Archives/edgar/data/1412665/000114420408064628/v131542_10q.htm,1620595208,17:20:08,20210509
50,2008-06-30,MOFG,USD,2008-08-14,2008-08-14 17:29:17,Q2,14645000.0,0.0,0.0,0.0,0.0,5924000.0,0.0,0.0,19000000.0,0.0,8702000.0,713000.0,0.0,0.0,0.0,0.26712188460225333,0.0,3912000.0,0.26712188460225333,949000.0,2963000.0,0.20232161147149197,0.34,0.34,8680792.0,8680792.0,https://www.sec.gov/Archives/edgar/data/1412665/000114420408047562/0001144204-08-047562-index.htm,https://www.sec.gov/Archives/edgar/data/1412665/000114420408047562/v123146_10q.htm,1620595208,17:20:08,20210509
51,2008-03-31,MOFG,USD,2008-03-31,2008-03-31,Q1,8671000.0,0.0,0.0,0.0,0.0,0.0,0.0,0.0,0.0,0.0,5387000.0,484000.0,0.0,0.0,0.0,0.36178064813746974,0.0,3137000.0,0.36178064813746974,862000.0,2275000.0,0.2623688155922039,0.39,0.39,5822863.0,5829168.0,,,1620595208,17:20:08,20210509
52,2007-12-31,MOFG,USD,2008-04-15,2008-04-15,Q4,5149000.0,0.0,0.0,0.0,0.0,1152000.0,0.0,0.0,0.0,0.0,-415000.0,-198000.0,0.0,0.0,0.0,0.613128762866576,0.0,3157000.0,0.613128762866576,519000.0,2638000.0,0.5123324917459701,0.0,0.0,0.0,0.0,https://www.sec.gov/Archives/edgar/data/1412665/000119312508081883/0001193125-08-081883-index.htm,https://www.sec.gov/Archives/edgar/data/1412665/000119312508081883/d10k.htm,1620595208,17:20:08,20210509
53,2007-09-30,MOFG,USD,2007-09-30,2007-09-30,Q3,7496000.0,0.0,0.0,0.0,0.0,3310000.0,0.0,0.0,0.0,0.0,6693000.0,494000.0,0.0,0.0,0.0,0.25360192102454643,0.0,1901000.0,0.25360192102454643,653000.0,1248000.0,0.1664887940234792,0.34,0.34,3670588.0,3670588.0,,,1620595208,17:20:08,20210509
54,2007-06-30,MOFG,USD,2007-06-30,2007-06-30,Q2,7949000.0,0.0,0.0,0.0,0.0,3011000.0,0.0,0.0,0.0,0.0,6462000.0,507000.0,0.0,0.0,0.0,0.31551138507988424,0.0,2508000.0,0.31551138507988424,720000.0,1788000.0,0.2249339539564725,0.48,0.48,3725000.0,3725000.0,,,1620595208,17:20:08,20210509
55,2007-03-31,MOFG,USD,2007-03-31,2007-03-31,Q1,7479000.0,0.0,0.0,0.0,0.0,3453000.0,0.0,0.0,0.0,0.0,6298000.0,522000.0,0.0,0.0,0.0,0.1854526006150555,0.0,1387000.0,0.1854526006150555,413000.0,974000.0,0.13023131434683782,0.26,0.26,3746154.0,3746154.0,,,1620595208,17:20:08,20210509
56,2006-12-31,MOFG,USD,2006-12-31,2006-12-31,Q4,7522000.0,0.0,0.0,0.0,0.0,3159000.0,0.0,0.0,0.0,0.0,6075000.0,541000.0,0.0,0.0,0.0,0.267482052645573,0.0,2012000.0,0.267482052645573,591000.0,1421000.0,0.18891252326508906,0.0,0.0,0.0,0.0,,,1620595208,17:20:08,20210509
57,2006-09-30,MOFG,USD,2006-09-30,2006-09-30,Q3,7622000.0,0.0,0.0,0.0,0.0,3259000.0,0.0,0.0,0.0,0.0,5630000.0,548000.0,0.0,0.0,0.0,0.2810286014169509,0.0,2142000.0,0.2810286014169509,696000.0,1446000.0,0.18971398583049068,0.4,0.38,3615000.0,3805263.0,,,1620595208,17:20:08,20210509
58,2006-06-30,MOFG,USD,2006-06-30,2006-06-30,Q2,7800000.0,0.0,0.0,0.0,0.0,2981000.0,0.0,0.0,0.0,0.0,5016000.0,688000.0,0.0,0.0,0.0,0.31858974358974357,0.0,2485000.0,0.31858974358974357,830000.0,1655000.0,0.21217948717948718,0.44,0.44,3761364.0,3761364.0,,,1620595208,17:20:08,20210509
59,2006-03-31,MOFG,USD,2006-03-31,2006-03-31,Q1,8229000.0,0.0,0.0,0.0,0.0,3147000.0,0.0,0.0,0.0,0.0,4488000.0,475000.0,0.0,0.0,0.0,0.35180459351075466,0.0,2895000.0,0.35180459351075466,976000.0,1919000.0,0.2331996597399441,0.52,0.51,3690385.0,3762745.0,,,1620595208,17:20:08,20210509
60,2005-12-31,MOFG,USD,2005-12-31,2005-12-31,Q4,7461520.922032,0.0,0.0,0.0,0.0,2685483.593515,0.0,0.0,0.0,0.0,4389496.323055,624230.206855,0.0,0.0,0.0,0.3329072785972344,0.0,2483994.62435,0.3329072785972344,833372.167032,1650622.457317,0.22121796274042815,0.0,0.0,0.0,0.0,,,1620595208,17:20:08,20210509
61,2005-09-30,MOFG,USD,2005-09-30,2005-09-30,Q3,6894000.0,0.0,0.0,0.0,0.0,2821000.0,0.0,0.0,0.0,0.0,3954000.0,661871.144938,0.0,0.0,0.0,0.25689004931824777,0.0,1771000.0,0.25689004931824777,590000.0,1181000.0,0.1713083841021178,0.267103,0.267103,4421515.0,4421515.0,,,1620595208,17:20:08,20210509
62,2005-06-30,MOFG,USD,2005-06-30,2005-06-30,Q2,7454000.0,0.0,0.0,0.0,0.0,2921000.0,0.0,0.0,0.0,0.0,3615000.0,729898.648207,0.0,0.0,0.0,0.3097665682854843,0.0,2309000.0,0.3097665682854843,778000.0,1531000.0,0.2053930775422592,0.334749,0.326584,4573576.0,4687921.0,,,1620595208,17:20:08,20210509
63,2005-03-31,MOFG,USD,2005-03-31,2005-03-31,Q1,7295000.0,0.0,0.0,0.0,0.0,2411000.0,0.0,0.0,0.0,0.0,3479000.0,749000.0,0.0,0.0,0.0,0.3621658670322138,0.0,2642000.0,0.3621658670322138,912000.0,1730000.0,0.2371487320082248,0.380212,0.371947,4550093.0,4651200.0,,,1620595208,17:20:08,20210509
64,2004-12-31,MOFG,USD,2004-12-31,2004-12-31,Q4,6901515.88579,0.0,0.0,0.0,0.0,2880708.227943,0.0,0.0,0.0,0.0,3407027.727781,0.0,0.0,0.0,0.0,0.27386198233819603,0.0,1890062.821621,0.27386198233819603,652441.598807,1237621.222813,0.1793259978378406,0.0,0.0,0.0,0.0,,,1620595208,17:20:08,20210509
65,2004-09-30,MOFG,USD,2004-09-30,2004-09-30,Q3,6808000.0,0.0,0.0,0.0,0.0,2247000.0,0.0,0.0,0.0,0.0,3369000.0,741573.957265,0.0,0.0,0.0,0.3576674500587544,0.0,2435000.0,0.3576674500587544,846000.0,1589000.0,0.23340188014101057,0.331872,0.32397,4787991.0,4787991.0,,,1620595208,17:20:08,20210509
66,2004-06-30,MOFG,USD,2004-06-30,2004-06-30,Q2,7180000.0,0.0,0.0,0.0,0.0,2597000.0,0.0,0.0,0.0,0.0,3300000.0,766183.953914,0.0,0.0,0.0,0.30821727019498607,0.0,2213000.0,0.30821727019498607,764000.0,1449000.0,0.20181058495821727,0.283423,0.275965,3772034.0,3772034.0,,,1620595208,17:20:08,20210509
67,2004-03-31,MOFG,USD,2004-03-31,2004-03-31,Q1,7410000.0,0.0,0.0,0.0,0.0,2822000.0,0.0,0.0,0.0,0.0,3304000.0,720000.0,0.0,0.0,0.0,0.32064777327935223,0.0,2376000.0,0.32064777327935223,818000.0,1558000.0,0.21025641025641026,0.311965,0.304356,3826058.0,3826058.0,,,1620595208,17:20:08,20210509
68,2003-12-31,MOFG,USD,2003-12-31,2003-12-31,Q4,7570472.447991,0.0,0.0,0.0,0.0,2852814.779207,0.0,0.0,0.0,0.0,3381055.924921,749412.433348,0.0,0.0,0.0,0.3487910793691247,0.0,2640513.256469,0.3487910793691247,837785.478157,1802727.778312,0.2381261923475325,0.0,0.0,0.0,0.0,,,1620595208,17:20:08,20210509
69,2003-09-30,MOFG,USD,2003-09-30,2003-09-30,Q3,6623000.0,0.0,0.0,0.0,0.0,2257000.0,0.0,0.0,0.0,0.0,3571000.0,700616.475767,0.0,0.0,0.0,0.3277970708138306,0.0,2171000.0,0.3277970708138306,769000.0,1402000.0,0.2116865468820776,0.274186,0.266775,3804612.0,3804612.0,,,1620595208,17:20:08,20210509
70,2003-06-30,MOFG,USD,2003-06-30,2003-06-30,Q2,6735000.0,0.0,0.0,0.0,0.0,2428000.0,0.0,0.0,0.0,0.0,3906000.0,724971.090885,0.0,0.0,0.0,0.32115812917594655,0.0,2163000.0,0.32115812917594655,776000.0,1387000.0,0.20593912397921307,0.264949,0.25759,3829417.0,3829417.0,,,1620595208,17:20:08,20210509
71,2003-03-31,MOFG,USD,2003-03-31,2003-03-31,Q1,6263000.0,0.0,0.0,0.0,0.0,2138000.0,0.0,0.0,0.0,0.0,3922000.0,678000.0,0.0,0.0,0.0,0.35542072489222415,0.0,2226000.0,0.35542072489222415,887000.0,1339000.0,0.21379530576401085,0.231143,0.224345,3878446.0,3878446.0,,,1620595208,17:20:08,20210509
72,2002-12-31,MOFG,USD,2002-12-31,2002-12-31,Q4,5933088.434517,0.0,0.0,0.0,0.0,2156135.345452,0.0,0.0,0.0,0.0,4021938.407738,0.0,0.0,0.0,0.0,0.3600052378329133,0.0,2135942.912952,0.3600052378329133,638623.074257,1497319.838694,0.2523676926814413,0.0,0.0,0.0,0.0,,,1620595208,17:20:08,20210509
73,2002-09-30,MOFG,USD,2002-09-30,2002-09-30,Q3,6088000.0,0.0,0.0,0.0,0.0,1766000.0,0.0,0.0,0.0,0.0,4212000.0,745091.347934,0.0,0.0,0.0,0.3733574244415243,0.0,2273000.0,0.3733574244415243,801000.0,1472000.0,0.24178712220762155,0.239566,0.233262,3920490.0,3920490.0,,,1620595208,17:20:08,20210509
74,2002-06-30,MOFG,USD,2002-06-30,2002-06-30,Q2,6226000.0,0.0,0.0,0.0,0.0,1978000.0,0.0,0.0,0.0,0.0,4367000.0,510198.813056,0.0,0.0,0.0,0.34853838740764537,0.0,2170000.0,0.34853838740764537,768000.0,1402000.0,0.22518470928364923,0.236702,0.230127,3875604.0,3875604.0,,,1620595208,17:20:08,20210509
75,2002-03-31,MOFG,USD,2002-03-31,2002-03-31,Q1,6050000.0,0.0,0.0,0.0,0.0,1711000.0,0.0,0.0,0.0,0.0,4424000.0,575000.0,0.0,0.0,0.0,0.36760330578512396,0.0,2224000.0,0.36760330578512396,807000.0,1417000.0,0.23421487603305785,0.231917,0.225649,3867594.0,3867594.0,,,1620595208,17:20:08,20210509
76,2001-12-31,MOFG,USD,2001-12-31,2001-12-31,Q4,5948852.885225,0.0,0.0,0.0,0.0,1896553.582752,0.0,0.0,0.0,0.0,4772089.410273,564065.313887,0.0,0.0,0.0,0.34896748769716507,0.0,2075956.246037,0.34896748769716507,779960.684845,1295995.561192,0.21785638108665087,0.0,0.0,0.0,0.0,,,1620595208,17:20:08,20210509
77,2001-09-30,MOFG,USD,2001-09-30,2001-09-30,Q3,6225000.0,0.0,0.0,0.0,0.0,1714000.0,0.0,0.0,0.0,0.0,5402000.0,520318.8949,0.0,0.0,0.0,0.2681124497991968,0.0,1669000.0,0.2681124497991968,582000.0,1087000.0,0.17461847389558233,0.170919,0.170919,3924406.0,3924406.0,,,1620595208,17:20:08,20210509
78,2001-06-30,MOFG,USD,2001-06-30,2001-06-30,Q2,5713000.0,0.0,0.0,0.0,0.0,1908000.0,0.0,0.0,0.0,0.0,5596000.0,401615.791212,0.0,0.0,0.0,0.2574829336600735,0.0,1471000.0,0.2574829336600735,492000.0,979000.0,0.17136355680028006,0.164734,0.158144,3972406.0,3972406.0,,,1620595208,17:20:08,20210509
79,2001-03-31,MOFG,USD,2001-03-31,2001-03-31,Q1,5067000.0,0.0,0.0,0.0,0.0,1635000.0,0.0,0.0,0.0,0.0,5646000.0,505000.0,0.0,0.0,0.0,0.2966252220248668,0.0,1503000.0,0.2966252220248668,511000.0,992000.0,0.19577659364515493,0.15877,0.15877,3971168.0,3971168.0,,,1620595208,17:20:08,20210509
80,2000-12-31,MOFG,USD,2000-12-31,2000-12-31,Q4,4766394.43557,0.0,0.0,0.0,0.0,1504522.896699,0.0,0.0,0.0,0.0,5741246.538871,693597.84345,0.0,0.0,0.0,0.26574343833999675,0.0,1266638.045793,0.26574343833999675,277550.985091,989087.060703,0.20751263330658826,0.0,0.0,0.0,0.0,,,1620595208,17:20:08,20210509
81,2000-09-30,MOFG,USD,2000-09-30,2000-09-30,Q3,4921000.0,0.0,0.0,0.0,0.0,1641000.0,0.0,0.0,0.0,0.0,5554000.0,331212.03401,0.0,0.0,0.0,0.272505588295062,0.0,1341000.0,0.272505588295062,414000.0,927000.0,0.1883763462710831,0.159508,0.159508,4280769.0,4280769.0,,,1620595208,17:20:08,20210509
82,2000-06-30,MOFG,USD,2000-06-30,2000-06-30,Q2,5034000.0,0.0,0.0,0.0,0.0,1594000.0,0.0,0.0,0.0,0.0,5178000.0,501190.12254,0.0,0.0,0.0,0.2912197059992054,0.0,1466000.0,0.2912197059992054,495000.0,971000.0,0.19288835915772745,0.161979,0.161979,4280769.0,4280769.0,,,1620595208,17:20:08,20210509
83,2000-03-31,MOFG,USD,2000-03-31,2000-03-31,Q1,5239000.0,0.0,0.0,0.0,0.0,1637000.0,0.0,0.0,0.0,0.0,4949000.0,495000.0,0.0,0.0,0.0,0.32162626455430426,0.0,1685000.0,0.32162626455430426,572000.0,1113000.0,0.2124451231150983,0.26,0.26,4280769.0,4280769.0,,,1620595208,17:20:08,20210509
84,1999-12-31,MOFG,USD,1999-12-31,1999-12-31,Q4,4892278.916475,0.0,0.0,0.0,0.0,1347075.844036,0.0,0.0,0.0,0.0,4901717.556212,439889.999591,0.0,0.0,0.0,0.10106283586366872,0.0,494427.581135,0.10106283586366872,170889.999591,323537.581544,0.06613228457896597,0.0,0.0,0.0,0.0,,,1620595208,17:20:08,20210509
85,1999-09-30,MOFG,USD,1999-09-30,1999-09-30,Q3,4396439.320686,0.0,0.0,0.0,0.0,1199028.967546,0.0,0.0,0.0,0.0,2797733.803642,402654.367747,0.0,0.0,0.0,0.38636368212559663,0.0,1698624.484182,0.38636368212559663,599514.483773,1099110.000409,0.25000003872167625,0.300196,0.290186,3661307.0,3787603.0,,,1620595208,17:20:08,20210509
86,1999-06-30,MOFG,USD,1999-06-30,1999-06-30,Q2,3780759.342545,0.0,0.0,0.0,0.0,1293417.991141,0.0,0.0,0.0,0.0,2785822.530644,396365.505555,0.0,0.0,0.0,-0.10526328065650034,0.0,-397975.131769,-0.10526328065650034,-99493.952529,-298481.17924,-0.07894741563716638,-0.090356,-0.090356,3303393.0,3303393.0,,,1620595208,17:20:08,20210509
87,1999-03-31,MOFG,USD,1999-03-31,1999-03-31,Q1,4501353.894684,0.0,0.0,0.0,0.0,1300390.992591,0.0,0.0,0.0,0.0,2700812.46935,300090.127106,0.0,0.0,0.0,0.42222228111114163,0.0,1900571.909502,0.42222228111114163,700210.73838,1200361.171122,0.2666666961110523,0.320806,0.310779,3741703.0,3862421.0,,,1620595208,17:20:08,20210509
88,1998-12-31,MOFG,USD,1998-12-31,1998-12-31,Q4,4167815.918768,0.0,0.0,0.0,0.0,1291466.098919,0.0,0.0,0.0,0.0,2781225.679659,497805.437275,0.0,0.0,0.0,0.3084624729515467,0.0,1285614.80511,0.3084624729515467,494879.79037,790735.01474,0.1897240737478972,0.0,0.0,0.0,0.0,,,1620595208,17:20:08,20210509
89,1998-09-30,MOFG,USD,1998-09-30,1998-09-30,Q3,4109996.724533,0.0,0.0,0.0,0.0,1202925.646905,0.0,0.0,0.0,0.0,2606339.338356,401908.673405,0.0,0.0,0.0,0.3658536701994218,0.0,1503657.386178,0.3658536701994218,501219.128726,1002438.257452,0.24390244679961454,0.269951,0.259954,3713410.0,3856212.0,,,1620595208,17:20:08,20210509
90,1998-06-30,MOFG,USD,1998-06-30,1998-06-30,Q2,4502572.323191,0.0,0.0,0.0,0.0,1200686.134368,0.0,0.0,0.0,0.0,2501428.765911,200509.911863,0.0,0.0,0.0,0.48888896279803784,0.0,2201257.913008,0.48888896279803784,800457.422912,1400800.490096,0.3111111581442059,0.370363,0.350344,3782239.0,3998360.0,,,1620595208,17:20:08,20210509
91,1998-03-31,MOFG,USD,1998-03-31,1998-03-31,Q1,4496638.957379,0.0,0.0,0.0,0.0,1199103.909827,0.0,0.0,0.0,0.0,2498132.441,299775.977457,0.0,0.0,0.0,0.48888896548153776,0.0,2198357.168017,0.48888896548153776,799402.606552,1398954.561465,0.3111111598518068,0.390722,0.370687,3580434.0,3773952.0,,,1620595208,17:20:08,20210509
92,1997-12-31,MOFG,USD,1997-12-31,1997-12-31,Q4,4103341.537571,0.0,0.0,0.0,0.0,1300815.115101,0.0,0.0,0.0,0.0,2401874.909512,200162.878239,0.0,0.0,0.0,0.4146937842293994,0.0,1701630.230201,0.4146937842293994,500570.43579,1201059.794411,0.2927028577596725,0.0,0.0,0.0,0.0,,,1620595208,17:20:08,20210509
93,1997-09-30,MOFG,USD,1997-09-30,1997-09-30,Q3,4198858.404517,0.0,0.0,0.0,0.0,999728.536268,0.0,0.0,0.0,0.0,2399348.487042,99959.532307,0.0,0.0,0.0,0.45238102216392795,0.0,1899483.856957,0.45238102216392795,699809.613436,1199674.243521,0.2857143842313016,0.570559,0.570559,3663827.0,3663827.0,,,1620595208,17:20:08,20210509
94,1997-06-30,MOFG,USD,1997-06-30,1997-06-30,Q2,3899046.066927,0.0,0.0,0.0,0.0,999755.178908,0.0,0.0,0.0,0.0,2299437.201217,299187.684388,0.0,0.0,0.0,0.4871796014990669,0.0,1899535.709112,0.4871796014990669,699829.059829,1199706.649283,0.30769235056218214,0.339744,0.339744,3531212.0,3531212.0,,,1620595208,17:20:08,20210509
95,1997-03-31,MOFG,USD,1997-03-31,1997-03-31,Q1,4214482.208856,0.0,0.0,0.0,0.0,1003448.075948,0.0,0.0,0.0,0.0,2207586.056961,200689.905066,0.0,0.0,0.0,0.5238093846098447,0.0,2207585.33227,0.5238093846098447,802758.170882,1404827.161389,0.33333327601597196,0.370411,0.370411,3792618.0,3792618.0,,,1620595208,17:20:08,20210509
96,1996-12-31,MOFG,USD,1996-12-31,1996-12-31,Q4,4605891.93951,0.0,0.0,0.0,0.0,1201392.600206,0.0,0.0,0.0,0.0,2303321.098223,600321.538687,0.0,0.0,0.0,0.36969716675379743,0.0,1702785.200411,0.36969716675379743,600963.881956,1101821.318455,0.2392199671476048,0.0,0.0,0.0,0.0,,,1620595208,17:20:08,20210509
97,1996-09-30,MOFG,USD,1996-09-30,1996-09-30,Q3,3997857.142857,0.0,0.0,0.0,0.0,999464.102188,0.0,0.0,0.0,0.0,2398714.579357,475.854591,0.0,0.0,0.0,0.42499992195938624,0.0,1699088.973719,0.42499992195938624,599678.461313,1099410.512406,0.27499994950302925,0.300022,0.300022,3664433.0,3664433.0,,,1620595208,17:20:08,20210509
98,1996-06-30,MOFG,USD,1996-06-30,1996-06-30,Q2,3695080.910888,0.0,0.0,0.0,0.0,798936.076737,0.0,0.0,0.0,0.0,1897474.555173,300027.991902,0.0,0.0,0.0,0.5405406101651506,0.0,1997341.290181,0.5405406101651506,699069.34173,1298271.948451,0.3513514263315549,0.339979,0.339979,3818677.0,3818677.0,,,1620595208,17:20:08,20210509
99,1996-03-31,MOFG,USD,1996-03-31,1996-03-31,Q1,3290920.029347,0.0,0.0,0.0,0.0,897523.844461,0.0,0.0,0.0,0.0,1894772.560528,299174.61482,0.0,0.0,0.0,0.45454555588147133,0.0,1495873.074101,0.45454555588147133,498624.358034,997248.716067,0.3030303705875462,0.259897,0.259897,3837088.0,3837088.0,,,1620595208,17:20:08,20210509
100,1995-12-31,MOFG,USD,1995-12-31,1995-12-31,Q4,3333590.977345,0.0,0.0,0.0,0.0,908751.928737,0.0,0.0,0.0,0.0,1918977.06003,302917.80144,0.0,0.0,0.0,0.4846679589674176,0.0,1615684.735022,0.4846679589674176,505488.198201,1110196.536821,0.3330332198418665,0.0,0.0,0.0,0.0,,,1620595208,17:20:08,20210509
101,1995-09-30,MOFG,USD,1995-09-30,1995-09-30,Q3,2788694.877506,0.0,0.0,0.0,0.0,796769.858946,0.0,0.0,0.0,0.0,1892328.87899,397233.502588,0.0,0.0,0.0,0.5,0.0,1394347.438753,0.5,497981.440238,896365.998515,0.32142849536721013,0.229993,0.229993,3897369.0,3897369.0,,,1620595208,17:20:08,20210509
102,1995-06-30,MOFG,USD,1995-06-30,1995-06-30,Q2,3396057.209404,0.0,0.0,0.0,0.0,799071.984861,0.0,0.0,0.0,0.0,1698028.968629,200051.041274,0.0,0.0,0.0,0.5000001071616222,0.0,1698028.968629,0.5000001071616222,599304.170609,1098724.79802,0.3235295315336645,0.299993,0.299993,3662505.0,3662505.0,,,1620595208,17:20:08,20210509
103,1995-03-31,MOFG,USD,1995-03-31,1995-03-31,Q1,2992276.161962,0.0,0.0,0.0,0.0,797940.547476,0.0,0.0,0.0,0.0,1595881.094953,199485.315084,0.0,0.0,0.0,0.40000000000006686,0.0,1196910.464785,0.40000000000006686,398969.917308,797940.547476,0.266666746077608,0.219989,0.219989,3627191.0,3627191.0,,,1620595208,17:20:08,20210509
104,1994-12-31,MOFG,USD,1994-12-31,1994-12-31,Q4,2691227.884699,0.0,0.0,0.0,0.0,697558.013876,0.0,0.0,0.0,0.0,1395852.461248,-100582.168876,0.0,0.0,0.0,0.40736567460604217,0.0,1096313.862769,0.40736567460604217,298803.590093,797510.272676,0.2963369535557549,0.20943021866491598,0.20943021866491598,3808000.0,3808000.0,,,1620595208,17:20:08,20210509
105,1994-09-30,MOFG,USD,1994-09-30,1994-09-30,Q3,2401363.195945,0.0,0.0,0.0,0.0,700397.257211,0.0,0.0,0.0,0.0,1400795.259745,0.0,0.0,0.0,0.0,0.2916665244115125,0.0,700397.257211,0.2916665244115125,200113.289111,500283.9681,0.20833332040100874,0.209943,0.209943,3808000.0,3808000.0,,,1620595208,17:20:08,20210509
