,date,symbol,reportedCurrency,fillingDate,acceptedDate,period,revenue,costOfRevenue,grossProfit,grossProfitRatio,researchAndDevelopmentExpenses,generalAndAdministrativeExpenses,sellingAndMarketingExpenses,otherExpenses,operatingExpenses,costAndExpenses,interestExpense,depreciationAndAmortization,ebitda,ebitdaratio,operatingIncome,operatingIncomeRatio,totalOtherIncomeExpensesNet,incomeBeforeTax,incomeBeforeTaxRatio,incomeTaxExpense,netIncome,netIncomeRatio,eps,epsdiluted,weightedAverageShsOut,weightedAverageShsOutDil,link,finalLink,timestamp,est_time,est_date
0,2021-03-31,FRTA,USD,2021-04-29,2021-04-28 19:21:18,Q1,368114000,285850000,82264000,0.22347424982478253,0.0,-55044000.0,0.0,0.0,-55044.0,230806.0,18346000,20462000.0,20474119.0,0.05561896314728589,12119.0,3.2921866595674166e-05,12119.0,23175000.0,0.06295604079171126,-4499.0,18676000.0,0.05073428340133763,0.2858454756948696,0.27178136414569903,65336000,68717000,https://www.sec.gov/Archives/edgar/data/1678463/000167846321000044/0001678463-21-000044-index.htm,https://www.sec.gov/Archives/edgar/data/1678463/000167846321000010/frta-20201231.htm,1620592261,16:31:01,20210509
1,2020-12-31,FRTA,USD,2021-02-25,2021-02-24 21:07:21,Q4,379887000,293808000,86079000,0.22659106523782072,0.0,-221770000.0,0.0,0.0,-386790000.0,-92982000.0,19388000,22225000.0,-101940000.0,-0.26834295461545143,-124165000.0,-0.32684719403401535,7148.0,13613000.0,0.03583434021169453,-25917000.0,22610000.0,0.059517698684082375,0.34605730378351907,0.3290306619904827,65336000,68717000,https://www.sec.gov/Archives/edgar/data/1678463/000167846321000010/0001678463-21-000010-index.htm,https://www.sec.gov/Archives/edgar/data/1678463/000167846321000010/frta-20201231.htm,1620592261,16:31:01,20210509
2,2020-09-30,FRTA,USD,2020-10-29,2020-10-28 18:44:49,Q3,457557000,331284000,126273000,0.2759721739586543,0.0,0.0,0.0,0.0,56826000.0,388110000.0,20055000,22364000.0,91811000.0,0.20065478180860527,69447000.0,0.1517778112890853,-10641000.0,38751000.0,0.08469108766776598,9924000.0,28827000.0,0.06300198663773038,0.44,0.42,65336000,68717000,https://www.sec.gov/Archives/edgar/data/1678463/000167846320000125/0001678463-20-000125-index.htm,https://www.sec.gov/Archives/edgar/data/1678463/000167846320000125/frta-20200930.htm,1620592261,16:31:01,20210509
3,2020-06-30,FRTA,USD,2020-07-28,2020-07-27 20:13:33,Q2,426186000,320607000,105579000,0.24772986442539174,0.0,0.0,0.0,0.0,54284000.0,374891000.0,19702000,22406000.0,73701000.0,0.17293153693457786,51295000.0,0.12035824733801674,2977000.0,34570000.0,0.08111481841261796,7455000.0,27115000.0,0.06362245592300075,0.42,0.4,65093000,67191000,https://www.sec.gov/Archives/edgar/data/1678463/000167846320000098/0001678463-20-000098-index.htm,https://www.sec.gov/Archives/edgar/data/1678463/000167846320000098/a2020frtaq2630202010q.htm,1620592261,16:31:01,20210509
4,2020-03-31,FRTA,USD,2020-04-30 00:00:00,2020-04-29 20:55:20,Q1,330876000,272134000,58742000,0.17753478644567752,0.0,0.0,0.0,0.0,53910000.0,326044000.0,20745000,22501000.0,27333000.0,0.08260798607333261,4832000.0,0.014603658168014604,1925000.0,-13988000.0,-0.042275656137042275,78000.0,-14066000.0,-0.04251139399654251,-0.22,-0.22,64804000,64804000,https://www.sec.gov/Archives/edgar/data/1678463/000167846320000064/0001678463-20-000064-index.html,https://www.sec.gov/Archives/edgar/data/1678463/000167846320000064/a2020frtaq1331202010q.htm,1620592261,16:31:01,20210509
5,2019-12-31,FRTA,USD,2020-02-27 00:00:00,2020-02-26 21:57:28,Q4,363149000,296550000,66599000,0.18339304252524447,0.0,0.0,0.0,0.0,56429000.0,352979000.0,21250000,24304000.0,34474000.0,0.09493073091210495,10170000.0,0.028005033746478718,644000.0,-10436000.0,-0.028737515455088684,-2760000.0,-7676000.0,-0.021137329305601832,-0.12,-0.12,64572000,64572000,https://www.sec.gov/Archives/edgar/data/1678463/000167846320000011/0001678463-20-000011-index.html,https://www.sec.gov/Archives/edgar/data/1678463/000167846320000011/frtaq41231201910k.htm,1620592261,16:31:01,20210509
6,2019-09-30,FRTA,USD,2019-11-05 00:00:00,2019-11-05 16:50:46,Q3,464526000,362362000,102164000,0.2199317153399379,0.0,0.0,0.0,0.0,54419000.0,416781000.0,23272000,24172000.0,71917000.0,0.15481802956131627,47745000.0,0.10278219087844383,3854000.0,28327000.0,0.06098044027675523,5897000.0,22430000.0,0.04828577948274155,0.35,0.34,64210000,64998000,https://www.sec.gov/Archives/edgar/data/1678463/000167846319000111/0001678463-19-000111-index.html,https://www.sec.gov/Archives/edgar/data/1678463/000167846319000111/a2019frtaq3930201910q.htm,1620592261,16:31:01,20210509
7,2019-06-30,FRTA,USD,2019-08-06 00:00:00,2019-08-05 18:52:56,Q2,410219000,324405000,85814000,0.20919070057700886,0.0,0.0,0.0,0.0,59016000.0,383421000.0,25783000,24390000.0,51188000.0,0.12478212857034901,26798000.0,0.06532608192209527,2820000.0,3835000.0,0.00934866498138799,881000.0,2954000.0,0.007201031644073044,0.04605406753765084,0.045824025812856786,64142000,64464000,https://www.sec.gov/Archives/edgar/data/1678463/000167846319000075/0001678463-19-000075-index.html,https://www.sec.gov/Archives/edgar/data/1678463/000167846319000075/a2019frtaq2630201910q.htm,1620592261,16:31:01,20210509
8,2019-03-31,FRTA,USD,2019-05-07 00:00:00,2019-05-07 15:48:58,Q1,291858000,250053000,41805000,0.14323746479452337,0.0,0.0,0.0,0.0,50812000.0,300865000.0,24665000,24392000.0,15385000.0,0.05271399105044234,-9007000.0,-0.03086089810798402,1336000.0,-32336000.0,-0.11079360510933399,-7297000.0,-25039000.0,-0.08579172063126589,-0.39,-0.39,64004000,64004000,https://www.sec.gov/Archives/edgar/data/1678463/000167846319000045/0001678463-19-000045-index.html,https://www.sec.gov/Archives/edgar/data/1678463/000167846319000045/a2019frtaq1331201910q.htm,1620592261,16:31:01,20210509
9,2018-12-31,FRTA,USD,2019-03-12 00:00:00,2019-03-12 09:09:24,Q4,339155000,280400000,58755000,0.17323937432737244,0.0,0.0,0.0,0.0,59868000.0,340268000.0,25344000,26050000.0,24937000.0,0.07352685350356032,-1113000.0,-0.0032816853650985537,6239000.0,-20218000.0,-0.05961286137606699,-3266000.0,-16952000.0,-0.04998304609986584,-0.27,-0.27,63965000,63965000,https://www.sec.gov/Archives/edgar/data/1678463/000167846319000017/0001678463-19-000017-index.html,https://www.sec.gov/Archives/edgar/data/1678463/000167846319000017/frtaq41231201810k.htm,1620592261,16:31:01,20210509
10,2018-09-30,FRTA,USD,2018-11-07 00:00:00,2018-11-06 17:40:34,Q3,434510000,357374000,77136000,0.1775241076154749,0.0,0.0,0.0,0.0,46954000.0,404328000.0,21940000,25924000.0,56106000.0,0.12912476122528826,30182000.0,0.06946215276978665,54000.0,8296000.0,0.019092771167522036,2793000.0,5503000.0,0.012664840855216221,0.0860933368794881,0.08562448458821516,63919000,64269000,https://www.sec.gov/Archives/edgar/data/1678463/000167846318000087/0001678463-18-000087-index.html,https://www.sec.gov/Archives/edgar/data/1678463/000167846318000087/a2018frtaq3930201810q.htm,1620592261,16:31:01,20210509
11,2018-06-30,FRTA,USD,2018-08-09 00:00:00,2018-08-08 18:07:04,Q2,416087000,340774000,75313000,0.181003011389445,0.0,0.0,0.0,0.0,46727000.0,387501000.0,17745000,26037000.0,54623000.0,0.13127783372227442,28586000.0,0.0687019781920608,3396000.0,14237000.0,0.034216401858265216,7243000.0,6994000.0,0.016808984659458237,0.10946426056062479,0.10892554003332866,63893000,64209000,https://www.sec.gov/Archives/edgar/data/1678463/000167846318000076/0001678463-18-000076-index.html,https://www.sec.gov/Archives/edgar/data/1678463/000167846318000076/a2018frtaq2630201810q.htm,1620592261,16:31:01,20210509
12,2018-03-31,FRTA,USD,2018-05-08 00:00:00,2018-05-08 17:15:07,Q1,289960000,255595000,34365000,0.11851634708235619,0.0,0.0,0.0,6016000.0,51072000.0,306667000.0,13308000,27412000.0,10705000.0,0.03691888536349841,-16707000.0,-0.05761829217823148,6420000.0,-23595000.0,-0.0813732928679818,-3685000.0,-19910000.0,-0.06866464339908952,-0.31,-0.31,63838000,63838000,https://www.sec.gov/Archives/edgar/data/1678463/000167846318000037/0001678463-18-000037-index.html,https://www.sec.gov/Archives/edgar/data/1678463/000167846318000037/a2018frtaq1331201810q.htm,1620592261,16:31:01,20210509
13,2017-12-31,FRTA,USD,2018-03-07 00:00:00,2018-03-07 17:30:46,Q4,361169000,304731000,56438000,0.15626479570505775,0.0,0.0,0.0,45131000.0,61017000.0,365748000.0,13206000,28196000.0,23617000.0,0.06539044048630974,-4579000.0,-0.012678275267257157,45719000.0,27934000.0,0.07734329358278258,-15224000.0,43158000.0,0.11949530552179173,0.676203,0.67,63824000,63952000,https://www.sec.gov/Archives/edgar/data/1678463/000167846318000019/0001678463-18-000019-index.html,https://www.sec.gov/Archives/edgar/data/1678463/000167846318000019/frtaq41231201710k.htm,1620592261,16:31:01,20210509
14,2017-09-30,FRTA,USD,2017-11-09 00:00:00,2017-11-09 17:11:30,Q3,444257000,362150000,82107000,0.1848186972855802,0.0,0.0,0.0,-30866000.0,57358000.0,419508000.0,15582000,29158000.0,53907000.0,0.12134192595727247,24749000.0,0.05570874516327261,-29123000.0,-19956000.0,-0.04491994498679818,-8454000.0,-11502000.0,-0.025890419284333166,-0.18,-0.18,63799000,63799000,https://www.sec.gov/Archives/edgar/data/1678463/000167846317000114/0001678463-17-000114-index.html,https://www.sec.gov/Archives/edgar/data/1678463/000167846317000114/frtaq3930201710q.htm,1620592261,16:31:01,20210509
15,2017-06-30,FRTA,USD,2017-08-10 00:00:00,2017-08-10 17:02:18,Q2,436685000,361089000,75596000,0.17311334256958677,0.0,0.0,0.0,0.0,65287000.0,426376000.0,17078000,28501000.0,38810000.0,0.08887413123876478,10309000.0,0.023607405795939864,-8034000.0,-14803000.0,-0.033898576777310875,-3630000.0,-11173000.0,-0.025585948681543905,-0.18,-0.18,63792743,63792743,https://www.sec.gov/Archives/edgar/data/1678463/000167846317000063/0001678463-17-000063-index.html,https://www.sec.gov/Archives/edgar/data/1678463/000167846317000063/frtaq2630201710q.htm,1620592261,16:31:01,20210509
16,2017-03-31,FRTA,USD,2017-05-15 00:00:00,2017-05-15 07:21:52,Q1,338302000,299335000,38967000,0.11518406630761864,0.0,0.0,0.0,0.0,63294000.0,362629000.0,13542000,29804000.0,5477000.0,0.016189676679416617,-24327000.0,-0.07190912261825233,1962000.0,-35907000.0,-0.10613889365123469,-13364000.0,-22543000.0,-0.06663572784080496,-0.35,-0.35,63789474,63789474,https://www.sec.gov/Archives/edgar/data/1678463/000167846317000045/0001678463-17-000045-index.html,https://www.sec.gov/Archives/edgar/data/1678463/000167846317000045/a2017q1forterra10-qdocument.htm,1620592261,16:31:01,20210509
17,2016-12-31,FRTA,USD,2017-03-31 00:00:00,2017-03-31 17:25:35,Q4,243675000,203014000,40661000,0.16686570226736433,0.0,0.0,0.0,546000.0,45588000.0,248602000.0,51163000,28824000.0,23897000.0,0.09806914948189187,-4927000.0,-0.02021955473479019,-19435000.0,-75525000.0,-0.30994152046783624,-23314000.0,-48727000.0,-0.19996716938545192,-0.762263,-0.762263,63924124,63924124,https://www.sec.gov/Archives/edgar/data/1678463/000167846317000031/0001678463-17-000031-index.html,https://www.sec.gov/Archives/edgar/data/1678463/000167846317000031/a20161231forterra10-kdocum.htm,1620592261,16:31:01,20210509
18,2016-09-30,FRTA,USD,2016-09-30,2016-09-30,Q3,480145000,371123000,109022000,0.22706057545116579,0.0,0.0,0.0,-216000.0,64119000.0,435242000.0,31756000,30629000.0,75532000.0,0.15731081235876662,44903000.0,0.09351966593424903,3375000.0,16522000.0,0.034410438513365754,8154000.0,8368000.0,0.01742806860427579,0.131182,0.131182,63789474,63789474,,,1620592261,16:31:01,20210509
19,2016-06-30,FRTA,USD,2016-06-30,2016-06-30,Q2,381723000,298632000,83091000,0.21767354862033464,0.0,0.0,0.0,-1177000.0,54944000.0,353576000.0,24839000,26661000.0,54808000.0,0.14358055448584445,28147000.0,0.07373671484296204,2365000.0,5673000.0,0.014861561917935256,-26173000.0,36689000.0,0.09611419799173747,0.575158,0.575158,63789474,63789474,,,1620592261,16:31:01,20210509
20,2016-03-31,FRTA,USD,2016-03-31,2016-03-31,Q1,186996000,151305000,35691000,0.19086504524160944,0.0,0.0,0.0,0.0,32435000.0,183740000.0,17290000,13759000.0,17015000.0,0.09099125114975722,3256000.0,0.017412137158014075,1305000.0,-12729000.0,-0.06807097478020921,-10567000.0,-3936000.0,-0.021048578579220947,-0.061703,-0.061703,63789474,63919754,,,1620592261,16:31:01,20210509
21,2015-12-31,FRTA,USD,2015-12-31,2015-12-31,Q4,229934000,201954000,27980000,0.12168709281793906,0.0,0.0,0.0,-186000.0,42995000.0,244949000.0,17280000,12557000.0,-2458000.0,-0.010690024093870414,-15015000.0,-0.06530134734315064,663000.0,-31632000.0,-0.1375699113658702,1470000.0,-33102000.0,-0.14396305026659825,-0.5189257400053181,-0.5189257400053181,63789474,63789474,,,1620592261,16:31:01,20210509
22,2015-09-30,FRTA,USD,2015-09-30,2015-09-30,Q3,241415000,196139000,45276000,0.18754427024004308,0.0,0.0,0.0,0.0,46740000.0,242879000.0,13122000,9313000.0,7849000.0,0.03251247851210571,-1464000.0,-0.006064246215023921,2348000.0,-12238000.0,-0.050692790423130296,2729000.0,-14967000.0,-0.061996976161381855,-0.234631,-0.234631,63789474,63919754,,,1620592261,16:31:01,20210509
23,2015-06-30,FRTA,USD,2015-06-30,2015-06-30,Q2,251315000,228405000,22910000,0.09116049579213338,0.0,0.0,0.0,-140000.0,43786000.0,272191000.0,15551000,11060000.0,-9816000.0,-0.03905855201639377,-20876000.0,-0.0830670672263892,3289000.0,-33138000.0,-0.13185842468615086,1579000.0,-34717000.0,-0.1381413763603446,-0.544243,-0.544243,63789474,63919754,,,1620592261,16:31:01,20210509
