,date,symbol,reportedCurrency,fillingDate,acceptedDate,period,revenue,costOfRevenue,grossProfit,grossProfitRatio,researchAndDevelopmentExpenses,generalAndAdministrativeExpenses,sellingAndMarketingExpenses,otherExpenses,operatingExpenses,costAndExpenses,interestExpense,depreciationAndAmortization,ebitda,ebitdaratio,operatingIncome,operatingIncomeRatio,totalOtherIncomeExpensesNet,incomeBeforeTax,incomeBeforeTaxRatio,incomeTaxExpense,netIncome,netIncomeRatio,eps,epsdiluted,weightedAverageShsOut,weightedAverageShsOutDil,link,finalLink,timestamp,est_time,est_date
0,2020-12-31,AGO,USD,2021-02-26,2021-02-26 09:00:26,Q4,353000000.0,0.0,0.0,0.0,0.0,61000000.0,0.0,0.0,0.0,203000000,21000000.0,0.0,0.0,0.0,0.0,0.49291784702549574,0.0,174000000,0.49291784702549574,25000000.0,148000000,0.4192634560906516,1.7128090083939909,1.7128090083939909,86407766,86407766,https://www.sec.gov/Archives/edgar/data/1273813/000127381321000004/0001273813-21-000004-index.htm,https://www.sec.gov/Archives/edgar/data/1273813/000127381321000004/ago-20201231.htm,1620586324,14:52:04,20210509
1,2020-09-30,AGO,USD,2020-11-06,2020-11-06 09:18:00,Q3,268000000.0,0.0,268000000.0,1.0,0.0,57000000.0,0.0,41000000.0,41000000.0,41000000,-21000000.0,0.0,72000000.0,0.26865671641791045,72000000.0,0.26865671641791045,5000000.0,72000000,0.26865671641791045,-10000000.0,89000000,0.332089552238806,1.03,1.02,86407766,87000000,https://www.sec.gov/Archives/edgar/data/1273813/000127381320000040/0001273813-20-000040-index.htm,https://www.sec.gov/Archives/edgar/data/1273813/000127381320000040/ago-20200930.htm,1620586324,14:52:04,20210509
2,2020-06-30,AGO,USD,2020-08-07,2020-08-07 08:58:05,Q2,170000000.0,0.0,170000000.0,1.0,0.0,46000000.0,0.0,22000000.0,113000000.0,113000000,21000000.0,0.0,238000000.0,1.4,243000000.0,1.4294117647058824,2000000.0,222000000,1.3058823529411765,34000000.0,183000000,1.076470588235294,2.10345,2.10345,87000000,87000000,https://www.sec.gov/Archives/edgar/data/1273813/000127381320000032/0001273813-20-000032-index.htm,https://www.sec.gov/Archives/edgar/data/1273813/000127381320000032/gaapago-06x30x2020x10q.htm,1620586324,14:52:04,20210509
3,2020-03-31,AGO,USD,2020-05-08,2020-05-08 09:06:37,Q1,80000000.0,0.0,80000000.0,1.0,0.0,64000000.0,0.0,22000000.0,125000000.0,125000000,22000000.0,0.0,-37000000.0,-0.4625,-36000000.0,-0.45,7000000.0,-62000000,-0.775,-4000000.0,-55000000,-0.6875,-0.59395,-0.59395,92600000,92600000,https://www.sec.gov/Archives/edgar/data/1273813/000127381320000017/0001273813-20-000017-index.htm,https://www.sec.gov/Archives/edgar/data/1273813/000127381320000006/ago-12312019x10k.htm,1620586324,14:52:04,20210509
4,2019-12-31,AGO,USD,2020-02-28,2020-02-28 09:11:53,Q4,163000000.0,0.0,163000000.0,1.0,0.0,60000000.0,0.0,-86000000.0,124000000.0,124000000,22000000.0,0.0,160000000.0,0.981595,159000000.0,0.9754601226993865,-10000000.0,138000000,0.8466257668711656,2000000.0,136000000,0.8343558282208589,1.41667,1.41667,96000000,96000000,https://www.sec.gov/Archives/edgar/data/1273813/000127381320000006/0001273813-20-000006-index.htm,https://www.sec.gov/Archives/edgar/data/1273813/000127381320000006/ago-12312019x10k.htm,1620586324,14:52:04,20210509
5,2019-09-30,AGO,USD,2019-11-08,2019-11-08 08:50:57,Q3,97000000.0,0.0,97000000.0,1.0,0.0,0.0,0.0,65000000.0,110000000.0,110000000,22000000.0,0.0,108000000.0,1.113402,108000000.0,1.1134020618556701,-8000000.0,86000000,0.8865979381443299,17000000.0,69000000,0.711340206185567,0.69767,0.69767,98900000,98900000,https://www.sec.gov/Archives/edgar/data/1273813/000127381319000050/0001273813-19-000050-index.htm,https://www.sec.gov/Archives/edgar/data/1273813/000127381319000050/gaapago-09x30x2019x10q.htm,1620586324,14:52:04,20210509
6,2019-06-30,AGO,USD,2019-08-08,2019-08-08 08:30:20,Q2,156000000.0,0.0,156000000.0,1.0,0.0,0.0,0.0,60000000.0,67000000.0,67000000,22000000.0,0.0,204000000.0,1.307692,203000000.0,1.3012820512820513,14000000.0,182000000,1.1666666666666667,40000000.0,142000000,0.9102564102564102,1.39352,1.39352,101900000,101900000,https://www.sec.gov/Archives/edgar/data/1273813/000127381319000038/0001273813-19-000038-index.htm,https://www.sec.gov/Archives/edgar/data/1273813/000127381319000038/gaapago-06x30x2019x10q.htm,1620586324,14:52:04,20210509
7,2019-03-31,AGO,USD,2019-05-10,2019-05-10 08:47:03,Q1,131000000.0,0.0,131000000.0,1.0,0.0,0.0,0.0,64000000.0,132000000.0,132000000,23000000.0,0.0,81000000.0,0.618321,79000000.0,0.6030534351145038,8000000.0,58000000,0.44274809160305345,4000000.0,54000000,0.4122137404580153,0.51923,0.51923,104000000,104000000,https://www.sec.gov/Archives/edgar/data/1273813/000127381319000025/0001273813-19-000025-index.htm,https://www.sec.gov/Archives/edgar/data/1273813/000127381319000004/ago-12312018x10k.htm,1620586324,14:52:04,20210509
8,2018-12-31,AGO,USD,2019-03-01,2019-03-01 09:03:02,Q4,123000000.0,0.0,123000000.0,1.0,0.0,0.0,0.0,65000000.0,109000000.0,109000000,23000000.0,0.0,128000000.0,1.04065,124000000.0,1.008130081300813,-19000000.0,101000000,0.8211382113821138,17000000.0,88000000,0.7154471544715447,0.82629,0.82629,106500000,106500000,https://www.sec.gov/Archives/edgar/data/1273813/000127381319000004/0001273813-19-000004-index.htm,https://www.sec.gov/Archives/edgar/data/1273813/000127381319000004/ago-12312018x10k.htm,1620586324,14:52:04,20210509
9,2018-09-30,AGO,USD,2018-11-09,2018-11-09 08:59:43,Q3,162000000.0,0.0,162000000.0,1.0,0.0,0.0,0.0,56000000.0,85000000.0,85000000,23000000.0,0.0,198000000.0,1.222222,198000000.0,1.2222222222222223,1000000.0,175000000,1.0802469135802468,14000000.0,161000000,0.9938271604938271,1.47301,1.47301,109300000,109300000,https://www.sec.gov/Archives/edgar/data/1273813/000127381318000039/0001273813-18-000039-index.htm,https://www.sec.gov/Archives/edgar/data/1273813/000127381318000039/gaapago-09x30x2018x10q.htm,1620586324,14:52:04,20210509
10,2018-06-30,AGO,USD,2018-08-02,2018-08-02 09:15:08,Q2,76000000.0,0.0,76000000.0,1.0,0.0,0.0,0.0,62000000.0,113000000.0,113000000,24000000.0,0.0,111000000.0,1.460526,111000000.0,1.4605263157894737,-1000000.0,87000000,1.144736842105263,12000000.0,75000000,0.9868421052631579,0.6643,0.6643,112900000,112900000,https://www.sec.gov/Archives/edgar/data/1273813/000127381318000030/0001273813-18-000030-index.htm,https://www.sec.gov/Archives/edgar/data/1273813/000127381318000030/gaapago-06x30x2018x10q.htm,1620586324,14:52:04,20210509
11,2018-03-31,AGO,USD,2018-05-04,2018-05-04 08:59:50,Q1,163000000.0,0.0,163000000.0,1.0,0.0,0.0,0.0,65000000.0,60000000.0,60000000,24000000.0,0.0,241000000.0,1.478528,241000000.0,1.478527607361963,-3000000.0,217000000,1.3312883435582823,20000000.0,197000000,1.2085889570552146,1.68954,1.68954,116600000,116600000,https://www.sec.gov/Archives/edgar/data/1273813/000127381318000020/0001273813-18-000020-index.htm,https://www.sec.gov/Archives/edgar/data/1273813/000127381318000004/ago-12312017x10k.htm,1620586324,14:52:04,20210509
12,2017-12-31,AGO,USD,2018-02-23,2018-02-23 09:15:09,Q4,194000000.0,0.0,194000000.0,1.0,0.0,0.0,0.0,61000000.0,115000000.0,115000000,24000000.0,0.0,119000000.0,0.613402,180000000.0,0.9278350515463918,388000000.0,156000000,0.8041237113402062,43000000.0,52000000,0.26804123711340205,0.43808,0.43808,118700000,118700000,https://www.sec.gov/Archives/edgar/data/1273813/000127381318000004/0001273813-18-000004-index.htm,https://www.sec.gov/Archives/edgar/data/1273813/000127381318000004/ago-12312017x10k.htm,1620586324,14:52:04,20210509
13,2017-09-30,AGO,USD,2017-11-03,2017-11-03 09:06:10,Q3,459000000.0,0.0,459000000.0,1.0,0.0,0.0,0.0,58000000.0,299000000.0,299000000,24000000.0,0.0,337000000.0,0.734205,337000000.0,0.7342047930283224,-7000000.0,313000000,0.681917211328976,105000000.0,208000000,0.4531590413943355,1.72328,1.72328,120700000,120700000,https://www.sec.gov/Archives/edgar/data/1273813/000127381317000045/0001273813-17-000045-index.htm,https://www.sec.gov/Archives/edgar/data/1273813/000127381317000045/gaapago-09x30x2017x10q.htm,1620586324,14:52:04,20210509
14,2017-06-30,AGO,USD,2017-08-03,2017-08-03 09:00:34,Q2,198000000.0,0.0,198000000.0,1.0,0.0,0.0,0.0,57000000.0,140000000.0,140000000,25000000.0,0.0,175000000.0,0.883838,175000000.0,0.8838383838383839,5000000.0,150000000,0.7575757575757576,-3000000.0,153000000,0.7727272727272727,1.24694,1.24694,122700000,122700000,https://www.sec.gov/Archives/edgar/data/1273813/000127381317000034/0001273813-17-000034-index.htm,https://www.sec.gov/Archives/edgar/data/1273813/000127381317000034/gaapago-06x30x2017x10q.htm,1620586324,14:52:04,20210509
15,2017-03-31,AGO,USD,2017-05-05,2017-05-05 09:07:05,Q1,319000000.0,0.0,319000000.0,1.0,0.0,0.0,0.0,68000000.0,140000000.0,140000000,24000000.0,0.0,396000000.0,1.241379,396000000.0,1.2413793103448276,8000000.0,372000000,1.1661442006269593,55000000.0,317000000,0.9937304075235109,2.4941,2.4941,127100000,127100000,https://www.sec.gov/Archives/edgar/data/1273813/000127381317000021/0001273813-17-000021-index.htm,https://www.sec.gov/Archives/edgar/data/1273813/000127381317000009/ago-12312016x10k.htm,1620586324,14:52:04,20210509
16,2016-12-31,AGO,USD,2017-02-24,2017-02-24 09:38:35,Q4,303000000.0,0.0,303000000.0,1.0,0.0,0.0,0.0,57000000.0,199000000.0,199000000,25000000.0,0.0,296000000.0,0.976898,296000000.0,0.976897689768977,45000000.0,271000000,0.8943894389438944,74000000.0,197000000,0.6501650165016502,1.49582,1.49582,131700000,131700000,https://www.sec.gov/Archives/edgar/data/1273813/000127381317000009/0001273813-17-000009-index.htm,https://www.sec.gov/Archives/edgar/data/1273813/000127381317000009/ago-12312016x10k.htm,1620586324,14:52:04,20210509
17,2016-09-30,AGO,USD,2016-11-04,2016-11-04 08:48:21,Q3,453000000.0,0.0,453000000.0,1.0,0.0,0.0,0.0,65000000.0,65000000.0,65000000,26000000.0,0.0,506000000.0,1.116998,506000000.0,1.1169977924944812,1000000.0,480000000,1.0596026490066226,1000000.0,479000000,1.0573951434878588,3.60693,3.60693,132800000,132800000,https://www.sec.gov/Archives/edgar/data/1273813/000127381316000102/0001273813-16-000102-index.htm,https://www.sec.gov/Archives/edgar/data/1273813/000127381316000102/gaapago-09x30x2016x10q.htm,1620586324,14:52:04,20210509
18,2016-06-30,AGO,USD,2016-08-04,2016-08-04 09:04:45,Q2,225000000.0,0.0,225000000.0,1.0,0.0,0.0,0.0,63000000.0,175000000.0,175000000,25000000.0,0.0,226000000.0,1.004444,226000000.0,1.0044444444444445,-3000000.0,201000000,0.8933333333333333,55000000.0,146000000,0.6488888888888888,1.08309,1.08309,134800000,134800000,https://www.sec.gov/Archives/edgar/data/1273813/000127381316000086/0001273813-16-000086-index.htm,https://www.sec.gov/Archives/edgar/data/1273813/000127381316000086/gaapago-06x30x2016x10q.htm,1620586324,14:52:04,20210509
19,2016-03-31,AGO,USD,2016-05-05,2016-05-05 08:52:16,Q1,219000000.0,0.0,219000000.0,1.0,0.0,0.0,0.0,60000000.0,170000000.0,170000000,26000000.0,0.0,91000000.0,0.415525,91000000.0,0.4155251141552511,-4000000.0,65000000,0.2968036529680365,6000000.0,59000000,0.2694063926940639,0.43066,0.43066,137000000,137000000,https://www.sec.gov/Archives/edgar/data/1273813/000127381316000069/0001273813-16-000069-index.htm,https://www.sec.gov/Archives/edgar/data/1273813/000127381316000055/ago-12312015x10k.htm,1620586324,14:52:04,20210509
20,2015-12-31,AGO,USD,2016-02-26,2016-02-26 09:17:29,Q4,241000000.0,0.0,241000000.0,1.0,0.0,0.0,0.0,55000000.0,176000000.0,176000000,25000000.0,0.0,609000000.0,2.526971,609000000.0,2.5269709543568464,34000000.0,584000000,2.4232365145228214,155000000.0,429000000,1.7800829875518671,3.03824,3.03824,141200000,141200000,https://www.sec.gov/Archives/edgar/data/1273813/000127381316000055/0001273813-16-000055-index.htm,https://www.sec.gov/Archives/edgar/data/1273813/000127381316000055/ago-12312015x10k.htm,1620586324,14:52:04,20210509
21,2015-09-30,AGO,USD,2015-11-06,2015-11-06 09:23:58,Q3,197000000.0,0.0,197000000.0,1.0,0.0,0.0,0.0,54000000.0,189000000.0,189000000,25000000.0,0.0,197000000.0,1.0,197000000.0,1.0,0.0,172000000,0.8730964467005076,43000000.0,129000000,0.6548223350253807,0.88055,0.88055,146500000,146500000,https://www.sec.gov/Archives/edgar/data/1273813/000127381315000045/0001273813-15-000045-index.htm,https://www.sec.gov/Archives/edgar/data/1273813/000127381315000045/gaapago-09x30x2015x10q.htm,1620586324,14:52:04,20210509
22,2015-06-30,AGO,USD,2015-08-06,2015-08-06 13:43:54,Q2,516000000.0,0.0,516000000.0,1.0,0.0,0.0,0.0,66000000.0,272000000.0,272000000,26000000.0,0.0,435000000.0,0.843023,435000000.0,0.8430232558139535,1000000.0,409000000,0.7926356589147286,112000000.0,297000000,0.5755813953488372,1.9591,1.9591,151600000,151600000,https://www.sec.gov/Archives/edgar/data/1273813/000127381315000035/0001273813-15-000035-index.htm,https://www.sec.gov/Archives/edgar/data/1273813/000127381315000035/gaapago-06x30x2015x10q.htm,1620586324,14:52:04,20210509
23,2015-03-31,AGO,USD,2015-05-08,2015-05-08 09:10:11,Q1,128000000.0,0.0,128000000.0,1.0,0.0,0.0,0.0,56000000.0,85000000.0,85000000,25000000.0,0.0,291000000.0,2.273438,291000000.0,2.2734375,2000000.0,266000000,2.078125,65000000.0,201000000,1.5703125,1.28189,1.28189,156800000,156800000,https://www.sec.gov/Archives/edgar/data/1273813/000127381315000019/0001273813-15-000019-index.htm,https://www.sec.gov/Archives/edgar/data/1273813/000127381315000006/ago-12312014x10k.htm,1620586324,14:52:04,20210509
24,2014-12-31,AGO,USD,2015-02-26,2015-02-26 09:11:18,Q4,178000000.0,0.0,178000000.0,1.0,0.0,0.0,0.0,55000000.0,177000000.0,177000000,25000000.0,0.0,781000000.0,4.38764,781000000.0,4.387640449438202,23000000.0,756000000,4.247191011235955,224000000.0,532000000,2.9887640449438204,3.2799,3.2799,162200000,162200000,https://www.sec.gov/Archives/edgar/data/1273813/000127381315000006/0001273813-15-000006-index.htm,https://www.sec.gov/Archives/edgar/data/1273813/000127381315000006/ago-12312014x10k.htm,1620586324,14:52:04,20210509
25,2014-09-30,AGO,USD,2014-11-07,2014-11-07 09:33:12,Q3,187000000.0,0.0,187000000.0,1.0,0.0,0.0,0.0,50000000.0,31000000.0,31000000,27000000.0,0.0,515000000.0,2.754011,515000000.0,2.7540106951871657,4000000.0,488000000,2.609625668449198,133000000.0,355000000,1.8983957219251337,2.09193,2.09193,169700000,169700000,https://www.sec.gov/Archives/edgar/data/1273813/000127381314000056/0001273813-14-000056-index.htm,https://www.sec.gov/Archives/edgar/data/1273813/000127381314000056/gaapago-09x30x2014x10q.htm,1620586324,14:52:04,20210509
26,2014-06-30,AGO,USD,2014-08-08,2014-08-08 13:29:11,Q2,162000000.0,0.0,162000000.0,1.0,0.0,0.0,0.0,55000000.0,127000000.0,127000000,40000000.0,0.0,258000000.0,1.592593,238000000.0,1.4691358024691359,-15000000.0,218000000,1.345679012345679,59000000.0,159000000,0.9814814814814815,0.88579,0.88579,179500000,179500000,https://www.sec.gov/Archives/edgar/data/1273813/000127381314000042/0001273813-14-000042-index.htm,https://www.sec.gov/Archives/edgar/data/1273813/000127381314000042/gaapago-06x30x2014x10q.htm,1620586324,14:52:04,20210509
27,2014-05-09,AGO,USD,2014-05-09,2014-08-08 13:29:11,Q1,195000000.0,0.0,195000000.0,1.0,0.0,0.0,0.0,60000000.0,60000000.0,60000000,0.0,0.0,69000000.0,0.35384615384615387,69000000.0,0.35384615384615387,2000000.0,69000000,0.35384615384615387,27000000.0,42000000,0.2153846153846154,0.23,0.23,182608695,182608695,https://www.sec.gov/Archives/edgar/data/1273813/000127381314000020/0001273813-14-000020-index.htm,https://www.sec.gov/Archives/edgar/data/1273813/000127381314000004/ago-12312013x10k.htm,1620586324,14:52:04,20210509
28,2014-03-31,AGO,USD,2014-05-09 00:00:00,2014-05-09 12:18:45,Q1,301000000.0,0.0,0.0,0.0,0.0,0.0,0.0,60000000.0,111000000.0,111000000,-20000000.0,0.0,49000000.0,0.162791,89000000.0,0.2956810631229236,0.0,69000000,0.2292358803986711,27000000.0,42000000,0.13953488372093023,0.22938,0.22938,183100000,183100000,https://www.sec.gov/Archives/edgar/data/1273813/000127381314000020/0001273813-14-000020-index.html,https://www.sec.gov/Archives/edgar/data/1273813/000127381314000020/gaapago-03x31x2014x10q.htm,1620586324,14:52:04,20210509
29,2013-12-31,AGO,USD,2014-02-28,2014-02-28 12:53:03,Q4,284000000.0,0.0,284000000.0,1.0,0.0,0.0,0.0,52000000.0,163000000.0,163000000,82000000.0,0.0,571000000.0,2.010563,508000000.0,1.7887323943661972,-5000000.0,489000000,1.721830985915493,140000000.0,349000000,1.2288732394366197,1.90606,1.90606,183100000,183100000,https://www.sec.gov/Archives/edgar/data/1273813/000127381314000004/0001273813-14-000004-index.htm,https://www.sec.gov/Archives/edgar/data/1273813/000127381314000004/ago-12312013x10k.htm,1620586324,14:52:04,20210509
30,2013-11-12,AGO,USD,2013-11-12,2013-11-12 13:12:11,Q3,670000000.0,14000000.0,656000000.0,0.9791044776119403,0.0,0.0,0.0,54000000.0,54000000.0,54000000,-42000000.0,0.0,536000000.0,0.404844290657,536000000.0,0.8,0.0,536000000,0.8,152000000.0,384000000,0.573134328358209,1.9968,1.9968,192307692,192307692,https://www.sec.gov/Archives/edgar/data/1273813/000127381313000056/0001273813-13-000056-index.htm,https://www.sec.gov/Archives/edgar/data/1273813/000127381313000056/gaapago-09x30x2013x10q.htm,1620586324,14:52:04,20210509
31,2013-09-30,AGO,USD,2013-11-12 00:00:00,2013-11-12 13:12:11,Q3,95000000.0,0.0,0.0,0.0,0.0,0.0,0.0,54000000.0,121000000.0,121000000,-21000000.0,0.0,515000000.0,5.421053,557000000.0,5.863157894736842,0.0,536000000,5.6421052631578945,152000000.0,384000000,4.042105263157895,2.08809,2.08809,183900000,183900000,https://www.sec.gov/Archives/edgar/data/1273813/000127381313000056/0001273813-13-000056-index.html,https://www.sec.gov/Archives/edgar/data/1273813/000127381313000056/gaapago-09x30x2013x10q.htm,1620586324,14:52:04,20210509
32,2013-06-30,AGO,USD,2013-08-09,2013-08-09 11:26:33,Q2,296000000.0,0.0,296000000.0,1.0,0.0,0.0,0.0,52000000.0,122000000.0,122000000,21000000.0,0.0,350000000.0,1.182432,350000000.0,1.1824324324324325,-9000000.0,329000000,1.1114864864864864,110000000.0,219000000,0.7398648648648649,1.15996,1.15996,188800000,188800000,https://www.sec.gov/Archives/edgar/data/1273813/000127381313000044/0001273813-13-000044-index.htm,https://www.sec.gov/Archives/edgar/data/1273813/000127381313000044/gaapago-06x30x2013x10q.htm,1620586324,14:52:04,20210509
33,2013-03-31,AGO,USD,2013-05-10,2013-05-10 12:53:26,Q1,294000000.0,0.0,294000000.0,1.0,0.0,0.0,0.0,60000000.0,20000000.0,20000000,21000000.0,0.0,-191000000.0,-0.64966,-191000000.0,-0.6496598639455783,4000000.0,-212000000,-0.7210884353741497,-68000000.0,-144000000,-0.4897959183673469,-0.74265,-0.74265,193900000,193900000,https://www.sec.gov/Archives/edgar/data/1273813/000127381313000027/0001273813-13-000027-index.htm,https://www.sec.gov/Archives/edgar/data/1273813/000127381313000006/ago-12312012x10k.htm,1620586324,14:52:04,20210509
34,2012-12-31,AGO,USD,2013-03-01,2013-03-01 14:25:21,Q4,238000000.0,0.0,238000000.0,1.0,0.0,0.0,0.0,49000000.0,113000000.0,113000000,92000000.0,0.0,187000000.0,0.785714,116000000.0,0.48739495798319327,138000000.0,95000000,0.39915966386554624,21000000.0,74000000,0.31092436974789917,0.37968,0.37968,194900000,194900000,https://www.sec.gov/Archives/edgar/data/1273813/000127381313000006/0001273813-13-000006-index.htm,https://www.sec.gov/Archives/edgar/data/1273813/000127381313000006/ago-12312012x10k.htm,1620586324,14:52:04,20210509
35,2012-11-09,AGO,USD,2012-11-09,2012-11-09 10:09:41,Q3,744000000.0,369293000.0,374707000.0,0.503638440860215,0.0,0.0,0.0,163000000.0,163000000.0,163000000,-50099000.0,0.0,141966000.0,0.04973118279569892,141966000.0,0.19081451612903225,-30000000.0,141966000,0.19081451612903225,35490000.0,106476000,0.14311290322580644,0.00058,0.00058,183579310344,183579310344,https://www.sec.gov/Archives/edgar/data/1273813/000127381312000004/0001273813-12-000004-index.htm,https://www.sec.gov/Archives/edgar/data/1273813/000127381312000004/ago-9302012x10q.htm,1620586324,14:52:04,20210509
36,2012-09-30,AGO,USD,2012-11-09 00:00:00,2012-11-09 10:09:41,Q3,73000000.0,0.0,0.0,0.0,0.0,0.0,0.0,48000000.0,142000000.0,142000000,-21000000.0,0.0,158000000.0,2.164384,200000000.0,2.73972602739726,0.0,179000000,2.452054794520548,37000000.0,142000000,1.9452054794520548,0.72933,0.72933,194700000,194700000,https://www.sec.gov/Archives/edgar/data/1273813/000127381312000004/0001273813-12-000004-index.html,https://www.sec.gov/Archives/edgar/data/1273813/000127381312000004/ago-9302012x10q.htm,1620586324,14:52:04,20210509
37,2012-06-30,AGO,USD,2012-08-09,2012-08-09 16:55:33,Q2,190000000.0,0.0,190000000.0,1.0,0.0,0.0,0.0,53000000.0,178000000.0,178000000,25426000.0,0.0,579426000.0,3.049611,579000000.0,3.0473684210526315,-7201000000.0,554000000,2.9157894736842107,177000000.0,377000000,1.9842105263157894,1.87283,1.87283,201300000,201300000,https://www.sec.gov/Archives/edgar/data/1273813/000144530512002596/0001445305-12-002596-index.htm,https://www.sec.gov/Archives/edgar/data/1273813/000144530512002596/ago-6302012x10q.htm,1620586324,14:52:04,20210509
38,2012-03-31,AGO,USD,2012-05-10,2012-05-10 17:02:13,Q1,230000000.0,0.0,230000000.0,1.0,0.0,0.0,0.0,62000000.0,314000000.0,314000000,24673000.0,0.0,-671327000.0,-2.918813,-671000000.0,-2.917391304347826,-22465000000.0,-696000000,-3.026086956521739,-213000000.0,-483000000,-2.1,-2.64803,-2.64803,182400000,182400000,https://www.sec.gov/Archives/edgar/data/1273813/000110465912035985/0001104659-12-035985-index.htm,https://www.sec.gov/Archives/edgar/data/1273813/000104746912001832/a2207553z10-k.htm,1620586324,14:52:04,20210509
39,2011-12-31,AGO,USD,2012-02-29,2012-02-29 06:15:14,Q4,278000000.0,0.0,278000000.0,1.0,0.0,0.0,0.0,49000000.0,215000000.0,215000000,24688000.0,0.0,-123312000.0,-0.443568,-123000000.0,-0.44244604316546765,63000000.0,-148000000,-0.5323741007194245,-64000000.0,-84000000,-0.302158273381295,-0.45952,-0.45952,182800000,182800000,https://www.sec.gov/Archives/edgar/data/1273813/000104746912001832/0001047469-12-001832-index.htm,https://www.sec.gov/Archives/edgar/data/1273813/000104746912001832/a2207553z10-k.htm,1620586324,14:52:04,20210509
40,2011-09-30,AGO,USD,2011-11-14,2011-11-14 16:29:32,Q3,105000000.0,0.0,105000000.0,1.0,0.0,0.0,0.0,46000000.0,281000000.0,281000000,24968000.0,0.0,1079968000.0,10.28541,1080000000.0,10.285714285714286,-17061000000.0,1055000000,10.047619047619047,294000000.0,761000000,7.247619047619048,4.13587,4.13587,184000000,184000000,https://www.sec.gov/Archives/edgar/data/1273813/000110465911063967/0001104659-11-063967-index.htm,https://www.sec.gov/Archives/edgar/data/1273813/000110465911063967/a11-25816_310q.htm,1620586324,14:52:04,20210509
41,2011-06-30,AGO,USD,2011-08-09,2011-08-09 15:08:51,Q2,83100000.0,0.0,83100000.0,1.0,0.0,0.0,0.0,54100000.0,194500000.0,194500000,24696000.0,0.0,-66504000.0,-0.800289,-66900000.0,-0.8050541516245487,-15240000000.0,-91200000,-1.0974729241877257,-47900000.0,-43300000,-0.5210589651022864,-0.22946,-0.22946,188700000,188700000,https://www.sec.gov/Archives/edgar/data/1273813/000104746911007149/0001047469-11-007149-index.htm,https://www.sec.gov/Archives/edgar/data/1273813/000104746911007149/a2205120z10-q.htm,1620586324,14:52:04,20210509
42,2011-03-31,AGO,USD,2011-05-10,2011-05-10 16:44:15,Q1,414900000.0,0.0,414900000.0,1.0,0.0,0.0,0.0,62900000.0,45500000.0,45500000,24760000.0,0.0,237960000.0,0.573536,237900000.0,0.5733911785972523,-2369000000.0,213200000,0.5138587611472644,73900000.0,139300000,0.33574355266329237,0.73085,0.73085,190600000,190600000,https://www.sec.gov/Archives/edgar/data/1273813/000104746911004873/0001047469-11-004873-index.htm,https://www.sec.gov/Archives/edgar/data/1273813/000104746911001611/a2202282z10-k.htm,1620586324,14:52:04,20210509
43,2010-12-31,AGO,USD,2011-03-01,2011-03-01 14:35:37,Q4,-86200000.0,0.0,86200000.0,-1.0,0.0,0.0,0.0,49400000.0,170000000.0,170000000,24770000.0,0.0,-287830000.0,3.339095,-287800000.0,3.3387470997679816,40000000.0,-312600000,3.6264501160092806,-129100000.0,-183500000,2.12877030162413,-0.99782,-0.99782,183900000,183900000,https://www.sec.gov/Archives/edgar/data/1273813/000104746911001611/0001047469-11-001611-index.htm,https://www.sec.gov/Archives/edgar/data/1273813/000104746911001611/a2202282z10-k.htm,1620586324,14:52:04,20210509
44,2010-09-30,AGO,USD,2010-11-09,2010-11-09 11:19:32,Q3,488200000.0,0.0,488200000.0,1.0,0.0,0.0,0.0,52100000.0,175500000.0,175500000,24886000.0,0.0,176586000.0,0.361708,176500000.0,0.36153215895124946,-1189000000.0,151700000,0.31073330602212207,-12900000.0,164600000,0.337156902908644,0.8788,0.8788,187300000,187300000,https://www.sec.gov/Archives/edgar/data/1273813/000104746910009453/0001047469-10-009453-index.htm,https://www.sec.gov/Archives/edgar/data/1273813/000104746910009453/a2200849z10-q.htm,1620586324,14:52:04,20210509
45,2010-06-30,AGO,USD,2010-08-09,2010-08-09 14:01:23,Q2,268900000.0,0.0,268900000.0,1.0,0.0,0.0,0.0,47500000.0,160400000.0,160400000,49965000.0,0.0,306865000.0,1.141186,281800000.0,1.047973224246932,-650000000.0,257000000,0.9557456303458535,77800000.0,179100000,0.6660468575678691,0.94862,0.94862,188800000,188800000,https://www.sec.gov/Archives/edgar/data/1273813/000104746910007229/0001047469-10-007229-index.htm,https://www.sec.gov/Archives/edgar/data/1273813/000104746910007229/a2199712z10-q.htm,1620586324,14:52:04,20210509
46,2010-03-31,AGO,USD,2010-05-10,2010-05-10 16:33:46,Q1,291500000.0,0.0,291500000.0,1.0,0.0,0.0,0.0,62500000.0,186000000.0,186000000,-25000000.0,0.0,428300000.0,1.469297,478400000.0,1.6411663807890222,-11000000.0,453300000,1.5550600343053174,119800000.0,333500000,1.1440823327615781,1.74974,1.74974,190600000,190600000,https://www.sec.gov/Archives/edgar/data/1273813/000104746910005048/0001047469-10-005048-index.htm,https://www.sec.gov/Archives/edgar/data/1273813/000104746910001650/a2196350z10-k.htm,1620586324,14:52:04,20210509
47,2009-12-31,AGO,USD,2010-03-01,2010-03-01 16:21:07,Q4,338500000.0,0.0,338500000.0,1.0,0.0,0.0,0.0,40900000.0,208300000.0,208300000,-62000000.0,0.0,260100000.0,0.76839,351500000.0,1.0384047267355982,61000000.0,326200000,0.9636632200886263,116600000.0,205500000,0.6070901033973413,1.20528,1.20528,170500000,170500000,https://www.sec.gov/Archives/edgar/data/1273813/000104746910001650/0001047469-10-001650-index.htm,https://www.sec.gov/Archives/edgar/data/1273813/000104746910001650/a2196350z10-k.htm,1620586324,14:52:04,20210509
48,2009-09-30,AGO,USD,2009-11-16,2009-11-16 16:43:55,Q3,338800000.0,0.0,338800000.0,1.0,0.0,0.0,0.0,77400000.0,286700000.0,286700000,-25190000000.0,4810000000.0,4807100000.0,14.188606847697757,-2900000.0,-0.008559622195985833,-4922000000.0,-28100000,-0.08293978748524203,12200000.0,-35000000,-0.10330578512396695,-0.22393,-0.22393,156300000,156300000,https://www.sec.gov/Archives/edgar/data/1273813/000104746909010219/0001047469-09-010219-index.htm,https://www.sec.gov/Archives/edgar/data/1273813/000104746909010219/a2195525z10-q.htm,1620586324,14:52:04,20210509
49,2009-06-30,AGO,USD,2009-08-10,2009-08-10 16:21:26,Q2,18600000.0,0.0,18600000.0,1.0,0.0,0.0,0.0,26500000.0,105300000.0,105300000,-12305000000.0,-4810000000.0,-5084800000.0,-273.3763440860215,-274800000.0,-14.774193548387096,-21998000000.0,-281300000,-15.123655913978494,-111300000.0,-170000000,-9.13978494623656,-1.82599,-1.82599,93100000,93100000,https://www.sec.gov/Archives/edgar/data/1273813/000110465909048649/0001104659-09-048649-index.htm,https://www.sec.gov/Archives/edgar/data/1273813/000110465909048649/a09-18852_110q.htm,1620586324,14:52:04,20210509
50,2009-03-31,AGO,USD,2009-05-11,2009-05-11 16:35:30,Q1,169000000.0,0.0,169000000.0,1.0,0.0,0.0,0.0,29400000.0,137100000.0,137100000,-5821000000.0,0.0,-5720900000.0,-33.851479,105900000.0,0.6266272189349112,20568000000.0,100100000,0.5923076923076923,14600000.0,85500000,0.5059171597633136,0.94163,0.94163,90800000,90800000,https://www.sec.gov/Archives/edgar/data/1273813/000110465909031546/0001104659-09-031546-index.htm,https://www.sec.gov/Archives/edgar/data/1273813/000104746909001890/a2190898z10-k.htm,1620586324,14:52:04,20210509
51,2008-12-31,AGO,USD,2009-02-26,2009-02-26 16:57:56,Q4,96000000.0,0.0,96000000.0,1.0,0.0,0.0,0.0,16700000.0,124100000.0,124100000,-23000000.0,-2400000000.0,-2704000000.0,-28.166666666666668,-304000000.0,-3.1666666666666665,43000000.0,-309800000,-3.2270833333333333,-66100000.0,-243800000,-2.5395833333333333,-2.67912,-2.67912,91000000,91000000,https://www.sec.gov/Archives/edgar/data/1273813/000104746909001890/0001047469-09-001890-index.htm,https://www.sec.gov/Archives/edgar/data/1273813/000104746909001890/a2190898z10-k.htm,1620586324,14:52:04,20210509
52,2008-09-30,AGO,USD,2008-11-07,2008-11-07 13:44:26,Q3,92700000.0,0.0,92700000.0,1.0,0.0,0.0,0.0,23100000.0,123500000.0,123500000,-5821000000.0,105000000.0,11300000.0,0.12189859762675297,-93700000.0,-1.0107874865156419,7171000000.0,-99500000,-1.0733549083063647,-36200000.0,-63300000,-0.6828478964401294,-0.69637,-0.69637,90900000,90900000,https://www.sec.gov/Archives/edgar/data/1273813/000110465908069090/0001104659-08-069090-index.htm,https://www.sec.gov/Archives/edgar/data/1273813/000110465908069090/a08-27730_110q.htm,1620586324,14:52:04,20210509
53,2008-06-30,AGO,USD,2008-08-08,2008-08-07 20:58:06,Q2,60700000.0,0.0,60700000.0,1.0,0.0,0.0,0.0,21400000.0,72400000.0,72400000,-5820000000.0,2295000000.0,3065400000.0,50.500823723229,770400000.0,12.691927512355848,9049000000.0,764500000,12.594728171334431,219300000.0,545200000,8.981878088962109,6.12584,6.12584,89000000,89000000,https://www.sec.gov/Archives/edgar/data/1273813/000110465908051018/0001104659-08-051018-index.htm,https://www.sec.gov/Archives/edgar/data/1273813/000110465908051018/a08-20687_210q.htm,1620586324,14:52:04,20210509
54,2008-03-31,AGO,USD,2008-05-09,2008-05-09 15:28:57,Q1,55400000.0,0.0,55400000.0,1.0,0.0,0.0,0.0,29400000.0,97600000.0,97600000,-5821000000.0,0.0,-6063800000.0,-109.454874,-237000000.0,-4.277978339350181,8536000000.0,-242800000,-4.382671480144404,-73600000.0,-169200000,-3.0541516245487363,-2.115,-2.115,80000000,80000000,https://www.sec.gov/Archives/edgar/data/1273813/000110465908031821/0001104659-08-031821-index.htm,https://www.sec.gov/Archives/edgar/data/1273813/000110465908031821/a08-13859_110q.htm,1620586324,14:52:04,20210509
55,2007-12-31,AGO,USD,2007-12-31,2007-12-31,Q4,54000000.0,0.0,0.0,0.0,0.0,0.0,0.0,21200000.0,52700000.0,52700000,-5800000.0,0.0,-373400000.0,-6.914815,-361700000.0,-6.698148148148148,0.0,-367600000,-6.807407407407408,-107500000.0,-260100000,-4.816666666666666,-3.76957,-3.76957,69000000,69000000,,,1620586324,14:52:04,20210509
56,2007-09-30,AGO,USD,2007-11-08,2007-11-08 16:21:56,Q3,39000000.0,0.0,39000000.0,1.0,0.0,0.0,0.0,20500000.0,34000000.0,34000000,-5856000000.0,-1426000000.0,-1594300000.0,-40.87948717948718,-168300000.0,-4.315384615384615,370000000.0,-174100000,-4.464102564102564,-59200000.0,-115000000,-2.948717948717949,-1.69617,-1.69617,67800000,67800000,https://www.sec.gov/Archives/edgar/data/1273813/000104746907008750/0001047469-07-008750-index.htm,https://www.sec.gov/Archives/edgar/data/1273813/000104746907008750/a2180847z10-q.htm,1620586324,14:52:04,20210509
57,2007-06-30,AGO,USD,2007-08-09,2007-08-09 16:13:51,Q2,38000000.0,0.0,38000000.0,1.0,0.0,0.0,0.0,19500000.0,21500000.0,21500000,-5820000000.0,1426000000.0,1470200000.0,38.689473684210526,44200000.0,1.1631578947368422,0.0,38300000,1.0078947368421052,5500000.0,32800000,0.8631578947368421,0.47399,0.47399,69200000,69200000,https://www.sec.gov/Archives/edgar/data/1273813/000110465907060912/0001104659-07-060912-index.htm,https://www.sec.gov/Archives/edgar/data/1273813/000110465907060912/a07-19149_110q.htm,1620586324,14:52:04,20210509
58,2007-03-31,AGO,USD,2007-05-07,2007-05-07 17:05:52,Q1,37000000.0,0.0,37000000.0,1.0,0.0,0.0,0.0,21300000.0,29800000.0,29800000,-6033000000.0,0.0,-5992600000.0,-161.962162,46400000.0,1.2540540540540541,0.0,40300000,1.0891891891891892,1400000.0,39000000,1.054054054054054,0.56686,0.56686,68800000,68800000,https://www.sec.gov/Archives/edgar/data/1273813/000110465907036554/0001104659-07-036554-index.htm,https://www.sec.gov/Archives/edgar/data/1273813/000110465907014987/a07-5896_110k.htm,1620586324,14:52:04,20210509
59,2006-12-31,AGO,USD,2007-02-28,2007-02-28 16:55:13,Q4,58900000.0,0.0,58900000.0,1.0,0.0,0.0,0.0,19400000.0,35000000.0,35000000,-13000000.0,0.0,37900000.0,0.643463,54600000.0,0.9269949066213922,0.0,51000000,0.865874363327674,8500000.0,42400000,0.7198641765704584,0.57687,0.57687,73500000,73500000,https://www.sec.gov/Archives/edgar/data/1273813/000110465907014987/0001104659-07-014987-index.htm,https://www.sec.gov/Archives/edgar/data/1273813/000110465907014987/a07-5896_110k.htm,1620586324,14:52:04,20210509
60,2006-09-30,AGO,USD,2006-11-07,2006-11-07 16:00:09,Q3,51900000.0,0.0,51900000.0,1.0,0.0,0.0,0.0,17100000.0,31000000.0,31000000,-3364000000.0,0.0,-3319500000.0,-63.959538,47900000.0,0.9229287090558767,1000000.0,44500000,0.8574181117533719,6600000.0,37900000,0.7302504816955684,0.51078,0.51078,74200000,74200000,https://www.sec.gov/Archives/edgar/data/1273813/000110465906072189/0001104659-06-072189-index.htm,https://www.sec.gov/Archives/edgar/data/1273813/000110465906072189/a06-22082_110q.htm,1620586324,14:52:04,20210509
61,2006-06-30,AGO,USD,2006-08-08,2006-08-08 16:45:19,Q2,48200000.0,0.0,48200000.0,1.0,0.0,0.0,0.0,16300000.0,22800000.0,22800000,-3367000000.0,0.0,-3313000000.0,-68.73444,57400000.0,1.1908713692946058,23000000.0,54000000,1.120331950207469,9500000.0,44500000,0.9232365145228216,0.59812,0.59812,74400000,74400000,https://www.sec.gov/Archives/edgar/data/1273813/000110465906052552/0001104659-06-052552-index.htm,https://www.sec.gov/Archives/edgar/data/1273813/000110465906052552/a06-15813_110q.htm,1620586324,14:52:04,20210509
62,2006-03-31,AGO,USD,2006-05-10,2006-05-10 11:39:27,Q1,48100000.0,0.0,48100000.0,1.0,0.0,0.0,0.0,17800000.0,29500000.0,29500000,-3375000000.0,0.0,-3334500000.0,-69.324324,43800000.0,0.9106029106029107,0.0,40500000,0.841995841995842,5600000.0,34900000,0.7255717255717256,0.46595,0.46595,74900000,74900000,https://www.sec.gov/Archives/edgar/data/1273813/000110465906033041/0001104659-06-033041-index.htm,https://www.sec.gov/Archives/edgar/data/1273813/000110465906013292/a06-5644_110k.htm,1620586324,14:52:04,20210509
63,2005-12-31,AGO,USD,2006-03-02,2006-03-01 18:54:49,Q4,47800000.0,0.0,47800000.0,1.0,0.0,0.0,0.0,15700000.0,32300000.0,32300000,-13000000.0,0.0,29000000.0,0.606695,45400000.0,0.9497907949790795,0.0,42000000,0.8786610878661087,3800000.0,38200000,0.799163179916318,0.51275,0.51275,74500000,74500000,https://www.sec.gov/Archives/edgar/data/1273813/000110465906013292/0001104659-06-013292-index.htm,https://www.sec.gov/Archives/edgar/data/1273813/000110465906013292/a06-5644_110k.htm,1620586324,14:52:04,20210509
64,2005-09-30,AGO,USD,2005-11-07,2005-11-07 17:21:41,Q3,54700000.0,0.0,54700000.0,1.0,0.0,0.0,0.0,15600000.0,29800000.0,29800000,-3440000000.0,0.0,-3393700000.0,-62.042048,49700000.0,0.9085923217550275,147000000.0,46300000,0.8464351005484461,7100000.0,39200000,0.716636197440585,0.52617,0.52617,74500000,74500000,https://www.sec.gov/Archives/edgar/data/1273813/000110465905053137/0001104659-05-053137-index.htm,https://www.sec.gov/Archives/edgar/data/1273813/000110465905053137/a05-17932_110q.htm,1620586324,14:52:04,20210509
65,2005-06-30,AGO,USD,2005-08-15,2005-08-15 14:03:51,Q2,48100000.0,0.0,48100000.0,1.0,0.0,0.0,0.0,17000000.0,-30000000.0,-27100000,-3410000000.0,0.0,-3325400000.0,-69.135135,88000000.0,1.8295218295218296,-190000000.0,84600000,1.7588357588357588,17800000.0,66800000,1.3887733887733889,0.90148,0.90148,74100000,74100000,https://www.sec.gov/Archives/edgar/data/1273813/000110465905039502/0001104659-05-039502-index.htm,https://www.sec.gov/Archives/edgar/data/1273813/000110465905039502/a05-12544_110q.htm,1620586324,14:52:04,20210509
66,2005-03-31,AGO,USD,2005-05-12,2005-05-12 16:17:24,Q1,48400000.0,0.0,48400000.0,1.0,0.0,0.0,0.0,14500000.0,16300000.0,16300000,-3296000000.0,0.0,-3239300000.0,-66.927686,60100000.0,1.2417355371900827,283000000.0,56800000,1.1735537190082646,12400000.0,44300000,0.9152892561983471,0.59146,0.59146,74900000,74900000,https://www.sec.gov/Archives/edgar/data/1273813/000110465905022978/0001104659-05-022978-index.htm,https://www.sec.gov/Archives/edgar/data/1273813/000110465905022978/a05-7642_210q.htm,1620586324,14:52:04,20210509
67,2004-12-31,AGO,USD,2004-12-31,2004-12-31,Q4,57400000.0,0.0,0.0,0.0,0.0,0.0,0.0,14500000.0,34000000.0,34000000,-3400000.0,0.0,58800000.0,1.02439,65600000.0,1.1428571428571428,0.0,62200000,1.083623693379791,13900000.0,48300000,0.8414634146341463,0.644,0.644,75000000,75000000,,,1620586324,14:52:04,20210509
68,2004-09-30,AGO,USD,2004-11-09,2004-11-09 13:48:40,Q3,53400000.0,0.0,53400000.0,1.0,0.0,0.0,0.0,14000000.0,33500000.0,33500000,-3376000000.0,0.0,-3322100000.0,-62.21161,57300000.0,1.0730337078651686,14000000.0,53900000,1.0093632958801497,9400000.0,44500000,0.8333333333333334,0.59333,0.59333,75000000,75000000,https://www.sec.gov/Archives/edgar/data/1273813/000110465904034615/0001104659-04-034615-index.htm,https://www.sec.gov/Archives/edgar/data/1273813/000110465904034615/a04-12377_210q.htm,1620586324,14:52:04,20210509
69,2004-06-30,AGO,USD,2004-08-10,2004-08-09 19:04:14,Q2,-9300000.0,0.0,9300000.0,-1.0,0.0,0.0,0.0,26600000.0,-20100000.0,-20100000,-2546000000.0,0.0,-2491000000.0,267.849462,57600000.0,-6.193548387096774,14000000.0,55100000,-5.924731182795699,11900000.0,43100000,-4.634408602150538,0.57467,0.57467,75000000,75000000,https://www.sec.gov/Archives/edgar/data/1273813/000110465904023475/0001104659-04-023475-index.htm,https://www.sec.gov/Archives/edgar/data/1273813/000110465904023475/a04-8821_110q.htm,1620586324,14:52:04,20210509
70,2004-03-31,AGO,USD,2004-03-31,2004-03-31,Q2,120115000.0,0.0,0.0,0.0,0.0,0.0,0.0,0.0,0.0,57962000,1434000.0,2797000.0,66384000.0,0.5526703575739916,63587000.0,0.5293843400074928,7881000.0,62153000,0.5174457811264205,15260000.0,46893000,0.3904008658369063,0.63,0.63,74433333,74433333,,,1620586324,14:52:04,20210509
71,2003-09-30,AGO,USD,2003-09-30,2003-09-30,Q3,118026000.0,0.0,0.0,0.0,0.0,0.0,0.0,0.0,0.0,66346000,1434000.0,0.0,0.0,0.0,53114000.0,0.45001948723162694,14542000.0,51680000,0.43786962194770646,8860000.0,42820000,0.3628014166370122,0.57,0.57,75122807,75122807,,,1620586324,14:52:04,20210509
72,2003-06-30,AGO,USD,2003-06-30,2003-06-30,Q2,121486000.0,0.0,0.0,0.0,0.0,0.0,0.0,0.0,0.0,66824000,1434000.0,0.0,0.0,0.0,0.0,0.449944849612301,13348000.0,54662000,0.449944849612301,11959000.0,42703000,0.35150552327017104,0.57,0.57,74917544,74917544,,,1620586324,14:52:04,20210509
73,2003-03-31,AGO,USD,2003-03-31,2003-03-31,Q2,89039000.0,0.0,0.0,0.0,0.0,0.0,0.0,0.0,0.0,51069000,1434000.0,0.0,0.0,0.0,0.0,0.42644234548905535,-553000.0,37970000,0.42644234548905535,6219000.0,31751000,0.3565965475802738,0.42,0.42,75597619,75597619,,,1620586324,14:52:04,20210509
