,date,symbol,reportedCurrency,fillingDate,acceptedDate,period,revenue,costOfRevenue,grossProfit,grossProfitRatio,researchAndDevelopmentExpenses,generalAndAdministrativeExpenses,sellingAndMarketingExpenses,otherExpenses,operatingExpenses,costAndExpenses,interestExpense,depreciationAndAmortization,ebitda,ebitdaratio,operatingIncome,operatingIncomeRatio,totalOtherIncomeExpensesNet,incomeBeforeTax,incomeBeforeTaxRatio,incomeTaxExpense,netIncome,netIncomeRatio,eps,epsdiluted,weightedAverageShsOut,weightedAverageShsOutDil,link,finalLink,timestamp,est_time,est_date
0,2021-03-31,KURA,USD,2021-05-06,2021-05-06 16:16:52,Q1,0.0,0.0,0.0,0.0,0.0,0.0,0.0,0.0,0.0,0.0,0.0,108000.0,108000.0,0.0,0.0,0.0,0.0,0.0,0.0,0.0,0.0,0.0,0.0,0.0,56405000.0,56405000.0,https://www.sec.gov/Archives/edgar/data/1422143/000156459021024989/0001564590-21-024989-index.htm,https://www.sec.gov/Archives/edgar/data/1422143/000156459021024989/kura-10q_20210331.htm,1620594276,17:04:36,20210509
1,2020-12-31,KURA,USD,2021-02-24,2021-02-24 07:30:54,Q4,0.0,0.0,0.0,0.0,17524000.0,8808000.0,0.0,12000.0,26332000.0,26332000.0,144000.0,108000.0,-26224000.0,0.0,-26332000.0,0.0,12000.0,-26159000.0,0.0,0.0,-26159000.0,0.0,-0.46377094229234994,-0.46377094229234994,56405000.0,56405000.0,https://www.sec.gov/Archives/edgar/data/1422143/000156459021007822/0001564590-21-007822-index.htm,https://www.sec.gov/Archives/edgar/data/1422143/000156459021007822/kura-10k_20201231.htm,1620594276,17:04:36,20210509
2,2020-09-30,KURA,USD,2020-11-05,2020-11-05 07:46:08,Q3,0.0,0.0,0.0,0.0,16601000.0,7593000.0,0.0,12000.0,24194000.0,24194000.0,146000.0,74000.0,-24120000.0,0.0,-24194000.0,0.0,12000.0,-23769000.0,0.0,0.0,-23769000.0,0.0,-0.42,-0.42,56405000.0,56405000.0,https://www.sec.gov/Archives/edgar/data/1422143/000156459020050880/0001564590-20-050880-index.htm,https://www.sec.gov/Archives/edgar/data/1422143/000156459020050880/kura-10q_20200930.htm,1620594276,17:04:36,20210509
3,2020-06-30,KURA,USD,2020-08-06,2020-08-06 16:11:41,Q2,0.0,0.0,0.0,0.0,13697000.0,7476000.0,0.0,12000.0,21173000.0,21173000.0,144000.0,0.0,-20343000.0,0.0,-21173000.0,0.0,12000.0,-20487000.0,0.0,0.0,-20487000.0,0.0,-0.4,-0.4,51633000.0,51633000.0,https://www.sec.gov/Archives/edgar/data/1422143/000156459020037737/0001564590-20-037737-index.htm,https://www.sec.gov/Archives/edgar/data/1422143/000156459020037737/kura-10q_20200630.htm,1620594276,17:04:36,20210509
4,2020-03-31,KURA,USD,2020-05-04 00:00:00,2020-05-04 16:17:01,Q1,0.0,0.0,0.0,0.0,12575000.0,7625000.0,0.0,15000.0,20200000.0,20200000.0,144000.0,0.0,-19066000.0,0.0,-20200000.0,0.0,15000.0,-19210000.0,0.0,0.0,-19210000.0,0.0,-0.42,-0.42,45411000.0,45411000.0,https://www.sec.gov/Archives/edgar/data/1422143/000156459020020836/0001564590-20-020836-index.html,https://www.sec.gov/Archives/edgar/data/1422143/000156459020020836/kura-10q_20200331.htm,1620594276,17:04:36,20210509
5,2019-12-31,KURA,USD,2020-02-25 00:00:00,2020-02-25 16:09:56,Q4,0.0,0.0,0.0,0.0,13464000.0,5499000.0,0.0,14000.0,18963000.0,18963000.0,142000.0,0.0,-17723000.0,0.0,-18963000.0,0.0,14000.0,-17865000.0,0.0,0.0,-17865000.0,0.0,-0.39,-0.39,45333000.0,45333000.0,https://www.sec.gov/Archives/edgar/data/1422143/000156459020006391/0001564590-20-006391-index.html,https://www.sec.gov/Archives/edgar/data/1422143/000156459020006391/kura-10k_20191231.htm,1620594276,17:04:36,20210509
6,2019-09-30,KURA,USD,2019-11-05 00:00:00,2019-11-05 16:16:37,Q3,0.0,0.0,0.0,0.0,12540000.0,5134000.0,0.0,31000.0,17674000.0,17674000.0,145000.0,0.0,-16247000.0,0.0,-17674000.0,0.0,31000.0,-16392000.0,0.0,0.0,-16392000.0,0.0,-0.36,-0.36,45241000.0,45241000.0,https://www.sec.gov/Archives/edgar/data/1422143/000156459019040395/0001564590-19-040395-index.html,https://www.sec.gov/Archives/edgar/data/1422143/000156459019040395/kura-10q_20190930.htm,1620594276,17:04:36,20210509
7,2019-06-30,KURA,USD,2019-08-01,2019-08-01,Q2,0.0,0.0,0.0,0.0,11440000.0,4451000.0,0.0,74000.0,15891000.0,15891000.0,148000.0,0.0,-14795000.0,0.0,-15891000.0,0.0,74000.0,-14943000.0,0.0,0.0,-14943000.0,0.0,-0.38,-0.38,38928000.0,38928000.0,https://www.sec.gov/Archives/edgar/data/1422143/000156459019027967/0001564590-19-027967-index.htm,https://www.sec.gov/Archives/edgar/data/1422143/000156459019027967/kura-10q_20190630.htm,1620594276,17:04:36,20210509
8,2019-03-31,KURA,USD,2019-05-07 00:00:00,2019-05-07 16:16:19,Q1,0.0,0.0,0.0,0.0,10382000.0,4569000.0,0.0,126000.0,14951000.0,14951000.0,145000.0,0.0,-13795000.0,0.0,-14951000.0,0.0,126000.0,-13940000.0,0.0,0.0,-13940000.0,0.0,-0.37,-0.37,38168000.0,38168000.0,https://www.sec.gov/Archives/edgar/data/1422143/000156459019016515/0001564590-19-016515-index.html,https://www.sec.gov/Archives/edgar/data/1422143/000156459019016515/kura-10q_20190331.htm,1620594276,17:04:36,20210509
9,2018-12-31,KURA,USD,2019-03-05 00:00:00,2019-03-05 16:06:35,Q4,0.0,0.0,0.0,0.0,12084000.0,4550000.0,0.0,180000.0,16634000.0,16634000.0,193000.0,0.0,-15904000.0,0.0,-16634000.0,0.0,-318000.0,-16097000.0,0.0,0.0,-16097000.0,0.0,-0.42,-0.42,38079000.0,38079000.0,https://www.sec.gov/Archives/edgar/data/1422143/000156459019006263/0001564590-19-006263-index.html,https://www.sec.gov/Archives/edgar/data/1422143/000156459019006263/kura-10k_20181231.htm,1620594276,17:04:36,20210509
10,2018-09-30,KURA,USD,2018-11-05 00:00:00,2018-11-05 16:16:46,Q3,0.0,0.0,0.0,0.0,11661000.0,4321000.0,0.0,180000.0,15982000.0,15982000.0,252000.0,1000.0,-15981000.0,0.0,-15982000.0,0.0,180000.0,-15007000.0,0.0,0.0,-15007000.0,0.0,-0.4,-0.4,37789000.0,37789000.0,https://www.sec.gov/Archives/edgar/data/1422143/000156459018026848/0001564590-18-026848-index.html,https://www.sec.gov/Archives/edgar/data/1422143/000156459018026848/kura-10q_20180930.htm,1620594276,17:04:36,20210509
11,2018-06-30,KURA,USD,2018-08-06 00:00:00,2018-08-06 16:16:53,Q2,0.0,0.0,0.0,0.0,11476000.0,3800000.0,0.0,180000.0,15276000.0,15276000.0,267000.0,4000.0,-15272000.0,0.0,-15276000.0,0.0,180000.0,-14739000.0,0.0,0.0,-14739000.0,0.0,-0.45,-0.45,32971000.0,32971000.0,https://www.sec.gov/Archives/edgar/data/1422143/000156459018019437/0001564590-18-019437-index.html,https://www.sec.gov/Archives/edgar/data/1422143/000156459018019437/kura-10q_20180630.htm,1620594276,17:04:36,20210509
12,2018-03-31,KURA,USD,2018-05-08 00:00:00,2018-05-08 16:16:11,Q1,0.0,0.0,0.0,0.0,11566000.0,3425000.0,0.0,195000.0,14991000.0,14991000.0,258000.0,5000.0,-14986000.0,0.0,-14991000.0,0.0,195000.0,-14604000.0,0.0,0.0,-14604000.0,0.0,-0.46,-0.46,31829000.0,31829000.0,https://www.sec.gov/Archives/edgar/data/1422143/000156459018011824/0001564590-18-011824-index.html,https://www.sec.gov/Archives/edgar/data/1422143/000156459018011824/kura-10q_20180331.htm,1620594276,17:04:36,20210509
13,2017-12-31,KURA,USD,2018-03-12 00:00:00,2018-03-12 16:11:34,Q4,0.0,0.0,0.0,0.0,8119000.0,2876000.0,0.0,195000.0,10995000.0,10995000.0,250000.0,7000.0,-10988000.0,0.0,-10995000.0,0.0,195000.0,-10748000.0,0.0,0.0,-10748000.0,0.0,-0.37,-0.37,29234000.0,29234000.0,https://www.sec.gov/Archives/edgar/data/1422143/000156459018005293/0001564590-18-005293-index.html,https://www.sec.gov/Archives/edgar/data/1422143/000156459018005293/kura-10k_20171231.htm,1620594276,17:04:36,20210509
14,2017-09-30,KURA,USD,2017-11-07 00:00:00,2017-11-07 16:25:59,Q3,0.0,0.0,0.0,0.0,7142000.0,2357000.0,0.0,195000.0,9499000.0,9499000.0,226000.0,7000.0,-9492000.0,0.0,-9499000.0,0.0,195000.0,-9333000.0,0.0,0.0,-9333000.0,0.0,-0.38,-0.38,24344000.0,24344000.0,https://www.sec.gov/Archives/edgar/data/1422143/000156459017022269/0001564590-17-022269-index.html,https://www.sec.gov/Archives/edgar/data/1422143/000156459017022269/kura-10q_20170930.htm,1620594276,17:04:36,20210509
15,2017-06-30,KURA,USD,2017-08-07 00:00:00,2017-08-07 16:16:50,Q2,0.0,0.0,0.0,0.0,5652000.0,2278000.0,0.0,195000.0,7930000.0,7930000.0,209000.0,8000.0,-7922000.0,0.0,-7930000.0,0.0,195000.0,-7820000.0,0.0,0.0,-7820000.0,0.0,-0.4,-0.4,19789000.0,19789000.0,https://www.sec.gov/Archives/edgar/data/1422143/000156459017016001/0001564590-17-016001-index.html,https://www.sec.gov/Archives/edgar/data/1422143/000156459017016001/kura-10q_20170630.htm,1620594276,17:04:36,20210509
16,2017-03-31,KURA,USD,2017-05-15 00:00:00,2017-05-15 16:45:32,Q1,0.0,0.0,0.0,0.0,5513000.0,2140000.0,0.0,195000.0,7653000.0,7653000.0,203000.0,8000.0,-7645000.0,0.0,-7653000.0,0.0,195000.0,-7533000.0,0.0,0.0,-7533000.0,0.0,-0.39,-0.39,19464000.0,19464000.0,https://www.sec.gov/Archives/edgar/data/1422143/000156459017011056/0001564590-17-011056-index.html,https://www.sec.gov/Archives/edgar/data/1422143/000156459017011056/kura-10q_20170331.htm,1620594276,17:04:36,20210509
17,2016-12-31,KURA,USD,2017-03-14 00:00:00,2017-03-14 16:16:32,Q4,0.0,0.0,0.0,0.0,5503000.0,1975000.0,0.0,195000.0,7478000.0,7478000.0,194000.0,8000.0,-7470000.0,0.0,-7478000.0,0.0,195000.0,-7347000.0,0.0,0.0,-7347000.0,0.0,-0.38,-0.38,19153000.0,19153000.0,https://www.sec.gov/Archives/edgar/data/1422143/000156459017004291/0001564590-17-004291-index.html,https://www.sec.gov/Archives/edgar/data/1422143/000156459017004291/kura-10k_20161231.htm,1620594276,17:04:36,20210509
18,2016-09-30,KURA,USD,2016-11-07 00:00:00,2016-11-07 16:16:11,Q3,0.0,0.0,0.0,0.0,5316000.0,1742000.0,0.0,195000.0,7058000.0,7058000.0,194000.0,8000.0,-7050000.0,0.0,-7058000.0,0.0,195000.0,-6926000.0,0.0,0.0,-6926000.0,0.0,-0.37,-0.37,18850000.0,18850000.0,https://www.sec.gov/Archives/edgar/data/1422143/000156459016027950/0001564590-16-027950-index.html,https://www.sec.gov/Archives/edgar/data/1422143/000156459016027950/kura-10q_20160930.htm,1620594276,17:04:36,20210509
19,2016-06-30,KURA,USD,2016-06-30,2016-06-30,Q2,0.0,0.0,0.0,0.0,4936000.0,1855000.0,0.0,195000.0,6791000.0,6791000.0,189000.0,7000.0,-6784000.0,0.0,-6791000.0,0.0,195000.0,-6661000.0,0.0,0.0,-6661000.0,0.0,-0.36,-0.36,18548000.0,18548000.0,,,1620594276,17:04:36,20210509
20,2016-03-31,KURA,USD,2016-05-11 00:00:00,2016-05-11 16:31:10,Q1,0.0,0.0,0.0,0.0,4649000.0,2391000.0,0.0,300000.0,7040000.0,7040000.0,0.0,8000.0,-7032000.0,0.0,-7040000.0,0.0,300000.0,-6626000.0,0.0,0.0,-6626000.0,0.0,-0.36,-0.36,18245000.0,18245000.0,https://www.sec.gov/Archives/edgar/data/1422143/000156459016019115/0001564590-16-019115-index.html,https://www.sec.gov/Archives/edgar/data/1422143/000156459016019115/kura-10q_20160331.htm,1620594276,17:04:36,20210509
21,2015-12-31,KURA,USD,2016-03-17 00:00:00,2016-03-17 16:45:43,Q4,0.0,0.0,0.0,0.0,5113000.0,1729000.0,0.0,300000.0,6842000.0,6842000.0,0.0,7000.0,-6835000.0,0.0,-6842000.0,0.0,300000.0,-6474000.0,0.0,0.0,-6474000.0,0.0,-0.42,-0.42,15262000.0,15262000.0,https://www.sec.gov/Archives/edgar/data/1422143/000156459016014998/0001564590-16-014998-index.html,https://www.sec.gov/Archives/edgar/data/1422143/000156459016014998/kura-10k_20151231.htm,1620594276,17:04:36,20210509
22,2015-09-30,KURA,USD,2015-11-13 00:00:00,2015-11-13 16:31:04,Q3,0.0,0.0,0.0,0.0,4635000.0,1793000.0,0.0,300000.0,6428000.0,6428000.0,0.0,7000.0,-6421000.0,0.0,-6428000.0,0.0,300000.0,-6090000.0,0.0,0.0,-6090000.0,0.0,-0.57,-0.57,10723000.0,10723000.0,https://www.sec.gov/Archives/edgar/data/1422143/000156459015010719/0001564590-15-010719-index.html,https://www.sec.gov/Archives/edgar/data/1422143/000156459015010719/kura-10q_20150930.htm,1620594276,17:04:36,20210509
23,2015-06-30,KURA,USD,2015-08-14 00:00:00,2015-08-14 16:01:08,Q2,0.0,0.0,0.0,0.0,4401000.0,1506000.0,0.0,300000.0,5907000.0,5907000.0,0.0,3000.0,-5904000.0,0.0,-5907000.0,0.0,300000.0,-5585000.0,0.0,0.0,-5585000.0,0.0,-0.54,-0.54,10420000.0,10420000.0,https://www.sec.gov/Archives/edgar/data/1422143/000156459015007408/0001564590-15-007408-index.html,https://www.sec.gov/Archives/edgar/data/1422143/000156459015007408/kura-10q_20150630.htm,1620594276,17:04:36,20210509
24,2015-03-31,KURA,USD,2015-05-13 00:00:00,2015-05-13 16:34:48,Q1,0.0,0.0,0.0,0.0,3628000.0,1060000.0,0.0,300000.0,4688000.0,4688000.0,88000.0,3000.0,-4685000.0,0.0,-4688000.0,0.0,300000.0,-4476000.0,0.0,0.0,-4476000.0,0.0,-1.41,-1.41,3184000.0,3184000.0,https://www.sec.gov/Archives/edgar/data/1422143/000156459015004193/0001564590-15-004193-index.html,https://www.sec.gov/Archives/edgar/data/1422143/000156459015004193/kura-10q_20150331.htm,1620594276,17:04:36,20210509
25,2014-12-31,KURA,USD,2014-12-31,2014-12-31,Q4,0.0,0.0,0.0,0.0,0.0,8589.0,0.0,0.0,8589.0,8589.0,941.0,0.0,-8589.0,0.0,-8589.0,0.0,0.0,-9530.0,0.0,0.0,-9530.0,0.0,-0.00191,-0.00191,5000000.0,5000000.0,,,1620594276,17:04:36,20210509
26,2014-09-30,KURA,USD,2014-11-14 00:00:00,2014-11-14 11:36:08,Q3,0.0,0.0,0.0,0.0,0.0,4765.0,0.0,0.0,4765.0,4765.0,1663.0,0.0,-4765.0,0.0,-4765.0,0.0,0.0,-6428.0,0.0,0.0,-6428.0,0.0,-0.00129,-0.00129,5000000.0,5000000.0,https://www.sec.gov/Archives/edgar/data/1422143/000121390014008154/0001213900-14-008154-index.html,https://www.sec.gov/Archives/edgar/data/1422143/000121390014008154/f10q0914_zetaiii.htm,1620594276,17:04:36,20210509
27,2014-06-30,KURA,USD,2014-08-14 00:00:00,2014-08-14 09:39:20,Q2,0.0,0.0,0.0,0.0,0.0,5242.0,0.0,0.0,5242.0,5242.0,1645.0,0.0,-5242.0,0.0,-5242.0,0.0,0.0,-6887.0,0.0,0.0,-6887.0,0.0,-0.00138,-0.00138,5000000.0,5000000.0,https://www.sec.gov/Archives/edgar/data/1422143/000121390014005793/0001213900-14-005793-index.html,https://www.sec.gov/Archives/edgar/data/1422143/000121390014005793/f10q0614_zetaacqiii.htm,1620594276,17:04:36,20210509
28,2014-03-31,KURA,USD,2014-05-15 00:00:00,2014-05-15 13:04:59,Q1,0.0,0.0,0.0,0.0,0.0,4138.0,0.0,0.0,4138.0,4138.0,1628.0,0.0,-4138.0,0.0,-4138.0,0.0,0.0,-5766.0,0.0,0.0,-5766.0,0.0,-0.00115,-0.00115,5000000.0,5000000.0,https://www.sec.gov/Archives/edgar/data/1422143/000121390014003353/0001213900-14-003353-index.html,https://www.sec.gov/Archives/edgar/data/1422143/000121390014003353/f10q0314_zetaacqiii.htm,1620594276,17:04:36,20210509
29,2013-12-31,KURA,USD,2013-12-31,2013-12-31,Q4,0.0,0.0,0.0,0.0,0.0,7694.0,0.0,0.0,7694.0,7694.0,760.0,0.0,-7694.0,0.0,-7694.0,0.0,0.0,-8454.0,0.0,0.0,-8454.0,0.0,-0.00169,-0.00169,5000000.0,5000000.0,,,1620594276,17:04:36,20210509
30,2013-09-30,KURA,USD,2013-11-14 00:00:00,2013-11-14 10:50:44,Q3,0.0,0.0,0.0,0.0,0.0,4475.0,0.0,0.0,4475.0,4475.0,1664.0,0.0,-4475.0,0.0,-4475.0,0.0,0.0,-6139.0,0.0,0.0,-6139.0,0.0,-0.00123,-0.00123,5000000.0,5000000.0,https://www.sec.gov/Archives/edgar/data/1422143/000121390013006386/0001213900-13-006386-index.html,https://www.sec.gov/Archives/edgar/data/1422143/000121390013006386/f10q0913_zetaacqcorpiii.htm,1620594276,17:04:36,20210509
31,2013-06-30,KURA,USD,2013-08-14 00:00:00,2013-08-14 17:29:24,Q2,0.0,0.0,0.0,0.0,0.0,5456.0,0.0,0.0,5456.0,5456.0,1293.0,0.0,-5456.0,0.0,-5456.0,0.0,0.0,-6749.0,0.0,0.0,-6749.0,0.0,-0.00135,-0.00135,5000000.0,5000000.0,https://www.sec.gov/Archives/edgar/data/1422143/000121390013004344/0001213900-13-004344-index.html,https://www.sec.gov/Archives/edgar/data/1422143/000121390013004344/f10q0613_zetacorpiii.htm,1620594276,17:04:36,20210509
32,2013-03-31,KURA,USD,2013-05-15 00:00:00,2013-05-15 15:54:06,Q1,0.0,0.0,0.0,0.0,0.0,4716.0,0.0,0.0,4716.0,4716.0,1257.0,0.0,-4716.0,0.0,-4716.0,0.0,0.0,-5973.0,0.0,0.0,-5973.0,0.0,-0.00119,-0.00119,5000000.0,5000000.0,https://www.sec.gov/Archives/edgar/data/1422143/000114420413029422/0001144204-13-029422-index.html,https://www.sec.gov/Archives/edgar/data/1422143/000114420413029422/v344076_10q.htm,1620594276,17:04:36,20210509
33,2012-12-31,KURA,USD,2013-03-28 00:00:00,2013-03-28 06:14:04,Q4,0.0,0.0,0.0,0.0,0.0,9475.0,0.0,0.0,9475.0,9475.0,-88.0,0.0,-9475.0,0.0,-9475.0,0.0,0.0,-9387.0,0.0,0.0,-9387.0,0.0,-0.00188,-0.00188,5000000.0,5000000.0,https://www.sec.gov/Archives/edgar/data/1422143/000114420413018035/0001144204-13-018035-index.html,https://www.sec.gov/Archives/edgar/data/1422143/000114420413018035/v337344_10k.htm,1620594276,17:04:36,20210509
34,2012-09-30,KURA,USD,2012-11-14 00:00:00,2012-11-14 10:42:33,Q3,0.0,0.0,0.0,0.0,0.0,4728.0,0.0,0.0,4728.0,4728.0,1285.0,0.0,-4728.0,0.0,-4728.0,0.0,0.0,-6013.0,0.0,0.0,-6013.0,0.0,-0.0012,-0.0012,5000000.0,5000000.0,https://www.sec.gov/Archives/edgar/data/1422143/000114420412062045/0001144204-12-062045-index.html,https://www.sec.gov/Archives/edgar/data/1422143/000114420412062045/v325933_10q.htm,1620594276,17:04:36,20210509
35,2012-06-30,KURA,USD,2012-08-14 00:00:00,2012-08-14 15:02:53,Q2,0.0,0.0,0.0,0.0,0.0,4996.0,0.0,0.0,4996.0,4996.0,1272.0,0.0,-4996.0,0.0,-4996.0,0.0,0.0,-6268.0,0.0,0.0,-6268.0,0.0,-0.00125,-0.00125,5000000.0,5000000.0,https://www.sec.gov/Archives/edgar/data/1422143/000114420412045534/0001144204-12-045534-index.html,https://www.sec.gov/Archives/edgar/data/1422143/000114420412045534/v319600_10q.htm,1620594276,17:04:36,20210509
36,2012-03-31,KURA,USD,2012-03-31,2012-03-31,Q1,0.0,0.0,0.0,0.0,0.0,4241.0,0.0,0.0,4241.0,4241.0,1131.0,0.0,-4241.0,0.0,-4241.0,0.0,0.0,-5372.0,0.0,0.0,-5372.0,0.0,-0.00107,-0.00107,5000000.0,5000000.0,,,1620594276,17:04:36,20210509
37,2011-12-31,KURA,USD,2012-03-30 00:00:00,2012-03-30 16:03:36,Q4,0.0,0.0,0.0,0.0,0.0,5045.0,0.0,0.0,5045.0,5045.0,-806.0,0.0,-5045.0,0.0,-5045.0,0.0,0.0,-4239.0,0.0,0.0,-4239.0,0.0,-0.00085,-0.00085,5000000.0,5000000.0,https://www.sec.gov/Archives/edgar/data/1422143/000114420412018805/0001144204-12-018805-index.html,https://www.sec.gov/Archives/edgar/data/1422143/000114420412018805/v305679_10k.htm,1620594276,17:04:36,20210509
38,2011-09-30,KURA,USD,2011-11-14 00:00:00,2011-11-14 14:53:53,Q3,0.0,0.0,0.0,0.0,0.0,5360.0,0.0,0.0,5360.0,5360.0,907.0,0.0,-5360.0,0.0,-5360.0,0.0,0.0,-6267.0,0.0,0.0,-6267.0,0.0,-0.00125,-0.00125,5000000.0,5000000.0,https://www.sec.gov/Archives/edgar/data/1422143/000114420411064143/0001144204-11-064143-index.html,https://www.sec.gov/Archives/edgar/data/1422143/000114420411064143/v238934_10q.htm,1620594276,17:04:36,20210509
39,2011-06-30,KURA,USD,2011-08-15 00:00:00,2011-08-15 15:13:25,Q2,0.0,0.0,0.0,0.0,0.0,10104.0,0.0,0.0,10104.0,10104.0,1785.0,0.0,-10104.0,0.0,-10104.0,0.0,0.0,-11889.0,0.0,0.0,-11889.0,0.0,-0.00238,-0.00238,5000000.0,5000000.0,https://www.sec.gov/Archives/edgar/data/1422143/000114420411047066/0001144204-11-047066-index.html,https://www.sec.gov/Archives/edgar/data/1422143/000114420411047066/v229134_10q.htm,1620594276,17:04:36,20210509
