,date,symbol,reportedCurrency,fillingDate,acceptedDate,period,revenue,costOfRevenue,grossProfit,grossProfitRatio,researchAndDevelopmentExpenses,generalAndAdministrativeExpenses,sellingAndMarketingExpenses,otherExpenses,operatingExpenses,costAndExpenses,interestExpense,depreciationAndAmortization,ebitda,ebitdaratio,operatingIncome,operatingIncomeRatio,totalOtherIncomeExpensesNet,incomeBeforeTax,incomeBeforeTaxRatio,incomeTaxExpense,netIncome,netIncomeRatio,eps,epsdiluted,weightedAverageShsOut,weightedAverageShsOutDil,link,finalLink,timestamp,est_time,est_date
0,2020-12-31,WIFI,USD,2021-03-01,2021-03-01 16:46:25,Q4,60104000,-10061000,70165000.0,1.1673931851457473,0.0,91210000.0,0.0,0.0,72462000.0,62401000,1600000.0,21127000.0,18830000.0,0.31329029681884735,-2297000.0,-0.03821709037668042,0.0,-3835000.0,-0.06380606947956875,-68000.0,-3709000.0,-0.06170970318115267,-0.08333895067969892,-0.08333895067969892,44505000.0,44505000.0,https://www.sec.gov/Archives/edgar/data/1169988/000155837021002183/0001558370-21-002183-index.htm,https://www.sec.gov/Archives/edgar/data/1169988/000155837021002183/wifi-20201231x10k.htm,1620599827,18:37:07,20210509
1,2020-09-30,WIFI,USD,2020-11-09,2020-11-09 16:53:55,Q3,58754000,41365000,17389000.0,0.2959628280627702,6277000.0,5878000.0,4903000.0,48702.0,18118000.0,59483000,2282000.0,21083000.0,20354000.0,0.34642747727814277,-729000.0,-0.01240766586104776,101.0,-2910000.0,-0.049528542737515745,109000.0,-2911000.0,-0.04954556285529496,-0.07,-0.07,44505000.0,44505000.0,https://www.sec.gov/Archives/edgar/data/1169988/000110465920123115/0001104659-20-123115-index.htm,https://www.sec.gov/Archives/edgar/data/1169988/000110465920123115/wifi-20200930x10q.htm,1620599827,18:37:07,20210509
2,2020-06-30,WIFI,USD,2020-08-07,2020-08-07 14:59:50,Q2,58672000,41434000,17238000.0,0.29380283610580854,6498000.0,7289000.0,5852000.0,0.0,20744000.0,62178000,2773000.0,20634000.0,17128000.0,0.29192800654485956,-3506000.0,-0.05975593127897464,0.0,-6158000.0,-0.10495636760294519,71000.0,-5840000.0,-0.09953640578129261,-0.13,-0.13,44391000.0,44391000.0,https://www.sec.gov/Archives/edgar/data/1169988/000110465920091938/0001104659-20-091938-index.htm,https://www.sec.gov/Archives/edgar/data/1169988/000110465920091938/wifi-20200630x10q.htm,1620599827,18:37:07,20210509
3,2020-03-31,WIFI,USD,2020-05-08,2020-05-08 12:55:13,Q1,59886000,42046000,17840000.0,0.2978993420832916,6985000.0,6750000.0,5579000.0,0.0,20425000.0,62471000,2349000.0,19757000.0,17172000.0,0.2867448151487827,-2585000.0,-0.04316534749357112,0.0,-4680000.0,-0.07814848211602043,45000.0,-4633000.0,-0.07736365761613732,-0.1,-0.1,44272000.0,44272000.0,https://www.sec.gov/Archives/edgar/data/1169988/000110465920058607/0001104659-20-058607-index.htm,https://www.sec.gov/Archives/edgar/data/1169988/000110465920027866/wifi-20191231x10k49e19c.htm,1620599827,18:37:07,20210509
4,2019-12-31,WIFI,USD,2020-03-02,2020-03-02 16:08:12,Q4,64056000,44199000,19857000.0,0.3099943799175721,9041000.0,6935000.0,6661000.0,0.0,23843000.0,68042000,1877000.0,19318000.0,15332000.0,0.2393530660671912,-3986000.0,-0.06222680154864493,0.0,-5446000.0,-0.08501935806169601,-282000.0,-5172000.0,-0.08074185088047958,-0.12,-0.12,44194000.0,44194000.0,https://www.sec.gov/Archives/edgar/data/1169988/000110465920027866/0001104659-20-027866-index.htm,https://www.sec.gov/Archives/edgar/data/1169988/000110465920027866/wifi-20191231x10k49e19c.htm,1620599827,18:37:07,20210509
5,2019-09-30,WIFI,USD,2019-11-08,2019-11-08 17:29:23,Q3,64707000,42837000,21870000.0,0.3379850711669526,8182000.0,5021000.0,5721000.0,0.0,20027000.0,62864000,2191000.0,16925000.0,18768000.0,0.29004589920719553,1843000.0,0.0284822353068447,0.0,40000.0,0.0006181711406802973,143000.0,-187000.0,-0.00288995008268039,-0.004237,-0.004237,44136000.0,44136000.0,https://www.sec.gov/Archives/edgar/data/1169988/000110465919061790/0001104659-19-061790-index.htm,https://www.sec.gov/Archives/edgar/data/1169988/000110465919061790/wifi-20190930x10q92941a.htm,1620599827,18:37:07,20210509
6,2019-06-30,WIFI,USD,2019-08-05,2019-08-05 14:15:00,Q2,68554000,44051000,24503000.0,0.35742626250838755,8353000.0,7015000.0,6194000.0,0.0,22693000.0,66744000,0.0,18612000.0,20422000.0,0.29789654870612947,1810000.0,0.026402543979928233,0.0,148000.0,0.0021588820491875017,-81000.0,216000.0,0.0031508008285439214,0.004905,0.004867,44041000.0,44378000.0,https://www.sec.gov/Archives/edgar/data/1169988/000141057819000657/0001410578-19-000657-index.htm,https://www.sec.gov/Archives/edgar/data/1169988/000141057819000657/wifi-20190630x10q.htm,1620599827,18:37:07,20210509
7,2019-03-31,WIFI,USD,2019-05-10,2019-05-10 15:11:26,Q1,66473000,45553000,20920000.0,0.3147142448813804,8999000.0,8294000.0,5867000.0,0.0,24291000.0,69844000,1676000.0,20578000.0,17207000.0,0.2588569795255216,-3371000.0,-0.050712319287530276,0.0,-5047000.0,-0.07592556376273073,192000.0,-5153000.0,-0.07752019616987348,-0.12,-0.12,43527000.0,43527000.0,https://www.sec.gov/Archives/edgar/data/1169988/000110465919028578/0001104659-19-028578-index.htm,https://www.sec.gov/Archives/edgar/data/1169988/000104746919000834/a2237888z10-k.htm,1620599827,18:37:07,20210509
8,2018-12-31,WIFI,USD,2019-03-01,2019-03-01 15:52:55,Q4,67808000,47032000,20776000.0,0.30639452571967907,8489000.0,8084000.0,6157000.0,0.0,23933000.0,70965000,1736000.0,23271000.0,20114000.0,0.2966316658801321,-3157000.0,-0.04655792826805097,0.0,-4893000.0,-0.07215962718263332,-5351000.0,416000.0,0.006134969325153374,0.009767321734638774,0.009110819097678493,42591000.0,45660000.0,https://www.sec.gov/Archives/edgar/data/1169988/000104746919000834/0001047469-19-000834-index.htm,https://www.sec.gov/Archives/edgar/data/1169988/000104746919000834/a2237888z10-k.htm,1620599827,18:37:07,20210509
9,2018-09-30,WIFI,USD,2018-11-05,2018-11-05 13:53:13,Q3,65253000,42533000,22720000.0,0.3481832252923237,7995000.0,7789000.0,5674000.0,0.0,22570000.0,65103000,22000.0,20013000.0,20163000.0,0.30899728748103533,150000.0,0.00229874488529263,0.0,128000.0,0.001961595635449711,54000.0,-522000.0,-0.007999632200818353,-0.01,-0.01,42377000.0,42377000.0,https://www.sec.gov/Archives/edgar/data/1169988/000110465918065938/0001104659-18-065938-index.htm,https://www.sec.gov/Archives/edgar/data/1169988/000110465918065938/a18-18982_110q.htm,1620599827,18:37:07,20210509
10,2018-06-30,WIFI,USD,2018-08-06,2018-08-06 16:55:28,Q2,59601000,36811000,22790000.0,0.38237613462861364,7463000.0,6730000.0,5353000.0,0.0,20214000.0,57025000,50000.0,17930000.0,20506000.0,0.3440546299558732,2576000.0,0.04322075132967568,0.0,2526000.0,0.042381839230885385,16000.0,2115000.0,0.035485981778829216,0.050403946521770215,0.046772374444370726,41961000.0,45219000.0,https://www.sec.gov/Archives/edgar/data/1169988/000110465918049845/0001104659-18-049845-index.htm,https://www.sec.gov/Archives/edgar/data/1169988/000110465918049845/a18-14036_110q.htm,1620599827,18:37:07,20210509
11,2018-03-31,WIFI,USD,2018-05-08,2018-05-08 17:06:31,Q1,58159000,39411000,18748000.0,0.322357674650527,7425000.0,7699000.0,5463000.0,0.0,21314000.0,60725000,0.0,21333000.0,18767000.0,0.3226843652745061,-2566000.0,-0.04412042848054471,0.0,-2645000.0,-0.045478773706563044,128000.0,-3229000.0,-0.05552021183307829,-0.08,-0.08,41330000.0,41330000.0,https://www.sec.gov/Archives/edgar/data/1169988/000110465918031366/0001104659-18-031366-index.htm,https://www.sec.gov/Archives/edgar/data/1169988/000104746918001548/a2234753z10-k.htm,1620599827,18:37:07,20210509
12,2017-12-31,WIFI,USD,2018-03-12,2018-03-12 17:20:03,Q4,57348000,39106000,18242000.0,0.3180930459649857,6940000.0,8196000.0,5745000.0,0.0,21706000.0,60812000,0.0,20678000.0,17214000.0,0.30016739903745554,-3464000.0,-0.06040315268187208,0.0,-3491000.0,-0.06087396247471577,-2585000.0,-1019000.0,-0.017768710329915602,-0.02,-0.02,40887000.0,40887000.0,https://www.sec.gov/Archives/edgar/data/1169988/000104746918001548/0001047469-18-001548-index.htm,https://www.sec.gov/Archives/edgar/data/1169988/000104746918001548/a2234753z10-k.htm,1620599827,18:37:07,20210509
13,2017-09-30,WIFI,USD,2017-11-08,2017-11-08 14:17:37,Q3,53655000,35768000,17887000.0,0.33337060851737954,6817000.0,8006000.0,5201000.0,0.0,20876000.0,56644000,0.0,19097000.0,16108000.0,0.3002143323082658,-2989000.0,-0.05570776255707763,0.0,-3073000.0,-0.05727332028701892,167000.0,-3450000.0,-0.06429969247973162,-0.09,-0.09,40336000.0,40336000.0,https://www.sec.gov/Archives/edgar/data/1169988/000110465917066934/0001104659-17-066934-index.htm,https://www.sec.gov/Archives/edgar/data/1169988/000110465917066934/a17-20569_110q.htm,1620599827,18:37:07,20210509
14,2017-06-30,WIFI,USD,2017-08-04,2017-08-04 15:09:22,Q2,49033000,32773000,16260000.0,0.3316134032182408,6663000.0,11263000.0,5094000.0,0.0,23930000.0,56703000,0.0,16924000.0,9254000.0,0.18873003895335794,-7670000.0,-0.15642526461770645,0.0,-7716000.0,-0.15736340831684784,141000.0,-8017000.0,-0.1635021312177513,-0.2,-0.2,39286000.0,39286000.0,https://www.sec.gov/Archives/edgar/data/1169988/000110465917049563/0001104659-17-049563-index.htm,https://www.sec.gov/Archives/edgar/data/1169988/000110465917049563/a17-13278_110q.htm,1620599827,18:37:07,20210509
15,2017-03-31,WIFI,USD,2017-05-08,2017-05-08 13:05:50,Q1,44333000,30670000,13663000.0,0.3081902871450161,6334000.0,8103000.0,4893000.0,0.0,20241000.0,50911000,0.0,15896000.0,9318000.0,0.21018203144384545,-6578000.0,-0.14837705546658245,0.0,-6574000.0,-0.14828682922427988,199000.0,-6880000.0,-0.15518913676042678,-0.18,-0.18,38712000.0,38712000.0,https://www.sec.gov/Archives/edgar/data/1169988/000110465917030568/0001104659-17-030568-index.htm,https://www.sec.gov/Archives/edgar/data/1169988/000104746917001506/a2231209z10-k.htm,1620599827,18:37:07,20210509
16,2016-12-31,WIFI,USD,2017-03-13,2017-03-13 08:32:49,Q4,44974000,30278000,14696000.0,0.32676657624405214,6112000.0,7166000.0,4626000.0,0.0,18770000.0,49048000,0.0,15267000.0,11193000.0,0.2488771290078712,-4074000.0,-0.09058567172143905,0.0,-4234000.0,-0.09414328278560946,-30000.0,-4372000.0,-0.09721172232845644,-0.11,-0.11,38406000.0,38406000.0,https://www.sec.gov/Archives/edgar/data/1169988/000104746917001506/0001047469-17-001506-index.htm,https://www.sec.gov/Archives/edgar/data/1169988/000104746917001506/a2231209z10-k.htm,1620599827,18:37:07,20210509
17,2016-09-30,WIFI,USD,2016-11-07,2016-11-07 14:52:48,Q3,40796000,28680000,12116000.0,0.2969899009706834,5394000.0,6701000.0,4553000.0,0.0,17503000.0,46183000,0.0,13948000.0,8561000.0,0.20984900480439259,-5387000.0,-0.13204725953524854,0.0,-5504000.0,-0.13491518776350622,95000.0,-5709000.0,-0.13994019021472692,-0.15,-0.15,38189000.0,38189000.0,https://www.sec.gov/Archives/edgar/data/1169988/000110465916155149/0001104659-16-155149-index.htm,https://www.sec.gov/Archives/edgar/data/1169988/000110465916155149/a16-17178_110q.htm,1620599827,18:37:07,20210509
18,2016-06-30,WIFI,USD,2016-08-08,2016-08-08 14:46:43,Q2,39075000,27333000,11742000.0,0.30049904030710173,5267000.0,7700000.0,4882000.0,0.0,18711000.0,46044000,0.0,12262000.0,5293000.0,0.13545745361484324,-6969000.0,-0.1783493282149712,0.0,-7121000.0,-0.18223928342930262,124000.0,-7266000.0,-0.18595009596928982,-0.19,-0.19,37944000.0,37944000.0,https://www.sec.gov/Archives/edgar/data/1169988/000110465916137866/0001104659-16-137866-index.htm,https://www.sec.gov/Archives/edgar/data/1169988/000110465916137866/a16-11569_110q.htm,1620599827,18:37:07,20210509
19,2016-03-31,WIFI,USD,2016-05-09,2016-05-09 16:40:05,Q1,34499000,25128000,9371000.0,0.27163106176990637,5353000.0,8152000.0,4668000.0,0.0,19038000.0,44166000,0.0,11173000.0,1506000.0,0.04365343923012261,-9667000.0,-0.28021102060929304,0.0,-9697000.0,-0.28108061103220383,238000.0,-9984000.0,-0.2893996927447172,-0.27,-0.27,37554000.0,37554000.0,https://www.sec.gov/Archives/edgar/data/1169988/000110465916119269/0001104659-16-119269-index.htm,https://www.sec.gov/Archives/edgar/data/1169988/000104746916011022/a2227653z10-k.htm,1620599827,18:37:07,20210509
20,2015-12-31,WIFI,USD,2016-03-11,2016-03-11 14:37:48,Q4,38771000,25214000,13557000.0,0.3496685667122334,5169000.0,5362000.0,5663000.0,0.0,17061000.0,42275000,0.0,11261000.0,7757000.0,0.20007221892651725,-3504000.0,-0.09037682804157747,0.0,-3520000.0,-0.090789507621676,80000.0,-3654000.0,-0.09424569910500116,-0.1,-0.1,37228000.0,37228000.0,https://www.sec.gov/Archives/edgar/data/1169988/000104746916011022/0001047469-16-011022-index.htm,https://www.sec.gov/Archives/edgar/data/1169988/000104746916011022/a2227653z10-k.htm,1620599827,18:37:07,20210509
21,2015-09-30,WIFI,USD,2015-11-09,2015-11-09 15:42:14,Q3,37186000,25736000,11450000.0,0.30791157962674126,5001000.0,5472000.0,4793000.0,0.0,16209000.0,41945000,0.0,10976000.0,6217000.0,0.1671865755929651,-4759000.0,-0.12797827139245954,0.0,-4808000.0,-0.1292959716022159,115000.0,-4819000.0,-0.12959178185338568,-0.13,-0.13,37041000.0,37041000.0,https://www.sec.gov/Archives/edgar/data/1169988/000110465915077211/0001104659-15-077211-index.htm,https://www.sec.gov/Archives/edgar/data/1169988/000110465915077211/a15-18055_110q.htm,1620599827,18:37:07,20210509
22,2015-06-30,WIFI,USD,2015-08-10,2015-08-10 14:31:30,Q2,34277000,23913000,10364000.0,0.3023601832132334,4786000.0,5689000.0,4781000.0,0.0,16129000.0,40042000,0.0,10685000.0,4920000.0,0.1435364821892231,-5765000.0,-0.1681885812644047,0.0,-5746000.0,-0.16763427371123493,82000.0,-5937000.0,-0.17320652332467837,-0.16,-0.16,36724000.0,36724000.0,https://www.sec.gov/Archives/edgar/data/1169988/000110465915058163/0001104659-15-058163-index.htm,https://www.sec.gov/Archives/edgar/data/1169988/000110465915058163/a15-12175_110q.htm,1620599827,18:37:07,20210509
23,2015-03-31,WIFI,USD,2015-05-11,2015-05-11 16:00:18,Q1,29392000,21662000,7730000.0,0.262996733805117,4191000.0,5833000.0,4416000.0,0.0,15333000.0,36995000,0.0,8947000.0,1344000.0,0.0457267283614589,-7603000.0,-0.2586758301578661,0.0,-7623000.0,-0.2593562874251497,204000.0,-7882000.0,-0.2681682090364725,-0.22,-0.22,36390000.0,36390000.0,https://www.sec.gov/Archives/edgar/data/1169988/000110465915036798/0001104659-15-036798-index.htm,https://www.sec.gov/Archives/edgar/data/1169988/000104746915002268/a2223445z10-k.htm,1620599827,18:37:07,20210509
24,2014-12-31,WIFI,USD,2015-03-16,2015-03-16 15:55:16,Q4,33627000,25794000,7833000.0,0.2329378178249621,4074000.0,4116000.0,4753000.0,0.0,13847000.0,39641000,0.0,8700000.0,2686000.0,0.07987628988610343,-6014000.0,-0.1788443810033604,0.0,-6067000.0,-0.18042049543521574,322000.0,-6524000.0,-0.19401076515894966,-0.18,-0.18,36148000.0,36148000.0,https://www.sec.gov/Archives/edgar/data/1169988/000104746915002268/0001047469-15-002268-index.htm,https://www.sec.gov/Archives/edgar/data/1169988/000104746915002268/a2223445z10-k.htm,1620599827,18:37:07,20210509
25,2014-09-30,WIFI,USD,2014-11-10,2014-11-10 15:09:58,Q3,30822000,21303000,9519000.0,0.3088378430990851,3965000.0,4304000.0,3778000.0,0.0,13006000.0,34309000,0.0,8294000.0,4807000.0,0.15596002855103497,-3487000.0,-0.11313347608850821,0.0,-3476000.0,-0.11277658815132048,75000.0,-3815000.0,-0.1237752254882876,-0.11,-0.11,35881000.0,35881000.0,https://www.sec.gov/Archives/edgar/data/1169988/000155837014000371/0001558370-14-000371-index.htm,https://www.sec.gov/Archives/edgar/data/1169988/000155837014000371/wifi-20140930x10q.htm,1620599827,18:37:07,20210509
26,2014-06-30,WIFI,USD,2014-08-11,2014-08-11 14:37:09,Q2,28396000,19040000,9356000.0,0.32948302577827865,3169000.0,4645000.0,3966000.0,0.0,12708000.0,31748000,0.0,7459000.0,4107000.0,0.1446330469080152,-3352000.0,-0.11804479504155514,0.0,-3370000.0,-0.11867868713903366,155000.0,-3734000.0,-0.1314973939991548,-0.1,-0.1,35621000.0,35621000.0,https://www.sec.gov/Archives/edgar/data/1169988/000110465914059320/0001104659-14-059320-index.htm,https://www.sec.gov/Archives/edgar/data/1169988/000110465914059320/a14-14013_110q.htm,1620599827,18:37:07,20210509
27,2014-03-31,WIFI,USD,2014-05-12,2014-05-12 16:07:09,Q1,26452000,18749000,7703000.0,0.2912067140480871,3671000.0,4395000.0,3885000.0,0.0,12876000.0,31625000,0.0,6709000.0,1536000.0,0.05806744291546953,-5173000.0,-0.1955617722667473,0.0,-5154000.0,-0.19484349009526689,148000.0,-5448000.0,-0.20595796159080598,-0.15,-0.15,35350000.0,35350000.0,https://www.sec.gov/Archives/edgar/data/1169988/000110465914037610/0001104659-14-037610-index.htm,https://www.sec.gov/Archives/edgar/data/1169988/000104746914002511/a2218706z10-k.htm,1620599827,18:37:07,20210509
28,2013-12-31,WIFI,USD,2014-03-17,2014-03-17 16:05:20,Q4,28766000,18073000,10693000.0,0.37172356253910865,2948000.0,3565000.0,4138000.0,0.0,11445000.0,29518000,0.0,6123000.0,5371000.0,0.18671348119307515,-752000.0,-0.026141973162761595,0.0,-785000.0,-0.027289160814850867,1668000.0,-2627000.0,-0.09132308975874295,-0.08,-0.08,35452000.0,35452000.0,https://www.sec.gov/Archives/edgar/data/1169988/000104746914002511/0001047469-14-002511-index.htm,https://www.sec.gov/Archives/edgar/data/1169988/000104746914002511/a2218706z10-k.htm,1620599827,18:37:07,20210509
29,2013-09-30,WIFI,USD,2013-11-12,2013-11-12 14:09:23,Q3,28607000,18165000,10442000.0,0.3650155556332366,2622000.0,3201000.0,3294000.0,0.0,9658000.0,27823000,0.0,5285000.0,6069000.0,0.21215087216415562,784000.0,0.02740587967979865,0.0,782000.0,0.027335966721431817,258000.0,354000.0,0.012374593630929492,0.009945775854802911,0.009534326267876862,35593000.0,37129000.0,https://www.sec.gov/Archives/edgar/data/1169988/000110465913083532/0001104659-13-083532-index.htm,https://www.sec.gov/Archives/edgar/data/1169988/000110465913083532/a13-19739_110q.htm,1620599827,18:37:07,20210509
30,2013-06-30,WIFI,USD,2013-08-09,2013-08-09 14:41:53,Q2,26239000,15788000,10451000.0,0.3983002401006136,2726000.0,3811000.0,3822000.0,0.0,10875000.0,26663000,0.0,5250000.0,4826000.0,0.18392469225199132,-424000.0,-0.016159152406722818,0.0,-399000.0,-0.015206372194062274,-173000.0,-399000.0,-0.015206372194062274,-0.01,-0.01,35670000.0,35670000.0,https://www.sec.gov/Archives/edgar/data/1169988/000110465913062258/0001104659-13-062258-index.htm,https://www.sec.gov/Archives/edgar/data/1169988/000110465913062258/a13-13897_110q.htm,1620599827,18:37:07,20210509
31,2013-03-31,WIFI,USD,2013-05-10,2013-05-10 15:52:59,Q1,23134000,13621000,9513000.0,0.41121293334486037,3136000.0,4490000.0,2990000.0,0.0,11015000.0,24636000,0.0,4532000.0,3030000.0,0.1309760525633267,-1502000.0,-0.06492608282182069,0.0,-1455000.0,-0.06289444108238956,-467000.0,-1121000.0,-0.048456816806432094,-0.03,-0.03,35597000.0,35597000.0,https://www.sec.gov/Archives/edgar/data/1169988/000110465913040247/0001104659-13-040247-index.htm,https://www.sec.gov/Archives/edgar/data/1169988/000104746913002995/a2213787z10-k.htm,1620599827,18:37:07,20210509
32,2012-12-31,WIFI,USD,2013-03-18,2013-03-18 17:22:20,Q4,28000000,16358000,11642000.0,0.41578571428571426,2980000.0,3245000.0,3018000.0,0.0,9568000.0,25926000,0.0,4611000.0,6685000.0,0.23875,2074000.0,0.07407142857142857,0.0,2047000.0,0.07310714285714286,497000.0,1400000.0,0.05,0.03972870966826528,0.03753049352598987,35239000.0,37303000.0,https://www.sec.gov/Archives/edgar/data/1169988/000104746913002995/0001047469-13-002995-index.htm,https://www.sec.gov/Archives/edgar/data/1169988/000104746913002995/a2213787z10-k.htm,1620599827,18:37:07,20210509
33,2012-09-30,WIFI,USD,2012-11-14,2012-11-14 14:35:33,Q3,26017000,13754000,12263000.0,0.47134565860783334,2300000.0,2971000.0,2567000.0,0.0,8134000.0,21888000,0.0,4095000.0,8224000.0,0.3161010108775032,4129000.0,0.15870392435715108,0.0,4162000.0,0.15997232578698542,1101000.0,2777000.0,0.10673790214090786,0.08,0.07,35080000.0,37337000.0,https://www.sec.gov/Archives/edgar/data/1169988/000110465912077827/0001104659-12-077827-index.htm,https://www.sec.gov/Archives/edgar/data/1169988/000110465912077827/a12-20109_110q.htm,1620599827,18:37:07,20210509
34,2012-06-30,WIFI,USD,2012-08-14,2012-08-14 15:47:25,Q2,24302000,13409000,10893000.0,0.4482347131923298,2834000.0,3157000.0,2419000.0,0.0,8657000.0,22066000,0.0,3605000.0,5841000.0,0.2403505884289359,2236000.0,0.09200888815735331,0.0,2317000.0,0.0953419471648424,709000.0,1461000.0,0.060118508764710726,0.04198396505646714,0.039061037884661656,34799000.0,37403000.0,https://www.sec.gov/Archives/edgar/data/1169988/000110465912057796/0001104659-12-057796-index.htm,https://www.sec.gov/Archives/edgar/data/1169988/000110465912057796/a12-14000_110q.htm,1620599827,18:37:07,20210509
35,2012-03-31,WIFI,USD,2012-05-11,2012-05-11 16:08:56,Q1,24187000,13309000,10878000.0,0.4497457311779055,2658000.0,3327000.0,2251000.0,0.0,8471000.0,21780000,0.0,4750000.0,7157000.0,0.29590275767974533,2407000.0,0.09951626907016166,0.0,2463000.0,0.10183156240955886,658000.0,1657000.0,0.06850787613180634,0.04877976979010274,0.04523367547499454,33969000.0,36632000.0,https://www.sec.gov/Archives/edgar/data/1169988/000110465912036467/0001104659-12-036467-index.htm,https://www.sec.gov/Archives/edgar/data/1169988/000104746912004286/a2207891z10-k.htm,1620599827,18:37:07,20210509
36,2011-12-31,WIFI,USD,2012-04-13,2012-04-13 17:05:00,Q4,25899000,14013000,11886000.0,0.4589366384802502,2241000.0,3343000.0,1999000.0,0.0,7846000.0,21859000,0.0,3670000.0,7710000.0,0.29769489169466,4040000.0,0.15599057878682573,0.0,4156000.0,0.16046951619753658,1997000.0,1937000.0,0.07479053245299046,0.06,0.05,33357000.0,36805000.0,https://www.sec.gov/Archives/edgar/data/1169988/000104746912004286/0001047469-12-004286-index.htm,https://www.sec.gov/Archives/edgar/data/1169988/000104746912004286/a2207891z10-k.htm,1620599827,18:37:07,20210509
37,2011-09-30,WIFI,USD,2011-11-10,2011-11-10 14:11:10,Q3,24688000,13744000,10944000.0,0.44329228775113416,2449000.0,3236000.0,1955000.0,0.0,7963000.0,21707000,0.0,3878000.0,6859000.0,0.27782728451069344,2981000.0,0.12074692158133506,0.0,2994000.0,0.12127349319507454,1194000.0,1662000.0,0.0673201555411536,0.05015238842451492,0.04531326680844103,33139000.0,36678000.0,https://www.sec.gov/Archives/edgar/data/1169988/000110465911063112/0001104659-11-063112-index.htm,https://www.sec.gov/Archives/edgar/data/1169988/000110465911063112/a11-28492_110q.htm,1620599827,18:37:07,20210509
38,2011-06-30,WIFI,USD,2011-08-11,2011-08-11 14:40:57,Q2,22943000,13113000,9830000.0,0.4284531229568932,2259000.0,2810000.0,1826000.0,0.0,7403000.0,20516000,0.0,3318000.0,5745000.0,0.25040317308111404,2427000.0,0.10578389922852285,0.0,2188000.0,0.0953667785381162,213000.0,1830000.0,0.0797628906420259,0.06,0.05,23258000.0,35570000.0,https://www.sec.gov/Archives/edgar/data/1169988/000110465911046075/0001104659-11-046075-index.htm,https://www.sec.gov/Archives/edgar/data/1169988/000110465911046075/a11-18761_110q.htm,1620599827,18:37:07,20210509
39,2011-03-31,WIFI,USD,2011-03-31,2011-03-31,Q1,21028000,12061000,8967000.0,0.4264314247669774,2484000.0,2564000.0,1629000.0,0.0,7238000.0,19299000,0.0,3090000.0,4819000.0,0.22917062963667492,1729000.0,0.0822237017310253,0.0,1663000.0,0.07908502948449686,660000.0,866000.0,0.041183184325661024,-0.06,-0.06,5899000.0,5899000.0,,,1620599827,18:37:07,20210509
40,2010-12-31,WIFI,USD,2010-12-31,2010-12-31,Q4,21409000,12466000,8943000.0,0.4177215189873418,2281000.0,3508000.0,1697000.0,0.0,8055000.0,20521000,0.0,2679000.0,3567000.0,0.16661217245083842,888000.0,0.041477883133261714,-154000.0,734000.0,0.034284646643934796,-9869000.0,10406000.0,0.4860572656359475,0.0,0.0,0.0,0.0,,,1620599827,18:37:07,20210509
41,2010-09-30,WIFI,USD,2010-09-30,2010-09-30,Q3,20214000,10978000,9236000.0,0.4569110517463144,1978000.0,2554000.0,1509000.0,0.0,6614000.0,17592000,0.0,2406000.0,5028000.0,0.2487384980706441,2622000.0,0.12971208073612348,0.0,2547000.0,0.12600178094390027,319000.0,2110000.0,0.10438310082121302,0.16,0.07,5835000.0,31408000.0,,,1620599827,18:37:07,20210509
42,2010-06-30,WIFI,USD,2010-06-30,2010-06-30,Q2,20298000,11519000,8779000.0,0.43250566558281606,2047000.0,2344000.0,1381000.0,0.0,6390000.0,17909000,0.0,2381000.0,4770000.0,0.23499852202187407,2389000.0,0.1176963247610602,0.0,2457000.0,0.121046408513154,306000.0,2030000.0,0.10000985318750616,0.12,0.07,5834000.0,30916000.0,,,1620599827,18:37:07,20210509
43,2010-03-31,WIFI,USD,2010-03-31,2010-03-31,Q1,18499000,10506000,7993000.0,0.43207740958970753,2169000.0,2239000.0,1398000.0,0.0,6537000.0,17043000,0.0,2536000.0,3992000.0,0.21579544840261636,1456000.0,0.07870695713281799,0.0,1480000.0,0.08000432455808422,181000.0,1188000.0,0.06421968755067842,-0.02,-0.02,5833000.0,5833000.0,,,1620599827,18:37:07,20210509
44,2009-12-31,WIFI,USD,2009-12-31,2009-12-31,Q4,19806000,10352000,9454000.0,0.47733010198929615,2032000.0,2611000.0,1472000.0,0.0,6985000.0,17337000,0.0,2722000.0,5191000.0,0.2620922952640614,2469000.0,0.12465919418358073,-68000.0,2401000.0,0.12122589114409775,835000.0,1457000.0,0.07356356659598101,0.0,0.0,0.0,0.0,,,1620599827,18:37:07,20210509
