,date,symbol,reportedCurrency,fillingDate,acceptedDate,period,revenue,costOfRevenue,grossProfit,grossProfitRatio,researchAndDevelopmentExpenses,generalAndAdministrativeExpenses,sellingAndMarketingExpenses,otherExpenses,operatingExpenses,costAndExpenses,interestExpense,depreciationAndAmortization,ebitda,ebitdaratio,operatingIncome,operatingIncomeRatio,totalOtherIncomeExpensesNet,incomeBeforeTax,incomeBeforeTaxRatio,incomeTaxExpense,netIncome,netIncomeRatio,eps,epsdiluted,weightedAverageShsOut,weightedAverageShsOutDil,link,finalLink,timestamp,est_time,est_date
0,2021-03-31,MKL,USD,2021-04-28,2021-04-28 16:35:35,Q1,2921353000,0.0,0.0,0.0,0.0,0.0,0.0,0.0,0.0,2193301000,42389000.0,0.0,0.0,0.0,0.0,0.24921740029363107,779058000.0,728052000.0,0.24921740029363107,148371000.0,573694000.0,0.19637955426817644,42.09,42.02,13819000.0,13841000.0,https://www.sec.gov/Archives/edgar/data/1096343/000109634321000074/0001096343-21-000074-index.htm,https://www.sec.gov/Archives/edgar/data/1096343/000109634321000074/mkl-20210331.htm,1620595045,17:17:25,20210509
1,2020-12-31,MKL,USD,2021-02-19,2021-02-19 16:36:41,Q4,3261114000,0.0,3261114000.0,1.0,0.0,-217556000.0,0.0,8458962.657,2211000000.0,2248050000,44381000.0,262405.0,1535596.608,0.0004708809958805488,1273191.608,0.3106496737004594,882293000.0,1013064000.0,0.3106496737004594,165635000.0,847299000.0,0.25981888397645714,59.44,59.33,13811000.0,13835000.0,https://www.sec.gov/Archives/edgar/data/1096343/000109634321000032/0001096343-21-000032-index.htm,https://www.sec.gov/Archives/edgar/data/1096343/000109634321000032/mkl-20201231.htm,1620595045,17:17:25,20210509
2,2020-09-30,MKL,USD,2020-10-27,2020-10-27 16:32:39,Q3,2843675000,0.0,2843675000.0,1.0,0.0,0.0,0.0,2219343.0,2219343.0,2259604000,42744000.0,44664.0,737056.0,0.0002591913632887021,692392.0,0.00024348492707499978,887621000.0,584071000.0,0.20539302135440934,130028000.0,452726000.0,0.15920455044968218,31.07,31.03,13809000.0,13827000.0,https://www.sec.gov/Archives/edgar/data/1096343/000109634320000137/0001096343-20-000137-index.htm,https://www.sec.gov/Archives/edgar/data/1096343/000109634320000137/mkl-20200930.htm,1620595045,17:17:25,20210509
3,2020-06-30,MKL,USD,2020-07-28,2020-07-28 16:39:01,Q2,3104908000,0.0,0.0,0.0,0.0,0.0,0.0,0.0,1890000000.0,1929535000,45427000.0,0.0,0.0,0.0,0.0,0.37855324537796287,764983000.0,1175373000.0,0.37855324537796287,243702000.0,921768000.0,0.2968744967644774,65.81,65.75,13808000.0,13821000.0,https://www.sec.gov/Archives/edgar/data/1096343/000109634320000118/0001096343-20-000118-index.htm,https://www.sec.gov/Archives/edgar/data/1096343/000109634320000118/mkl-20200630.htm,1620595045,17:17:25,20210509
4,2020-03-31,MKL,USD,2020-04-28,2020-04-28 16:43:50,Q1,433946000,0.0,0.0,0.0,0.0,217556000.0,0.0,0.0,2141000000.0,2206005000,45030000.0,0.0,0.0,0.0,0.0,-4.083593350324695,598155000.0,-1772059000.0,-4.083593350324695,-370683000.0,-1405763000.0,-3.2394883234319476,-100.6,-100.6,13815000.0,13815000.0,https://www.sec.gov/Archives/edgar/data/1096343/000109634320000066/0001096343-20-000066-index.htm,https://www.sec.gov/Archives/edgar/data/1096343/000109634320000039/mkl1231201910k.htm,1620595045,17:17:25,20210509
5,2019-12-31,MKL,USD,2020-02-21,2020-02-21 16:46:03,Q4,2525699000,0.0,0.0,0.0,0.0,176919000.0,0.0,0.0,1828000000.0,1884689000,42665000.0,0.0,0.0,0.0,0.0,0.2537950880132589,590979000.0,641010000.0,0.2537950880132589,129497000.0,511104000.0,0.20236140569402766,36.34,36.26,13835000.0,13864000.0,https://www.sec.gov/Archives/edgar/data/1096343/000109634320000039/0001096343-20-000039-index.htm,https://www.sec.gov/Archives/edgar/data/1096343/000109634320000039/mkl1231201910k.htm,1620595045,17:17:25,20210509
6,2019-09-30,MKL,USD,2019-10-29,2019-10-29 20:50:04,Q3,2086542000,0.0,0.0,0.0,0.0,153358000.0,0.0,0.0,1771000000.0,1824614000,47465000.0,0.0,0.0,0.0,0.0,0.12553210048012453,587500000.0,261928000.0,0.12553210048012453,57975000.0,205637000.0,0.09855397111584621,13.97,13.95,13849000.0,13864000.0,https://www.sec.gov/Archives/edgar/data/1096343/000109634319000217/0001096343-19-000217-index.htm,https://www.sec.gov/Archives/edgar/data/1096343/000109634319000217/mkl0930201910-q.htm,1620595045,17:17:25,20210509
7,2019-06-30,MKL,USD,2019-07-30,2019-07-30 16:37:23,Q2,2464131000,0.0,0.0,0.0,0.0,170796000.0,0.0,0.0,1773000000.0,1813937000,41267000.0,0.0,0.0,0.0,0.0,0.2638634066127166,702171000.0,650194000.0,0.2638634066127166,143711000.0,497298000.0,0.20181475741346544,36.1,36.07,13866000.0,13878000.0,https://www.sec.gov/Archives/edgar/data/1096343/000109634319000165/0001096343-19-000165-index.htm,https://www.sec.gov/Archives/edgar/data/1096343/000109634319000165/mkl0630201910-q.htm,1620595045,17:17:25,20210509
8,2019-03-31,MKL,USD,2019-04-30,2019-04-30 16:45:56,Q1,2450624000,0.0,0.0,0.0,0.0,174606000.0,0.0,0.0,1678000000.0,1717948000,40290000.0,0.0,0.0,0.0,0.0,0.29897528139771745,542138000.0,732676000.0,0.29897528139771745,155163000.0,576427000.0,0.2352164183489593,42.81,42.76,13895000.0,13911000.0,https://www.sec.gov/Archives/edgar/data/1096343/000109634319000124/0001096343-19-000124-index.htm,https://www.sec.gov/Archives/edgar/data/1096343/000109634319000074/mkl_12312018x10k.htm,1620595045,17:17:25,20210509
9,2018-12-31,MKL,USD,2019-02-28,2019-02-28 17:00:48,Q4,1084023000,0.0,0.0,0.0,0.0,80618000.0,0.0,0.0,1975000000.0,2014479000,39490000.0,0.0,0.0,0.0,0.0,-0.8583360316155654,546737000.0,-930456000.0,-0.8583360316155654,-177082000.0,-751543000.0,-0.6932906405122401,-53.88,-53.88,13916000.0,13916000.0,https://www.sec.gov/Archives/edgar/data/1096343/000109634319000074/0001096343-19-000074-index.htm,https://www.sec.gov/Archives/edgar/data/1096343/000109634319000074/mkl_12312018x10k.htm,1620595045,17:17:25,20210509
10,2018-09-30,MKL,USD,2018-10-30,2018-10-30 17:05:43,Q3,2237332000,0.0,0.0,0.0,0.0,0.0,0.0,0.0,1680000000.0,1718305000,37961000.0,0.0,0.0,0.0,0.0,0.23198479260118748,518244000.0,519027000.0,0.23198479260118748,109999000.0,409438000.0,0.1830027908240708,28.56,28.5,13917000.0,13943000.0,https://www.sec.gov/Archives/edgar/data/1096343/000109634318000188/0001096343-18-000188-index.htm,https://www.sec.gov/Archives/edgar/data/1096343/000109634318000188/mkl0930201810-q.htm,1620595045,17:17:25,20210509
11,2018-06-30,MKL,USD,2018-07-31,2018-07-31 16:33:45,Q2,2073171000,0.0,0.0,0.0,0.0,0.0,0.0,0.0,1676000000.0,1712434000,36702000.0,0.0,0.0,0.0,0.0,0.17400253042320193,628193000.0,360737000.0,0.17400253042320193,81150000.0,278231000.0,0.1342055238086969,20.01,19.97,13925000.0,13950000.0,https://www.sec.gov/Archives/edgar/data/1096343/000109634318000146/0001096343-18-000146-index.htm,https://www.sec.gov/Archives/edgar/data/1096343/000109634318000146/mkl0630201810-q.htm,1620595045,17:17:25,20210509
12,2018-03-31,MKL,USD,2018-04-24,2018-04-24 17:23:39,Q1,1553357000,0.0,0.0,0.0,0.0,0.0,0.0,0.0,1470000000.0,1510520000,40059000.0,0.0,0.0,0.0,0.0,0.02757704764584059,439432000.0,42837000.0,0.02757704764584059,108431000.0,-64306000.0,-0.04139808170304701,-4.61570485213896,-4.606776989755713,13932000.0,13959000.0,https://www.sec.gov/Archives/edgar/data/1096343/000109634318000086/0001096343-18-000086-index.htm,https://www.sec.gov/Archives/edgar/data/1096343/000109634318000042/mkl_12312017x10k.htm,1620595045,17:17:25,20210509
13,2017-12-31,MKL,USD,2018-02-23,2018-02-23 14:32:27,Q4,1662267000,0.0,0.0,0.0,0.0,0.0,0.0,0.0,1484000000.0,1518613000,35438000.0,0.0,0.0,0.0,0.0,0.08642053292280963,432562000.0,143654000.0,0.08642053292280963,-295672000.0,434881000.0,0.26161922242335317,30.48,30.39,13934000.0,13975000.0,https://www.sec.gov/Archives/edgar/data/1096343/000109634318000042/0001096343-18-000042-index.htm,https://www.sec.gov/Archives/edgar/data/1096343/000109634318000042/mkl_12312017x10k.htm,1620595045,17:17:25,20210509
14,2017-09-30,MKL,USD,2017-10-25,2017-10-25 16:38:30,Q3,1506148000,0.0,0.0,0.0,0.0,0.0,0.0,0.0,1836000000.0,1866096000,31814000.0,0.0,0.0,0.0,0.0,-0.23898581015942658,341804000.0,-359948000.0,-0.23898581015942658,-98913000.0,-259141000.0,-0.17205546865248303,-18.580411558041156,-18.523302358827735,13947000.0,13990000.0,https://www.sec.gov/Archives/edgar/data/1096343/000109634317000152/0001096343-17-000152-index.htm,https://www.sec.gov/Archives/edgar/data/1096343/000109634317000152/mkl0930201710-q.htm,1620595045,17:17:25,20210509
15,2017-06-30,MKL,USD,2017-07-26,2017-07-26 16:47:29,Q2,1481493000,0.0,0.0,0.0,0.0,0.0,0.0,0.0,1241000000.0,1271948000,31797000.0,0.0,0.0,0.0,0.0,0.1414417752901971,330993000.0,209545000.0,0.1414417752901971,58118000.0,149660000.0,0.10101971457171921,10.34,10.31,13977000.0,14019000.0,https://www.sec.gov/Archives/edgar/data/1096343/000109634317000108/0001096343-17-000108-index.htm,https://www.sec.gov/Archives/edgar/data/1096343/000109634317000108/mkl0630201710-q.htm,1620595045,17:17:25,20210509
16,2017-03-31,MKL,USD,2017-04-26,2017-04-26 16:33:41,Q1,1411751000,0.0,0.0,0.0,0.0,0.0,0.0,0.0,1284000000.0,1317707000,33402000.0,0.0,0.0,0.0,0.0,0.06661514672204942,307916000.0,94044000.0,0.06661514672204942,23004000.0,69869000.0,0.04949102214200663,3.91,3.9,13998000.0,14046000.0,https://www.sec.gov/Archives/edgar/data/1096343/000109634317000072/0001096343-17-000072-index.htm,https://www.sec.gov/Archives/edgar/data/1096343/000109634317000046/mkl_12312016x10k.htm,1620595045,17:17:25,20210509
17,2016-12-31,MKL,USD,2017-02-24,2017-02-24 12:49:58,Q4,1428625000,0.0,0.0,0.0,0.0,0.0,0.0,0.0,1215000000.0,1248413000,32206000.0,0.0,0.0,0.0,0.0,0.12614366961238954,352440000.0,180212000.0,0.12614366961238954,47509000.0,132726000.0,0.09290471607314725,9.14,9.11,14015000.0,14072000.0,https://www.sec.gov/Archives/edgar/data/1096343/000109634317000046/0001096343-17-000046-index.htm,https://www.sec.gov/Archives/edgar/data/1096343/000109634317000046/mkl_12312016x10k.htm,1620595045,17:17:25,20210509
18,2016-09-30,MKL,USD,2016-11-01,2016-11-01 16:53:03,Q3,1431282000,0.0,0.0,0.0,0.0,0.0,0.0,0.0,1279000000.0,1311801000,33152000.0,0.0,0.0,0.0,0.0,0.08347830825791144,336475000.0,119481000.0,0.08347830825791144,36060000.0,83796000.0,0.05854611460215387,5.62,5.6,14033000.0,14085000.0,https://www.sec.gov/Archives/edgar/data/1096343/000109634316000333/0001096343-16-000333-index.htm,https://www.sec.gov/Archives/edgar/data/1096343/000109634316000333/mkl0930201610-q.htm,1620595045,17:17:25,20210509
19,2016-06-30,MKL,USD,2016-08-02,2016-08-02 16:38:10,Q2,1375937000,0.0,0.0,0.0,0.0,0.0,0.0,0.0,1182000000.0,1260046000,33697000.0,0.0,0.0,0.0,0.0,0.08422696678699679,312841000.0,115891000.0,0.08422696678699679,35218000.0,78797000.0,0.057267883631299976,5.44,5.41,14012000.0,14088000.0,https://www.sec.gov/Archives/edgar/data/1096343/000109634316000310/0001096343-16-000310-index.htm,https://www.sec.gov/Archives/edgar/data/1096343/000109634316000310/mkl0630201610-q.htm,1620595045,17:17:25,20210509
20,2016-03-31,MKL,USD,2016-05-03,2016-05-03 16:46:42,Q1,1376182000,0.0,0.0,0.0,0.0,0.0,0.0,0.0,1131000000.0,1161846000,30841000.0,0.0,0.0,0.0,0.0,0.15574684162414565,306023000.0,214336000.0,0.15574684162414565,50690000.0,160370000.0,0.11653255165377835,11.21,11.15,13994000.0,14074000.0,https://www.sec.gov/Archives/edgar/data/1096343/000109634316000238/0001096343-16-000238-index.htm,https://www.sec.gov/Archives/edgar/data/1096343/000109634316000185/mkl_12312015x10k.htm,1620595045,17:17:25,20210509
21,2015-12-31,MKL,USD,2016-02-26,2016-02-26 14:22:49,Q4,1420460000,0.0,0.0,0.0,0.0,0.0,0.0,0.0,1141000000.0,1170843000,29637000.0,0.0,0.0,0.0,0.0,0.17572969319797813,269607000.0,249617000.0,0.17572969319797813,51344000.0,197892000.0,0.13931543302873717,14.23,14.14,13984000.0,14072000.0,https://www.sec.gov/Archives/edgar/data/1096343/000109634316000185/0001096343-16-000185-index.htm,https://www.sec.gov/Archives/edgar/data/1096343/000109634316000185/mkl_12312015x10k.htm,1620595045,17:17:25,20210509
22,2015-09-30,MKL,USD,2015-11-04,2015-11-04 16:36:00,Q3,1342764000,0.0,0.0,0.0,0.0,0.0,0.0,0.0,1160000000.0,1190083000,30064000.0,0.0,0.0,0.0,0.0,0.11370650389792994,306736000.0,152681000.0,0.11370650389792994,48271000.0,102519000.0,0.0763492318828923,7.43,7.39,13983000.0,14062000.0,https://www.sec.gov/Archives/edgar/data/1096343/000109634315000093/0001096343-15-000093-index.htm,https://www.sec.gov/Archives/edgar/data/1096343/000109634315000093/mkl0930201510-q.htm,1620595045,17:17:25,20210509
23,2015-06-30,MKL,USD,2015-08-05,2015-08-05 16:42:55,Q2,1304605000,0.0,0.0,0.0,0.0,0.0,0.0,0.0,1175000000.0,1204319000,29288000.0,0.0,0.0,0.0,0.0,0.07687077697847242,250357000.0,100286000.0,0.07687077697847242,7833000.0,91369000.0,0.07003575794972425,6.76,6.72,13975000.0,14052000.0,https://www.sec.gov/Archives/edgar/data/1096343/000109634315000079/0001096343-15-000079-index.htm,https://www.sec.gov/Archives/edgar/data/1096343/000109634315000079/mkl0630201510-q.htm,1620595045,17:17:25,20210509
24,2015-03-31,MKL,USD,2015-05-06,2015-05-06 16:34:41,Q1,1302154000,0.0,0.0,0.0,0.0,0.0,0.0,0.0,1033000000.0,1062633000,29312000.0,0.0,0.0,0.0,0.0,0.18394214509190157,260058000.0,239521000.0,0.18394214509190157,45515000.0,190992000.0,0.1466738957143318,13.57,13.49,13972000.0,14063000.0,https://www.sec.gov/Archives/edgar/data/1096343/000109634315000018/0001096343-15-000018-index.htm,https://www.sec.gov/Archives/edgar/data/1096343/000109634315000013/mkl_12312014x10k.htm,1620595045,17:17:25,20210509
25,2014-12-31,MKL,USD,2015-02-27,2015-02-27 14:39:25,Q4,1335755000,0.0,0.0,0.0,0.0,0.0,0.0,0.0,1141000000.0,1169198000,28306000.0,0.0,0.0,0.0,0.0,0.1246912794636741,253283000.0,166557000.0,0.1246912794636741,48335000.0,117595000.0,0.08803635397209818,8.1,8.05,13976000.0,14063000.0,https://www.sec.gov/Archives/edgar/data/1096343/000109634315000013/0001096343-15-000013-index.htm,https://www.sec.gov/Archives/edgar/data/1096343/000109634315000013/mkl_12312014x10k.htm,1620595045,17:17:25,20210509
26,2014-09-30,MKL,USD,2014-11-05,2014-11-05 16:20:08,Q3,1299286000,0.0,0.0,0.0,0.0,0.0,0.0,0.0,1166000000.0,1195805000,29648000.0,0.0,0.0,0.0,0.0,0.07964451244760584,249988000.0,103481000.0,0.07964451244760584,26657000.0,75803000.0,0.058342043245290104,5.33,5.3,13981000.0,14057000.0,https://www.sec.gov/Archives/edgar/data/1096343/000109634314000028/0001096343-14-000028-index.htm,https://www.sec.gov/Archives/edgar/data/1096343/000109634314000028/mkl0930201410-q.htm,1620595045,17:17:25,20210509
27,2014-06-30,MKL,USD,2014-08-06,2014-08-06 16:39:30,Q2,1258971000,0.0,0.0,0.0,0.0,0.0,0.0,0.0,1175000000.0,1204612000,29789000.0,0.0,0.0,0.0,0.0,0.04317732497412569,194083000.0,54359000.0,0.04317732497412569,13218000.0,40068000.0,0.03182599122616804,2.67,2.66,13984000.0,14055000.0,https://www.sec.gov/Archives/edgar/data/1096343/000109634314000026/0001096343-14-000026-index.htm,https://www.sec.gov/Archives/edgar/data/1096343/000109634314000026/mkl0630201410-q.htm,1620595045,17:17:25,20210509
28,2014-03-31,MKL,USD,2014-05-07,2014-05-07 16:43:09,Q1,1239655000,0.0,0.0,0.0,0.0,0.0,0.0,0.0,1094000000.0,1123674000,29699000.0,0.0,0.0,0.0,0.0,0.093559095070806,186171000.0,115981000.0,0.093559095070806,28480000.0,87716000.0,0.07075839648934583,6.28,6.25,13995000.0,14058000.0,https://www.sec.gov/Archives/edgar/data/1096343/000109634314000015/0001096343-14-000015-index.htm,https://www.sec.gov/Archives/edgar/data/1096343/000109634314000006/mkl_12312013x10k.htm,1620595045,17:17:25,20210509
29,2013-12-31,MKL,USD,2014-02-28,2014-02-28 13:29:40,Q4,1279785000,0.0,0.0,0.0,0.0,0.0,0.0,0.0,1142000000.0,1173621000,31250000.0,0.0,0.0,0.0,0.0,0.08295455877354399,206262000.0,106164000.0,0.08295455877354399,7225000.0,98764000.0,0.07717233754107135,6.98,6.95,13987000.0,14049000.0,https://www.sec.gov/Archives/edgar/data/1096343/000109634314000006/0001096343-14-000006-index.htm,https://www.sec.gov/Archives/edgar/data/1096343/000109634314000006/mkl_12312013x10k.htm,1620595045,17:17:25,20210509
30,2013-09-30,MKL,USD,2013-11-06,2013-11-06 16:22:31,Q3,1191665000,0.0,0.0,0.0,0.0,0.0,0.0,0.0,1069000000.0,1099531000,30619000.0,0.0,0.0,0.0,0.0,0.07731535288860544,174512000.0,92134000.0,0.07731535288860544,25167000.0,65599000.0,0.05504818887858584,4.69,4.67,14001000.0,14056000.0,https://www.sec.gov/Archives/edgar/data/1096343/000109634313000019/0001096343-13-000019-index.htm,https://www.sec.gov/Archives/edgar/data/1096343/000109634313000019/mkl0930201310-q.htm,1620595045,17:17:25,20210509
31,2013-06-30,MKL,USD,2013-08-07,2013-08-07 16:07:26,Q2,1031769000,0.0,0.0,0.0,0.0,0.0,0.0,0.0,958000000.0,986113000,28561000.0,0.0,0.0,0.0,0.0,0.04425021492213858,157425000.0,45656000.0,0.04425021492213858,16980000.0,27756000.0,0.026901370364878184,2.226893453145058,2.2179958446539874,12464000.0,12514000.0,https://www.sec.gov/Archives/edgar/data/1096343/000109634313000017/0001096343-13-000017-index.htm,https://www.sec.gov/Archives/edgar/data/1096343/000109634313000017/mkl0630201310-q.htm,1620595045,17:17:25,20210509
32,2013-03-31,MKL,USD,2013-04-30,2013-04-30 16:21:02,Q1,819864000,0.0,0.0,0.0,0.0,0.0,0.0,0.0,679000000.0,702075000,23574000.0,0.0,0.0,0.0,0.0,0.1436689499721905,172743000.0,117789000.0,0.1436689499721905,28526000.0,88902000.0,0.10843505752173531,9.53,9.5,9636000.0,9666000.0,https://www.sec.gov/Archives/edgar/data/1096343/000109634313000008/0001096343-13-000008-index.htm,https://www.sec.gov/Archives/edgar/data/1096343/000109634313000005/mkl_12312012x10k.htm,1620595045,17:17:25,20210509
33,2012-12-31,MKL,USD,2013-02-28,2013-02-28 11:11:22,Q4,807955000,0.0,0.0,0.0,0.0,0.0,0.0,0.0,718000000.0,742058000,23694000.0,0.0,0.0,0.0,0.0,0.08156023540915026,153506000.0,65897000.0,0.08156023540915026,7804000.0,56792000.0,0.07029104343682507,6.25,6.23,9086720.0,9115891.0,https://www.sec.gov/Archives/edgar/data/1096343/000109634313000005/0001096343-13-000005-index.htm,https://www.sec.gov/Archives/edgar/data/1096343/000109634313000005/mkl_12312012x10k.htm,1620595045,17:17:25,20210509
34,2012-09-30,MKL,USD,2012-11-08,2012-11-08 16:36:57,Q3,765775000,0.0,0.0,0.0,0.0,0.0,0.0,0.0,689000000.0,713290000,24692000.0,0.0,0.0,0.0,0.0,0.06853840880154093,165569000.0,52485000.0,0.06853840880154093,811000.0,49653000.0,0.06484019457412425,5.33,5.32,9632000.0,9659000.0,https://www.sec.gov/Archives/edgar/data/1096343/000109634312000013/0001096343-12-000013-index.htm,https://www.sec.gov/Archives/edgar/data/1096343/000109634312000013/mkl0930201210-q.htm,1620595045,17:17:25,20210509
35,2012-06-30,MKL,USD,2012-08-08,2012-08-08 16:15:58,Q2,693247000,0.0,0.0,0.0,0.0,0.0,0.0,0.0,552000000.0,574121000,22209000.0,0.0,0.0,0.0,0.0,0.17183774325745368,108373000.0,119126000.0,0.17183774325745368,28358000.0,89687000.0,0.12937235934666866,8.44,8.42,9651000.0,9676000.0,https://www.sec.gov/Archives/edgar/data/1096343/000109634312000009/0001096343-12-000009-index.htm,https://www.sec.gov/Archives/edgar/data/1096343/000109634312000009/mkl0630201210-q.htm,1620595045,17:17:25,20210509
36,2012-03-31,MKL,USD,2012-05-09,2012-05-09 16:31:23,Q1,733135000,0.0,0.0,0.0,0.0,0.0,0.0,0.0,636000000.0,658593000,22167000.0,0.0,0.0,0.0,0.0,0.10167568046812661,111836000.0,74542000.0,0.10167568046812661,16829000.0,57253000.0,0.07809339344049868,5.94,5.92,9642000.0,9671000.0,https://www.sec.gov/Archives/edgar/data/1096343/000144530512001621/0001445305-12-001621-index.htm,https://www.sec.gov/Archives/edgar/data/1096343/000119312512083817/d219706d10k.htm,1620595045,17:17:25,20210509
37,2011-12-31,MKL,USD,2012-02-28,2012-02-28 10:53:28,Q4,685100000,0.0,0.0,0.0,0.0,0.0,0.0,0.0,588000000.0,610228000,21736000.0,0.0,0.0,0.0,0.0,0.10928623558604583,90716000.0,74872000.0,0.10928623558604583,22565000.0,50176000.0,0.07323894321996789,5.203899605890894,5.203899605890894,9642000.0,9642000.0,https://www.sec.gov/Archives/edgar/data/1096343/000119312512083817/0001193125-12-083817-index.htm,https://www.sec.gov/Archives/edgar/data/1096343/000119312512083817/d219706d10k.htm,1620595045,17:17:25,20210509
38,2011-09-30,MKL,USD,2011-11-07,2011-11-07 16:28:02,Q3,676088000,0.0,0.0,0.0,0.0,0.0,0.0,0.0,585000000.0,608929000,23656000.0,0.0,0.0,0.0,0.0,0.09933470199145673,91847000.0,67159000.0,0.09933470199145673,12490000.0,53264000.0,0.07878264367952101,5.5,5.48,9680000.0,9718000.0,https://www.sec.gov/Archives/edgar/data/1096343/000119312511299859/0001193125-11-299859-index.htm,https://www.sec.gov/Archives/edgar/data/1096343/000119312511299859/d238065d10q.htm,1620595045,17:17:25,20210509
39,2011-06-30,MKL,USD,2011-08-08,2011-08-08 16:18:28,Q2,647168000,0.0,0.0,0.0,0.0,0.0,0.0,0.0,589000000.0,610454000,21898000.0,0.0,0.0,0.0,0.0,0.056730246242088604,91370000.0,36714000.0,0.056730246242088604,5065000.0,30314000.0,0.04684100573575949,3.12,3.11,9717000.0,9757000.0,https://www.sec.gov/Archives/edgar/data/1096343/000119312511214261/0001193125-11-214261-index.htm,https://www.sec.gov/Archives/edgar/data/1096343/000119312511214261/d10q.htm,1620595045,17:17:25,20210509
40,2011-03-31,MKL,USD,2011-05-05,2011-05-05 16:38:14,Q1,621594000,0.0,0.0,0.0,0.0,0.0,0.0,0.0,591000000.0,610143000,18962000.0,0.0,0.0,0.0,0.0,0.018421992490275003,77144000.0,11451000.0,0.018421992490275003,1590000.0,8272000.0,0.013307721760506054,0.8512915508901925,0.8478015783540023,9717000.0,9757000.0,https://www.sec.gov/Archives/edgar/data/1096343/000119312511128585/0001193125-11-128585-index.htm,https://www.sec.gov/Archives/edgar/data/1096343/000119312511048986/d10k.htm,1620595045,17:17:25,20210509
41,2010-12-31,MKL,USD,2011-02-28,2011-02-28 10:46:29,Q4,611906000,0.0,0.0,0.0,0.0,0.0,0.0,0.0,481000000.0,500175000,18772000.0,0.0,0.0,0.0,0.0,0.18259503910731387,59805000.0,111731000.0,0.18259503910731387,-28718000.0,140143000.0,0.22902700741617177,14.422455490377688,14.422455490377688,9717000.0,9717000.0,https://www.sec.gov/Archives/edgar/data/1096343/000119312511048986/0001193125-11-048986-index.htm,https://www.sec.gov/Archives/edgar/data/1096343/000119312511048986/d10k.htm,1620595045,17:17:25,20210509
42,2010-09-30,MKL,USD,2010-11-05,2010-11-05 16:12:30,Q3,561354000,0.0,0.0,0.0,0.0,0.0,0.0,0.0,451000000.0,470055000,18598000.0,0.0,0.0,0.0,0.0,0.16264068662555178,48565000.0,91299000.0,0.16264068662555178,28142000.0,63250000.0,0.11267399893828137,6.49,6.48,9748000.0,9760000.0,https://www.sec.gov/Archives/edgar/data/1096343/000119312510250090/0001193125-10-250090-index.htm,https://www.sec.gov/Archives/edgar/data/1096343/000119312510250090/d10q.htm,1620595045,17:17:25,20210509
43,2010-06-30,MKL,USD,2010-08-06,2010-08-06 16:10:58,Q2,515414000,0.0,0.0,0.0,0.0,0.0,0.0,0.0,467000000.0,485500000,18334000.0,0.0,0.0,0.0,0.0,0.05803878047550125,36771000.0,29914000.0,0.05803878047550125,8997000.0,20831000.0,0.04041605389065877,2.13,2.12,9794000.0,9807000.0,https://www.sec.gov/Archives/edgar/data/1096343/000119312510181379/0001193125-10-181379-index.htm,https://www.sec.gov/Archives/edgar/data/1096343/000119312510181379/d10q.htm,1620595045,17:17:25,20210509
44,2010-03-31,MKL,USD,2010-05-05,2010-05-05 11:23:42,Q1,536719000,0.0,0.0,0.0,0.0,0.0,0.0,0.0,456000000.0,474152000,17959000.0,0.0,0.0,0.0,0.0,0.11657310436187279,40439000.0,62567000.0,0.11657310436187279,19361000.0,42569000.0,0.0793133837259348,4.34,4.33,9813000.0,9823000.0,https://www.sec.gov/Archives/edgar/data/1096343/000119312510108113/0001193125-10-108113-index.htm,https://www.sec.gov/Archives/edgar/data/1096343/000119312510044413/d10k.htm,1620595045,17:17:25,20210509
45,2009-12-31,MKL,USD,2010-03-01,2010-03-01 13:52:23,Q4,608092000,0.0,0.0,0.0,0.0,0.0,0.0,0.0,441000000.0,513970000,18985000.0,0.0,0.0,0.0,0.0,0.1547825000164449,0.0,94122000.0,0.1547825000164449,-15000.0,93356000.0,0.15352282220453484,9.513502496688067,9.513502496688067,9813000.0,9813000.0,https://www.sec.gov/Archives/edgar/data/1096343/000119312510044413/0001193125-10-044413-index.htm,https://www.sec.gov/Archives/edgar/data/1096343/000119312510044413/d10k.htm,1620595045,17:17:25,20210509
46,2009-09-30,MKL,USD,2009-11-04,2009-11-04 16:27:41,Q3,485291000,0.0,0.0,0.0,0.0,0.0,0.0,0.0,446000000.0,443597000,12000000.0,0.0,0.0,0.0,0.0,0.08591546103265875,0.0,41694000.0,0.08591546103265875,-17432000.0,59126000.0,0.12183617664452874,6.023431132844336,6.015464441957473,9816000.0,9829000.0,https://www.sec.gov/Archives/edgar/data/1096343/000119312509223811/0001193125-09-223811-index.htm,https://www.sec.gov/Archives/edgar/data/1096343/000119312509223811/d10q.htm,1620595045,17:17:25,20210509
47,2009-06-30,MKL,USD,2009-08-05,2009-08-05 16:39:15,Q2,504824000,0.0,0.0,0.0,0.0,0.0,0.0,0.0,470000000.0,465305000,11594000.0,0.0,0.0,0.0,0.0,0.07828272823796016,0.0,39519000.0,0.07828272823796016,6721000.0,32798000.0,0.06496917737666989,3.341619969434539,3.3382188295165394,9815000.0,9825000.0,https://www.sec.gov/Archives/edgar/data/1096343/000119312509165484/0001193125-09-165484-index.htm,https://www.sec.gov/Archives/edgar/data/1096343/000119312509165484/d10q.htm,1620595045,17:17:25,20210509
48,2009-03-31,MKL,USD,2009-05-06,2009-05-06 16:40:26,Q1,471119000,0.0,0.0,0.0,0.0,0.0,0.0,0.0,459000000.0,447817000,11390000.0,0.0,0.0,0.0,0.0,0.049460964214986025,0.0,23302000.0,0.049460964214986025,6944000.0,16358000.0,0.03472158838849632,1.6668025270022417,1.6652753741219586,9814000.0,9823000.0,https://www.sec.gov/Archives/edgar/data/1096343/000119312509101621/0001193125-09-101621-index.htm,https://www.sec.gov/Archives/edgar/data/1096343/000119312509041947/d10k.htm,1620595045,17:17:25,20210509
49,2008-12-31,MKL,USD,2009-03-02,2009-03-02 10:06:54,Q4,357623000,0.0,0.0,0.0,0.0,0.0,0.0,0.0,504000000.0,439242000,11601000.0,0.0,0.0,0.0,0.0,-0.22822637246485825,0.0,-81619000.0,-0.22822637246485825,-48909000.0,-32710000.0,-0.09146503440774223,-3.3329936824943958,-3.3329936824943958,9814000.0,9814000.0,https://www.sec.gov/Archives/edgar/data/1096343/000119312509041947/0001193125-09-041947-index.htm,https://www.sec.gov/Archives/edgar/data/1096343/000119312509041947/d10k.htm,1620595045,17:17:25,20210509
50,2008-09-30,MKL,USD,2008-11-04,2008-11-04 16:47:23,Q3,415616000,0.0,0.0,0.0,0.0,0.0,0.0,0.0,644000000.0,654543000,11024000.0,0.0,0.0,0.0,0.0,-0.5748744032953496,0.0,-238927000.0,-0.5748744032953496,-96640000.0,-142287000.0,-0.3423520749923006,-14.46,-14.46,9842000.0,9842000.0,https://www.sec.gov/Archives/edgar/data/1096343/000119312508224356/0001193125-08-224356-index.htm,https://www.sec.gov/Archives/edgar/data/1096343/000119312508224356/d10q.htm,1620595045,17:17:25,20210509
51,2008-06-30,MKL,USD,2008-08-04,2008-08-04 16:27:34,Q2,604965000,0.0,0.0,0.0,0.0,0.0,0.0,0.0,480000000.0,491886000,11934000.0,0.0,0.0,0.0,0.0,0.18691825146909324,0.0,113079000.0,0.18691825146909324,30837000.0,82242000.0,0.13594505467258436,8.3,8.29,9904000.0,9923000.0,https://www.sec.gov/Archives/edgar/data/1096343/000119312508164972/0001193125-08-164972-index.htm,https://www.sec.gov/Archives/edgar/data/1096343/000119312508164972/d10q.htm,1620595045,17:17:25,20210509
52,2008-03-31,MKL,USD,2008-04-30,2008-04-30 16:19:01,Q1,520124000,0.0,0.0,0.0,0.0,0.0,0.0,0.0,461000000.0,473673000,12831000.0,0.0,0.0,0.0,0.0,0.08930754973813937,0.0,46451000.0,0.08930754973813937,12463000.0,33988000.0,0.06534595596434696,3.42,3.41,9938012.0,9967155.0,https://www.sec.gov/Archives/edgar/data/1096343/000119312508097243/0001193125-08-097243-index.htm,https://www.sec.gov/Archives/edgar/data/1096343/000119312508042863/d10k.htm,1620595045,17:17:25,20210509
53,2007-12-31,MKL,USD,2008-02-29,2008-02-29 09:51:14,Q4,584947000,0.0,0.0,0.0,0.0,0.0,0.0,0.0,519000000.0,466516000,12866000.0,0.0,0.0,0.0,0.0,0.20246449678346928,0.0,118431000.0,0.20246449678346928,24990000.0,93441000.0,0.159742677541726,9.402383494807614,9.402383494807614,9938012.0,9938012.0,https://www.sec.gov/Archives/edgar/data/1096343/000119312508042863/0001193125-08-042863-index.htm,https://www.sec.gov/Archives/edgar/data/1096343/000119312508042863/d10k.htm,1620595045,17:17:25,20210509
54,2007-09-30,MKL,USD,2007-10-31,2007-10-31 16:43:59,Q3,619455000,0.0,0.0,0.0,0.0,0.0,0.0,0.0,468000000.0,481510000,13601000.0,0.0,0.0,0.0,0.0,0.22268768514258502,0.0,137945000.0,0.22268768514258502,45592000.0,92353000.0,0.1490875043384911,9.28,9.26,9951832.0,9973326.0,https://www.sec.gov/Archives/edgar/data/1096343/000119312507231185/0001193125-07-231185-index.htm,https://www.sec.gov/Archives/edgar/data/1096343/000119312507231185/d10q.htm,1620595045,17:17:25,20210509
55,2007-06-30,MKL,USD,2007-07-31,2007-07-31 16:34:15,Q2,659913000,0.0,0.0,0.0,0.0,0.0,0.0,0.0,472000000.0,486486000,14335000.0,0.0,0.0,0.0,0.0,0.2628028240086193,0.0,173427000.0,0.2628028240086193,52226000.0,121201000.0,0.1836620887904921,12.17,12.15,9958998.0,9975391.0,https://www.sec.gov/Archives/edgar/data/1096343/000119312507166739/0001193125-07-166739-index.htm,https://www.sec.gov/Archives/edgar/data/1096343/000119312507166739/d10q.htm,1620595045,17:17:25,20210509
56,2007-03-31,MKL,USD,2007-05-01,2007-05-01 16:20:06,Q1,618941000,0.0,0.0,0.0,0.0,0.0,0.0,0.0,461000000.0,476786000,15449000.0,0.0,0.0,0.0,0.0,0.22967455702562925,0.0,142155000.0,0.22967455702562925,43481000.0,98674000.0,0.1594239192427065,9.89,9.88,9977149.0,9987247.0,https://www.sec.gov/Archives/edgar/data/1096343/000119312507097780/0001193125-07-097780-index.htm,https://www.sec.gov/Archives/edgar/data/1096343/000119312507043689/d10k.htm,1620595045,17:17:25,20210509
57,2006-12-31,MKL,USD,2007-03-01,2007-03-01 10:25:17,Q4,650173000,0.0,0.0,0.0,0.0,0.0,0.0,0.0,467000000.0,484485000,17364000.0,0.0,0.0,0.0,0.0,0.2548367895929237,0.0,165688000.0,0.2548367895929237,44306000.0,121382000.0,0.18669184970769317,12.166000527806089,12.166000527806089,9977149.0,9977149.0,https://www.sec.gov/Archives/edgar/data/1096343/000119312507043689/0001193125-07-043689-index.htm,https://www.sec.gov/Archives/edgar/data/1096343/000119312507043689/d10k.htm,1620595045,17:17:25,20210509
58,2006-09-30,MKL,USD,2006-10-31,2006-10-31 16:33:26,Q3,634414000,0.0,0.0,0.0,0.0,0.0,0.0,0.0,473000000.0,489788000,16435000.0,0.0,0.0,0.0,0.0,0.2279678569514544,0.0,144626000.0,0.2279678569514544,40528000.0,104098000.0,0.16408528185065274,10.77,10.47,9665552.0,9942502.0,https://www.sec.gov/Archives/edgar/data/1096343/000119312506219265/0001193125-06-219265-index.htm,https://www.sec.gov/Archives/edgar/data/1096343/000119312506219265/d10q.htm,1620595045,17:17:25,20210509
59,2006-06-30,MKL,USD,2006-08-01,2006-08-01 16:36:11,Q2,614788000,0.0,0.0,0.0,0.0,0.0,0.0,0.0,467000000.0,482701000,15635000.0,0.0,0.0,0.0,0.0,0.2148496717567682,0.0,132087000.0,0.2148496717567682,41655000.0,90432000.0,0.14709460822267187,9.36,9.11,9661538.0,9926674.0,https://www.sec.gov/Archives/edgar/data/1096343/000119312506158224/0001193125-06-158224-index.htm,https://www.sec.gov/Archives/edgar/data/1096343/000119312506158224/d10q.htm,1620595045,17:17:25,20210509
60,2006-03-31,MKL,USD,2006-05-02,2006-05-02 17:03:06,Q1,619630000,0.0,0.0,0.0,0.0,0.0,0.0,0.0,493000000.0,508630000,15738000.0,0.0,0.0,0.0,0.0,0.1791391636944628,0.0,111000000.0,0.1791391636944628,34410000.0,76590000.0,0.12360602294917934,7.87,7.67,9731893.0,9985658.0,https://www.sec.gov/Archives/edgar/data/1096343/000119312506096880/0001193125-06-096880-index.htm,https://www.sec.gov/Archives/edgar/data/1096343/000119312506045092/d10k.htm,1620595045,17:17:25,20210509
61,2005-12-31,MKL,USD,2006-03-03,2006-03-03 16:31:56,Q4,579628000,0.0,0.0,0.0,0.0,0.0,0.0,0.0,405000000.0,421154000,15700000.0,0.0,0.0,0.0,0.0,0.27340639168570186,0.0,158474000.0,0.27340639168570186,35346000.0,123128000.0,0.2124259007501363,12.652009223693684,12.652009223693684,9731893.0,9731893.0,https://www.sec.gov/Archives/edgar/data/1096343/000119312506045092/0001193125-06-045092-index.htm,https://www.sec.gov/Archives/edgar/data/1096343/000119312506045092/d10k.htm,1620595045,17:17:25,20210509
62,2005-09-30,MKL,USD,2005-11-02,2005-11-02 16:12:20,Q3,496412000,0.0,0.0,0.0,0.0,0.0,0.0,0.0,647000000.0,663007000,16262000.0,0.0,0.0,0.0,0.0,-0.33559825306398716,0.0,-166595000.0,-0.33559825306398716,-55497000.0,-111098000.0,-0.22380200317478224,-11.31,-11.31,9822989.0,9822989.0,https://www.sec.gov/Archives/edgar/data/1096343/000119312505214346/0001193125-05-214346-index.htm,https://www.sec.gov/Archives/edgar/data/1096343/000119312505214346/d10q.htm,1620595045,17:17:25,20210509
63,2005-06-30,MKL,USD,2005-08-02,2005-08-02 16:08:44,Q2,553929000,0.0,0.0,0.0,0.0,0.0,0.0,0.0,452000000.0,467976000,15930000.0,0.0,0.0,0.0,0.0,0.15516970586483106,0.0,85953000.0,0.15516970586483106,25786000.0,60167000.0,0.10861861357683024,6.11,5.95,9847300.0,10112101.0,https://www.sec.gov/Archives/edgar/data/1096343/000119312505154993/0001193125-05-154993-index.htm,https://www.sec.gov/Archives/edgar/data/1096343/000119312505154993/d10q.htm,1620595045,17:17:25,20210509
64,2005-03-31,MKL,USD,2005-05-03,2005-05-03 16:29:53,Q1,570179000,0.0,0.0,0.0,0.0,0.0,0.0,0.0,446000000.0,462011000,15950000.0,0.0,0.0,0.0,0.0,0.18970884581859382,0.0,108168000.0,0.18970884581859382,32450000.0,75718000.0,0.13279689360709532,7.69,7.47,9846294.0,10136278.0,https://www.sec.gov/Archives/edgar/data/1096343/000119312505093944/0001193125-05-093944-index.htm,https://www.sec.gov/Archives/edgar/data/1096343/000119312505039831/d10k.htm,1620595045,17:17:25,20210509
65,2004-12-31,MKL,USD,2005-03-01,2005-03-01 16:20:57,Q4,564408000,0.0,0.0,0.0,0.0,0.0,0.0,0.0,0.0,496754000,15903000.0,0.0,0.0,0.0,0.0,0.11986718827514847,0.0,67654000.0,0.11986718827514847,17380000.0,50274000.0,0.08907386146192116,5.1058804459830265,5.1058804459830265,9846294.0,9846294.0,https://www.sec.gov/Archives/edgar/data/1096343/000119312505039831/0001193125-05-039831-index.htm,https://www.sec.gov/Archives/edgar/data/1096343/000119312505039831/d10k.htm,1620595045,17:17:25,20210509
66,2004-09-30,MKL,USD,2004-11-03,2004-11-03 13:40:58,Q3,572954000,0.0,0.0,0.0,0.0,0.0,0.0,0.0,0.0,565552000,14495000.0,0.0,0.0,0.0,0.0,0.012919012695609071,0.0,7402000.0,0.012919012695609071,-6423000.0,13825000.0,0.02412933673558436,1.4,1.4,9875000.0,9875000.0,https://www.sec.gov/Archives/edgar/data/1096343/000119312504184615/0001193125-04-184615-index.htm,https://www.sec.gov/Archives/edgar/data/1096343/000119312504184615/d10q.htm,1620595045,17:17:25,20210509
67,2004-06-30,MKL,USD,2004-08-04,2004-08-04 13:25:48,Q2,563248000,0.0,0.0,0.0,0.0,0.0,0.0,0.0,0.0,476429000,12941000.0,0.0,0.0,0.0,0.0,0.15413991705252394,0.0,86819000.0,0.15413991705252394,27782000.0,59037000.0,0.10481528562906571,5.99,5.99,9855927.0,9855927.0,https://www.sec.gov/Archives/edgar/data/1096343/000119312504131105/0001193125-04-131105-index.htm,https://www.sec.gov/Archives/edgar/data/1096343/000119312504131105/d10q.htm,1620595045,17:17:25,20210509
68,2004-03-31,MKL,USD,2004-05-05,2004-05-05 06:08:56,Q1,561448000,0.0,0.0,0.0,0.0,0.0,0.0,0.0,0.0,499278000,12881000.0,0.0,0.0,0.0,0.0,0.11073153702569072,0.0,62170000.0,0.11073153702569072,19894000.0,42276000.0,0.07529815762100854,4.29,4.29,9854545.0,9854545.0,https://www.sec.gov/Archives/edgar/data/1096343/000119312504078433/0001193125-04-078433-index.htm,https://www.sec.gov/Archives/edgar/data/1096343/000119312504041548/d10k.htm,1620595045,17:17:25,20210509
69,2003-12-31,MKL,USD,2004-03-15,2004-03-15 09:15:35,Q4,571761000,0.0,0.0,0.0,0.0,0.0,0.0,0.0,0.0,507722000,13205000.0,0.0,0.0,0.0,0.0,0.112003092201112,0.0,64039000.0,0.112003092201112,19317000.0,44722000.0,0.07821799668043115,4.5382105414303755,4.5382105414303755,9854545.0,9854545.0,https://www.sec.gov/Archives/edgar/data/1096343/000119312504041548/0001193125-04-041548-index.htm,https://www.sec.gov/Archives/edgar/data/1096343/000119312504041548/d10k.htm,1620595045,17:17:25,20210509
70,2003-09-30,MKL,USD,2003-11-05,2003-11-05 16:34:37,Q3,515014000,0.0,0.0,0.0,0.0,0.0,0.0,0.0,0.0,539690000,13720000.0,0.0,0.0,0.0,0.0,-0.047913260610391174,0.0,-24676000.0,-0.047913260610391174,-8143000.0,-16533000.0,-0.0321020399445452,-1.68,-1.68,9841071.0,9841071.0,https://www.sec.gov/Archives/edgar/data/1096343/000119312503073454/0001193125-03-073454-index.htm,https://www.sec.gov/Archives/edgar/data/1096343/000119312503073454/d10q.htm,1620595045,17:17:25,20210509
71,2003-06-30,MKL,USD,2003-08-06,2003-08-06 13:56:48,Q2,521072000,0.0,0.0,0.0,0.0,0.0,0.0,0.0,0.0,433229000,13641000.0,0.0,0.0,0.0,0.0,0.168581309300826,0.0,87843000.0,0.168581309300826,28988000.0,58855000.0,0.11294984186446402,5.98,5.97,9841973.0,9858459.0,https://www.sec.gov/Archives/edgar/data/1096343/000119312503029891/0001193125-03-029891-index.htm,https://www.sec.gov/Archives/edgar/data/1096343/000119312503029891/d10q.htm,1620595045,17:17:25,20210509
72,2003-03-31,MKL,USD,2003-05-07,2003-05-07 16:54:23,Q1,484057000,0.0,0.0,0.0,0.0,0.0,0.0,0.0,0.0,429679000,11395000.0,0.0,0.0,0.0,0.0,0.11233800977983997,0.0,54378000.0,0.11233800977983997,17945000.0,36433000.0,0.07526592942566682,3.7,3.7,9846757.0,9846757.0,https://www.sec.gov/Archives/edgar/data/1096343/000091664103001382/0000916641-03-001382-index.htm,https://www.sec.gov/Archives/edgar/data/1096343/000091664103000751/d10k.htm,1620595045,17:17:25,20210509
73,2002-12-31,MKL,USD,2003-03-26,2003-03-26 15:39:03,Q4,509157000,0.0,0.0,0.0,0.0,0.0,0.0,0.0,0.0,467993000,10069000.0,0.0,0.0,0.0,0.0,0.08084736142290098,0.0,41164000.0,0.08084736142290098,14818000.0,26346000.0,0.051744353902627285,2.675601723491298,2.675601723491298,9846757.0,9846757.0,https://www.sec.gov/Archives/edgar/data/1096343/000091664103000751/0000916641-03-000751-index.htm,https://www.sec.gov/Archives/edgar/data/1096343/000091664103000751/d10k.htm,1620595045,17:17:25,20210509
74,2002-09-30,MKL,USD,2002-11-07,2002-11-06 19:20:19,Q3,486088000,0.0,0.0,0.0,0.0,0.0,0.0,0.0,0.0,472488000,10078000.0,0.0,0.0,0.0,0.0,0.027978473033689374,0.0,13600000.0,0.027978473033689374,4896000.0,8704000.0,0.017906222741561197,0.89,0.88,9779775.0,9890909.0,https://www.sec.gov/Archives/edgar/data/1096343/000091664102001788/0000916641-02-001788-index.htm,https://www.sec.gov/Archives/edgar/data/1096343/000091664102001788/d10q.htm,1620595045,17:17:25,20210509
75,2002-06-30,MKL,USD,2002-08-07 00:00:00,2002-08-07 17:13:21,Q2,400323000,0.0,0.0,0.0,0.0,0.0,0.0,0.0,0.0,364438000,10872000.0,0.0,0.0,0.0,0.0,0.08964011560664763,0.0,35885000.0,0.08964011560664763,12648000.0,23237000.0,0.05804562815526462,2.37,2.36,9804641.0,9846186.0,https://www.sec.gov/Archives/edgar/data/1096343/000091664102001204/0000916641-02-001204-index.html,https://www.sec.gov/Archives/edgar/data/1096343/000091664102001204/d10q.htm,1620595045,17:17:25,20210509
76,2002-03-31,MKL,USD,2002-05-08 00:00:00,2002-05-08 09:39:37,Q1,374627000,0.0,0.0,0.0,0.0,0.0,0.0,0.0,0.0,347583000,9081000.0,0.0,0.0,0.0,0.0,0.07218913746206226,0.0,27044000.0,0.07218913746206226,10007000.0,17037000.0,0.04547723468943776,1.74,1.73,9791379.0,9847977.0,https://www.sec.gov/Archives/edgar/data/1096343/000091664102000708/0000916641-02-000708-index.html,https://www.sec.gov/Archives/edgar/data/1096343/000091664102000708/d10q.txt,1620595045,17:17:25,20210509
77,2001-12-31,MKL,USD,2001-12-31,2001-12-31,Q4,386341000,0.0,0.0,0.0,0.0,0.0,0.0,0.0,0.0,454040000,10836000.0,0.0,0.0,0.0,0.0,-0.17523120766369607,0.0,-67699000.0,-0.17523120766369607,-23963000.0,-43736000.0,-0.11320569134521058,-4.466786547635425,-4.466786547635425,9791379.0,9791379.0,,,1620595045,17:17:25,20210509
78,2001-09-30,MKL,USD,2001-11-02 00:00:00,2001-11-02 00:00:00,Q3,378273000,0.0,0.0,0.0,0.0,0.0,0.0,0.0,0.0,507846000,11782000.0,0.0,0.0,0.0,0.0,-0.34253832549507895,0.0,-129573000.0,-0.34253832549507895,-38548000.0,-91025000.0,-0.240633087743508,-10.58,-10.58,8603497.0,8603497.0,https://www.sec.gov/Archives/edgar/data/1096343/000091664101501436/0000916641-01-501436-index.html,https://www.sec.gov/Archives/edgar/data/1096343/000091664101501436/d10q.txt,1620595045,17:17:25,20210509
79,2001-06-30,MKL,USD,2001-08-08 00:00:00,2001-08-08 00:00:00,Q2,300092000,0.0,0.0,0.0,0.0,0.0,0.0,0.0,0.0,298557000,10883000.0,0.0,0.0,0.0,0.0,0.005115098036602109,0.0,1535000.0,0.005115098036602109,723000.0,812000.0,0.002705836876691148,0.09,0.09,9022222.0,9022222.0,https://www.sec.gov/Archives/edgar/data/1096343/000091664101500824/0000916641-01-500824-index.html,https://www.sec.gov/Archives/edgar/data/1096343/000091664101500824/d10q.txt,1620595045,17:17:25,20210509
80,2001-03-31,MKL,USD,2001-05-09 00:00:00,2001-05-09 00:00:00,Q1,332706000,0.0,0.0,0.0,0.0,0.0,0.0,0.0,0.0,319167000,15146000.0,0.0,0.0,0.0,0.0,0.04069358532758652,0.0,13539000.0,0.04069358532758652,5307000.0,8232000.0,0.024742565508286594,1.06,1.04,7766038.0,7915385.0,https://www.sec.gov/Archives/edgar/data/1096343/000091664101500281/0000916641-01-500281-index.html,https://www.sec.gov/Archives/edgar/data/1096343/000091664101500281/d10q.txt,1620595045,17:17:25,20210509
81,2000-12-31,MKL,USD,2001-03-27 00:00:00,2001-03-27 00:00:00,Q4,331642000,0.0,0.0,0.0,0.0,0.0,0.0,0.0,0.0,344897000,15113000.0,0.0,0.0,0.0,0.0,-0.03996779659994814,135000.0,-13255000.0,-0.03996779659994814,-5034000.0,-8221000.0,-0.024788778260895785,-1.058583540281415,-1.058583540281415,7766038.0,7766038.0,https://www.sec.gov/Archives/edgar/data/1096343/000091664101500015/0000916641-01-500015-index.html,https://www.sec.gov/Archives/edgar/data/1096343/000091664101500015/d10k.txt,1620595045,17:17:25,20210509
82,2000-09-30,MKL,USD,2000-11-06 00:00:00,2000-11-06 00:00:00,Q3,298219000,0.0,0.0,0.0,0.0,0.0,0.0,0.0,0.0,332596000,14978000.0,0.0,0.0,0.0,0.0,-0.11527434536364216,47000.0,-34377000.0,-0.11527434536364216,-18728000.0,-15649000.0,-0.05247485908007203,-2.15,-2.15,7278605.0,7278605.0,https://www.sec.gov/Archives/edgar/data/1096343/000091664100001570/0000916641-00-001570-index.html,https://www.sec.gov/Archives/edgar/data/1096343/000091664100001570/0000916641-00-001570-0001.txt,1620595045,17:17:25,20210509
83,2000-06-30,MKL,USD,2000-08-07 00:00:00,2000-08-07 00:00:00,Q2,315695000,0.0,0.0,0.0,0.0,0.0,0.0,0.0,0.0,339561000,14985000.0,0.0,0.0,0.0,0.0,-0.07559828315304329,47000.0,-23866000.0,-0.07559828315304329,-5966000.0,-17900000.0,-0.05670029617193811,-2.44,-2.44,7336066.0,7336066.0,https://www.sec.gov/Archives/edgar/data/1096343/000091664100001059/0000916641-00-001059-index.html,https://www.sec.gov/Archives/edgar/data/1096343/000091664100001059/0000916641-00-001059-0001.txt,1620595045,17:17:25,20210509
84,2000-03-31,MKL,USD,2000-05-08 00:00:00,2000-05-08 00:00:00,Q1,148927000,0.0,0.0,0.0,0.0,0.0,0.0,0.0,0.0,129235000,7272000.0,0.0,0.0,0.0,0.0,0.13222585562053893,47000.0,19692000.0,0.13222585562053893,5514000.0,14178000.0,0.09520100451899252,2.47,2.44,5740081.0,5810656.0,https://www.sec.gov/Archives/edgar/data/1096343/000091664100000587/0000916641-00-000587-index.html,https://www.sec.gov/Archives/edgar/data/1096343/0000916641-00-000587.txt,1620595045,17:17:25,20210509
