,date,symbol,reportedCurrency,fillingDate,acceptedDate,period,revenue,costOfRevenue,grossProfit,grossProfitRatio,researchAndDevelopmentExpenses,generalAndAdministrativeExpenses,sellingAndMarketingExpenses,otherExpenses,operatingExpenses,costAndExpenses,interestExpense,depreciationAndAmortization,ebitda,ebitdaratio,operatingIncome,operatingIncomeRatio,totalOtherIncomeExpensesNet,incomeBeforeTax,incomeBeforeTaxRatio,incomeTaxExpense,netIncome,netIncomeRatio,eps,epsdiluted,weightedAverageShsOut,weightedAverageShsOutDil,link,finalLink,timestamp,est_time,est_date
0,2020-12-31,FLR,USD,2021-02-26,2021-02-26 07:07:27,Q4,3655718000,3533002000,122716000,0.033568234748960396,0.0,146922000.0,0.0,0.0,146922000.0,3679924000,19103000.0,26282000,2076000.0,0.0005678775003980066,-24206000.0,-0.006621407887588703,-2522000.0,-41734000.0,-0.011416088440082085,25535000.0,-163438000.0,-0.04470749658480222,-1.16244896797963,-1.16244896797963,140598000,140598000,https://www.sec.gov/Archives/edgar/data/1124198/000162828021003360/0001628280-21-003360-index.htm,https://www.sec.gov/Archives/edgar/data/1124198/000162828021003360/flr-20201231.htm,1620592123,16:28:43,20210509
1,2020-09-30,FLR,USD,2020-12-10,2020-12-10 07:05:21,Q3,3803210000,3669535000,133675000,0.035147940818413916,0.0,68085000.0,0.0,0.0,68085000.0,3737620000,17603000.0,22371000,87961000.0,0.02312809442549846,65590000.0,0.017245958019672856,0.0,52230000.0,0.013733135956205416,28804000.0,19341000.0,0.0050854409827487835,0.13756241198310076,0.1370069704182251,140598000,141168000,https://www.sec.gov/Archives/edgar/data/1124198/000162828020017321/0001628280-20-017321-index.htm,https://www.sec.gov/Archives/edgar/data/1124198/000162828020017321/flr-20200930x10q.htm,1620592123,16:28:43,20210509
2,2020-06-30,FLR,USD,2020-11-12,2020-11-12 07:02:10,Q2,4090993000,4023530000,67463000,0.016490617314671524,0.0,40600000.0,0.0,0.0,40600000.0,4064130000,17091000.0,28204000,55067000.0,0.013460546131464904,26863000.0,0.006566376427434611,-4158000.0,10879000.0,0.0026592565668041965,31085000.0,-24990000.0,-0.006108541373695824,-0.18,-0.18,140536000,140536000,https://www.sec.gov/Archives/edgar/data/1124198/000162828020016243/0001628280-20-016243-index.htm,https://www.sec.gov/Archives/edgar/data/1124198/000162828020016243/flr-20200630x10q.htm,1620592123,16:28:43,20210509
3,2020-03-31,FLR,USD,2020-10-22,2020-10-22 07:04:05,Q1,4118556000,4057159000,61397000,0.01490740929587943,0.0,-14052000.0,0.0,0.0,-14052000.0,4043107000,18323000.0,28717000,104166000.0,0.025291874142296476,75449000.0,0.018319284720178627,-297604000.0,-228426000.0,-0.055462642732064346,-66831000.0,-265959000.0,-0.06457578821315044,-1.9,-1.9,140262000,140262000,https://www.sec.gov/Archives/edgar/data/1124198/000162828020014673/0001628280-20-014673-index.htm,https://www.sec.gov/Archives/edgar/data/1124198/000162828020014673/flr-20200331x10q.htm,1620592123,16:28:43,20210509
4,2019-12-31,FLR,USD,2020-09-25,2020-09-25 07:06:54,Q4,3725817000,3597592000,128225000,0.034415270529926725,0.0,43663000.0,0.0,0.0,43663000.0,3641255000,17614000.0,28435000,112997000.0,0.030328113270190134,84562000.0,0.022696230115435083,-282471000.0,-201846000.0,-0.05417496350464878,72693000.0,-166946000.0,-0.04480789045731446,-1.190243971995266,-1.190243971995266,140262000,140262000,https://www.sec.gov/Archives/edgar/data/1124198/000162828020013900/0001628280-20-013900-index.htm,https://www.sec.gov/Archives/edgar/data/1124198/000162828020013900/flr10kq42019.htm,1620592123,16:28:43,20210509
5,2019-09-30,FLR,USD,2019-10-31,2019-10-31 08:23:36,Q3,3937707000,3869606000,68101000,0.017294582862564432,0.0,10362000.0,0.0,0.0,10362000.0,3879968000,18984000.0,45132000,102871000.0,0.026124594846696315,57739000.0,0.014663102155645405,-333988000.0,-281268000.0,-0.07142938771218885,490077000.0,-741984000.0,-0.18843047489312942,-5.29,-5.29,140163000,140163000,https://www.sec.gov/Archives/edgar/data/1124198/000162828019012912/0001628280-19-012912-index.htm,https://www.sec.gov/Archives/edgar/data/1124198/000162828019012912/flr-20190930x10q.htm,1620592123,16:28:43,20210509
6,2019-06-30,FLR,USD,2019-08-01,2019-08-01 16:29:06,Q2,4094376000,4706302000,-611926000,-0.14945525276623348,0.0,53356000.0,0.0,0.0,53356000.0,4759658000,18877000.0,47083000,-618199000.0,-0.1509873543612018,-665282000.0,-0.16248678675334166,-45732000.0,-714978000.0,-0.17462441163195563,-121492000.0,-554808000.0,-0.13550489744957472,-3.96,-3.96,140141000,140141000,https://www.sec.gov/Archives/edgar/data/1124198/000162828019009786/0001628280-19-009786-index.htm,https://www.sec.gov/Archives/edgar/data/1124198/000162828019009786/flr-20190630x10q.htm,1620592123,16:28:43,20210509
7,2019-03-31,FLR,USD,2019-05-02,2019-05-02 07:26:02,Q1,4192747000,4131060000,61687000,0.014712788536966337,0.0,61051000.0,0.0,0.0,61051000.0,4192111000,18637000.0,49831000,50467000.0,0.01203673868230065,636000.0,0.00015169052652115665,-27368000.0,-32393000.0,-0.007725961046540609,10915000.0,-58426000.0,-0.013935016827869653,-0.42,-0.42,139776000,139776000,https://www.sec.gov/Archives/edgar/data/1124198/000162828019005625/0001628280-19-005625-index.htm,https://www.sec.gov/Archives/edgar/data/1124198/000162828019001658/flr12-31x201810k.htm,1620592123,16:28:43,20210509
8,2018-12-31,FLR,USD,2019-02-21,2019-02-21 16:35:07,Q4,4801077000,4624891000,176186000,0.03669718273629021,0.0,8173000.0,0.0,0.0,8173000.0,4633064000,19045000.0,51737000,219750000.0,0.045770980136331914,168013000.0,0.03499485636243701,0.0,160664000.0,0.033464158146182615,82834000.0,50246000.0,0.010465568454744634,0.35947516025641024,0.35947516025641024,139776000,139776000,https://www.sec.gov/Archives/edgar/data/1124198/000162828019001658/0001628280-19-001658-index.htm,https://www.sec.gov/Archives/edgar/data/1124198/000162828019001658/flr12-31x201810k.htm,1620592123,16:28:43,20210509
9,2018-09-30,FLR,USD,2018-11-01,2018-11-01 16:32:09,Q3,4657956000,4432165000,225791000,0.048474266394959505,0.0,64738000.0,0.0,0.0,64738000.0,4496903000,24238000.0,53013000,214066000.0,0.04595706786410177,161053000.0,0.03457589552155495,0.0,146508000.0,0.03145328122464017,50483000.0,77345000.0,0.01660492284598652,0.5496649207962306,0.5464185547054377,140713000,141549000,https://www.sec.gov/Archives/edgar/data/1124198/000110465918065439/0001104659-18-065439-index.htm,https://www.sec.gov/Archives/edgar/data/1124198/000110465918065439/a18-18988_110q.htm,1620592123,16:28:43,20210509
10,2018-06-30,FLR,USD,2018-08-02,2018-08-02 16:27:36,Q2,4883796000,4673644000,210152000,0.0430304623698451,0.0,17776000.0,0.0,0.0,17776000.0,4691420000,16784000.0,55252000,247628000.0,0.0507040015594427,192376000.0,0.03939067069959515,0.0,183635000.0,0.03760087440179729,52471000.0,114832000.0,0.02351285762140761,0.82,0.81,140654000,141306000,https://www.sec.gov/Archives/edgar/data/1124198/000110465918049205/0001104659-18-049205-index.htm,https://www.sec.gov/Archives/edgar/data/1124198/000110465918049205/a18-14043_110q.htm,1620592123,16:28:43,20210509
11,2018-03-31,FLR,USD,2018-05-03,2018-05-03 16:32:25,Q1,4823770000,4765975000,57795000,0.011981292640403667,0.0,57271000.0,0.0,0.0,57271000.0,4823246000,17112000.0,56654000,57178000.0,0.011853384386071475,524000.0,0.00010862872815246167,0.0,-9055000.0,-0.0018771624683598098,3006000.0,-17590000.0,-0.0036465254354996197,-0.13,-0.13,140099000,140099000,https://www.sec.gov/Archives/edgar/data/1124198/000110465918030273/0001104659-18-030273-index.htm,https://www.sec.gov/Archives/edgar/data/1124198/000104746918000900/a2234507z10-k.htm,1620592123,16:28:43,20210509
12,2017-12-31,FLR,USD,2018-02-20,2018-02-20 16:37:36,Q4,5027339000,4812389000,214950000,0.042756217553660096,0.0,53851000.0,0.0,0.0,53851000.0,4866240000,16647000.0,57314000,218413000.0,0.04344505114932572,161099000.0,0.03204458660933746,0.0,151581000.0,0.03015133851128798,70723000.0,60328000.0,0.011999986473957695,0.43122230164403147,0.4278581560283688,139900000,141000000,https://www.sec.gov/Archives/edgar/data/1124198/000104746918000900/0001047469-18-000900-index.htm,https://www.sec.gov/Archives/edgar/data/1124198/000104746918000900/a2234507z10-k.htm,1620592123,16:28:43,20210509
13,2017-09-30,FLR,USD,2017-11-02,2017-11-02 16:31:42,Q3,4941634000,4720071000,221563000,0.04483597935419742,0.0,45973000.0,0.0,0.0,45973000.0,4766044000,16955000.0,56514000,232104000.0,0.046969079458333014,175590000.0,0.035532781262230265,0.0,165384000.0,0.03346747249998685,52495000.0,94463000.0,0.019115741878091334,0.68,0.67,139887000,140830000,https://www.sec.gov/Archives/edgar/data/1124198/000110465917065675/0001104659-17-065675-index.htm,https://www.sec.gov/Archives/edgar/data/1124198/000110465917065675/a17-20578_110q.htm,1620592123,16:28:43,20210509
14,2017-06-30,FLR,USD,2017-08-03,2017-08-03 16:27:45,Q2,4716092000,4684116000,31976000,0.006780190038701535,0.0,47315000.0,0.0,0.0,47315000.0,4731431000,16473000.0,55664000,40325000.0,0.008550511737260427,-15339000.0,-0.0032524810796735943,0.0,-23949000.0,-0.005078145210059515,-17317000.0,-24025000.0,-0.0050942602476796465,-0.17,-0.17,139818000,139818000,https://www.sec.gov/Archives/edgar/data/1124198/000110465917049319/0001104659-17-049319-index.htm,https://www.sec.gov/Archives/edgar/data/1124198/000110465917049319/a17-13290_110q.htm,1620592123,16:28:43,20210509
15,2017-03-31,FLR,USD,2017-05-04,2017-05-04 16:32:58,Q1,4835905000,4685904000,150001000,0.03101818584111971,0.0,45048000.0,0.0,0.0,45048000.0,4730952000,17563000.0,55777000,160730000.0,0.03323679848963121,104953000.0,0.021702866371444435,0.0,93425000.0,0.01931903128783547,16071000.0,60611000.0,0.012533538189852778,0.43466506027552476,0.429993331346926,139443000,140958000,https://www.sec.gov/Archives/edgar/data/1124198/000110465917029914/0001104659-17-029914-index.htm,https://www.sec.gov/Archives/edgar/data/1124198/000104746917000724/a2230876z10-k.htm,1620592123,16:28:43,20210509
16,2016-12-31,FLR,USD,2017-02-17,2017-02-17 07:58:44,Q4,4989655000,4740637000,249018000,0.04990685728772831,0.0,56176000.0,0.0,0.0,56176000.0,4796813000,18948000.0,58374000,251216000.0,0.05034736870585241,192842000.0,0.03864836346400703,0.0,178628000.0,0.03579966951622908,107650000.0,70461000.0,0.014121417212212066,0.51,0.5,139300000,141100000,https://www.sec.gov/Archives/edgar/data/1124198/000104746917000724/0001047469-17-000724-index.htm,https://www.sec.gov/Archives/edgar/data/1124198/000104746917000724/a2230876z10-k.htm,1620592123,16:28:43,20210509
17,2016-09-30,FLR,USD,2016-11-03,2016-11-03 16:29:23,Q3,4766864000,4729637000,37227000,0.007809536835957561,0.0,27144000.0,0.0,0.0,27144000.0,4756781000,17377000.0,58958000,69041000.0,0.014483526276394711,10083000.0,0.0021152271178703653,0.0,-2651000.0,-0.0005561308231155746,-20057000.0,4804000.0,0.0010077904467171708,0.034499102333931775,0.034089296358320795,139250000,140924000,https://www.sec.gov/Archives/edgar/data/1124198/000110465916154586/0001104659-16-154586-index.htm,https://www.sec.gov/Archives/edgar/data/1124198/000110465916154586/a16-17119_110q.htm,1620592123,16:28:43,20210509
18,2016-06-30,FLR,USD,2016-08-04,2016-08-04 16:22:57,Q2,4856117000,4607868000,248249000,0.051120885266973594,0.0,52640000.0,0.0,0.0,52640000.0,4660508000,18719000.0,61212000,256821000.0,0.052886081616237826,195609000.0,0.0402809487497933,0.0,181402000.0,0.03735536026005963,61348000.0,101813000.0,0.020965928127349487,0.73,0.72,139226000,140801000,https://www.sec.gov/Archives/edgar/data/1124198/000110465916137043/0001104659-16-137043-index.htm,https://www.sec.gov/Archives/edgar/data/1124198/000110465916137043/a16-11501_110q.htm,1620592123,16:28:43,20210509
19,2016-03-31,FLR,USD,2016-05-05,2016-05-05 16:27:07,Q1,4423889000,4168067000,255822000,0.057827400280612826,0.0,55113000.0,0.0,0.0,55113000.0,4223180000,14645000.0,47369000,248078000.0,0.056076904280374124,200709000.0,0.045369357142550366,0.0,189220000.0,0.0427723209149235,70209000.0,104323000.0,0.023581739957761146,0.75,0.74,138950000,140865000,https://www.sec.gov/Archives/edgar/data/1124198/000110465916118320/0001104659-16-118320-index.htm,https://www.sec.gov/Archives/edgar/data/1124198/000104746916010220/a2227314z10-k.htm,1620592123,16:28:43,20210509
20,2015-12-31,FLR,USD,2016-02-18,2016-02-18 16:33:56,Q4,4370681000,4118219000,252462000,0.05776262326168394,0.0,44269000.0,0.0,0.0,44269000.0,4162488000,11031000.0,48109000,256302000.0,0.05864120488317496,208193000.0,0.047633995709135485,-239896000.0,-39385000.0,-0.009011181552714555,-6908000.0,-51357000.0,-0.011750342795550624,-0.36,-0.36,140900000,140900000,https://www.sec.gov/Archives/edgar/data/1124198/000104746916010220/0001047469-16-010220-index.htm,https://www.sec.gov/Archives/edgar/data/1124198/000104746916010220/a2227314z10-k.htm,1620592123,16:28:43,20210509
21,2015-09-30,FLR,USD,2015-10-29,2015-10-29 16:24:48,Q3,4384612000,4133819000,250793000,0.0571984476619596,0.0,35165000.0,0.0,0.0,35165000.0,4168984000,10170000.0,46489000,262117000.0,0.05978111632226523,215628000.0,0.049178353751711666,68162000.0,278210000.0,0.06345145248884052,91417000.0,171283000.0,0.039064574014758886,1.19,1.17,144293000,146085000,https://www.sec.gov/Archives/edgar/data/1124198/000110465915074113/0001104659-15-074113-index.htm,https://www.sec.gov/Archives/edgar/data/1124198/000110465915074113/a15-17934_110q.htm,1620592123,16:28:43,20210509
22,2015-06-30,FLR,USD,2015-07-30,2015-07-30 16:25:06,Q2,4810106000,4516125000,293981000,0.06111736414956344,0.0,47785000.0,0.0,0.0,47785000.0,4563910000,11401000.0,47114000,293310000.0,0.060977866184237936,246196000.0,0.051183071641248655,0.0,238849000.0,0.04965566247396627,78105000.0,148507000.0,0.030873955792242416,1.02,1.0,146300000,147900000,https://www.sec.gov/Archives/edgar/data/1124198/000110465915054879/0001104659-15-054879-index.htm,https://www.sec.gov/Archives/edgar/data/1124198/000110465915054879/a15-12030_110q.htm,1620592123,16:28:43,20210509
23,2015-03-31,FLR,USD,2015-04-30,2015-04-30 16:21:44,Q1,4548649000,4251189000,297460000,0.06539524153215603,0.0,41110000.0,0.0,0.0,41110000.0,4292299000,12168000.0,48026000,304376000.0,0.06691569298928099,256350000.0,0.05635739315124117,0.0,248878000.0,0.05471470759779442,83274000.0,144079000.0,0.03167511935961645,0.98,0.96,147731000,149915000,https://www.sec.gov/Archives/edgar/data/1124198/000110465915032555/0001104659-15-032555-index.htm,https://www.sec.gov/Archives/edgar/data/1124198/000104746915000891/a2222981z10-k.htm,1620592123,16:28:43,20210509
24,2014-12-31,FLR,USD,2015-02-18,2015-02-18 07:58:00,Q4,5455196000,5093928000,361268000,0.0662245682831561,0.0,53096000.0,0.0,0.0,53096000.0,5147024000,9360000.0,48100000,356272000.0,0.06530874417711115,308172000.0,0.056491462451578274,0.0,304768000.0,0.055867470206386716,69896000.0,214543000.0,0.03932819279087314,1.4522544354265523,1.4522544354265523,147731000,147731000,https://www.sec.gov/Archives/edgar/data/1124198/000104746915000891/0001047469-15-000891-index.htm,https://www.sec.gov/Archives/edgar/data/1124198/000104746915000891/a2222981z10-k.htm,1620592123,16:28:43,20210509
25,2014-09-30,FLR,USD,2014-10-30,2014-10-30 16:18:37,Q3,5440081000,5059960000,380121000,0.06987414341808514,0.0,35131000.0,0.0,0.0,35131000.0,5095091000,5979000.0,49185000,394175000.0,0.07245756083411257,344990000.0,0.06341633516118601,0.0,343384000.0,0.063121118968633,114635000.0,69502000.0,0.012775912711593816,0.44175374367579384,0.4358694561509131,157332000,159456000,https://www.sec.gov/Archives/edgar/data/1124198/000110465914075263/0001104659-14-075263-index.htm,https://www.sec.gov/Archives/edgar/data/1124198/000110465914075263/a14-19721_110q.htm,1620592123,16:28:43,20210509
26,2014-06-30,FLR,USD,2014-07-31,2014-07-31 16:28:03,Q2,5251664000,4906352000,345312000,0.06575287375582292,0.0,56711000.0,0.0,0.0,56711000.0,4963063000,7445000.0,46594000,335195000.0,0.06382643672557879,288601000.0,0.054954201182710855,0.0,285289000.0,0.0543235439281721,90126000.0,77790000.0,0.014812448016476302,0.49,0.48,158465000,160454000,https://www.sec.gov/Archives/edgar/data/1124198/000110465914055502/0001104659-14-055502-index.htm,https://www.sec.gov/Archives/edgar/data/1124198/000110465914055502/a14-13989_110q.htm,1620592123,16:28:43,20210509
27,2014-03-31,FLR,USD,2014-05-01,2014-05-01 16:25:23,Q1,5384636000,5072304000,312332000,0.05800429221213839,0.0,37773000.0,0.0,0.0,37773000.0,5110077000,6897000.0,48715000,323274000.0,0.06003637014646858,274559000.0,0.05098933335512373,0.0,271468000.0,0.05041529269573654,78158000.0,149074000.0,0.027685065434320907,0.93,0.92,160213000,162360000,https://www.sec.gov/Archives/edgar/data/1124198/000110465914033525/0001104659-14-033525-index.htm,https://www.sec.gov/Archives/edgar/data/1124198/000104746914000988/a2218252z10-k.htm,1620592123,16:28:43,20210509
28,2013-12-31,FLR,USD,2014-02-18,2014-02-18 16:27:01,Q4,6291405000,5955475000,335930000,0.053395068351187056,0.0,64558000.0,0.0,0.0,64558000.0,6020033000,7049000.0,44258000,315630000.0,0.05016844409158209,271372000.0,0.0431337674176118,0.0,267818000.0,0.04256886975166914,82739000.0,166795000.0,0.02651156617639462,1.0410828085111694,1.0410828085111694,160213000,160213000,https://www.sec.gov/Archives/edgar/data/1124198/000104746914000988/0001047469-14-000988-index.htm,https://www.sec.gov/Archives/edgar/data/1124198/000104746914000988/a2218252z10-k.htm,1620592123,16:28:43,20210509
29,2013-09-30,FLR,USD,2013-10-31,2013-10-31 16:19:29,Q3,6684216000,6329685000,354531000,0.05304002743178856,0.0,46070000.0,0.0,0.0,46070000.0,6375755000,6435000.0,53614000,362075000.0,0.05416865642881678,308461000.0,0.04614767087119866,0.0,304742000.0,0.04559128550004967,87391000.0,173046000.0,0.025888750453306717,1.06,1.05,162940000,164845000,https://www.sec.gov/Archives/edgar/data/1124198/000110465913079667/0001104659-13-079667-index.htm,https://www.sec.gov/Archives/edgar/data/1124198/000110465913079667/a13-19633_110q.htm,1620592123,16:28:43,20210509
30,2013-06-30,FLR,USD,2013-08-01,2013-08-01 07:43:24,Q2,7190328000,6857472000,332856000,0.04629218583630677,0.0,31918000.0,0.0,0.0,31918000.0,6889390000,6448000.0,54287000,355225000.0,0.049403170481235346,300938000.0,0.0418531671990485,0.0,298706000.0,0.041542750205553904,91366000.0,161412000.0,0.022448489137074135,0.99,0.98,162797000,164135000,https://www.sec.gov/Archives/edgar/data/1124198/000110465913058637/0001104659-13-058637-index.htm,https://www.sec.gov/Archives/edgar/data/1124198/000110465913058637/a13-13756_110q.htm,1620592123,16:28:43,20210509
31,2013-03-31,FLR,USD,2013-05-02,2013-05-02 16:17:51,Q1,7185624000,6843750000,341874000,0.047577496401147626,0.0,32602000.0,0.0,0.0,32602000.0,6876352000,6955000.0,54939000,364211000.0,0.050686064286135764,309272000.0,0.043040381739985284,0.0,306333000.0,0.04263137063670462,93077000.0,166458000.0,0.02316542028917739,1.0249371952120585,1.0150435084852218,162408000,163991000,https://www.sec.gov/Archives/edgar/data/1124198/000110465913036608/0001104659-13-036608-index.htm,https://www.sec.gov/Archives/edgar/data/1124198/000104746913001314/a2212874z10-k.htm,1620592123,16:28:43,20210509
32,2012-12-31,FLR,USD,2013-02-20,2013-02-20 16:26:17,Q4,7022722000,7038364000,-15642000,-0.0022273414781334077,0.0,41078000.0,0.0,0.0,41078000.0,7079442000,7857000.0,55345000,-1375000.0,-0.00019579302726207873,-56720000.0,-0.008076640368221895,0.0,-59978000.0,-0.008540563046636333,-89011000.0,-4325000.0,-0.0006158580675698112,-0.02663046155361805,-0.02663046155361805,162408000,162408000,https://www.sec.gov/Archives/edgar/data/1124198/000104746913001314/0001047469-13-001314-index.htm,https://www.sec.gov/Archives/edgar/data/1124198/000104746913001314/a2212874z10-k.htm,1620592123,16:28:43,20210509
33,2012-09-30,FLR,USD,2012-11-01,2012-11-01 16:19:23,Q3,7136056000,6829781000,306275000,0.04291936610362923,0.0,40884000.0,0.0,0.0,40884000.0,6870665000,6890000.0,53207000,318598000.0,0.044646230354694526,265391000.0,0.03719015097415155,0.0,264502000.0,0.037065572355373895,92164000.0,144583000.0,0.020260911629617257,0.87,0.86,166660000,167968000,https://www.sec.gov/Archives/edgar/data/1124198/000110465912073203/0001104659-12-073203-index.htm,https://www.sec.gov/Archives/edgar/data/1124198/000110465912073203/a12-19913_110q.htm,1620592123,16:28:43,20210509
34,2012-06-30,FLR,USD,2012-08-02,2012-08-02 16:23:33,Q2,7128249000,6809783000,318466000,0.044676609922015914,0.0,31206000.0,0.0,0.0,31206000.0,6840989000,6610000.0,51673000,338933000.0,0.047547862034561364,287260000.0,0.040298816722030895,0.0,288181000.0,0.04042802096279184,95660000.0,161190000.0,0.022612846436761678,0.96,0.95,168264000,169440000,https://www.sec.gov/Archives/edgar/data/1124198/000110465912053741/0001104659-12-053741-index.htm,https://www.sec.gov/Archives/edgar/data/1124198/000110465912053741/a12-13718_110q.htm,1620592123,16:28:43,20210509
35,2012-03-31,FLR,USD,2012-05-03,2012-05-03 16:19:30,Q1,6290108000,6014210000,275898000,0.04386220395579853,0.0,37842000.0,0.0,0.0,37842000.0,6052052000,6881000.0,52156000,290212000.0,0.04613784055854049,238056000.0,0.03784609103691065,0.0,240800000.0,0.03828233155933094,63625000.0,154882000.0,0.024623106630283612,0.92,0.91,168852000,170406000,https://www.sec.gov/Archives/edgar/data/1124198/000110465912032626/0001104659-12-032626-index.htm,https://www.sec.gov/Archives/edgar/data/1124198/000104746912001294/a2207387z10-k.htm,1620592123,16:28:43,20210509
36,2011-12-31,FLR,USD,2012-02-22,2012-02-22 16:22:32,Q4,6252134000,5942381000,309753000,0.04954356384556057,0.0,0.0,0.0,0.0,61271000.0,6003652000,7467000.0,51727000,300209000.0,0.04801704506013467,248482000.0,0.039743549962300874,0.0,248609000.0,0.0397638630266082,64783000.0,153156000.0,0.024496595882301946,0.9070428540970791,0.9070428540970791,168852000,168852000,https://www.sec.gov/Archives/edgar/data/1124198/000104746912001294/0001047469-12-001294-index.htm,https://www.sec.gov/Archives/edgar/data/1124198/000104746912001294/a2207387z10-k.htm,1620592123,16:28:43,20210509
37,2011-09-30,FLR,USD,2011-11-03,2011-11-03 16:16:50,Q3,6037613000,5775527000,262086000,0.043408876984993905,0.0,37258000.0,0.0,0.0,37258000.0,5812785000,2027000.0,50595000,275423000.0,0.04561786255594719,224828000.0,0.037237895174798384,0.0,230937000.0,0.038249718887248985,69348000.0,135362000.0,0.022419787422612216,0.79,0.78,171576000,173178000,https://www.sec.gov/Archives/edgar/data/1124198/000110465911060588/0001104659-11-060588-index.htm,https://www.sec.gov/Archives/edgar/data/1124198/000110465911060588/a11-25698_110q.htm,1620592123,16:28:43,20210509
38,2011-06-30,FLR,USD,2011-08-04,2011-08-04 16:18:20,Q2,6033876000,5727032000,306844000,0.05085354753727123,0.0,31106000.0,0.0,0.0,31106000.0,5758138000,3558000.0,50812000,326550000.0,0.05411944163254266,275738000.0,0.04569832061514025,0.0,281192000.0,0.04660221721493779,89733000.0,165499000.0,0.02742830644845867,0.95,0.94,173425000,175257000,https://www.sec.gov/Archives/edgar/data/1124198/000110465911043714/0001104659-11-043714-index.htm,https://www.sec.gov/Archives/edgar/data/1124198/000110465911043714/a11-13913_110q.htm,1620592123,16:28:43,20210509
39,2011-03-31,FLR,USD,2011-05-05,2011-05-05 16:17:32,Q1,5057776000,4787543000,270233000,0.05342921473786107,0.0,33825000.0,0.0,0.0,33825000.0,4821368000,2549000.0,48805000,285213000.0,0.05639099082284387,236408000.0,0.046741492703512376,0.0,241078000.0,0.04766482343227537,79865000.0,139711000.0,0.02762301058805293,0.79,0.78,175819000,179022000,https://www.sec.gov/Archives/edgar/data/1124198/000110465911026341/0001104659-11-026341-index.htm,https://www.sec.gov/Archives/edgar/data/1124198/000104746911001167/a2202070z10-k.htm,1620592123,16:28:43,20210509
40,2010-12-31,FLR,USD,2011-02-23,2011-02-23 09:30:23,Q4,5266885000,5167767000,99118000,0.018819093259108563,0.0,57970000.0,0.0,0.0,57970000.0,5225737000,2957000.0,50421000,91569000.0,0.017385798246971406,41148000.0,0.007812587516150438,9274000.0,42488000.0,0.008067007348745986,-96593000.0,117122000.0,0.022237432562131128,0.6661509848196157,0.6661509848196157,175819000,175819000,https://www.sec.gov/Archives/edgar/data/1124198/000104746911001167/0001047469-11-001167-index.htm,https://www.sec.gov/Archives/edgar/data/1124198/000104746911001167/a2202070z10-k.htm,1620592123,16:28:43,20210509
41,2010-09-30,FLR,USD,2010-11-04,2010-11-04 16:16:24,Q3,5511488000,5449681000,61807000,0.011214212931244702,0.0,39563000.0,0.0,0.0,39563000.0,5489244000,2183000.0,48029000,70273000.0,0.012750277239104938,22244000.0,0.004035933671632778,-2635000.0,24879000.0,0.0045140259762880735,54967000.0,-53636000.0,-0.009731673188801282,-0.3,-0.3,178248000,178248000,https://www.sec.gov/Archives/edgar/data/1124198/000110465910056060/0001104659-10-056060-index.htm,https://www.sec.gov/Archives/edgar/data/1124198/000110465910056060/a10-17286_110q.htm,1620592123,16:28:43,20210509
42,2010-06-30,FLR,USD,2010-07-27,2010-07-27 14:20:52,Q2,5152121000,4868354000,283767000,0.05507770489085951,0.0,27827000.0,0.0,0.0,27827000.0,4896181000,2304000.0,45815000,301755000.0,0.05856908251960698,255940000.0,0.04967662832452887,-3201000.0,259141000.0,0.05029792584452112,80724000.0,157375000.0,0.030545672355132964,0.88,0.87,178214000,180688000,https://www.sec.gov/Archives/edgar/data/1124198/000110465910039798/0001104659-10-039798-index.htm,https://www.sec.gov/Archives/edgar/data/1124198/000110465910039798/a10-12625_110q.htm,1620592123,16:28:43,20210509
43,2010-03-31,FLR,USD,2010-05-10,2010-05-10 16:21:35,Q1,4918855000,4658297000,260558000,0.05297127075305127,0.0,30908000.0,0.0,0.0,30908000.0,4689205000,3172000.0,46319000,275969000.0,0.05610431695994291,229650000.0,0.04668769459559186,-3438000.0,233088000.0,0.04738663774394651,79416000.0,136635000.0,0.027777806013797927,0.77,0.76,178163000,180769000,https://www.sec.gov/Archives/edgar/data/1124198/000110465910027275/0001104659-10-027275-index.htm,https://www.sec.gov/Archives/edgar/data/1124198/000104746910001356/a2196443z10-k.htm,1620592123,16:28:43,20210509
44,2009-12-31,FLR,USD,2010-02-25,2010-02-25 16:39:17,Q4,5479366000,5156752000,322614000,0.05887797967867085,0.0,61480000.0,0.0,0.0,61480000.0,5218232000,2398000.0,46982000,308116000.0,0.05623205312439432,261134000.0,0.047657703464232905,-3042000.0,264176000.0,0.048212877183236164,102931000.0,148724000.0,0.02714255627384628,0.8347636714693848,0.8347636714693848,178163000,178163000,https://www.sec.gov/Archives/edgar/data/1124198/000104746910001356/0001047469-10-001356-index.htm,https://www.sec.gov/Archives/edgar/data/1124198/000104746910001356/a2196443z10-k.htm,1620592123,16:28:43,20210509
45,2009-09-30,FLR,USD,2009-11-09,2009-11-09 16:24:04,Q3,5420488000,5108144000,312344000,0.05762285609708941,0.0,49622000.0,0.0,0.0,49622000.0,5157766000,2585000.0,46143000,308865000.0,0.056981031966125556,262722000.0,0.04846832978875703,-3140000.0,265862000.0,0.0490476134252119,91858000.0,162096000.0,0.029904318577958295,0.9,0.89,178859000,181124000,https://www.sec.gov/Archives/edgar/data/1124198/000110465909063687/0001104659-09-063687-index.htm,https://www.sec.gov/Archives/edgar/data/1124198/000110465909063687/a09-30784_110q.htm,1620592123,16:28:43,20210509
46,2009-06-30,FLR,USD,2009-08-10,2009-08-10 16:14:50,Q2,5292554000,4975649000,316905000,0.059877518491072555,0.0,42003000.0,0.0,0.0,42003000.0,5017652000,2488000.0,45243000,320145000.0,0.06048969930207609,274902000.0,0.051941274477312845,-3348000.0,278250000.0,0.05257386131534983,101911000.0,169270000.0,0.03198266848103959,0.94,0.93,179054000,181198000,https://www.sec.gov/Archives/edgar/data/1124198/000110465909048635/0001104659-09-048635-index.htm,https://www.sec.gov/Archives/edgar/data/1124198/000110465909048635/a09-18290_110q.htm,1620592123,16:28:43,20210509
47,2009-03-31,FLR,USD,2009-05-11,2009-05-11 16:17:34,Q1,5797889000,5448616000,349273000,0.06024140855404441,0.0,25415000.0,0.0,0.0,25415000.0,5474031000,2583000.0,44027000,367885000.0,0.0634515424493294,323858000.0,0.05585791656239021,-4642000.0,328500000.0,0.05665855279395656,107213000.0,204799000.0,0.03532302877823291,1.13,1.12,180317000,181204000,https://www.sec.gov/Archives/edgar/data/1124198/000110465909031513/0001104659-09-031513-index.htm,https://www.sec.gov/Archives/edgar/data/1124198/000104746909001811/a2190865z10-k.htm,1620592123,16:28:43,20210509
48,2008-12-31,FLR,USD,2009-02-25,2009-02-25 00:00:00,Q4,6071525000,5748440000,323085000,0.053213154849893564,0.0,0.0,0.0,0.0,83367000.0,5831807000,2358000.0,40643000,280361000.0,0.046176372492907465,239718000.0,0.039482337633461116,0.0,251851000.0,0.041480682365633015,61754000.0,190097000.0,0.03130959684757948,1.0542378145155475,1.0542378145155475,180317000,180317000,https://www.sec.gov/Archives/edgar/data/1124198/000104746909001811/0001047469-09-001811-index.htm,https://www.sec.gov/Archives/edgar/data/1124198/000104746909001811/a2190865z10-k.htm,1620592123,16:28:43,20210509
49,2008-09-30,FLR,USD,2008-11-06,2008-11-06 16:56:37,Q3,5673818000,5349528000,324290000,0.057155516796626185,0.0,0.0,0.0,0.0,44584000.0,5394112000,3029000.0,43245000,322951000.0,0.056919520506297526,279706000.0,0.04929766869504803,0.0,295847000.0,0.0521424902948949,112748000.0,183099000.0,0.032270862406936565,1.03,1.01,178253000,181920000,https://www.sec.gov/Archives/edgar/data/1124198/000110465908068715/0001104659-08-068715-index.htm,https://www.sec.gov/Archives/edgar/data/1124198/000110465908068715/a08-25638_110q.htm,1620592123,16:28:43,20210509
50,2008-06-30,FLR,USD,2008-08-11,2008-08-11 16:09:33,Q2,5773570000,5460397000,313173000,0.05424252239082578,0.0,0.0,0.0,0.0,61698000.0,5522095000,3434000.0,32855000,284330000.0,0.04924682648690498,251475000.0,0.04355623990009647,79209000.0,344970000.0,0.05974986013852781,135720000.0,209250000.0,0.03624274062668332,1.19,1.13,176268000,185146000,https://www.sec.gov/Archives/edgar/data/1124198/000110465908051866/0001104659-08-051866-index.htm,https://www.sec.gov/Archives/edgar/data/1124198/000110465908051866/a08-18964_110q.htm,1620592123,16:28:43,20210509
51,2008-03-31,FLR,USD,2008-05-12,2008-05-12 16:42:48,Q1,4806981000,4557832000,249149000,0.05183066044987488,0.0,0.0,0.0,0.0,39520000.0,4597352000,3106000.0,46562000,256191000.0,0.05329561319256307,209629000.0,0.043609284080798325,0.0,221734000.0,0.04612749665538516,83722000.0,138012000.0,0.02871074381196847,0.785,0.75,175698000,183670000,https://www.sec.gov/Archives/edgar/data/1124198/000110465908032415/0001104659-08-032415-index.htm,https://www.sec.gov/Archives/edgar/data/1124198/000104746908002025/a2182997z10-k.htm,1620592123,16:28:43,20210509
52,2007-12-31,FLR,USD,2008-02-29,2008-02-29 14:15:39,Q4,4712465000,4464233000,248232000,0.05267561668893032,0.0,0.0,0.0,0.0,51813000.0,4516046000,4626000.0,15830000,212249000.0,0.04503991011073822,196419000.0,0.041680733968315946,0.0,213978000.0,0.04540680938744373,-45485000.0,259463000.0,0.055058870463759416,1.4767555692153582,1.4767555692153582,175698000,175698000,https://www.sec.gov/Archives/edgar/data/1124198/000104746908002025/0001047469-08-002025-index.htm,https://www.sec.gov/Archives/edgar/data/1124198/000104746908002025/a2182997z10-k.htm,1620592123,16:28:43,20210509
53,2007-09-30,FLR,USD,2007-11-07,2007-11-07 07:00:35,Q3,4115226000,3925705000,189521000,0.04605360677639576,0.0,0.0,0.0,0.0,44931000.0,3970636000,6989000.0,59948000,204538000.0,0.049702738075624524,144590000.0,0.03513537288110058,0.0,155263000.0,0.03772891209377079,61587000.0,93676000.0,0.02276326986658813,0.535,0.51,174646000,183460000,https://www.sec.gov/Archives/edgar/data/1124198/000110465907080421/0001104659-07-080421-index.htm,https://www.sec.gov/Archives/edgar/data/1124198/000110465907080421/a07-25935_110q.htm,1620592123,16:28:43,20210509
54,2007-06-30,FLR,USD,2007-08-07,2007-08-07 16:08:37,Q2,4221538000,4034329000,187209000,0.04434616009615453,0.0,0.0,0.0,0.0,51752000.0,4086081000,6534000.0,28996000,164453000.0,0.038955707611775615,135457000.0,0.032087120855005924,0.0,143559000.0,0.03400632660419023,47995000.0,95564000.0,0.0226372473728769,0.55,0.525,174350000,181660000,https://www.sec.gov/Archives/edgar/data/1124198/000110465907059680/0001104659-07-059680-index.htm,https://www.sec.gov/Archives/edgar/data/1124198/000110465907059680/a07-19305_110q.htm,1620592123,16:28:43,20210509
55,2007-03-31,FLR,USD,2007-05-07,2007-05-07 17:05:29,Q1,3641804000,3464320000,177484000,0.04873518728630097,0.0,0.0,0.0,0.0,45366000.0,3509686000,0.0,42035000,174153000.0,0.04782053070401372,132118000.0,0.03627817422354416,0.0,136293000.0,0.03742458407975827,51677000.0,84616000.0,0.023234638657105105,0.485,0.47,173928000,179896000,https://www.sec.gov/Archives/edgar/data/1124198/000110465907036553/0001104659-07-036553-index.htm,https://www.sec.gov/Archives/edgar/data/1124198/000110465907015518/a07-2609_110k.htm,1620592123,16:28:43,20210509
56,2006-12-31,FLR,USD,2007-03-01,2007-03-01 16:04:30,Q4,3633164000,3469263000,163901000,0.04511246946187951,0.0,0.0,0.0,0.0,50097000.0,3519360000,5503000.0,12579000,126383000.0,0.03478593314257215,113804000.0,0.03132366168992096,0.0,118811000.0,0.0327017993132157,38103000.0,80708000.0,0.02221424631533286,0.464031093325974,0.464031093325974,173928000,173928000,https://www.sec.gov/Archives/edgar/data/1124198/000110465907015518/0001104659-07-015518-index.htm,https://www.sec.gov/Archives/edgar/data/1124198/000110465907015518/a07-2609_110k.htm,1620592123,16:28:43,20210509
57,2006-09-30,FLR,USD,2006-11-06,2006-11-06 16:11:39,Q3,3364036000,3317401000,46635000,0.013862812407477209,0.0,0.0,0.0,0.0,32647000.0,3350048000,6429000.0,39191000,53179000.0,0.015808094800412363,13988000.0,0.004158100567294761,0.0,13851000.0,0.004117375676122372,-13487000.0,27338000.0,0.00812654799175752,0.16,0.155,172726000,177866000,https://www.sec.gov/Archives/edgar/data/1124198/000095013406020574/0000950134-06-020574-index.htm,https://www.sec.gov/Archives/edgar/data/1124198/000095013406020574/d40738e10vq.htm,1620592123,16:28:43,20210509
58,2006-06-30,FLR,USD,2006-08-07,2006-08-07 16:22:50,Q2,3456430000,3294870000,161560000,0.04674186950119053,0.0,0.0,0.0,0.0,54302000.0,3349172000,6253000.0,37945000,145203000.0,0.042009530064257054,107258000.0,0.031031439953940917,0.0,106537000.0,0.030822843222631444,39985000.0,66552000.0,0.019254548768527065,0.385,0.37,172526000,179242000,https://www.sec.gov/Archives/edgar/data/1124198/000095013406015042/0000950134-06-015042-index.htm,https://www.sec.gov/Archives/edgar/data/1124198/000095013406015042/d38472e10vq.htm,1620592123,16:28:43,20210509
59,2006-03-31,FLR,USD,2006-05-08,2006-05-08 17:11:35,Q1,3624876000,3440499000,184377000,0.05086436060157644,0.0,0.0,0.0,0.0,41771000.0,3482270000,4828000.0,36443000,179049000.0,0.04939451721934764,142606000.0,0.039340931938085605,0.0,142791000.0,0.03939196816663522,53937000.0,88854000.0,0.02451228676511969,0.515,0.5,171824000,177814000,https://www.sec.gov/Archives/edgar/data/1124198/000089256906000692/0000892569-06-000692-index.htm,https://www.sec.gov/Archives/edgar/data/1124198/000089256906000202/a15918e10vk.htm,1620592123,16:28:43,20210509
60,2005-12-31,FLR,USD,2006-03-01,2006-03-01 16:56:57,Q4,3962817000,3858182000,104635000,0.026404196812519983,0.0,0.0,0.0,0.0,52850000.0,3911032000,3344000.0,13985000,65770000.0,0.01659677951315945,51785000.0,0.013067724298144477,0.0,55952000.0,0.01411924900897518,-9171000.0,65123000.0,0.016433511817477316,0.3790099171244995,0.3790099171244995,171824000,171824000,https://www.sec.gov/Archives/edgar/data/1124198/000089256906000202/0000892569-06-000202-index.htm,https://www.sec.gov/Archives/edgar/data/1124198/000089256906000202/a15918e10vk.htm,1620592123,16:28:43,20210509
61,2005-09-30,FLR,USD,2005-11-03,2005-11-03 16:26:05,Q3,3418525000,3237647000,180878000,0.05291112394965665,0.0,0.0,0.0,0.0,25112000.0,3262759000,0.0,30900000,186666000.0,0.054604251833758714,155766000.0,0.04556526572132718,0.0,157464000.0,0.0460619711717773,26275000.0,131189000.0,0.03837590773798641,0.77,0.755,170316000,174280000,https://www.sec.gov/Archives/edgar/data/1124198/000095013705013289/0000950137-05-013289-index.htm,https://www.sec.gov/Archives/edgar/data/1124198/000095013705013289/a14117e10vq.htm,1620592123,16:28:43,20210509
62,2005-06-30,FLR,USD,2005-08-08,2005-08-08 16:41:59,Q2,2919942000,2888095000,31847000,0.010906723489713152,0.0,0.0,0.0,0.0,27652000.0,2915747000,4273000.0,30758000,34953000.0,0.011970443248530279,4195000.0,0.001436672372259449,0.0,5577000.0,0.001909969444598557,22009000.0,-16432000.0,-0.005627509039563114,-0.095,-0.095,169988000,169988000,https://www.sec.gov/Archives/edgar/data/1124198/000095013705009801/0000950137-05-009801-index.htm,https://www.sec.gov/Archives/edgar/data/1124198/000095013705009801/a11377e10vq.htm,1620592123,16:28:43,20210509
63,2005-03-31,FLR,USD,2005-05-05,2005-05-05 17:11:38,Q1,2859767000,2741199000,118568000,0.041460720401347385,0.0,0.0,0.0,0.0,38109000.0,2779308000,4819000.0,28481000,108940000.0,0.03809401255416962,80459000.0,0.02813480958413745,0.0,80589000.0,0.02818026783300877,33196000.0,47393000.0,0.01657232914429742,0.285,0.28,167396000,169868000,https://www.sec.gov/Archives/edgar/data/1124198/000089256905000360/0000892569-05-000360-index.htm,https://www.sec.gov/Archives/edgar/data/1124198/000089256905000093/a06020e10vk.htm,1620592123,16:28:43,20210509
64,2004-12-31,FLR,USD,2005-03-04,2005-03-04 17:00:49,Q4,2739903000,2613901000,126002000,0.04598775942068022,0.0,0.0,0.0,0.0,57886000.0,2671787000,3926000.0,28381000,96497000.0,0.03521913002029634,68116000.0,0.02486073412087946,0.0,70656000.0,0.02578777423872305,22739000.0,47917000.0,0.01748857532547685,0.28624937274486845,0.28624937274486845,167396000,167396000,https://www.sec.gov/Archives/edgar/data/1124198/000089256905000093/0000892569-05-000093-index.htm,https://www.sec.gov/Archives/edgar/data/1124198/000089256905000093/a06020e10vk.htm,1620592123,16:28:43,20210509
65,2004-09-30,FLR,USD,2004-11-09,2004-11-09 14:05:02,Q3,2362670000,2267135000,95535000,0.040435185616273114,0.0,0.0,0.0,0.0,23725000.0,2290860000,0.0,20750000,92560000.0,0.03917601696385869,71810000.0,0.03039358014449754,0.0,72885000.0,0.030848573859235527,25623000.0,47262000.0,0.020003639949717905,0.29,0.285,163512000,166258000,https://www.sec.gov/Archives/edgar/data/1124198/000095013704009651/0000950137-04-009651-index.htm,https://www.sec.gov/Archives/edgar/data/1124198/000095013704009651/a03004e10vq.htm,1620592123,16:28:43,20210509
66,2004-06-30,FLR,USD,2004-08-09,2004-08-09 13:24:32,Q2,2214450000,2114767000,99683000,0.045014789225315543,0.0,0.0,0.0,0.0,32979000.0,2147746000,3318000.0,20553000,87257000.0,0.03940346361398993,66704000.0,0.030122152227415384,0.0,67353000.0,0.03041522725733252,22563000.0,44790000.0,0.020226241278872858,0.275,0.27,162466000,165038000,https://www.sec.gov/Archives/edgar/data/1124198/000095013704006421/0000950137-04-006421-index.htm,https://www.sec.gov/Archives/edgar/data/1124198/000095013704006421/a00800e10vq.htm,1620592123,16:28:43,20210509
67,2004-03-31,FLR,USD,2004-05-10,2004-05-10 13:13:56,Q1,2063254000,1964433000,98821000,0.047895702613444585,0.0,0.0,0.0,0.0,27798000.0,1992231000,4468000.0,22204000,93227000.0,0.04518445135693424,71023000.0,0.034422809794625385,0.0,70264000.0,0.03405494427734055,23538000.0,46726000.0,0.022646751199803805,0.29,0.285,161836000,164298000,https://www.sec.gov/Archives/edgar/data/1124198/000095013704003812/0000950137-04-003812-index.htm,https://www.sec.gov/Archives/edgar/data/1124198/000089256904000341/a95964e10vk.htm,1620592123,16:28:43,20210509
68,2003-12-31,FLR,USD,2004-03-15,2004-03-15 17:23:53,Q4,2364529000,2249623000,114906000,0.04859572456078991,0.0,0.0,0.0,0.0,39862000.0,2289485000,2114000.0,19775000,94819000.0,0.04010058662845751,75044000.0,0.03173739886463647,0.0,76174000.0,0.03221529530828338,24754000.0,51420000.0,0.02174640277196854,0.3177290590474307,0.3177290590474307,161836000,161836000,https://www.sec.gov/Archives/edgar/data/1124198/000089256904000341/0000892569-04-000341-index.htm,https://www.sec.gov/Archives/edgar/data/1124198/000089256904000341/a95964e10vk.htm,1620592123,16:28:43,20210509
69,2003-09-30,FLR,USD,2003-11-14,2003-11-14 13:11:03,Q3,2120815000,2023254000,97561000,0.046001655024129874,0.0,0.0,0.0,0.0,33551000.0,2056805000,2555000.0,19367000,83377000.0,0.03931366007879047,64010000.0,0.03018179332002084,0.0,65072000.0,0.030682544210598284,20948000.0,44124000.0,0.020805209318115914,0.2760027022293392,0.27364060329430445,159868000,161248000,https://www.sec.gov/Archives/edgar/data/1124198/000089256903002634/0000892569-03-002634-index.htm,https://www.sec.gov/Archives/edgar/data/1124198/000089256903002634/a94401e10vq.htm,1620592123,16:28:43,20210509
70,2003-06-30,FLR,USD,2003-08-14,2003-08-14 14:44:25,Q2,2243400000,2146339000,97061000,0.0432651332798431,0.0,0.0,0.0,0.0,31348000.0,2177687000,0.0,19709000,85422000.0,0.03807702594276544,65713000.0,0.029291700098065438,0.0,66087000.0,0.029458411339930463,23101000.0,44994000.0,0.020056164749933138,0.28255818334819577,0.2801618929016189,159238000,160600000,https://www.sec.gov/Archives/edgar/data/1124198/000089256903001984/0000892569-03-001984-index.htm,https://www.sec.gov/Archives/edgar/data/1124198/000089256903001984/a92239e10vq.htm,1620592123,16:28:43,20210509
71,2003-03-31,FLR,USD,2003-05-15,2003-05-15 16:32:38,Q1,2076959000,1980261000,96698000,0.046557491024136734,0.0,0.0,0.0,0.0,36704000.0,2016965000,0.0,20825000,80819000.0,0.03891217881527753,59994000.0,0.028885500387826626,0.0,60648000.0,0.02920038383039819,19723000.0,16912000.0,0.00814267397671307,0.11,0.105,158534000,159294000,https://www.sec.gov/Archives/edgar/data/1124198/000089256903001347/0000892569-03-001347-index.htm,https://www.sec.gov/Archives/edgar/data/1124198/000089256903000847/a88362e10vk.htm,1620592123,16:28:43,20210509
72,2002-12-31,FLR,USD,2003-03-31,2003-03-31 14:40:03,Q4,2465019000,2349047000,115972000,0.04704710186818033,0.0,0.0,0.0,0.0,51816000.0,2400863000,1962000.0,19628000,83784000.0,0.033989190347011526,64156000.0,0.02602657423735882,0.0,66262000.0,0.026880928706837552,21535000.0,48201000.0,0.01955400749446556,0.3040420351470347,0.3040420351470347,158534000,158534000,https://www.sec.gov/Archives/edgar/data/1124198/000089256903000847/0000892569-03-000847-index.htm,https://www.sec.gov/Archives/edgar/data/1124198/000089256903000847/a88362e10vk.htm,1620592123,16:28:43,20210509
73,2002-09-30,FLR,USD,2002-11-14,2002-11-14 15:30:26,Q3,2451215000,2336284000,114931000,0.04688735994190636,0.0,43206000.0,0.0,0.0,43206000.0,2379490000,2316000.0,18979000,90704000.0,0.03700369000679255,71725000.0,0.02926099913716259,0.0,73691000.0,0.03006305036481908,27634000.0,31249000.0,0.0127483717258584,0.19661867968691013,0.19578837888299938,158932000,159606000,https://www.sec.gov/Archives/edgar/data/1124198/000101706202001984/0001017062-02-001984-index.htm,https://www.sec.gov/Archives/edgar/data/1124198/000101706202001984/d10q.htm,1620592123,16:28:43,20210509
74,2002-06-30,FLR,USD,2002-08-14 00:00:00,2002-08-14 15:13:29,Q2,2536113000,2439409000,96704000,0.0381307930679745,0.0,31606000.0,0.0,0.0,31606000.0,2471015000,2462000.0,20309000,85407000.0,0.033676338554315205,65098000.0,0.025668414617172026,0.0,66946000.0,0.02639708877325261,23935000.0,42975000.0,0.016945222866646716,0.27040546662639686,0.2673938202317102,158928000,160718000,https://www.sec.gov/Archives/edgar/data/1124198/000101706202001555/0001017062-02-001555-index.html,https://www.sec.gov/Archives/edgar/data/1124198/000101706202001555/d10q.txt,1620592123,16:28:43,20210509
75,2002-03-31,FLR,USD,2002-05-15,2002-05-15 16:37:37,Q1,2506609000,2420045000,86564000,0.03453430511100854,0.0,33469000.0,0.0,0.0,33469000.0,2453514000,2185000.0,19073000,72168000.0,0.02879108788008022,53095000.0,0.02118200325619193,0.0,53625000.0,0.021393444290673178,17444000.0,41190000.0,0.016432558887325466,0.26,0.255,158364000,159802000,https://www.sec.gov/Archives/edgar/data/1124198/000101706202001006/0001017062-02-001006-index.htm,https://www.sec.gov/Archives/edgar/data/1124198/000101706202001006/d10q.htm,1620592123,16:28:43,20210509
76,2001-12-31,FLR,USD,2002-03-21 00:00:00,2002-03-21 00:00:00,Q4,2634951000,2551522000,83429000,0.03166244837190521,0.0,44682000.0,0.0,0.0,44682000.0,2596204000,2637000.0,-19848000,18899000.0,0.007172429392425134,38747000.0,0.014705017284951409,105447000.0,45842000.0,0.017397666977488385,14440000.0,28493000.0,0.010813483818105157,0.1799209416281478,0.1799209416281478,158364000,158364000,https://www.sec.gov/Archives/edgar/data/1124198/000101706202000439/0001017062-02-000439-index.html,https://www.sec.gov/Archives/edgar/data/1124198/000101706202000439/d10k.htm,1620592123,16:28:43,20210509
77,2001-09-30,FLR,USD,2001-11-14 00:00:00,2001-11-14 00:00:00,Q3,2198626000,2106573000,92053000,0.041868421459584304,0.0,29385000.0,0.0,0.0,29385000.0,2135958000,2836000.0,29545000,92213000.0,0.04194119418218469,62668000.0,0.02850325612450685,0.0,66016000.0,0.030026025344919962,21255000.0,-54514000.0,-0.024794576248984592,-0.34554144164701706,-0.3400000002494772,157764000,160335294,https://www.sec.gov/Archives/edgar/data/1124198/000102140801510232/0001021408-01-510232-index.html,https://www.sec.gov/Archives/edgar/data/1124198/000102140801510232/d10q.txt,1620592123,16:28:43,20210509
78,2001-06-30,FLR,USD,2001-08-14 00:00:00,2001-08-14 00:00:00,Q2,2338430000,2253144000,85286000,0.0364714787271802,0.0,31361000.0,0.0,0.0,31361000.0,2284505000,9193000.0,31956000,85881000.0,0.03672592294830292,53925000.0,0.023060343905953996,0.0,49983000.0,0.021374597486347676,15744000.0,34239000.0,0.014641875104236602,0.22,0.215,156276000,159756000,https://www.sec.gov/Archives/edgar/data/1124198/000101706201500844/0001017062-01-500844-index.html,https://www.sec.gov/Archives/edgar/data/1124198/000101706201500844/d10q.txt,1620592123,16:28:43,20210509
79,2001-03-31,FLR,USD,2001-05-15 00:00:00,2001-05-15 00:00:00,Q1,2022819000,1908558000,114261000,0.05648602272373356,0.0,61533000.0,0.0,0.0,91791000.0,2000349000,10345000.0,30258000,52728000.0,0.026066593204829496,22470000.0,0.011108260304060818,30258000.0,15061000.0,0.00744554999730574,3869000.0,11192000.0,0.005532872689054236,0.07441192505618127,0.07269231768465355,150406000,153964000,https://www.sec.gov/Archives/edgar/data/1124198/000101706201500323/0001017062-01-500323-index.html,https://www.sec.gov/Archives/edgar/data/1124198/000101706201500323/d10q.txt,1620592123,16:28:43,20210509
80,2000-10-31,FLR,USD,2001-01-29 00:00:00,2001-01-29 00:00:00,Q4,1756500000,1652100000,104300000,0.05937944776544264,0.0,53600000.0,0.0,0.0,53700000.000000045,1705800000,0.0,84000000,134700000.0,0.0766865926558497,50700000.0,0.028864218616567038,0.0,50700000.0,0.028864218616567038,12200000.0,46100000.0,0.02624537432393965,0.27182,0.27182,169600000,169600000,https://www.sec.gov/Archives/edgar/data/1124198/000101706201000119/0001017062-01-000119-index.html,https://www.sec.gov/Archives/edgar/data/1124198/000101706201000119/0001017062-01-000119-0001.txt,1620592123,16:28:43,20210509
