,date,symbol,reportedCurrency,fillingDate,acceptedDate,period,revenue,costOfRevenue,grossProfit,grossProfitRatio,researchAndDevelopmentExpenses,generalAndAdministrativeExpenses,sellingAndMarketingExpenses,otherExpenses,operatingExpenses,costAndExpenses,interestExpense,depreciationAndAmortization,ebitda,ebitdaratio,operatingIncome,operatingIncomeRatio,totalOtherIncomeExpensesNet,incomeBeforeTax,incomeBeforeTaxRatio,incomeTaxExpense,netIncome,netIncomeRatio,eps,epsdiluted,weightedAverageShsOut,weightedAverageShsOutDil,link,finalLink,timestamp,est_time,est_date
0,2017-03-31,TRR,USD,2017-05-04 00:00:00,2017-05-04 07:54:51,Q3,189724000,107071000,82653000.0,0.4356486264257553,0.0,11290000.0,0.0,60999000.0,72289000.0,122875000,1201000.0,4967000.0,11977000.0,0.0631285446227151,7010000.0,0.03694840926820012,1140000.0,6200000.0,0.03267904956673905,1663000.0,4498000.0,0.02370812337922456,0.1432438457373969,0.14083977831355482,31401000.0,31937000.0,https://www.sec.gov/Archives/edgar/data/103096/000151128417000017/0001511284-17-000017-index.html,https://www.sec.gov/Archives/edgar/data/103096/000151128417000017/trr-10qf201703312017.htm,1620599043,18:24:03,20210509
1,2016-12-30,TRR,USD,2017-02-02 00:00:00,2017-02-02 07:32:03,Q2,198662000,105613000,93049000.0,0.4683784518428285,0.0,11042000.0,0.0,71306000.0,82348000.0,121026000,841000.0,4549000.0,11585000.0,0.05831512820770958,7036000.0,0.035416939324078085,644000.0,6481000.0,0.03262324953941871,2473000.0,3998000.0,0.02012463380012282,0.12773162939297125,0.12579051694301985,31300000.0,31783000.0,https://www.sec.gov/Archives/edgar/data/103096/000151128417000007/0001511284-17-000007-index.html,https://www.sec.gov/Archives/edgar/data/103096/000151128417000007/trr-10qf201712302016.htm,1620599043,18:24:03,20210509
2,2016-09-30,TRR,USD,2016-11-03 00:00:00,2016-11-03 07:47:15,Q1,180851000,103676000,77175000.0,0.4267325035526483,0.0,10839000.0,0.0,56546000.0,67385000.0,119019000,845000.0,4684000.0,10641000.0,0.05883849135476166,5957000.0,0.03293871750778265,637000.0,5390000.0,0.029803539930661153,1731000.0,3639000.0,0.020121536513483477,0.11682558027545026,0.1151545837157052,31149000.0,31601000.0,https://www.sec.gov/Archives/edgar/data/103096/000151128416000152/0001511284-16-000152-index.html,https://www.sec.gov/Archives/edgar/data/103096/000151128416000152/trr-10qf201709302016.htm,1620599043,18:24:03,20210509
3,2016-06-30,TRR,USD,2016-08-31,2016-08-31 08:01:43,Q4,169532000,121627000,47905000.0,0.2825720218011939,0.0,9685000.0,0.0,37201000.0,46886000.0,136252000,1145000.0,4758000.0,15019000.0,0.08859094448245759,10261000.0,0.06052544652337022,14129000.0,9630000.0,0.05680343533964089,3688000.0,5909000.0,0.03485477667932898,0.1910072407551073,0.18843075353168148,30936000.0,31359000.0,https://www.sec.gov/Archives/edgar/data/103096/000151128416000127/0001511284-16-000127-index.htm,https://www.sec.gov/Archives/edgar/data/103096/000151128416000127/masterform10-kjune2016q4f16.htm,1620599043,18:24:03,20210509
4,2016-03-25,TRR,USD,2016-05-04 00:00:00,2016-05-04 08:28:13,Q3,158130000,104030000,54100000.0,0.3421235692152027,0.0,9523000.0,0.0,36877000.0,46400000.0,144728000,1073000.0,5287000.0,-18015000.0,-0.11392525137545058,-23302000.0,-0.147359767280086,146000.0,-24186000.0,-0.15295010434452666,9954000.0,-22948000.0,-0.1451211028900272,-0.74299,-0.74299,30886000.0,30886000.0,https://www.sec.gov/Archives/edgar/data/103096/000151128416000113/0001511284-16-000113-index.html,https://www.sec.gov/Archives/edgar/data/103096/000151128416000113/trr-10qf201603252016.htm,1620599043,18:24:03,20210509
5,2015-12-25,TRR,USD,2016-02-03 00:00:00,2016-02-03 17:21:40,Q2,157743000,93676000,64067000.0,0.40614797487051724,0.0,7168000.0,0.0,46361000.0,53529000.0,105742000,461000.0,2899000.0,9597000.0,0.06083946672752515,6698000.0,0.04246147214139455,1031000.0,6374000.0,0.040407498272506545,2439000.0,3937000.0,0.02495831827719772,0.12780392793377698,0.12559415574058125,30805000.0,31347000.0,https://www.sec.gov/Archives/edgar/data/103096/000151128416000100/0001511284-16-000100-index.html,https://www.sec.gov/Archives/edgar/data/103096/000151128416000100/trr-10qf201612252015.htm,1620599043,18:24:03,20210509
6,2015-09-25,TRR,USD,2015-11-04 00:00:00,2015-11-04 08:10:44,Q1,135459000,82984000,52475000.0,0.3873865893000834,0.0,7999000.0,0.0,35296000.0,43295000.0,93247000,28000.0,2264000.0,9937000.0,0.07335799024058941,7673000.0,0.05664444592090596,742000.0,7645000.0,0.056437741309178426,3157000.0,4492000.0,0.03316132556714578,0.14662967194385507,0.14343189220256722,30635000.0,31318000.0,https://www.sec.gov/Archives/edgar/data/103096/000151128415000066/0001511284-15-000066-index.html,https://www.sec.gov/Archives/edgar/data/103096/000151128415000066/trr-10qf201609252015.htm,1620599043,18:24:03,20210509
7,2015-06-30,TRR,USD,2015-09-09 00:00:00,2015-09-09 08:31:50,Q4,149087000,90016000,59071000.0,0.39621831548022296,0.0,11622000.0,0.0,34520000.0,46142000.0,104189000,9000.0,2202000.0,12905000.0,0.0865601963953933,10703000.0,0.07179029694071247,295000.0,10694000.0,0.0717299295042492,3936000.0,6763000.0,0.04536277475567957,0.22326763725198903,0.22012107798463743,30291000.0,30724000.0,https://www.sec.gov/Archives/edgar/data/103096/000151128415000043/0001511284-15-000043-index.html,https://www.sec.gov/Archives/edgar/data/103096/000151128415000043/masterform10-kjune2015q4f15.htm,1620599043,18:24:03,20210509
8,2015-03-27,TRR,USD,2015-05-06 00:00:00,2015-05-06 08:04:27,Q3,130777000,83486000,47291000.0,0.36161557460409705,0.0,8927000.0,0.0,29783000.0,38710000.0,94621000,73000.0,2208000.0,9357000.0,0.07154927854286304,7149000.0,0.05466557575108773,753000.0,7076000.0,0.05410737362074371,1916000.0,5165000.0,0.03949471237297078,0.1708398108027652,0.16906156917940493,30233000.0,30551000.0,https://www.sec.gov/Archives/edgar/data/103096/000151128415000031/0001511284-15-000031-index.html,https://www.sec.gov/Archives/edgar/data/103096/000151128415000031/trr-10qf201503272015.htm,1620599043,18:24:03,20210509
9,2014-12-26,TRR,USD,2015-02-04,2015-02-04 08:24:09,Q2,143228000,82599000,60629000.0,0.4233041025497808,0.0,8395000.0,0.0,43390000.0,51785000.0,93635000,21000.0,2641000.0,9507000.0,0.06637668612282514,6866000.0,0.047937554109531655,641000.0,6845000.0,0.04779093473343201,2848000.0,4002000.0,0.02794146395956098,0.13270550784229201,0.13139405082408562,30157000.0,30458000.0,https://www.sec.gov/Archives/edgar/data/103096/000151531615000007/0001515316-15-000007-index.htm,https://www.sec.gov/Archives/edgar/data/103096/000151531615000007/trr-10qf2015122614.htm,1620599043,18:24:03,20210509
10,2014-09-26,TRR,USD,2014-11-04 00:00:00,2014-11-04 08:07:34,Q1,123025000,81190000,41835000.0,0.3400528347896769,0.0,8038000.0,0.0,30406000.0,38444000.0,91493000,31000.0,2265000.0,8257000.0,0.06711643974801869,5992000.0,0.04870554765291608,4844000.0,5961000.0,0.04845356634830319,2480000.0,3485000.0,0.028327575695996747,0.11624804029487308,0.1147211798011719,29979000.0,30378000.0,https://www.sec.gov/Archives/edgar/data/103096/000151531614000029/0001515316-14-000029-index.html,https://www.sec.gov/Archives/edgar/data/103096/000151531614000029/trr-10qf2015092614.htm,1620599043,18:24:03,20210509
11,2014-06-30,TRR,USD,2014-09-10 00:00:00,2014-09-10 07:50:24,Q4,125675000,77194000,48481000.0,0.3857648697036006,0.0,6411000.0,0.0,31183000.0,37594000.0,85818000,17000.0,2213000.0,11174000.0,0.08891187587030037,8961000.0,0.07130296399443008,261000.0,8944000.0,0.07116769444997016,3912000.0,5037000.0,0.04007957032027054,0.17020341961208352,0.16712010617120107,29594000.0,30140000.0,https://www.sec.gov/Archives/edgar/data/103096/000151531614000022/0001515316-14-000022-index.html,https://www.sec.gov/Archives/edgar/data/103096/000151531614000022/masterform10-kjune2014q4f14.htm,1620599043,18:24:03,20210509
12,2014-03-28,TRR,USD,2014-05-07 00:00:00,2014-05-07 07:46:52,Q3,120836000,80127000,40709000.0,0.33689463404945547,0.0,8363000.0,0.0,32755000.0,41118000.0,90651000,22000.0,2161000.0,4672000.0,0.03866397431229104,2511000.0,0.020780231056969776,5008000.0,2489000.0,0.020598166109437585,1060000.0,1431000.0,0.011842497269025786,0.04842803478967139,0.047560489231587344,29549000.0,30088000.0,https://www.sec.gov/Archives/edgar/data/103096/000151531614000014/0001515316-14-000014-index.html,https://www.sec.gov/Archives/edgar/data/103096/000151531614000014/trr-10qf2014032814.htm,1620599043,18:24:03,20210509
13,2013-12-27,TRR,USD,2014-02-05,2014-02-05 08:47:30,Q2,122592000,76389000,46203000.0,0.3768842991386061,0.0,7508000.0,0.0,31461000.0,38969000.0,86147000,38000.0,2250000.0,7445000.0,0.0607299008091882,5195000.0,0.04237633777081702,305000.0,5157000.0,0.04206636648394675,2068000.0,3096000.0,0.025254502740798747,0.10503104115072769,0.10303171486571933,29477000.0,30049000.0,https://www.sec.gov/Archives/edgar/data/103096/000151531614000007/0001515316-14-000007-index.htm,https://www.sec.gov/Archives/edgar/data/103096/000151531614000007/trr-10qf2014122713.htm,1620599043,18:24:03,20210509
14,2013-09-27,TRR,USD,2013-11-06 00:00:00,2013-11-06 08:31:26,Q1,106574000,78398000,28176000.0,0.26437967984686694,0.0,8771000.0,0.0,25322000.0,34093000.0,89345000,92000.0,2176000.0,6430000.0,0.06033366487135699,4254000.0,0.039915926961547846,12300000.0,4162000.0,0.03905267701315518,1702000.0,2487000.0,0.023335898061440877,0.08488634036453001,0.08282545708862024,29298000.0,30027000.0,https://www.sec.gov/Archives/edgar/data/103096/000151531613000042/0001515316-13-000042-index.html,https://www.sec.gov/Archives/edgar/data/103096/000151531613000042/trr-10qf2014092713.htm,1620599043,18:24:03,20210509
15,2013-06-30,TRR,USD,2013-09-12 00:00:00,2013-09-12 08:13:15,Q4,118955000,69849000,49106000.0,0.41281156739943675,0.0,9774000.0,0.0,32066000.0,41840000.0,81567000,67000.0,1944000.0,8108000.0,0.06816022865789584,6164000.0,0.05181791433735446,789000.0,6097000.0,0.051254676138035395,18666000.0,24779000.0,0.2083056618048842,0.8590992615192594,0.8371000979696632,28843000.0,29601000.0,https://www.sec.gov/Archives/edgar/data/103096/000151531613000035/0001515316-13-000035-index.html,https://www.sec.gov/Archives/edgar/data/103096/000151531613000035/masterform10-kjune2013.htm,1620599043,18:24:03,20210509
16,2013-03-29,TRR,USD,2013-05-08 00:00:00,2013-05-08 07:56:01,Q3,109806000,70446000,39360000.0,0.3584503579039397,0.0,8096000.0,0.0,26762000.0,34858000.0,80778000,78000.0,1828000.0,5220000.0,0.04753838588055297,3392000.0,0.03089084385188423,1068000.0,3314000.0,0.030180500154818497,231000.0,3101000.0,0.02824071544360053,0.1077559246646744,0.10495143330964227,28778000.0,29547000.0,https://www.sec.gov/Archives/edgar/data/103096/000151531613000022/0001515316-13-000022-index.html,https://www.sec.gov/Archives/edgar/data/103096/000151531613000022/trr-10qf2013032913.htm,1620599043,18:24:03,20210509
17,2012-12-28,TRR,USD,2013-02-06 00:00:00,2013-02-06 07:23:44,Q2,104470000,64564000,39906000.0,0.3819852589260075,0.0,5694000.0,0.0,29216000.0,34910000.0,71851000,80000.0,1593000.0,5992000.0,0.057356178807313106,4399000.0,0.042107782138412944,913000.0,4319000.0,0.04134201206087872,683000.0,4123000.0,0.03946587537091988,0.1438188921445514,0.139871764426502,28668000.0,29477000.0,https://www.sec.gov/Archives/edgar/data/103096/000151531613000011/0001515316-13-000011-index.html,https://www.sec.gov/Archives/edgar/data/103096/000151531613000011/trr-10qf2013122812.htm,1620599043,18:24:03,20210509
18,2012-09-28,TRR,USD,2012-11-05 00:00:00,2012-11-05 16:29:19,Q1,108286000,63686000,44600000.0,0.4118722641892765,0.0,7175000.0,0.0,33070000.0,40245000.0,72399000,112000.0,1538000.0,6144000.0,0.05673863657351828,4606000.0,0.0425355078218791,1744000.0,4494000.0,0.041501209759341004,-234000.0,4272000.0,0.03945108324252443,0.1501054111033029,0.14511362478345052,28460000.0,29439000.0,https://www.sec.gov/Archives/edgar/data/103096/000151531612000071/0001515316-12-000071-index.html,https://www.sec.gov/Archives/edgar/data/103096/000151531612000071/trr-10qf2013092812.htm,1620599043,18:24:03,20210509
19,2012-06-30,TRR,USD,2012-09-12 00:00:00,2012-09-12 08:38:07,Q4,109728000,62261000,47467000.0,0.43258785360163315,0.0,8543000.0,0.0,30434000.0,38977000.0,72675000,84000.0,1481000.0,7488000.0,0.06824146981627296,6007000.0,0.05474445902595509,-678000.0,5923000.0,0.05397892971711869,145000.0,5795000.0,0.05281240886555847,0.20859580288686513,0.20106168898757892,27781000.0,28822000.0,https://www.sec.gov/Archives/edgar/data/103096/000151531612000063/0001515316-12-000063-index.html,https://www.sec.gov/Archives/edgar/data/103096/000151531612000063/trr06302012form10k.htm,1620599043,18:24:03,20210509
20,2012-03-30,TRR,USD,2012-05-09 00:00:00,2012-05-09 08:19:55,Q3,101118000,62910000,38208000.0,0.37785557467513203,0.0,8087000.0,0.0,25983000.0,34070000.0,72228000,228000.0,1231000.0,4748000.0,0.04695504262346961,3517000.0,0.03478114677901066,554000.0,3289000.0,0.0325263553472181,571000.0,3881000.0,0.03838090152099527,0.13994158583636823,0.13560921066424403,27733000.0,28619000.0,https://www.sec.gov/Archives/edgar/data/103096/000151531612000030/0001515316-12-000030-index.html,https://www.sec.gov/Archives/edgar/data/103096/000151531612000030/trr-10qf2012033012.htm,1620599043,18:24:03,20210509
21,2011-12-30,TRR,USD,2012-02-08 00:00:00,2012-02-08 07:31:40,Q2,105378000,61173000,44205000.0,0.4194898365882822,0.0,6847000.0,0.0,31482000.0,38329000.0,69617000,175000.0,1434000.0,6326000.0,0.06003150562736055,4892000.0,0.04642335212283399,518000.0,4717000.0,0.04476266393364839,206000.0,5211000.0,0.04945054945054945,0.18841522941750732,0.18311195445920303,27657000.0,28458000.0,https://www.sec.gov/Archives/edgar/data/103096/000151531612000013/0001515316-12-000013-index.html,https://www.sec.gov/Archives/edgar/data/103096/000151531612000013/trr-10qf2012123011.htm,1620599043,18:24:03,20210509
22,2011-09-30,TRR,USD,2011-11-09 00:00:00,2011-11-09 07:50:59,Q1,103735000,60162000,43573000.0,0.4200414517761604,0.0,7548000.0,0.0,30280000.0,37828000.0,58213000,181000.0,1362000.0,16902000.0,0.16293440015423916,15540000.0,0.1498047910541283,220000.0,15359000.0,0.14805996047621342,3298000.0,18688000.0,0.1801513471827252,0.6802562609202096,0.6582135812905043,27472000.0,28392000.0,https://www.sec.gov/Archives/edgar/data/103096/000151531611000054/0001515316-11-000054-index.html,https://www.sec.gov/Archives/edgar/data/103096/000151531611000054/trr-10qf2012093011.htm,1620599043,18:24:03,20210509
23,2011-06-30,TRR,USD,2011-09-08 00:00:00,2011-09-08 07:06:47,Q4,70250000,147201000,-76951000.0,-1.095387900355872,0.0,6723000.0,0.0,-152309000.0,-145586000.0,-145586000,173000.0,1243000.0,-16713000.0,-0.23790747330960854,-17956000.0,-0.2556014234875445,-4875000.0,-17368000.0,-0.24723131672597864,-425000.0,-15549000.0,-0.22133807829181495,-0.67731,-0.67731,22957000.0,22957000.0,https://www.sec.gov/Archives/edgar/data/103096/000151531611000040/0001515316-11-000040-index.html,https://www.sec.gov/Archives/edgar/data/103096/000151531611000040/trr630201110k.htm,1620599043,18:24:03,20210509
24,2011-03-25,TRR,USD,2011-05-04,2011-05-04 07:43:20,Q3,57748000,48912000,8836000.0,0.1530096280390663,0.0,6713000.0,0.0,50386000.0,57099000.0,57099000,173000.0,1025000.0,2161000.0,0.03742120939253307,1136000.0,0.01967167694119277,392000.0,963000.0,0.01667590219574704,-16000.0,947000.0,0.016398836323335872,0.04125,0.04125,22957000.0,22957000.0,https://www.sec.gov/Archives/edgar/data/103096/000151531611000015/0001515316-11-000015-index.htm,https://www.sec.gov/Archives/edgar/data/103096/000151531611000015/trr-20110325x10q.htm,1620599043,18:24:03,20210509
25,2010-12-24,TRR,USD,2011-02-02,2011-02-02 07:49:45,Q2,60323000,51715000,8608000.0,0.14269847321917015,0.0,6312000.0,0.0,53543000.0,59855000.0,59855000,218000.0,1233000.0,4139000.0,0.06861396150721946,2906000.0,0.04817399665136018,2313000.0,2688000.0,0.04456011803126502,-222000.0,2489000.0,0.04126121048356348,0.11977,0.11977,20781000.0,20781000.0,https://www.sec.gov/Archives/edgar/data/103096/000151128411000006/0001511284-11-000006-index.htm,https://www.sec.gov/Archives/edgar/data/103096/000151128411000006/trr2010122410q.htm,1620599043,18:24:03,20210509
26,2010-09-24,TRR,USD,2010-11-03,2010-11-03 17:19:46,Q1,57590000,46574000,11016000.0,0.19128320889043238,0.0,6538000.0,0.0,48380000.0,54918000.0,54918000,197000.0,1228000.0,4585000.0,0.0796145164090988,3357000.0,0.058291370029519014,597000.0,3160000.0,0.054870637263413784,-464000.0,2683000.0,0.04658794929675291,0.1363,0.1363,19684000.0,19684000.0,https://www.sec.gov/Archives/edgar/data/103096/000110465910055646/0001104659-10-055646-index.htm,https://www.sec.gov/Archives/edgar/data/103096/000110465910055646/a10-20430_110q.htm,1620599043,18:24:03,20210509
27,2010-06-30,TRR,USD,2010-09-13,2010-09-13 07:05:04,Q4,64322000,52358000,11964000.0,0.18600167905226828,0.0,7952000.0,0.0,0.0,7952000.0,60310000,235000.0,3002000.0,-16163000.0,-0.25128260937159913,-19165000.0,-0.2979540437175461,-81000.0,-20113000.0,-0.31269239140573984,608000.0,-20721000.0,-0.322144833804919,-1.0613635199508273,-1.0409424294182659,19523000.0,19906000.0,https://www.sec.gov/Archives/edgar/data/103096/000104746910008019/0001047469-10-008019-index.htm,https://www.sec.gov/Archives/edgar/data/103096/000104746910008019/a2200138z10-k.htm,1620599043,18:24:03,20210509
28,2010-03-26,TRR,USD,2010-05-05,2010-05-05 08:40:07,Q3,54577000,50103000,4474000.0,0.08197592392399729,0.0,6127000.0,0.0,0.0,6127000.0,56230000,242000.0,1251000.0,-336000.0,-0.006156439525807574,-1587000.0,-0.02907818311743042,2999000.0,-639000.0,-0.011708228741044763,-4818000.0,-203000.0,-0.0037195155468420765,-0.010397992111868053,-0.010197930272279715,19523000.0,19906000.0,https://www.sec.gov/Archives/edgar/data/103096/000110465910025512/0001104659-10-025512-index.htm,https://www.sec.gov/Archives/edgar/data/103096/000110465910025512/a10-6213_110q.htm,1620599043,18:24:03,20210509
29,2009-12-25,TRR,USD,2010-02-03,2010-02-03 08:27:12,Q2,54240000,49880000,4360000.0,0.0803834808259587,0.0,6371000.0,0.0,0.0,6371000.0,56251000,790000.0,1846000.0,1585000.0,0.02922197640117994,-261000.0,-0.004811946902654868,2643000.0,3000.0,5.5309734513274336e-05,-56000.0,4441000.0,0.08187684365781711,0.2278487507054538,0.22442894683646655,19491000.0,19788000.0,https://www.sec.gov/Archives/edgar/data/103096/000110465910004532/0001104659-10-004532-index.htm,https://www.sec.gov/Archives/edgar/data/103096/000110465910004532/a10-2911_110q.htm,1620599043,18:24:03,20210509
30,2009-09-25,TRR,USD,2009-11-06,2009-11-06 16:08:30,Q1,56960000,50880000,6080000.0,0.10674157303370786,0.0,6678000.0,0.0,0.0,6678000.0,57558000,-264000.0,1950000.0,2179000.0,0.038254915730337076,229000.0,0.004020365168539325,3283000.0,-35000.0,-0.0006144662921348314,56000.0,-91000.0,-0.0015976123595505618,-0.00469,-0.00469,19404000.0,19404000.0,https://www.sec.gov/Archives/edgar/data/103096/000110465909063351/0001104659-09-063351-index.htm,https://www.sec.gov/Archives/edgar/data/103096/000110465909063351/a09-32939_110q.htm,1620599043,18:24:03,20210509
31,2009-06-30,TRR,USD,2009-09-25,2009-09-25 16:07:47,Q4,63606000,57448000,6158000.0,0.09681476590258781,0.0,8102000.0,0.0,0.0,8102000.0,65550000,-519000.0,2030000.0,-940000.0,-0.014778480017608401,-2970000.0,-0.04669370814074144,5498000.0,-564000.0,-0.00886708801056504,4515000.0,-5079000.0,-0.07985095745684369,-0.26393,-0.26393,19244000.0,19244000.0,https://www.sec.gov/Archives/edgar/data/103096/000104746909008553/0001047469-09-008553-index.htm,https://www.sec.gov/Archives/edgar/data/103096/000104746909008553/a2194519z10-k.htm,1620599043,18:24:03,20210509
32,2009-03-27,TRR,USD,2009-05-06,2009-05-06 08:02:10,Q3,63717000,53469000,10248000.0,0.16083619756109044,0.0,7318000.0,0.0,0.0,7318000.0,60787000,-673000.0,1524000.0,2720000.0,0.04268876437999278,1196000.0,0.018770500808261533,479000.0,523000.0,0.008208170503947142,24000.0,499000.0,0.007831504935888382,0.02593,0.02593,19244000.0,19244000.0,https://www.sec.gov/Archives/edgar/data/103096/000110465909029722/0001104659-09-029722-index.htm,https://www.sec.gov/Archives/edgar/data/103096/000110465909029722/a09-11546_110q.htm,1620599043,18:24:03,20210509
33,2008-12-26,TRR,USD,2009-02-04,2009-02-04 17:19:41,Q2,61557000,62763000,-1206000.0,-0.019591598031093133,0.0,8895000.0,0.0,0.0,8895000.0,71658000,-846000.0,1859000.0,-18528000.0,-0.3009893269652517,-20387000.0,-0.33118897931997987,13273000.0,-21233000.0,-0.3449323391328362,-850000.0,-20383000.0,-0.3311239988953328,-1.06184,-1.06184,19196000.0,19196000.0,https://www.sec.gov/Archives/edgar/data/103096/000110465909006442/0001104659-09-006442-index.htm,https://www.sec.gov/Archives/edgar/data/103096/000110465909006442/a09-4595_110q.htm,1620599043,18:24:03,20210509
34,2008-09-26,TRR,USD,2008-11-05,2008-11-05 16:20:55,Q1,65924000,53537000,12387000.0,0.18789818578969722,0.0,8621000.0,0.0,0.0,8621000.0,62158000,-887000.0,1909000.0,4033000.0,0.06117650627995874,2124000.0,0.032218918754929916,289000.0,1237000.0,0.018764031308779808,182000.0,1055000.0,0.016003276500212365,0.06,0.06,17583333.0,17583333.0,https://www.sec.gov/Archives/edgar/data/103096/000110465908068218/0001104659-08-068218-index.htm,https://www.sec.gov/Archives/edgar/data/103096/000110465908068218/a08-27576_110q.htm,1620599043,18:24:03,20210509
35,2008-06-30,TRR,USD,2008-09-29,2008-09-29 17:13:52,Q4,52856000,56329000,-3473000.0,-0.06570682609353716,0.0,-2416000.0,0.0,0.0,-2416000.0,53913000,-1397000.0,2030000.0,79887000.0,1.5114083547752384,77857000.0,1.4730021189647344,1974000.0,80617000.0,1.5252194642046315,-12439000.0,93056000.0,1.7605569850158922,4.99,4.99,18648496.0,18648496.0,https://www.sec.gov/Archives/edgar/data/103096/000104746908010450/0001047469-08-010450-index.htm,https://www.sec.gov/Archives/edgar/data/103096/000104746908010450/a2188119z10-k.htm,1620599043,18:24:03,20210509
36,2008-03-28,TRR,USD,2008-05-23,2008-05-22 18:13:20,Q3,65472000,58638000,6834000.0,0.10438049853372434,0.0,9734000.0,0.0,0.0,9734000.0,68372000,-968000.0,1895000.0,-1945000.0,-0.029707355816226785,-3840000.0,-0.05865102639296188,651000.0,-4808000.0,-0.07343597262952102,101000.0,-4909000.0,-0.07497861681329424,-0.26324,-0.26324,18648496.0,18648496.0,https://www.sec.gov/Archives/edgar/data/103096/000110465908035326/0001104659-08-035326-index.htm,https://www.sec.gov/Archives/edgar/data/103096/000110465908035326/a08-14936_110q.htm,1620599043,18:24:03,20210509
37,2007-12-28,TRR,USD,2008-05-01,2008-05-01 17:27:32,Q2,66257000,56137000,10120000.0,0.15273857856528367,0.0,7830000.0,0.0,0.0,7830000.0,63967000,-971000.0,2024000.0,2619000.0,0.03952789893898003,595000.0,0.008980183225923298,17000.0,-376000.0,-0.005674872088986824,101000.0,-477000.0,-0.007199239325656157,-0.02565,-0.02565,18596413.0,18596413.0,https://www.sec.gov/Archives/edgar/data/103096/000110465908029144/0001104659-08-029144-index.htm,https://www.sec.gov/Archives/edgar/data/103096/000110465908029144/a08-10701_210q.htm,1620599043,18:24:03,20210509
38,2007-09-28,TRR,USD,2008-05-01,2008-05-01 17:27:19,Q1,71323000,59921000,11402000.0,0.15986427940496054,0.0,8821000.0,0.0,0.0,8821000.0,68742000,-1023000.0,2102000.0,-72308000.0,-1.0138104117886235,-74410000.0,-1.0432819707527725,1528000.0,-75433000.0,-1.0576251700012618,12237000.0,-87670000.0,-1.2291967528006393,-4.75,-4.75,18456842.0,18456842.0,https://www.sec.gov/Archives/edgar/data/103096/000110465908029143/0001104659-08-029143-index.htm,https://www.sec.gov/Archives/edgar/data/103096/000110465908029143/a08-10701_110q.htm,1620599043,18:24:03,20210509
39,2007-06-30,TRR,USD,2007-12-14,2007-12-14 15:02:27,Q4,255908000,231025000,24883000.0,0.09723416227706833,0.0,23969000.0,0.0,0.0,23969000.0,254994000,-4359000.0,-5942000.0,-5740000.0,-0.02242993575816309,202000.0,0.0007893461712803039,4170000.0,-4757000.0,-0.01858871156821983,-1337000.0,-3634000.0,-0.014200415774418931,-0.20691,-0.20691,17563000.0,17563000.0,https://www.sec.gov/Archives/edgar/data/103096/000104746907010043/0001047469-07-010043-index.htm,https://www.sec.gov/Archives/edgar/data/103096/000104746907010043/a2181668z10-k.htm,1620599043,18:24:03,20210509
40,2007-03-31,TRR,USD,2007-07-03,2007-07-03 15:40:35,Q3,196888000,56088000,140800000.0,0.7151273820649303,0.0,5551000.0,0.0,0.0,5551000.0,61639000,-1005000.0,1903000.0,1372000.0,0.006968428751371338,-531000.0,-0.002696964771849986,0.0,-1536000.0,-0.007801389622526513,-755000.0,-712000.0,-0.0036162691479419773,-0.28571,-0.28571,2492000.0,2492000.0,https://www.sec.gov/Archives/edgar/data/103096/000110465907052139/0001104659-07-052139-index.htm,https://www.sec.gov/Archives/edgar/data/103096/000110465907052139/a07-17930_110q.htm,1620599043,18:24:03,20210509
41,2006-12-31,TRR,USD,2007-05-29,2007-05-25 19:07:37,Q2,65817000,56340000,9477000.0,0.1439901545193491,0.0,4717000.0,0.0,0.0,4717000.0,61057000,-1147000.0,4039000.0,7140000.0,0.10848261087560965,3101000.0,0.047115486880289284,0.0,1954000.0,0.029688378382484767,981000.0,991000.0,0.015056900192959266,0.2227,0.2227,4450000.0,4450000.0,https://www.sec.gov/Archives/edgar/data/103096/000110465907043191/0001104659-07-043191-index.htm,https://www.sec.gov/Archives/edgar/data/103096/000110465907043191/a07-15255_110q.htm,1620599043,18:24:03,20210509
42,2006-09-30,TRR,USD,2007-05-29,2007-05-25 19:06:22,Q1,63951000,57963000,5988000.0,0.09363418867570483,0.0,6990000.0,0.0,0.0,6990000.0,64953000,-1133000.0,0.0,2028000.0,0.031711779331050335,2028000.0,0.031711779331050335,0.0,895000.0,0.013995089990774187,447000.0,344000.0,0.005379118387515441,0.02,0.02,17200000.0,17200000.0,https://www.sec.gov/Archives/edgar/data/103096/000110465907043190/0001104659-07-043190-index.htm,https://www.sec.gov/Archives/edgar/data/103096/000110465907043190/a07-15237_110q.htm,1620599043,18:24:03,20210509
43,2006-06-30,TRR,USD,2007-02-26,2007-02-23 18:04:00,Q4,55458000,56435000,-977000.0,-0.017616935338454327,0.0,7064000.0,0.0,0.0,7064000.0,63499000,-924000.0,2073000.0,-10386000.0,-0.1872768581629341,-12459000.0,-0.22465649680839556,0.0,-13383000.0,-0.24131775397598182,-4442000.0,-12190000.0,-0.21980597929965018,-0.87841,-0.87841,13877380.0,13877380.0,https://www.sec.gov/Archives/edgar/data/103096/000110465907013567/0001104659-07-013567-index.htm,https://www.sec.gov/Archives/edgar/data/103096/000110465907013567/a07-5397_110k.htm,1620599043,18:24:03,20210509
44,2006-03-31,TRR,USD,2007-02-26,2007-02-23 18:03:11,Q3,65454000,59633000,5821000.0,0.08893268555015736,0.0,5214000.0,0.0,0.0,5214000.0,64847000,-1347000.0,2705000.0,1281000.0,0.01957099642497021,-1424000.0,-0.021755736853362666,0.0,-2771000.0,-0.04233507501451401,-920000.0,-1858000.0,-0.028386347664008313,-0.13389,-0.13389,13877380.0,13877380.0,https://www.sec.gov/Archives/edgar/data/103096/000110465907013566/0001104659-07-013566-index.htm,https://www.sec.gov/Archives/edgar/data/103096/000110465907013566/a07-5241_310q.htm,1620599043,18:24:03,20210509
45,2005-12-31,TRR,USD,2007-02-26,2007-02-23 17:54:10,Q2,61057000,59309000,1748000.0,0.028628986029447894,0.0,5977000.0,0.0,0.0,5977000.0,65286000,-1342000.0,1143000.0,-5248000.0,-0.0859524706421868,-6391000.0,-0.10467268290286126,0.0,-7743000.0,-0.12681592610183925,-2567000.0,-5179000.0,-0.08482237908839281,-0.37525,-0.37525,13801408.0,13801408.0,https://www.sec.gov/Archives/edgar/data/103096/000110465907013561/0001104659-07-013561-index.htm,https://www.sec.gov/Archives/edgar/data/103096/000110465907013561/a07-5241_210q.htm,1620599043,18:24:03,20210509
46,2005-09-30,TRR,USD,2007-02-26,2007-02-23 17:54:24,Q1,60424000,56594000,3830000.0,0.06338540977095194,0.0,6349000.0,0.0,0.0,6349000.0,62943000,-932000.0,1829000.0,-4172000.0,-0.0690454124189064,-6001000.0,-0.0993148417847213,0.0,-6923000.0,-0.11457367933271548,-2303000.0,-4620000.0,-0.07645968489341984,-0.34,-0.34,13588235.0,13588235.0,https://www.sec.gov/Archives/edgar/data/103096/000110465907013562/0001104659-07-013562-index.htm,https://www.sec.gov/Archives/edgar/data/103096/000110465907013562/a07-5241_110q.htm,1620599043,18:24:03,20210509
47,2005-06-30,TRR,USD,2006-06-30,2006-06-30 17:20:57,Q4,47982000,73659000,-25677000.0,-0.5351381768163062,0.0,6172000.0,0.0,0.0,6172000.0,79831000,-857000.0,1864000.0,-17926000.0,-0.37359843274561294,-19790000.0,-0.41244633404193237,0.0,-20647000.0,-0.43030719853278315,-7562000.0,-12566000.0,-0.2618898753699304,-0.89064,-0.89064,14109000.0,14109000.0,https://www.sec.gov/Archives/edgar/data/103096/000110465906045000/0001104659-06-045000-index.htm,https://www.sec.gov/Archives/edgar/data/103096/000110465906045000/a06-14604_110k.htm,1620599043,18:24:03,20210509
48,2005-03-31,TRR,USD,2005-05-16,2005-05-16 17:18:19,Q3,60898000,55633000,5265000.0,0.08645604124930212,0.0,3540000.0,0.0,0.0,3540000.0,59173000,-692000.0,1775000.0,1724000.0,0.028309632500246314,-51000.0,-0.0008374659266314165,0.0,-743000.0,-0.012200729087983185,-305000.0,-143000.0,-0.0023481887746724032,-0.01025,-0.01025,13957894.0,13957894.0,https://www.sec.gov/Archives/edgar/data/103096/000110465905023896/0001104659-05-023896-index.htm,https://www.sec.gov/Archives/edgar/data/103096/000110465905023896/a05-9454_110q.htm,1620599043,18:24:03,20210509
49,2004-12-31,TRR,USD,2005-02-14,2005-02-14 15:54:39,Q2,58632000,49725000,8907000.0,0.15191363078182563,0.0,2686000.0,0.0,0.0,2686000.0,52411000,-470000.0,1519000.0,6221000.0,0.1061024696411516,4702000.0,0.08019511529540183,0.0,4232000.0,0.07217901487242462,1735000.0,2497000.0,0.04258766543866831,0.18337,0.18337,13617500.0,13617500.0,https://www.sec.gov/Archives/edgar/data/103096/000110465905006369/0001104659-05-006369-index.htm,https://www.sec.gov/Archives/edgar/data/103096/000110465905006369/a05-3094_110q.htm,1620599043,18:24:03,20210509
50,2004-09-30,TRR,USD,2004-11-09,2004-11-09 14:20:50,Q1,60341000,50202000,10139000.0,0.16802837208531513,0.0,2265000.0,0.0,0.0,2265000.0,52467000,-423000.0,1453000.0,7874000.0,0.13049170547389005,6421000.0,0.10641189241146153,0.0,5998000.0,0.09940173348138082,2459000.0,2950000.0,0.04888881523342338,0.24,0.24,12291666.0,12291666.0,https://www.sec.gov/Archives/edgar/data/103096/000110465904034635/0001104659-04-034635-index.htm,https://www.sec.gov/Archives/edgar/data/103096/000110465904034635/a04-13082_110q.htm,1620599043,18:24:03,20210509
51,2004-06-30,TRR,USD,2004-09-13,2004-09-13 17:23:52,Q4,61040000,50751000,10289000.0,0.1685615989515072,0.0,2081000.0,0.0,0.0,2081000.0,52832000,-350000.0,1375000.0,8208000.0,0.1344692005242464,6833000.0,0.1119429882044561,0.0,6483000.0,0.10620904325032765,2658000.0,3825000.0,0.06266382699868939,0.26433,0.26433,14470329.0,14470329.0,https://www.sec.gov/Archives/edgar/data/103096/000110465904027480/0001104659-04-027480-index.htm,https://www.sec.gov/Archives/edgar/data/103096/000110465904027480/a04-10479_110k.htm,1620599043,18:24:03,20210509
52,2004-03-31,TRR,USD,2004-05-17,2004-05-17 16:18:52,Q3,55687000,47334000,8353000.0,0.14999910212437373,0.0,2056000.0,0.0,0.0,2056000.0,49390000,-360000.0,1463000.0,7036000.0,0.12634905812846806,5573000.0,0.10007721730385907,0.0,4474000.0,0.08034191103848295,1834000.0,2640000.0,0.04740783306696356,0.18367,0.18367,14373846.0,14373846.0,https://www.sec.gov/Archives/edgar/data/103096/000110465904014843/0001104659-04-014843-index.htm,https://www.sec.gov/Archives/edgar/data/103096/000110465904014843/a04-6210_110q.htm,1620599043,18:24:03,20210509
53,2003-12-31,TRR,USD,2004-02-17,2004-02-17 14:42:23,Q2,60292000,50078000,10214000.0,0.1694088767995754,0.0,2164000.0,0.0,0.0,2164000.0,52242000,-365000.0,1434000.0,7311000.0,0.1212598686392888,5877000.0,0.09747561865587474,0.0,6251000.0,0.10367876335168845,4573000.0,3688000.0,0.061168977642141575,0.25859,0.25859,14261702.0,14261702.0,https://www.sec.gov/Archives/edgar/data/103096/000110465904004750/0001104659-04-004750-index.htm,https://www.sec.gov/Archives/edgar/data/103096/000110465904004750/a04-2498_110q.htm,1620599043,18:24:03,20210509
54,2003-09-30,TRR,USD,2003-11-14,2003-11-14 12:53:36,Q1,56566000,47458000,9108000.0,0.16101545097761907,0.0,2283000.0,0.0,0.0,2283000.0,49741000,-374000.0,1426000.0,6825000.0,0.12065551744864406,5399000.0,0.09544602764911785,0.0,5025000.0,0.0888342820775731,0.0,3015000.0,0.05330056924654386,0.21,0.21,14357142.0,14357142.0,https://www.sec.gov/Archives/edgar/data/103096/000110465903026533/0001104659-03-026533-index.htm,https://www.sec.gov/Archives/edgar/data/103096/000110465903026533/a03-5489_110q.htm,1620599043,18:24:03,20210509
55,2003-06-30,TRR,USD,2003-10-14,2003-10-14 17:28:50,Q4,58760000,49747000,9013000.0,0.1533866575901974,0.0,1635000.0,0.0,0.0,1635000.0,51382000,-433000.0,1541000.0,7378000.0,0.12556160653505785,5837000.0,0.0993362831858407,0.0,5404000.0,0.09196732471068754,2009000.0,1034000.0,0.01759700476514636,0.09163,0.09163,11285057.0,11285057.0,https://www.sec.gov/Archives/edgar/data/103096/000104746903033308/0001047469-03-033308-index.htm,https://www.sec.gov/Archives/edgar/data/103096/000104746903033308/a2120323z10-k.htm,1620599043,18:24:03,20210509
56,2003-03-31,TRR,USD,2003-05-15,2003-05-15 17:37:30,Q3,122088000,105742000,16346000.0,0.1338870323045672,0.0,3763000.0,0.0,0.0,3763000.0,109505000,-679000.0,2946000.0,12583000.0,0.10306500229342769,9637000.0,0.07893486665356136,0.0,8958000.0,0.07337330450167093,3534000.0,5424000.0,0.044426970709652056,0.3890163974284467,0.3704918032786885,13942857.0,14640000.0,https://www.sec.gov/Archives/edgar/data/103096/000110465903010437/0001104659-03-010437-index.htm,https://www.sec.gov/Archives/edgar/data/103096/000110465903010437/j1177_10q.htm,1620599043,18:24:03,20210509
