,date,symbol,reportedCurrency,fillingDate,acceptedDate,period,revenue,costOfRevenue,grossProfit,grossProfitRatio,researchAndDevelopmentExpenses,generalAndAdministrativeExpenses,sellingAndMarketingExpenses,otherExpenses,operatingExpenses,costAndExpenses,interestExpense,depreciationAndAmortization,ebitda,ebitdaratio,operatingIncome,operatingIncomeRatio,totalOtherIncomeExpensesNet,incomeBeforeTax,incomeBeforeTaxRatio,incomeTaxExpense,netIncome,netIncomeRatio,eps,epsdiluted,weightedAverageShsOut,weightedAverageShsOutDil,link,finalLink,timestamp,est_time,est_date
0,2020-12-31,RKT,USD,2021-03-24,2021-03-24 17:10:02,Q4,4616932000,0.0,0.0,0.0,0.0,1173398000,279184000,-248885000,0.0,0.0,164953000,26683000,0.0,0.0,0.0,0.62569299266266,0.0,2888782000,0.62569299266266,48018000.0,140048000.0,0.030333563500610363,1.3179075315769226,1.3179075315769226,106265422,106265422,https://www.sec.gov/Archives/edgar/data/1805284/000180528421000010/0001805284-21-000010-index.htm,https://www.sec.gov/Archives/edgar/data/1805284/000180528421000010/rkt-20201231.htm,1620597295,17:54:55,20210509
1,2020-09-30,RKT,USD,2020-11-12,2020-09-30,Q3,4150345000,0.0,4150345000.0,1.0,0.0,1097113000,250558000,269721000,1577000000.0,531263.0,107380000,15329000,18386066.0,0.004430009071535017,3057066.0,0.0007365811757817723,445757.0,3057066000,0.7365811757817724,61683000.0,57903000.0,0.013951370307769596,0.54,0.54,106265422,106265422,https://www.sec.gov/Archives/edgar/data/1805284/000180528420000032/0001805284-20-000032-index.htm,https://www.sec.gov/Archives/edgar/data/1805284/000180528420000032/rkt-20200930.htm,1620597295,17:54:55,20210509
2,2020-06-30,RKT,USD,2020-09-02,2020-09-02,Q2,4441698000,0.0,0.0,0.0,0.0,1142244000,202198000,400813000,1555000000.0,0.0,86924000,16189000,0.0,0.0,0.0,0.7839074155874622,0.0,3481880000,0.7839074155874622,20669000.0,3461647000.0,0.7793521756769596,1.743198,1.743198,1985802239,1985802239,https://www.sec.gov/Archives/edgar/data/1805284/000180528420000007/0001805284-20-000007-index.htm,https://www.sec.gov/ix?doc=/Archives/edgar/data/1805284/000180528420000007/rkt-20200630.htm,1620597295,17:54:55,20210509
3,2020-03-31,RKT,USD,2020-03-31,2020-03-31,Q1,1089426000,0.0,0.0,0.0,0.0,877016000,217992000,119713000,0.0,0.0,72566000,16115000,0.0,0.0,0.0,0.08997031464275683,0.0,98016000,0.08997031464275683,736000.0,97721000.0,0.08969952984415647,0.9735827713479276,0.9654978449472765,100372565,101213069,,,1620597295,17:54:55,20210509
4,2019-12-31,RKT,USD,2019-12-31,2019-12-31,Q4,1624829000,0.0,0.0,0.0,0.0,764996000,228036000,137097000,0.0,0.0,82083000,17778000,0.0,0.0,0.0,0.4622738762048191,0.0,751116000,0.4622738762048191,1693000.0,893754000.0,0.5500603448116694,8.90436545085801,8.90436545085801,100372565,100372565,,,1620597295,17:54:55,20210509
5,2019-09-30,RKT,USD,2019-09-30,2019-09-30,Q3,1402020000,0.0,0.0,0.0,0.0,723390000,240303000,82802000,1121000000.0,0.0,67475000,21382000,0.0,0.0,0.0,0.35644783954579823,0.0,499747000,0.35644783954579823,5117000.0,0.0,0.0,0.0,0.0,100372565,101213069,,,1620597295,17:54:55,20210509
6,2019-06-30,RKT,USD,2019-06-30,2019-06-30,Q2,750521000,0.0,0.0,0.0,0.0,652111000,227764000,92782000,992000000.0,0.0,65516000,17687000,0.0,0.0,0.0,-0.07229511232863571,0.0,-54259000,-0.07229511232863571,-283000.0,-53651000.0,-0.07148500841415496,-0.5345185708863772,-0.530079766675191,100372565,101213069,,,1620597295,17:54:55,20210509
7,2019-03-31,RKT,USD,2019-03-31,2019-03-31,Q1,466508000,0.0,0.0,0.0,0.0,623617000,208897000,83762000,0.0,0.0,56695000,18105000,0.0,0.0,0.0,-0.6438239001260428,0.0,-300349000,-0.6438239001260428,-1004000.0,-299018000.0,-0.6409707872105087,-2.9790809869210775,-2.9543417955244493,100372565,101213069,,,1620597295,17:54:55,20210509
