,date,symbol,reportedCurrency,fillingDate,acceptedDate,period,revenue,costOfRevenue,grossProfit,grossProfitRatio,researchAndDevelopmentExpenses,generalAndAdministrativeExpenses,sellingAndMarketingExpenses,otherExpenses,operatingExpenses,costAndExpenses,interestExpense,depreciationAndAmortization,ebitda,ebitdaratio,operatingIncome,operatingIncomeRatio,totalOtherIncomeExpensesNet,incomeBeforeTax,incomeBeforeTaxRatio,incomeTaxExpense,netIncome,netIncomeRatio,eps,epsdiluted,weightedAverageShsOut,weightedAverageShsOutDil,link,finalLink,timestamp,est_time,est_date
0,2020-12-31,ATE.TO,CAD,2020-12-31,2020-12-31,Q4,2793000.0,1618000.0,1175000.0,0.42069459362692446,3409000.0,2720000.0,884000.0,0.0,7114000.0,8732000.0,6000.0,102000.0,-5837000.0,-2.0898675259577515,-5939000.0,-2.126387397064089,0.0,-5932000.0,-2.123881131399928,0.0,-6496000.0,-2.325814536340852,-0.17,-0.17,38701708,38701708,https://www.sedar.com/ModifyCompanyDocumentSearchForm.do?lang=EN&company_search=ANTIBE THERAPEUTICS INC&document_selection=0&industry_group=A&FromDate=13&FromMonth=05&FromYear=2000&ToDate=13&ToMonth=11&ToYear=2020&Variable=Issuer,https://www.sedar.com/ModifyCompanyDocumentSearchForm.do?lang=EN&company_search=ANTIBE THERAPEUTICS INC&document_selection=0&industry_group=A&FromDate=13&FromMonth=05&FromYear=2000&ToDate=13&ToMonth=11&ToYear=2020&Variable=Issuer,1620588852,15:34:12,20210509
1,2020-09-30,ATE.TO,CAD,2020-09-30,2020-09-30,Q3,2865000.0,1943000.0,922000.0,0.3218150087260035,4808000.0,3277000.0,610000.0,0.0,8833000.0,10776000.0,55000.0,137000.0,-7774000.0,-2.7134380453752183,-7911000.0,-2.7612565445026176,0.0,-7954000.0,-2.776265270506108,0.0,-8924000.0,-3.114834205933682,-0.02,-0.02,385539192,385539192,https://www.sedar.com/search/search_form_pc_en.htm,https://www.sedar.com/search/search_form_pc_en.htm,1620588852,15:34:12,20210509
2,2020-06-30,ATE.TO,CAD,2020-06-30,2020-06-30,Q2,1229000.0,716000.0,513000.0,0.4174125305126119,2091000.0,2761000.0,441000.0,0.0,5431000.0,6147000.0,61000.0,138000.0,-4780000.0,-3.889340927583401,-4918000.0,-4.001627339300244,69000.0,-4902000.0,-3.9886086248982915,5000.0,-4907000.0,-3.9926769731489014,-0.02,-0.02,302862270,302862270,https://www.sedar.com/search/search_form_pc_en.htm,https://www.sedar.com/search/search_form_pc_en.htm,1620588852,15:34:12,20210509
3,2020-03-31,ATE.TO,CAD,2020-03-31,2020-03-31,Q1,2347000.0,1388000.0,959000.0,0.40860673199829567,3154000.0,1815000.0,970000.0,0.0,6078000.0,7466000.0,132000.0,139000.0,-4980000.0,-2.1218576906689393,-5119000.0,-2.1810822326374093,-1683000.0,-6910000.0,-2.944184064763528,-15000.0,-6895000.0,-2.937792927141031,-0.017884044328235246,-0.017884044328235246,385539192,385539192,https://www.sedar.com/search/search_form_pc_en.htm,https://www.sedar.com/search/search_form_pc_en.htm,1620588852,15:34:12,20210509
4,2019-12-31,ATE.TO,CAD,2019-12-31,2019-12-31,Q4,2610000.0,1656000.0,954000.0,0.36551724137931035,1645000.0,2357000.0,984000.0,0.0,5126000.0,6782000.0,66000.0,140000.0,-4032000.0,-1.5448275862068965,-4172000.0,-1.5984674329501916,0.0,-4203000.0,-1.610344827586207,-2000.0,-4201000.0,-1.6095785440613026,-0.02,-0.02,278921102,278921102,https://www.sedar.com/search/search_form_pc_en.htm,https://www.sedar.com/search/search_form_pc_en.htm,1620588852,15:34:12,20210509
5,2019-09-30,ATE.TO,CAD,2019-09-30,2019-09-30,Q3,2268000.0,1328000.0,940000.0,0.4144620811287478,2372000.0,2387000.0,877000.0,0.0,5786000.0,7114000.0,125000.0,150000.0,-4696000.0,-2.070546737213404,-4846000.0,-2.13668430335097,0.0,-4951000.0,-2.182980599647266,6000.0,-4957000.0,-2.185626102292769,-0.02,-0.02,259959144,259959144,https://www.sedar.com/search/search_form_pc_en.htm,https://www.sedar.com/search/search_form_pc_en.htm,1620588852,15:34:12,20210509
6,2019-06-30,ATE.TO,CAD,2019-06-30,2019-06-30,Q2,2763000.0,1726000.0,1037000.0,0.37531668476293883,905000.0,2205000.0,960000.0,0.0,4213000.0,5939000.0,127000.0,143000.0,-3033000.0,-1.0977198697068404,-3176000.0,-1.14947520810713,2000.0,-3281000.0,-1.1874773796597902,4000.0,-3285000.0,-1.1889250814332248,-0.01,-0.01,244450976,244450976,https://www.sedar.com/search/search_form_pc_en.htm,https://www.sedar.com/search/search_form_pc_en.htm,1620588852,15:34:12,20210509
7,2019-03-31,ATE.TO,CAD,2019-03-31,2019-03-31,Q1,2429236.0,1725685.0,703551.0,0.289618217414858,1395200.0,2527236.0,937107.0,0.0,4984293.0,6709978.0,20935.0,124751.0,-4155991.0,-1.7108222502877448,-4280742.0,-1.762176256238587,0.0,-4391123.0,-1.8076148221086794,3629.0,-4394752.0,-1.8091087074290024,-0.01139897600864402,-0.01139897600864402,385539192,385539192,https://www.sedar.com/search/search_form_pc_en.htm,https://www.sedar.com/search/search_form_pc_en.htm,1620588852,15:34:12,20210509
8,2018-12-31,ATE.TO,CAD,2018-12-31,2018-12-31,Q4,2498630.0,1465093.0,1033537.0,0.41364147552858965,1032230.0,2203318.0,899523.0,0.0,4231802.0,5696895.0,111157.0,96731.0,-3101534.0,-1.241293829018302,-3198265.0,-1.2800074440793554,0.0,-3301410.0,-1.3212880658600914,1519.0,-3302929.0,-1.3218959990074561,-0.01,-0.01,214485818,214485818,https://www.sedar.com/search/search_form_pc_en.htm,https://www.sedar.com/search/search_form_pc_en.htm,1620588852,15:34:12,20210509
9,2018-09-30,ATE.TO,CAD,2018-09-30,2018-09-30,Q3,2067987.0,1239890.0,828097.0,0.40043626966707235,483298.0,1636684.0,824371.0,0.0,3042094.0,4281984.0,121512.0,97741.0,-2116256.0,-1.0233410558190164,-2213997.0,-1.0706048925839475,0.0,-2325184.0,-1.1243707044580067,131071.0,-2456255.0,-1.1877516638160686,-0.01,-0.01,211735012,211735012,https://www.sedar.com/search/search_form_pc_en.htm,https://www.sedar.com/search/search_form_pc_en.htm,1620588852,15:34:12,20210509
10,2018-06-30,ATE.TO,CAD,2018-06-30,2018-06-30,Q2,2543088.0,1558719.0,984369.0,0.38707626318869026,1032336.0,1490094.0,859947.0,0.0,3479373.0,5038092.0,90686.0,96996.0,-2398008.0,-0.9429512466733357,-2495004.0,-0.9810922783639417,-85999.0,-2664230.0,-1.0476357876723101,-2094.0,-2662136.0,-1.0468123792806225,-0.01,-0.01,204838417,204838417,https://www.sedar.com/search/search_form_pc_en.htm,https://www.sedar.com/search/search_form_pc_en.htm,1620588852,15:34:12,20210509
11,2018-03-31,ATE.TO,CAD,2018-03-31,2018-03-31,Q1,2208443.0,1347100.0,861343.0,0.3900227445308754,1132770.0,593839.0,911260.0,0.0,2734231.0,4081331.0,469574.0,96362.0,-1776526.0,-0.8044246557416243,-1872888.0,-0.8480581115292539,-40235.0,-2378898.0,-1.0771833368576866,5203.0,-2384101.0,-1.0795392953315979,-0.006183809712398837,-0.006183809712398837,385539192,385539192,https://www.sedar.com/search/search_form_pc_en.htm,https://www.sedar.com/search/search_form_pc_en.htm,1620588852,15:34:12,20210509
12,2017-12-31,ATE.TO,CAD,2017-12-31,2017-12-31,Q4,2235296.0,1351186.0,884110.0,0.3955225616652112,520732.0,948451.0,713737.0,0.0,2280937.0,3632123.0,246594.0,98017.0,-1298810.0,-0.5810460896453982,-1396827.0,-0.6248957632456731,-6012.0,-1642967.0,-0.7350109336750033,-17744.0,-1625223.0,-0.72707283509656,-0.01,-0.01,162967313,162967313,https://www.sedar.com/search/search_form_pc_en.htm,https://www.sedar.com/search/search_form_pc_en.htm,1620588852,15:34:12,20210509
13,2017-09-30,ATE.TO,CAD,2017-09-30,2017-09-30,Q3,1795366.0,1135788.0,659578.0,0.3673780165158525,464915.0,881105.0,1016856.0,0.0,2396027.0,3531815.0,231467.0,91783.0,-1644666.0,-0.9160616832445306,-1736449.0,-0.9671838499782217,99210.0,-1863308.0,-1.0378429802057074,-175545.0,-1687763.0,-0.9400662594702138,-0.01,-0.01,157896661,157896661,https://www.sedar.com/search/search_form_pc_en.htm,https://www.sedar.com/search/search_form_pc_en.htm,1620588852,15:34:12,20210509
14,2017-06-30,ATE.TO,CAD,2017-06-30,2017-06-30,Q2,2271045.0,1300834.0,970211.0,0.4272090601463203,624058.0,1599339.0,313805.0,0.0,2628179.0,3929013.0,230316.0,90977.0,-1566991.0,-0.6899867682058259,-1657968.0,-0.7300463002714609,67182.0,-1819417.0,-0.8011364812234015,-86675.0,-1732742.0,-0.7629712313054122,-0.02,-0.02,116685479,116685479,https://www.sedar.com/search/search_form_pc_en.htm,https://www.sedar.com/search/search_form_pc_en.htm,1620588852,15:34:12,20210509
15,2017-03-31,ATE.TO,CAD,2017-03-31,2017-03-31,Q1,2276107.0,1257431.0,1018676.0,0.44755189452868427,160272.0,2057490.0,1356451.0,0.0,2909833.0,4167264.0,216011.0,89233.0,-1801924.0,-0.7916692844404942,-1891157.0,-0.8308735046287367,41751.0,-2064027.0,-0.9068233611161514,-444288.0,-1619739.0,-0.7116269138489535,-0.004201230467900135,-0.004201230467900135,385539192,385539192,https://www.sedar.com/search/search_form_pc_en.htm,https://www.sedar.com/search/search_form_pc_en.htm,1620588852,15:34:12,20210509
16,2016-12-31,ATE.TO,CAD,2016-12-31,2016-12-31,Q4,1960842.0,1110081.0,850761.0,0.4338753453873387,206302.0,1725632.0,34019.0,0.0,2262240.0,3372321.0,219433.0,4160.0,-1407319.0,-0.7177115749254657,-1411479.0,-0.71983311250983,-65499.0,-1695905.0,-0.8648861050507894,161340.0,-1857245.0,-0.9471670843443786,-0.02,-0.02,96121599,96121599,https://www.sedar.com/search/search_form_pc_en.htm,https://www.sedar.com/search/search_form_pc_en.htm,1620588852,15:34:12,20210509
17,2016-09-30,ATE.TO,CAD,2016-09-30,2016-09-30,Q3,2187083.0,1281169.0,905914.0,0.414211074751164,231763.0,1335689.0,29599.0,0.0,1885607.0,3166776.0,202924.0,5168.0,-974525.0,-0.44558208353318096,-979693.0,-0.4479450482674869,-18075.0,-1199324.0,-0.5483669344053244,-37208.0,-1162116.0,-0.531354319886351,-0.01,-0.01,93279441,93279441,https://www.sedar.com/search/search_form_pc_en.htm,https://www.sedar.com/search/search_form_pc_en.htm,1620588852,15:34:12,20210509
18,2016-06-30,ATE.TO,CAD,2016-06-30,2016-06-30,Q2,2630744.0,1471913.0,1158831.0,0.44049554042506606,102459.0,1385556.0,120432.0,0.0,2084852.0,3556765.0,196794.0,4483.0,-921538.0,-0.35029558178218784,-926021.0,-0.35199966245290304,-28754.0,-1151569.0,-0.43773510459398557,-44846.0,-1106723.0,-0.4206882159571589,-0.01,-0.01,81143412,81143412,https://www.sedar.com/search/search_form_pc_en.htm,https://www.sedar.com/search/search_form_pc_en.htm,1620588852,15:34:12,20210509
19,2016-03-31,ATE.TO,CAD,2016-03-31,2016-03-31,Q1,2336720.0,1317755.0,1018965.0,0.4360663665308638,84383.0,1769354.0,115560.0,0.0,2579922.0,3897677.0,189817.0,153525.0,-1407432.0,-0.6023109315621897,-1560957.0,-0.6680119997261118,142344.0,-1612959.0,-0.690266270669999,-861750.0,-751209.0,-0.3214801088705536,-0.001948463387348698,-0.001948463387348698,385539192,385539192,https://www.sedar.com/search/search_form_pc_en.htm,https://www.sedar.com/search/search_form_pc_en.htm,1620588852,15:34:12,20210509
20,2015-12-31,ATE.TO,CAD,2015-12-31,2015-12-31,Q4,2100460.0,1063328.0,1037132.0,0.4937642230749455,-90974.0,1327074.0,80367.0,0.0,1515092.0,2578420.0,134802.0,7762.0,-470198.0,-0.22385477466840598,-477960.0,-0.22755015568018433,-137698.0,-749325.0,-0.35674328480428097,-3452.0,-745873.0,-0.35509983527417804,-0.01,-0.01,73853334,73853334,https://www.sedar.com/search/search_form_pc_en.htm,https://www.sedar.com/search/search_form_pc_en.htm,1620588852,15:34:12,20210509
21,2015-09-30,ATE.TO,CAD,2015-09-30,2015-09-30,Q3,0.0,0.0,0.0,0.0,290633.0,449697.0,914.0,0.0,757098.0,757098.0,0.0,0.0,-757098.0,0.0,-757098.0,0.0,0.0,-755157.0,0.0,0.0,-755157.0,0.0,-0.02,-0.02,49677994,49677994,https://www.sedar.com/search/search_form_pc_en.htm,https://www.sedar.com/search/search_form_pc_en.htm,1620588852,15:34:12,20210509
22,2015-06-30,ATE.TO,CAD,2015-06-30,2015-06-30,Q2,0.0,0.0,0.0,0.0,123173.0,238862.0,5433.0,0.0,380359.0,380359.0,0.0,0.0,-380359.0,0.0,-380359.0,0.0,0.0,-378906.0,0.0,0.0,-378906.0,0.0,-0.01,-0.01,49052236,49052236,https://www.sedar.com/search/search_form_pc_en.htm,https://www.sedar.com/search/search_form_pc_en.htm,1620588852,15:34:12,20210509
23,2015-03-31,ATE.TO,CAD,2015-03-31,2015-03-31,Q1,0.0,0.0,0.0,0.0,277560.0,422332.0,-41294.0,0.0,651513.0,651513.0,0.0,0.0,-648794.0,0.0,-651513.0,0.0,0.0,-648794.0,0.0,0.0,-648794.0,0.0,-0.0016828224301512775,-0.0016828224301512775,385539192,385539192,https://www.sedar.com/search/search_form_pc_en.htm,https://www.sedar.com/search/search_form_pc_en.htm,1620588852,15:34:12,20210509
24,2014-12-31,ATE.TO,CAD,2014-12-31,2014-12-31,Q4,0.0,0.0,0.0,0.0,282271.0,510101.0,47167.0,0.0,880769.0,880769.0,0.0,0.0,-876734.0,0.0,-880769.0,0.0,1.0,-876734.0,0.0,0.0,-876734.0,0.0,-0.02,-0.02,37005858,37005858,https://www.sedar.com/search/search_form_pc_en.htm,https://www.sedar.com/search/search_form_pc_en.htm,1620588852,15:34:12,20210509
25,2014-09-30,ATE.TO,CAD,2014-09-30,2014-09-30,Q3,0.0,0.0,0.0,0.0,761208.0,472985.0,20027.0,0.0,1283056.0,1283056.0,0.0,0.0,-1275538.0,0.0,-1283056.0,0.0,1.0,-1275538.0,0.0,0.0,-1275538.0,0.0,-0.03,-0.03,37005858,37005858,https://www.sedar.com/search/search_form_pc_en.htm,https://www.sedar.com/search/search_form_pc_en.htm,1620588852,15:34:12,20210509
26,2014-06-30,ATE.TO,CAD,2014-06-30,2014-06-30,Q2,0.0,0.0,0.0,0.0,980877.0,443785.0,27379.0,0.0,1605792.0,1605792.0,0.0,0.0,-1600104.0,0.0,-1605792.0,0.0,0.0,-1600104.0,0.0,0.0,-1600104.0,0.0,-0.04,-0.04,36717607,36717607,https://www.sedar.com/search/search_form_pc_en.htm,https://www.sedar.com/search/search_form_pc_en.htm,1620588852,15:34:12,20210509
27,2014-03-31,ATE.TO,CAD,2014-03-31,2014-03-31,Q1,0.0,0.0,0.0,0.0,424520.0,428686.0,0.0,0.0,882345.0,882345.0,0.0,0.0,-876050.0,0.0,-882345.0,0.0,0.0,-876050.0,0.0,0.0,-876050.0,0.0,-0.0022722722311458287,-0.0022722722311458287,385539192,385539192,https://www.sedar.com/search/search_form_pc_en.htm,https://www.sedar.com/search/search_form_pc_en.htm,1620588852,15:34:12,20210509
28,2013-12-31,ATE.TO,CAD,2013-12-31,2013-12-31,Q4,0.0,0.0,0.0,0.0,553643.0,395401.0,0.0,0.0,949044.0,949044.0,0.0,0.0,-949044.0,0.0,-949044.0,0.0,0.0,-949044.0,0.0,0.0,-949044.0,0.0,-0.03,-0.03,27655855,27655855,https://www.sedar.com/search/search_form_pc_en.htm,https://www.sedar.com/search/search_form_pc_en.htm,1620588852,15:34:12,20210509
29,2013-09-30,ATE.TO,CAD,2013-09-30,2013-09-30,Q3,0.0,0.0,0.0,0.0,169427.0,374715.0,0.0,0.0,544142.0,544142.0,0.0,0.0,-544143.0,0.0,-544142.0,0.0,66.0,-544143.0,0.0,0.0,-544076.0,0.0,-0.02,-0.02,26827639,26827639,https://www.sedar.com/search/search_form_pc_en.htm,https://www.sedar.com/search/search_form_pc_en.htm,1620588852,15:34:12,20210509
30,2013-06-30,ATE.TO,CAD,2013-06-30,2013-06-30,Q2,0.0,0.0,0.0,0.0,80000.0,215660.0,0.0,0.0,295660.0,295660.0,15165.0,0.0,-295660.0,0.0,-295660.0,0.0,0.0,-310825.0,0.0,0.0,-310825.0,0.0,-0.02,-0.02,20534712,20534712,https://www.sedar.com/search/search_form_pc_en.htm,https://www.sedar.com/search/search_form_pc_en.htm,1620588852,15:34:12,20210509
31,2013-03-31,ATE.TO,CAD,2013-03-31,2013-03-31,Q1,0.0,0.0,0.0,0.0,67817.0,187536.0,0.0,0.0,255353.0,255353.0,21096.0,0.0,-255353.0,0.0,-255353.0,0.0,0.0,-276449.0,0.0,0.0,-276449.0,0.0,-0.0007170451298761864,-0.0007170451298761864,385539192,385539192,https://www.sedar.com/search/search_form_pc_en.htm,https://www.sedar.com/search/search_form_pc_en.htm,1620588852,15:34:12,20210509
32,2012-12-31,ATE.TO,CAD,2012-12-31,2012-12-31,Q4,0.0,0.0,0.0,0.0,65000.0,283373.0,0.0,0.0,348373.0,348373.0,5263.0,0.0,-348372.0,0.0,-348373.0,0.0,0.0,-353635.0,0.0,0.0,-353635.0,0.0,-0.013575,-0.013575,26051339,26051339,https://www.sedar.com/search/search_form_pc_en.htm,https://www.sedar.com/search/search_form_pc_en.htm,1620588852,15:34:12,20210509
33,2012-09-30,ATE.TO,CAD,2012-09-30,2012-09-30,Q3,0.0,0.0,0.0,0.0,65000.0,164860.0,0.0,0.0,229860.0,229860.0,0.0,0.0,-229861.0,0.0,-229860.0,0.0,-1.0,-229861.0,0.0,0.0,-229861.0,0.0,-0.008823,-0.008823,26051339,26051339,https://www.sedar.com/search/search_form_pc_en.htm,https://www.sedar.com/search/search_form_pc_en.htm,1620588852,15:34:12,20210509
34,2012-06-30,ATE.TO,CAD,2012-06-30,2012-06-30,Q2,0.0,0.0,0.0,0.0,65000.0,120158.0,0.0,0.0,185158.0,185158.0,0.0,0.0,-185158.0,0.0,-185158.0,0.0,0.0,-185158.0,0.0,0.0,-185158.0,0.0,-0.007107,-0.007107,26051339,26051339,https://www.sedar.com/search/search_form_pc_en.htm,https://www.sedar.com/search/search_form_pc_en.htm,1620588852,15:34:12,20210509
