,date,symbol,reportedCurrency,fillingDate,acceptedDate,period,revenue,costOfRevenue,grossProfit,grossProfitRatio,researchAndDevelopmentExpenses,generalAndAdministrativeExpenses,sellingAndMarketingExpenses,otherExpenses,operatingExpenses,costAndExpenses,interestExpense,depreciationAndAmortization,ebitda,ebitdaratio,operatingIncome,operatingIncomeRatio,totalOtherIncomeExpensesNet,incomeBeforeTax,incomeBeforeTaxRatio,incomeTaxExpense,netIncome,netIncomeRatio,eps,epsdiluted,weightedAverageShsOut,weightedAverageShsOutDil,link,finalLink,timestamp,est_time,est_date
0,2021-03-31,SNDR,USD,2021-04-29,2021-04-29 16:10:21,Q1,1228000000,63000000,1165000000,0.9486970684039088,0.0,0.0,0.0,1152000.0,1152000.0,1215000000,-3000000.0,73000000,149000000,0.12133550488599348,76000000,0.06188925081433225,3000.0,72000000,0.05863192182410423,18000000.0,54000000,0.043973941368078175,0.30456852791878175,0.30456852791878175,177300000,177300000,https://www.sec.gov/Archives/edgar/data/1692063/000169206321000124/0001692063-21-000124-index.htm,https://www.sec.gov/Archives/edgar/data/1692063/000169206321000124/sndr-20210331.htm,1620598086,18:08:06,20210509
1,2020-12-31,SNDR,USD,2021-02-19,2021-02-19 14:33:30,Q4,1265200000,981300000,283900000,0.22439140056908,0.0,40000000.0,0.0,-600000.0,177300000.0,1158600000,3100000.0,74200000,180800000,0.14290230793550426,106600000,0.08425545368321213,-2100000.0,101800000,0.08046158710085362,24900000.0,76900000,0.06078090420486879,0.43372814438804286,0.43372814438804286,177300000,177300000,https://www.sec.gov/Archives/edgar/data/1692063/000169206321000056/0001692063-21-000056-index.htm,https://www.sec.gov/Archives/edgar/data/1692063/000169206321000056/sndr-20201231.htm,1620598086,18:08:06,20210509
2,2020-09-30,SNDR,USD,2020-10-29,2020-10-29 16:05:38,Q3,1135700000,834400000,301300000,0.2652989345777934,0.0,43400000.0,0.0,-400000.0,237500000.0,1071900000,3400000.0,74200000,138000000,0.12151096240204279,63800000,0.056176807255437174,-900000.0,60100000,0.05291890464030994,15600000.0,44500000,0.03918288280355728,0.25098702763677383,0.2504220596510974,177300000,177700000,https://www.sec.gov/Archives/edgar/data/1692063/000169206320000167/0001692063-20-000167-index.htm,https://www.sec.gov/Archives/edgar/data/1692063/000169206320000167/sndr-20200930.htm,1620598086,18:08:06,20210509
3,2020-06-30,SNDR,USD,2020-07-30,2020-07-30 18:47:57,Q2,1032800000,757200000,275600000,0.266847405112316,0.0,50800000.0,0.0,2100000.0,212000000.0,969200000,3300000.0,72300000,135900000,0.13158404337722696,63600000,0.06158017041053447,1900000.0,62700000,0.06070875290472502,16200000.0,46500000,0.045023237800154915,0.26241534988713316,0.2619718309859155,177200000,177500000,https://www.sec.gov/Archives/edgar/data/1692063/000169206320000140/0001692063-20-000140-index.htm,https://www.sec.gov/Archives/edgar/data/1692063/000169206320000140/sndr-20200630.htm,1620598086,18:08:06,20210509
4,2020-03-31,SNDR,USD,2020-04-30 00:00:00,2020-04-30 16:21:56,Q1,1119100000,813800000,305300000,0.27280850683585023,0.0,58700000.0,0.0,5400000.0,251600000.0,1065400000,3800000.0,69800000,123500000,0.11035653650254669,53700000,0.04798498793673488,6600000.0,58300000,0.052095433830756856,14500000.0,43800000,0.039138593512644086,0.24731789949181254,0.24689966178128522,177100000,177400000,https://www.sec.gov/Archives/edgar/data/1692063/000169206320000115/0001692063-20-000115-index.html,https://www.sec.gov/Archives/edgar/data/1692063/000169206320000115/a2020q110q.htm,1620598086,18:08:06,20210509
5,2019-12-31,SNDR,USD,2020-02-19 00:00:00,2020-02-19 12:41:19,Q4,1156300000,827500000,328800000,0.28435527112341086,0.0,57400000.0,0.0,-400000.0,237400000.0,1064900000,3500000.0,70500000,161900000,0.14001556689440456,91400000,0.07904523047651993,-13700000.0,76100000,0.06581337023263858,20200000.0,55900000,0.048343855400847534,0.3156408808582722,0.31510710259301017,177100000,177400000,https://www.sec.gov/Archives/edgar/data/1692063/000169206320000032/0001692063-20-000032-index.html,https://www.sec.gov/Archives/edgar/data/1692063/000169206320000032/a201910k.htm,1620598086,18:08:06,20210509
6,2019-09-30,SNDR,USD,2019-10-31 00:00:00,2019-10-31 16:17:00,Q3,1183900000,843100000,340800000,0.28786215051946956,0.0,51700000.0,0.0,-500000.0,261400000.0,1104500000,3800000.0,74100000,153500000,0.1296562209646085,79400000,0.06706647520905482,-50900000.0,26700000,0.022552580454430274,7000000.0,19700000,0.016639918912070277,0.11123658949745906,0.1111111111111111,177100000,177300000,https://www.sec.gov/Archives/edgar/data/1692063/000169206319000184/0001692063-19-000184-index.html,https://www.sec.gov/Archives/edgar/data/1692063/000169206319000184/a2019q310q.htm,1620598086,18:08:06,20210509
7,2019-06-30,SNDR,USD,2019-08-01,2019-08-01 16:13:32,Q2,1212700000,865000000,347700000,0.28671559330419727,0.0,53600000.0,0.0,-300000.0,263900000.0,1128900000,5400000.0,74900000,158700000,0.13086501195679062,83800000,0.06910200379318875,-34900000.0,45900000,0.03784942689865589,11400000.0,34500000,0.028448915642780574,0.19480519480519481,0.19447576099210823,177100000,177400000,https://www.sec.gov/Archives/edgar/data/1692063/000169206319000158/a2019q210q.htm,https://www.sec.gov/Archives/edgar/data/1692063/000169206319000158/a2019q210q.htm,1620598086,18:08:06,20210509
8,2019-03-31,SNDR,USD,2019-05-02 00:00:00,2019-05-02 16:52:16,Q1,1194100000,859700000,334400000,0.2800435474415878,0.0,63000000.0,0.0,-400000.0,282900000.0,1142600000,3900000.0,73400000,124900000,0.10459760489071267,51500000,0.04312871618792396,-400000.0,49400000,0.04137006950841638,12500000.0,36900000,0.03090193451134746,0.20847457627118643,0.2080045095828636,177000000,177400000,https://www.sec.gov/Archives/edgar/data/1692063/000169206319000132/0001692063-19-000132-index.html,https://www.sec.gov/Archives/edgar/data/1692063/000169206319000132/a2019q110q.htm,1620598086,18:08:06,20210509
9,2018-12-31,SNDR,USD,2019-02-26 00:00:00,2019-02-26 11:18:41,Q4,1321600000,924700000,396900000,0.3003177966101695,0.0,64700000.0,0.0,300000.0,276300000.0,1201000000,0.0,74400000,195000000,0.14754842615012106,120600000,0.09125302663438256,-1700000.0,116500000,0.08815072639225181,31700000.0,84800000,0.06416464891041163,0.47909604519774013,0.4785553047404063,177000000,177200000,https://www.sec.gov/Archives/edgar/data/1692063/000169206319000043/0001692063-19-000043-index.html,https://www.sec.gov/Archives/edgar/data/1692063/000169206319000043/a201810k.htm,1620598086,18:08:06,20210509
10,2018-09-30,SNDR,USD,2018-11-02 00:00:00,2018-11-02 14:10:53,Q3,1280100000,911600000,368500000,0.28786813530192956,0.0,59700000.0,0.0,100000.0,270600000.0,1182200000,0.0,73300000,171200000,0.13373955159753145,97900000,0.07647840012499023,100000.0,95300000,0.07444730880399969,24600000.0,70700000,0.05523006015155066,0.39943502824858756,0.3989841986455982,177000000,177200000,https://www.sec.gov/Archives/edgar/data/1692063/000169206318000208/0001692063-18-000208-index.html,https://www.sec.gov/Archives/edgar/data/1692063/000169206318000208/a2018q310q.htm,1620598086,18:08:06,20210509
11,2018-06-30,SNDR,USD,2018-08-03 00:00:00,2018-08-03 13:04:05,Q2,1236300000,872300000,364000000,0.29442691903259727,0.0,62500000.0,0.0,500000.0,272300000.0,1144600000,0.0,71900000,163600000,0.13233034053223328,91700000,0.07417293537167355,500000.0,88300000,0.07142279382027016,22500000.0,65800000,0.0532233276712772,0.37175141242937854,0.37133182844243795,177000000,177200000,https://www.sec.gov/Archives/edgar/data/1692063/000169206318000153/0001692063-18-000153-index.html,https://www.sec.gov/Archives/edgar/data/1692063/000169206318000153/a2018q210q.htm,1620598086,18:08:06,20210509
12,2018-03-31,SNDR,USD,2018-04-30 00:00:00,2018-04-27 18:26:35,Q1,1139000000,808000000,331000000,0.2906057945566286,0.0,59600000.0,0.0,400000.0,263400000.0,1071400000,0.0,71700000,139300000,0.12230026338893767,67600000,0.059350307287093944,400000.0,64500000,0.05662862159789289,16900000.0,47600000,0.041791044776119404,0.26907857546636516,0.2686230248306998,176900000,177200000,https://www.sec.gov/Archives/edgar/data/1692063/000169206318000116/0001692063-18-000116-index.html,https://www.sec.gov/Archives/edgar/data/1692063/000169206318000116/a2018q110q.htm,1620598086,18:08:06,20210509
13,2017-12-31,SNDR,USD,2018-02-27 00:00:00,2018-02-27 15:19:54,Q4,1191200000,832100000,359100000,0.3014607118871726,0.0,55900000.0,0.0,200000.0,265400000.0,1097500000,0.0,72000000,165700000,0.13910342511752855,93700000,0.07866017461383479,200000.0,90200000,0.07572196104768301,-193700000.0,283900000,0.2383310946944258,1.6048615036743923,1.6030491247882552,176900000,177100000,https://www.sec.gov/Archives/edgar/data/1692063/000169206318000056/0001692063-18-000056-index.html,https://www.sec.gov/Archives/edgar/data/1692063/000169206318000056/a201710k.htm,1620598086,18:08:06,20210509
14,2017-09-30,SNDR,USD,2017-11-08 00:00:00,2017-11-08 13:05:45,Q3,1110800000,781800000,329000000,0.2961829312207418,0.0,53300000.0,0.0,200000.0,264900000.0,1046700000,0.0,70494000,134594000,0.12116852718761253,64100000,0.057706157724162765,200000.0,60700000,0.05464530068419157,23800000.0,36900000,0.03321930140439323,0.20859242509892595,0.20847457627118643,176900000,177000000,https://www.sec.gov/Archives/edgar/data/1692063/000169206317000061/0001692063-17-000061-index.html,https://www.sec.gov/Archives/edgar/data/1692063/000169206317000061/a2017q310q.htm,1620598086,18:08:06,20210509
15,2017-06-30,SNDR,USD,2017-08-01 00:00:00,2017-08-01 15:59:18,Q2,1075172000,761084000,314088000,0.29212814321801533,0.0,36230000.0,0.0,221000.0,235086000.0,996170000,0.0,68636000,147638000,0.1373157039059797,79002000,0.07347847600197922,221000.0,74599000,0.06938331727388734,28126000.0,46473000,0.043223781869319515,0.26643695821675917,0.26639266736599543,174424000,174453000,https://www.sec.gov/Archives/edgar/data/1692063/000169206317000027/0001692063-17-000027-index.html,https://www.sec.gov/Archives/edgar/data/1692063/000169206317000027/a2017q210q.htm,1620598086,18:08:06,20210509
16,2017-03-31,SNDR,USD,2017-05-12,2017-05-12,Q1,1006439000,806118000,200321000,0.19903938539742597,0.0,50537000.0,0.0,-133000.0,156771000.0,962889000,0.0,67870000,111420000,0.11070715661853327,43550000,0.04327137561243155,-133000.0,37931000,0.03768832487612265,15362000.0,22569000,0.022424607949413724,0.144373,0.144373,156324060,156324060,https://www.sec.gov/Archives/edgar/data/1692063/000119312517168474/0001193125-17-168474-index.htm,https://www.sec.gov/Archives/edgar/data/1692063/000119312517168474/d375124d10q.htm,1620598086,18:08:06,20210509
17,2016-12-31,SNDR,USD,2016-12-31,2016-12-31,Q4,1069892000,806324000,263568000,0.24635009888848594,0.0,58810000.0,0.0,-1660000.0,175632000.0,981956000,0.0,68327000,156263000,0.14605492890871227,87936000,0.0821914735319079,-1660000.0,80608000,0.07534218407091557,32901000.0,47707000,0.0445904820299619,0.27490747148224665,0.27490747148224665,173538390,173538390,,,1620598086,18:08:06,20210509
18,2016-09-30,SNDR,USD,2016-09-30,2016-09-30,Q3,1053200000,807600000,245600000,0.23319407519939234,0.0,45700000.0,0.0,-500000.0,174800000.0,982400000,0.0,69966000,140766000,0.13365552601595138,70800000,0.06722369920243068,-500000.0,64500000,0.0612419293581466,27700000.0,36800000,0.03494113178883403,0.212057,0.212057,173538390,173538390,,,1620598086,18:08:06,20210509
19,2016-06-30,SNDR,USD,2016-06-30,2016-06-30,Q2,994573000,767280000,227293000,0.22853324994746488,0.0,42934000.0,0.0,-941000.0,147654000.0,914934000,0.0,63843000,143482000,0.1442649257520564,79639000,0.08007355920580993,-941000.0,73611000,0.07401266674241107,29444000.0,44167000,0.04440800222809185,0.254509,0.254509,173538390,173538390,,,1620598086,18:08:06,20210509
20,2016-03-31,SNDR,USD,2016-03-31,2016-03-31,Q1,928103000,732969000,195134000,0.21025037091788304,0.0,43838000.0,0.0,-333000.0,143101000.0,876070000,0.0,63895000,115928000,0.12490855002084898,52033000,0.05606382050268128,-333000.0,46899000,0.05053210688899831,18760000.0,28139000,0.03031883314675203,0.162149,0.162149,173538390,173538390,,,1620598086,18:08:06,20210509
21,2015-12-31,SNDR,USD,2015-12-31,2015-12-31,Q4,1026497000,771567000,254930000,0.24834948372961635,0.0,50734000.0,0.0,-590000.0,162993000.0,934560000,0.0,61991000,153928000,0.14995465159664373,91937000,0.08956382726885709,-6627000.0,80548000,0.0784688118913158,32940000.0,47608000,0.04637909316831905,0.27433699252367155,0.27433699252367155,173538390,173538390,,,1620598086,18:08:06,20210509
