,date,symbol,reportedCurrency,fillingDate,acceptedDate,period,revenue,costOfRevenue,grossProfit,grossProfitRatio,researchAndDevelopmentExpenses,generalAndAdministrativeExpenses,sellingAndMarketingExpenses,otherExpenses,operatingExpenses,costAndExpenses,interestExpense,depreciationAndAmortization,ebitda,ebitdaratio,operatingIncome,operatingIncomeRatio,totalOtherIncomeExpensesNet,incomeBeforeTax,incomeBeforeTaxRatio,incomeTaxExpense,netIncome,netIncomeRatio,eps,epsdiluted,weightedAverageShsOut,weightedAverageShsOutDil,link,finalLink,timestamp,est_time,est_date
0,2020-12-31,DOX,USD,2020-12-31,2020-12-31,Q1,1086343000,728716000,357627000,0.32920265514667096,75669000.0,121888000,0.0,0.0,217427000,946143000,6490000.0,51706000.0,191906000,0.17665323014922543,140200000.0,0.1290568448455046,226410000.0,360120000.0,0.3314975104548011,60488000.0,299632000.0,0.2758171222164639,2.29,2.28,129995000,130453000,,,1620591231,16:13:51,20210509
1,2020-09-30,DOX,USD,2020-09-30,2020-09-30,Q4,1052948000,703556000,349392000,0.3318226541101745,75843000.0,106352000,0.0,0.0,202454000,906010000,5368000.0,53694000.0,200632000,0.19054312273730517,146938000.0,0.13954915152505157,0.0,140561000.0,0.13349282205768945,6098000.0,134463000.0,0.12770146294024015,1.0176953642384106,1.0176953642384106,132125000,132125000,,,1620591231,16:13:51,20210509
2,2020-06-30,DOX,USD,2020-08-17 00:00:00,2020-08-17 16:30:53,Q3,1026201000,681725000,344476000,0.33568082666066396,70093000.0,109612000,0.0,0.0,196945000,878670000,2417000.0,46608000.0,194139000,0.1891822362285751,147531000.0,0.14376423332271163,0.0,145114000.0,0.1414089442516622,24707000.0,120407000.0,0.11733276424404186,0.9113112582781457,0.9082659465331,132125000,132568000,https://www.sec.gov/Archives/edgar/data/1062579/000119312520222472/0001193125-20-222472-index.htm,https://www.sec.gov/Archives/edgar/data/1062579/000119312520222472/d936644d6k.htm,1620591231,16:13:51,20210509
3,2020-03-31,DOX,USD,2020-05-08 00:00:00,2020-05-07 17:43:05,Q2,1047933000,683970000,363963000,0.3473151432391193,68795000.0,119108000,0.0,0.0,207251000,891221000,2290000.0,49108000.0,205820000,0.19640568624139138,156712000.0,0.14954391168137657,0.0,154422000.0,0.14735865747142232,27384000.0,127038000.0,0.12122721586208278,0.95,0.94,134288000,134288000,https://www.sec.gov/Archives/edgar/data/1062579/000119312520136499/0001193125-20-136499-index.html,https://www.sec.gov/Archives/edgar/data/1062579/000119312520136499/d890384d6k.htm,1620591231,16:13:51,20210509
4,2019-12-31,DOX,USD,2020-02-03 00:00:00,2020-02-03 08:31:02,Q1,1041957000,686312000,355645000,0.3413240661562809,67311000.0,123467000,0.0,0.0,212068000,898380000,352000.0,48999000.0,192576000,0.184821446566413,143577000.0,0.13779551363443981,0.0,143225000.0,0.13745768779325826,27293000.0,115932000.0,0.11126370857914482,0.86,0.85,134596000,135617000,https://www.sec.gov/Archives/edgar/data/1062579/000119312520022345/0001193125-20-022345-index.html,https://www.sec.gov/Archives/edgar/data/1062579/000119312520022345/d806152d6k.htm,1620591231,16:13:51,20210509
5,2019-09-30,DOX,USD,2019-11-13 00:00:00,2019-11-12 19:47:03,Q4,1030253000,667129000,363124000,0.3524609974443171,70109000.0,125046000,0.0,0.0,218970000,886099000,-392000.0,50514000.0,194668000,0.1889516458578621,144154000.0,0.1399209708683207,0.0,146598000.0,0.14229320370821535,24571000.0,122027000.0,0.11844372207603375,0.9017861761641184,0.8962622382501781,135317000,136151000,https://www.sec.gov/Archives/edgar/data/1062579/000119312519290229/0001193125-19-290229-index.html,https://www.sec.gov/Archives/edgar/data/1062579/000119312519290229/d814847d6k.htm,1620591231,16:13:51,20210509
6,2019-06-30,DOX,USD,2019-08-19 00:00:00,2019-08-19 16:18:03,Q3,1024704000,664862000,359842000,0.351166775966523,68376000.0,125088000,0.0,0.0,217522000,882384000,3959000.0,53405000.0,195725000,0.1910063784273312,142320000.0,0.1388888888888889,0.0,138361000.0,0.13502533414527512,6913000.0,131448000.0,0.1282789956904628,0.96,0.96,136541000,136541000,https://www.sec.gov/Archives/edgar/data/1062579/000119312519224491/0001193125-19-224491-index.html,https://www.sec.gov/Archives/edgar/data/1062579/000119312519224491/d750333d6k.htm,1620591231,16:13:51,20210509
7,2019-03-31,DOX,USD,2019-05-15 00:00:00,2019-05-14 17:59:33,Q2,1019657000,658613000,361044000,0.35408377523029805,66765000.0,120463000,0.0,0.0,210869000,869482000,1866000.0,50376000.0,200551000,0.19668476752476569,150175000.0,0.14727991863930714,0.0,148309000.0,0.14544989148311638,24030000.0,124279000.0,0.12188314305692993,0.9057047909166436,0.9023182534323655,137218000,137733000,https://www.sec.gov/Archives/edgar/data/1062579/000119312519146758/0001193125-19-146758-index.html,https://www.sec.gov/Archives/edgar/data/1062579/000119312519146758/d28027d6k.htm,1620591231,16:13:51,20210509
8,2018-12-31,DOX,USD,2019-02-01 00:00:00,2019-02-01 16:32:05,Q1,1012055000,662568000,349487000,0.3453241177603984,68686000.0,121860000,0.0,0.0,216390000,878958000,-1522000.0,51477000.0,184574000,0.18237546378408287,133097000.0,0.13151162733250663,0.0,134619000.0,0.13301549816956587,32927000.0,101692000.0,0.10048070510001927,0.73,0.72,139639000,139639000,https://www.sec.gov/Archives/edgar/data/1062579/000119312519025912/0001193125-19-025912-index.html,https://www.sec.gov/Archives/edgar/data/1062579/000119312519025912/d666773d6k.htm,1620591231,16:13:51,20210509
9,2018-09-30,DOX,USD,2018-11-09 00:00:00,2018-11-08 20:01:09,Q4,1002588000,654923000,347665000,0.3467675655403815,70783000.0,125830000,0.0,0.0,223846000,878769000,-566000.0,53803000.0,177622000,0.1771635008597749,123819000.0,0.12349938359525547,-61173000.0,65383000.0,0.06521422558418812,21117000.0,44266000.0,0.04415173530902026,0.31447854504120487,0.31201364610352994,140760000,141872000,https://www.sec.gov/Archives/edgar/data/1062579/000119312518322841/0001193125-18-322841-index.html,https://www.sec.gov/Archives/edgar/data/1062579/000119312518322841/d642971d6k.htm,1620591231,16:13:51,20210509
10,2018-06-30,DOX,USD,2018-08-01 00:00:00,2018-07-31 21:51:38,Q3,1002198000,650569000,351629000,0.350857814523677,72729000.0,116396000,0.0,0.0,216054000,866623000,3212000.0,54521000.0,190096000,0.18967908537035597,135575000.0,0.13527765970397068,-30057000.0,102306000.0,0.10208162458915304,10776000.0,91530000.0,0.09132925829027796,0.6447045896373933,0.6439108809893983,141972000,142147000,https://www.sec.gov/Archives/edgar/data/1062579/000119312518233708/0001193125-18-233708-index.html,https://www.sec.gov/Archives/edgar/data/1062579/000119312518233708/d579277d6k.htm,1620591231,16:13:51,20210509
11,2018-03-31,DOX,USD,2018-05-11 00:00:00,2018-05-10 21:15:55,Q2,992340000,646587000,345753000,0.34842191184473065,64926000.0,120199000,0.0,0.0,213926000,860513000,239000.0,53663000.0,185490000,0.18692182115000908,131827000.0,0.13284458955599895,0.0,131588000.0,0.1326037446842816,29861000.0,101727000.0,0.10251224378741157,0.71,0.7,143030000,143337000,https://www.sec.gov/Archives/edgar/data/1062579/000119312518159596/0001193125-18-159596-index.html,https://www.sec.gov/Archives/edgar/data/1062579/000119312518159596/d582311d6k.htm,1620591231,16:13:51,20210509
12,2017-12-31,DOX,USD,2018-01-26 00:00:00,2018-01-26 16:34:56,Q1,977711000,643197000,334514000,0.3421399575130074,68177000.0,118668000,0.0,0.0,212371000,855568000,-121000.0,49237000.0,171380000,0.17528697130338106,122143000.0,0.124927509253757,0.0,122264000.0,0.12505126770589672,5391000.0,116873000.0,0.1195373684043649,0.81,0.8,143915000,144238000,https://www.sec.gov/Archives/edgar/data/1062579/000119312518021705/0001193125-18-021705-index.html,https://www.sec.gov/Archives/edgar/data/1062579/000119312518021705/d530602d6k.htm,1620591231,16:13:51,20210509
13,2017-09-30,DOX,USD,2017-11-09 00:00:00,2017-11-08 18:11:00,Q4,979724000,636445000,343279000,0.35038337327655544,64686000.0,120237000,0.0,0.0,211232000,847677000,-479000.0,51352000.0,183399000,0.18719455683437375,132047000.0,0.13477979512597427,0.0,129705000.0,0.13238932597343742,22496000.0,107209000.0,0.10942775720509042,0.74,0.73,144764000,146141000,https://www.sec.gov/Archives/edgar/data/1062579/000119312517337491/0001193125-17-337491-index.html,https://www.sec.gov/Archives/edgar/data/1062579/000119312517337491/d493135d6k.htm,1620591231,16:13:51,20210509
14,2017-06-30,DOX,USD,2017-08-03 00:00:00,2017-08-02 18:57:34,Q3,966695000,628640000,338055000,0.34970181908461306,67118000.0,113997000,0.0,0.0,208143000,836783000,-1152000.0,54495000.0,184407000,0.1907602708196484,129912000.0,0.13438778518560662,0.0,131064000.0,0.13557947439471602,11800000.0,119264000.0,0.1233729356208525,0.82,0.81,145904000,146100000,https://www.sec.gov/Archives/edgar/data/1062579/000119312517246236/0001193125-17-246236-index.html,https://www.sec.gov/Archives/edgar/data/1062579/000119312517246236/d436150d6k.htm,1620591231,16:13:51,20210509
15,2017-03-31,DOX,USD,2017-05-10 00:00:00,2017-05-09 19:07:33,Q2,966009000,621737000,344272000,0.3563859135887968,67303000.0,114465000,0.0,0.0,210491000,832228000,468000.0,51486000.0,185267000,0.19178599785302208,133781000.0,0.1384883577689235,0.0,133313000.0,0.13800389023290674,20753000.0,112560000.0,0.11652065353428384,0.77,0.76,146595000,146773000,https://www.sec.gov/Archives/edgar/data/1062579/000119312517164544/0001193125-17-164544-index.html,https://www.sec.gov/Archives/edgar/data/1062579/000119312517164544/d394819d6k.htm,1620591231,16:13:51,20210509
16,2016-12-31,DOX,USD,2017-01-30 00:00:00,2017-01-30 16:35:32,Q1,954727000,620834000,333893000,0.3497261520832657,59990000.0,124079000,0.0,0.0,212300000,833134000,2763000.0,57552000.0,179145000,0.18764002693963824,121593000.0,0.12735892040342423,0.0,118830000.0,0.12446489939008742,21037000.0,97793000.0,0.10243032825090313,0.67,0.66,146817000,147154000,https://www.sec.gov/Archives/edgar/data/1062579/000119312517023611/0001193125-17-023611-index.html,https://www.sec.gov/Archives/edgar/data/1062579/000119312517023611/d340354d6k.htm,1620591231,16:13:51,20210509
17,2016-09-30,DOX,USD,2016-11-09 00:00:00,2016-11-08 19:26:02,Q4,940656000,611107000,329549000,0.35033955027130004,61043000.0,117030000,0.0,0.0,211052000,822159000,2575000.0,51999000.0,170496000,0.18125223248456396,118497000.0,0.12597272541715568,0.0,119146000.0,0.12666266945620927,23437000.0,95709000.0,0.10174707863448487,0.65,0.64,147281000,148984000,https://www.sec.gov/Archives/edgar/data/1062579/000119312516763245/0001193125-16-763245-index.html,https://www.sec.gov/Archives/edgar/data/1062579/000119312516763245/d290360d6k.htm,1620591231,16:13:51,20210509
18,2016-06-30,DOX,USD,2016-07-27 00:00:00,2016-07-26 17:58:32,Q3,930133000,601249000,328884000,0.35358814277098005,65051000.0,113831000,0.0,0.0,203922000,805171000,-1113000.0,55567000.0,180529000,0.19408944742311046,124962000.0,0.13434852865127891,0.0,126075000.0,0.1355451317177221,21015000.0,105060000.0,0.1129515886437746,0.71,0.7,148844000,149494000,https://www.sec.gov/Archives/edgar/data/1062579/000119312516658461/0001193125-16-658461-index.html,https://www.sec.gov/Archives/edgar/data/1062579/000119312516658461/d210914d6k.htm,1620591231,16:13:51,20210509
19,2016-03-31,DOX,USD,2016-05-05 00:00:00,2016-05-04 20:20:08,Q2,925935000,600116000,325819000,0.35188107156549864,63711000.0,114474000,0.0,0.0,205672000,805788000,-1460000.0,53098000.0,173245000,0.18710276639288934,120147000.0,0.1297574883766139,0.0,121607000.0,0.13133427292412533,13887000.0,107720000.0,0.11633645990269295,0.72,0.71,149924000,150605000,https://www.sec.gov/Archives/edgar/data/1062579/000119312516578223/0001193125-16-578223-index.html,https://www.sec.gov/Archives/edgar/data/1062579/000119312516578223/d152254d6k.htm,1620591231,16:13:51,20210509
20,2015-12-31,DOX,USD,2016-01-05 00:00:00,2016-01-05 06:33:58,Q1,921505000,595568000,325937000,0.3537007395510605,62487000.0,119548000,0.0,0.0,206402000,801970000,1665000.0,51127000.0,170662000,0.18519921215837137,119535000.0,0.1297171474924173,0.0,117870000.0,0.12791032061681706,17028000.0,100842000.0,0.10943185332689459,0.67,0.66,149155000,151577000,https://www.sec.gov/Archives/edgar/data/1062579/000119312516420528/0001193125-16-420528-index.html,https://www.sec.gov/Archives/edgar/data/1062579/000119312516420528/d116127d6k.htm,1620591231,16:13:51,20210509
21,2015-09-30,DOX,USD,2015-11-10 00:00:00,2015-11-10 17:20:36,Q4,926776000,603105000,323671000,0.3492440460262242,65900000.0,111191000,0.0,0.0,200971000,804076000,1973000.0,51659000.0,174359000,0.1881349970219341,122700000.0,0.13239445130214852,-13000000.0,108325000.0,0.1168836914205806,17195000.0,91130000.0,0.09833012507876769,0.6,0.59,152601000,155201000,https://www.sec.gov/Archives/edgar/data/1062579/000119312515373641/0001193125-15-373641-index.html,https://www.sec.gov/Archives/edgar/data/1062579/000119312515373641/d33361d6k.htm,1620591231,16:13:51,20210509
22,2015-06-30,DOX,USD,2015-07-30 00:00:00,2015-07-29 20:24:06,Q3,907897000,592366000,315531000,0.347540524971445,62598000.0,108128000,0.0,0.0,188804000,781170000,1044000.0,39833000.0,166560000,0.18345693399141091,126727000.0,0.13958301437277576,0.0,125683000.0,0.13843310419574026,17901000.0,107782000.0,0.11871610986708844,0.7,0.69,154101000,156581000,https://www.sec.gov/Archives/edgar/data/1062579/000119312515268755/0001193125-15-268755-index.html,https://www.sec.gov/Archives/edgar/data/1062579/000119312515268755/d33022d6k.htm,1620591231,16:13:51,20210509
23,2015-03-31,DOX,USD,2015-04-29 00:00:00,2015-04-29 17:25:34,Q2,902578000,580571000,322007000,0.35676362596916833,62805000.0,107186000,0.0,0.0,184007000,764578000,1669000.0,43594000.0,181594000,0.20119479978461696,138000000.0,0.15289537303147208,0.0,136331000.0,0.15104622536777984,20070000.0,116261000.0,0.12880992002907227,0.75,0.74,155106000,157357000,https://www.sec.gov/Archives/edgar/data/1062579/000119312515157087/0001193125-15-157087-index.html,https://www.sec.gov/Archives/edgar/data/1062579/000119312515157087/d916728d6k.htm,1620591231,16:13:51,20210509
24,2014-12-31,DOX,USD,2014-12-31,2014-12-31,Q1,906287000,573446000,332841000,0.3672578333353562,63641000.0,113580000,0.0,0.0,191320000,764766000,-1544000.0,39709000.0,181230000,0.19996976675159195,141521000.0,0.1561547280276557,0.0,143065000.0,0.15785838260948243,12075000.0,130990000.0,0.14453478864862895,0.84,0.83,155897000,158110000,,,1620591231,16:13:51,20210509
25,2014-09-30,DOX,USD,2014-11-05 00:00:00,2014-11-04 17:52:37,Q4,900261000,581601000,318660000,0.35396401710170716,67604000.0,110056000,0.0,0.0,192553000,774154000,-577000.0,45861000.0,171968000,0.19102015970923988,126107000.0,0.1400782661916933,0.0,124069000.0,0.13781447824575319,23566000.0,100503000.0,0.11163762508872427,0.64,0.63,157346000,159667000,https://www.sec.gov/Archives/edgar/data/1062579/000119312514396586/0001193125-14-396586-index.html,https://www.sec.gov/Archives/edgar/data/1062579/000119312514396586/d815176d6k.htm,1620591231,16:13:51,20210509
26,2014-06-30,DOX,USD,2014-07-29 00:00:00,2014-07-29 16:20:06,Q3,902477000,584604000,317873000,0.3522228267313184,64863000.0,112681000,0.0,0.0,192870000,777474000,748000.0,40172000.0,165175000,0.18302405490666243,125003000.0,0.1385110091448314,0.0,124255000.0,0.1376821791580284,14428000.0,109827000.0,0.12169506812916007,0.69,0.68,159257000,161725000,https://www.sec.gov/Archives/edgar/data/1062579/000119312514284659/0001193125-14-284659-index.html,https://www.sec.gov/Archives/edgar/data/1062579/000119312514284659/d765042d6k.htm,1620591231,16:13:51,20210509
27,2014-03-31,DOX,USD,2014-05-01 00:00:00,2014-04-30 18:12:33,Q2,896854000,583284000,313570000,0.3496332736432017,63104000.0,110438000,0.0,0.0,189722000,773006000,1908000.0,41010000.0,164858000,0.18381810194301412,123848000.0,0.13809159573353078,0.0,121940000.0,0.13596415916079987,11583000.0,110357000.0,0.12304901355181556,0.69,0.68,159812000,162251000,https://www.sec.gov/Archives/edgar/data/1062579/000119312514173311/0001193125-14-173311-index.html,https://www.sec.gov/Archives/edgar/data/1062579/000119312514173311/d716261d6k.htm,1620591231,16:13:51,20210509
28,2013-12-31,DOX,USD,2013-12-31,2013-12-31,Q1,864045000,557403000,306642000,0.35489123830356056,62325000.0,111959000,0.0,0.0,185952000,743355000,1404000.0,35729000.0,156419000,0.1810310805571469,120690000.0,0.13968022498828186,0.0,119286000.0,0.13805530961929066,17851000.0,101435000.0,0.11739550602109844,0.64,0.63,159659000,161845000,,,1620591231,16:13:51,20210509
29,2013-09-30,DOX,USD,2013-11-06 00:00:00,2013-11-06 06:04:41,Q4,845225000,545998000,299227000,0.35402052707858855,61264000.0,105035000,0.0,0.0,176351000,722349000,-1034000.0,33376000.0,156252000,0.18486438522286966,122876000.0,0.14537667484989203,0.0,121392000.0,0.14362092933834186,32438000.0,88954000.0,0.10524298263775918,0.55,0.54,161268000,163326000,https://www.sec.gov/Archives/edgar/data/1062579/000119312513428781/0001193125-13-428781-index.html,https://www.sec.gov/Archives/edgar/data/1062579/000119312513428781/d623588d6k.htm,1620591231,16:13:51,20210509
30,2013-06-30,DOX,USD,2013-08-01 00:00:00,2013-07-31 20:18:01,Q3,841332000,546669000,294663000,0.350233914792258,59583000.0,103396000,0.0,0.0,171499000,718168000,2726000.0,33777000.0,156941000,0.18653872668577923,123164000.0,0.14639167415479265,0.0,120438000.0,0.14315157393276376,880000.0,119558000.0,0.14210561347957762,0.74,0.73,160914000,162667000,https://www.sec.gov/Archives/edgar/data/1062579/000119312513313308/0001193125-13-313308-index.html,https://www.sec.gov/Archives/edgar/data/1062579/000119312513313308/d577210d6k.htm,1620591231,16:13:51,20210509
31,2013-03-31,DOX,USD,2013-05-01 00:00:00,2013-04-30 18:30:01,Q2,832938000,538736000,294202000,0.35320996280635536,60059000.0,102683000,0.0,0.0,171347000,710083000,1757000.0,34335000.0,157190000,0.1887175275950911,122855000.0,0.1474959720891591,0.0,121098000.0,0.14538657138946717,16186000.0,104912000.0,0.12595415265001716,0.65,0.64,160955000,162884000,https://www.sec.gov/Archives/edgar/data/1062579/000119312513188393/0001193125-13-188393-index.html,https://www.sec.gov/Archives/edgar/data/1062579/000119312513188393/d529968d6k.htm,1620591231,16:13:51,20210509
32,2012-12-31,DOX,USD,2013-01-31 00:00:00,2013-01-31 06:13:51,Q1,826359000,535649000,290710000,0.3517962532023007,59360000.0,107460000,0.0,0.0,178053000,713702000,108000.0,39288000.0,151945000,0.1838728688136754,112657000.0,0.1363293677445275,0.0,112549000.0,0.136198673941955,13534000.0,99015000.0,0.1198208042751395,0.6105404005524862,0.6052742577344166,162176000,163587000,https://www.sec.gov/Archives/edgar/data/1062579/000119312513030912/0001193125-13-030912-index.html,https://www.sec.gov/Archives/edgar/data/1062579/000119312513030912/d476734d6k.htm,1620591231,16:13:51,20210509
33,2012-09-30,DOX,USD,2012-11-07 00:00:00,2012-11-06 19:06:53,Q4,822128000,529539000,292589000,0.3558922698168655,61548000.0,104814000,0.0,0.0,179088000,708627000,2111000.0,40353000.0,153854000,0.1871411750968219,113501000.0,0.13805757740887065,0.0,113617000.0,0.1381986746589339,15596000.0,98021000.0,0.11922839265905066,0.5996341791665647,0.5951885068219492,163468000,164689000,https://www.sec.gov/Archives/edgar/data/1062579/000119312512455094/0001193125-12-455094-index.html,https://www.sec.gov/Archives/edgar/data/1062579/000119312512455094/d435718d6k.htm,1620591231,16:13:51,20210509
34,2012-06-30,DOX,USD,2012-07-20 00:00:00,2012-07-20 15:11:33,Q3,808837000,520273000,288564000,0.35676409461980596,58858000.0,106678000,0.0,0.0,178513000,698786000,2737000.0,39388000.0,149439000,0.18475786839622815,110051000.0,0.13606078851486764,0.0,107314000.0,0.13267691759897235,8565000.0,98749000.0,0.12208763941313268,0.5906252616720695,0.58677877473409,167194000,168290000,https://www.sec.gov/Archives/edgar/data/1062579/000119312512308769/0001193125-12-308769-index.html,https://www.sec.gov/Archives/edgar/data/1062579/000119312512308769/d382534d6k.htm,1620591231,16:13:51,20210509
35,2012-03-31,DOX,USD,2012-05-15 00:00:00,2012-05-15 17:23:34,Q2,808928000,518544000,290384000,0.35897385181375846,60350000.0,106842000,0.0,0.0,180512000,699056000,0.0,39331000.0,149203000,0.1844453400055382,109872000.0,0.13582420190672098,0.0,115158000.0,0.14235877605917954,13288000.0,101870000.0,0.12593209778867834,0.6001567111859973,0.595832041691281,169739000,170971000,https://www.sec.gov/Archives/edgar/data/1062579/000119312512235017/0001193125-12-235017-index.html,https://www.sec.gov/Archives/edgar/data/1062579/000119312512235017/d352306d6k.htm,1620591231,16:13:51,20210509
36,2011-12-31,DOX,USD,2012-02-02 00:00:00,2012-02-02 06:44:38,Q1,807010000,517112000,289898000,0.3592247927534975,61307000.0,106337000,0.0,0.0,180850000,697962000,0.0,40542000.0,149590000,0.18536325448259625,109048000.0,0.13512595878613648,0.0,105435000.0,0.13064893867486152,12704000.0,92731000.0,0.1149068784773423,0.54,0.53,172712000,173812000,https://www.sec.gov/Archives/edgar/data/1062579/000119312512035425/0001193125-12-035425-index.html,https://www.sec.gov/Archives/edgar/data/1062579/000119312512035425/d295333d6k.htm,1620591231,16:13:51,20210509
37,2011-09-30,DOX,USD,2011-11-09 00:00:00,2011-11-08 21:59:58,Q4,812203000,525350000,286853000,0.3531789466426497,58944000.0,103729000,0.0,0.0,182301000,707651000,0.0,43258000.0,147810000,0.18198652307366509,104552000.0,0.1287264390798852,0.0,99147000.0,0.12207169882406246,11768000.0,87379000.0,0.10758271023377161,0.5059231553105749,0.5059231553105749,172712000,172712000,https://www.sec.gov/Archives/edgar/data/1062579/000095012311096694/0000950123-11-096694-index.html,https://www.sec.gov/Archives/edgar/data/1062579/000095012311096694/y93362e6vk.htm,1620591231,16:13:51,20210509
38,2011-06-30,DOX,USD,2011-07-27 00:00:00,2011-07-27 17:26:21,Q3,801409000,521743000,279666000,0.348967880320785,54414000.0,102315000,0.0,0.0,173994000,695737000,0.0,44170000.0,149842000,0.18697319346301328,105672000.0,0.13185776551049463,0.0,105488000.0,0.13162816988578865,13703000.0,91785000.0,0.11452953485673358,0.500810266651389,0.4969894196510759,183273000,184682000,https://www.sec.gov/Archives/edgar/data/1062579/000095012311069000/0000950123-11-069000-index.html,https://www.sec.gov/Archives/edgar/data/1062579/000095012311069000/y92150e6vk.htm,1620591231,16:13:51,20210509
39,2011-03-31,DOX,USD,2011-04-29 00:00:00,2011-04-28 20:19:50,Q2,788935000,513436000,275499000,0.34920367330641944,53536000.0,99064000,0.0,0.0,168943000,682379000,0.0,44896000.0,151452000,0.19197018765804533,106556000.0,0.1350630913826868,0.0,106605000.0,0.13512520042842566,12495000.0,94110000.0,0.11928739376501232,0.5011502332417407,0.49732603365181366,187788000,189232000,https://www.sec.gov/Archives/edgar/data/1062579/000095012311041199/0000950123-11-041199-index.html,https://www.sec.gov/Archives/edgar/data/1062579/000095012311041199/y90931e6vk.htm,1620591231,16:13:51,20210509
40,2010-12-31,DOX,USD,2010-12-31,2010-12-31,Q1,775181000,508838000,266343000,0.343588142640235,54992000.0,104357000,0.0,0.0,178759000,687597000,3117000.0,49153000.0,136737000,0.1763936422590337,87584000.0,0.11298522538607113,0.0,84467000.0,0.10896422899942078,11076000.0,73391000.0,0.09467595309998568,0.3830447966847426,0.38032533723033235,191599000,192969000,,,1620591231,16:13:51,20210509
41,2010-09-30,DOX,USD,2010-11-01 00:00:00,2010-11-01 12:49:50,Q4,762194000,486291000,275903000,0.36198526884231574,54287000.0,96531000,0.0,0.0,173015000,659306000,0.0,49894000.0,152782000,0.2004502790628108,102888000.0,0.13498925470418294,0.0,104997000.0,0.1377562667772247,10259000.0,94738000.0,0.12429643896435816,0.4944597831930229,0.4944597831930229,191599000,191599000,https://www.sec.gov/Archives/edgar/data/1062579/000095012310098641/0000950123-10-098641-index.html,https://www.sec.gov/Archives/edgar/data/1062579/000095012310098641/y87109e6vk.htm,1620591231,16:13:51,20210509
42,2010-06-30,DOX,USD,2010-07-22 00:00:00,2010-07-22 06:01:09,Q3,753249000,480533000,272716000,0.36205292008353146,52253000.0,93446000,0.0,0.0,167447000,647980000,0.0,48522000.0,153791000,0.20417020135439942,105269000.0,0.1397532555635653,0.0,101501000.0,0.13475092565672175,9236000.0,92265000.0,0.12248937602306807,0.4527543599658465,0.44904147057248955,203786000,205471000,https://www.sec.gov/Archives/edgar/data/1062579/000095012310067019/0000950123-10-067019-index.html,https://www.sec.gov/Archives/edgar/data/1062579/000095012310067019/y85726e6vk.htm,1620591231,16:13:51,20210509
43,2010-03-31,DOX,USD,2010-04-23 00:00:00,2010-04-22 18:08:54,Q2,743969000,476185000,267784000,0.3599397286714903,51190000.0,92028000,0.0,0.0,164657000,640842000,0.0,47474000.0,150601000,0.20242913347195918,103127000.0,0.13861733486207087,0.0,80366000.0,0.10802331817589174,11816000.0,68550000.0,0.09214093597985938,0.33272661084819805,0.33005763369621216,206025000,207691000,https://www.sec.gov/Archives/edgar/data/1062579/000095012310037251/0000950123-10-037251-index.html,https://www.sec.gov/Archives/edgar/data/1062579/000095012310037251/y83984e6vk.htm,1620591231,16:13:51,20210509
44,2009-12-31,DOX,USD,2010-01-21 00:00:00,2010-01-20 17:55:40,Q1,724811000,462657000,262154000,0.36168601193966426,50106000.0,91580000,0.0,0.0,163005000,625662000,0.0,50050000.0,149199000,0.20584538590060028,99149000.0,0.13679290187372983,0.0,98434000.0,0.1358064378162031,10081000.0,88353000.0,0.12189798444008162,0.43008810787129437,0.427536582533292,205430000,206656000,https://www.sec.gov/Archives/edgar/data/1062579/000095012310003842/0000950123-10-003842-index.html,https://www.sec.gov/Archives/edgar/data/1062579/000095012310003842/y81601e6vk.htm,1620591231,16:13:51,20210509
45,2009-09-30,DOX,USD,2009-11-05 00:00:00,2009-11-04 20:11:16,Q4,707419000,450711000,256708000,0.36287970778279915,50274000.0,88030000,0.0,0.0,159863000,610574000,0.0,50250000.0,147095000,0.20793193284319478,96845000.0,0.13689906547604744,0.0,96694000.0,0.1366856134765959,10943000.0,85751000.0,0.12121670466866172,0.41742199289295623,0.41742199289295623,205430000,205430000,https://www.sec.gov/Archives/edgar/data/1062579/000095012309057817/0000950123-09-057817-index.html,https://www.sec.gov/Archives/edgar/data/1062579/000095012309057817/y80217e6vk.htm,1620591231,16:13:51,20210509
46,2009-06-30,DOX,USD,2009-07-22 00:00:00,2009-07-22 17:22:57,Q3,690265000,442314000,247951000,0.3592113173925956,51134000.0,81732000,0.0,0.0,154705000,597019000,0.0,49378000.0,142624000,0.2066220944130153,93246000.0,0.13508724909998335,0.0,95760000.0,0.13872932859119325,10212000.0,85548000.0,0.12393501046699457,0.4219383477188656,0.420352308183672,202750000,203515000,https://www.sec.gov/Archives/edgar/data/1062579/000095012309024413/0000950123-09-024413-index.html,https://www.sec.gov/Archives/edgar/data/1062579/000095012309024413/y78358e6vk.htm,1620591231,16:13:51,20210509
47,2009-03-31,DOX,USD,2009-04-22 00:00:00,2009-04-22 17:30:11,Q2,711084000,456566000,254518000,0.3579295835653734,52750000.0,84308000,0.0,0.0,158559000,615125000,0.0,49729000.0,145688000,0.2048815611095173,95959000.0,0.13494748862300376,0.0,90196000.0,0.12684296088788385,9566000.0,80630000.0,0.1133902605036817,0.4,0.39,202671000,209755000,https://www.sec.gov/Archives/edgar/data/1062579/000095012309007035/0000950123-09-007035-index.html,https://www.sec.gov/Archives/edgar/data/1062579/000095012309007035/y76629e6vk.htm,1620591231,16:13:51,20210509
48,2008-12-31,DOX,USD,2009-01-22 00:00:00,2009-01-21 19:41:15,Q1,753839000,485042000,268797000,0.35657083276402524,56229000.0,90265000,0.0,0.0,166748000,651790000,0.0,48762000.0,150811000,0.20005730666627755,102049000.0,0.135372407105496,-20780000.0,83504000.0,0.11077166344537759,9257000.0,74247000.0,0.09849185303493187,0.37,0.35,202454000,212271000,https://www.sec.gov/Archives/edgar/data/1062579/000095012309000936/0000950123-09-000936-index.html,https://www.sec.gov/Archives/edgar/data/1062579/000095012309000936/y74123e6vk.txt,1620591231,16:13:51,20210509
49,2008-09-30,DOX,USD,2008-11-05 00:00:00,2008-11-05 17:18:20,Q4,825277000,530890000,294387000,0.35671295819464255,57252000.0,103171000,0.0,0.0,180808000,711698000,0.0,48959000.0,162538000,0.19694963024536005,113579000.0,0.13762530641227128,-36228000.0,89621000.0,0.10859505353959943,6910000.0,82711000.0,0.10022210724399201,0.40854218736107956,0.40854218736107956,202454000,202454000,https://www.sec.gov/Archives/edgar/data/1062579/000095012308014451/0000950123-08-014451-index.html,https://www.sec.gov/Archives/edgar/data/1062579/000095012308014451/y72397e6vk.htm,1620591231,16:13:51,20210509
50,2008-06-30,DOX,USD,2008-07-23 00:00:00,2008-07-23 16:46:08,Q3,820288000,528992000,291296000,0.3551143013185613,56137000.0,104632000,0.0,0.0,183565000,712557000,0.0,49776000.0,157507000,0.1920142681594757,107731000.0,0.13133314153077943,-1780000.0,112110000.0,0.13667151049387533,11438000.0,100672000.0,0.12272762736989935,0.49,0.46,206329000,219120000,https://www.sec.gov/Archives/edgar/data/1062579/000095012308008221/0000950123-08-008221-index.html,https://www.sec.gov/Archives/edgar/data/1062579/000095012308008221/y63787e6vk.htm,1620591231,16:13:51,20210509
51,2008-03-31,DOX,USD,2008-04-18 00:00:00,2008-04-17 17:38:07,Q2,774281000,494894000,279387000,0.3608341157796717,56088000.0,98666000,0.0,0.0,176507000,671401000,0.0,47496000.0,150376000,0.19421372860757272,102880000.0,0.132871657705665,0.0,111702000.0,0.1442654540147569,11843000.0,99859000.0,0.1289699734334176,0.48,0.46,206759000,219786000,https://www.sec.gov/Archives/edgar/data/1062579/000095012308004312/0000950123-08-004312-index.html,https://www.sec.gov/Archives/edgar/data/1062579/000095012308004312/y54901e6vk.htm,1620591231,16:13:51,20210509
52,2007-12-31,DOX,USD,2007-12-31,2007-12-31,Q1,742250000,471515000,270735000,0.3647490737622095,56015000.0,97665000,0.0,0.0,175433000,646948000,0.0,46706000.0,142008000,0.19132098349612664,95302000.0,0.1283960929605928,0.0,104118000.0,0.14027349275850454,8454000.0,95664000.0,0.12888379925900978,0.46,0.44,208109000,222039000,,,1620591231,16:13:51,20210509
53,2007-09-30,DOX,USD,2007-11-01 00:00:00,2007-10-31 19:46:22,Q4,726689000,462561000,264128000,0.36346772828541507,55515000.0,95299000,0.0,0.0,169988000,632549000,0.0,44413000.0,138553000,0.19066340621641445,94140000.0,0.12954647724129578,7968000.0,107778000.0,0.14831379035598447,11535000.0,96243000.0,0.1324404249961125,0.4624643816461566,0.4624643816461566,208109000,208109000,https://www.sec.gov/Archives/edgar/data/1062579/000095012307014626/0000950123-07-014626-index.html,https://www.sec.gov/Archives/edgar/data/1062579/000095012307014626/y41689e6vk.txt,1620591231,16:13:51,20210509
54,2007-06-30,DOX,USD,2007-07-18 00:00:00,2007-07-18 17:08:56,Q3,712091000,449755000,262336000,0.368402353070043,56727000.0,94445000,0.0,0.0,170347000,620102000,0.0,42776000.0,134765000,0.1892524972229673,91989000.0,0.1291815231480246,0.0,106279000.0,0.1492491830398081,18098000.0,88181000.0,0.12383389201661024,0.42,0.4,208262000,223775000,https://www.sec.gov/Archives/edgar/data/1062579/000095012307010002/0000950123-07-010002-index.html,https://www.sec.gov/Archives/edgar/data/1062579/000095012307010002/y37246e6vk.txt,1620591231,16:13:51,20210509
55,2007-03-31,DOX,USD,2007-04-27 00:00:00,2007-04-27 09:00:46,Q2,706361000,447876000,258485000,0.36593894623287526,57734000.0,91280000,0.0,0.0,167926000,615802000,0.0,39763000.0,130322000,0.18449772849860058,90559000.0,0.12820498300444108,-6761000.0,94697000.0,0.13406317732717407,7526000.0,87171000.0,0.1234085687063697,0.42,0.4,207293000,222499000,https://www.sec.gov/Archives/edgar/data/1062579/000095012307006114/0000950123-07-006114-index.html,https://www.sec.gov/Archives/edgar/data/1062579/000095012307006114/y33984e6vk.txt,1620591231,16:13:51,20210509
56,2006-12-31,DOX,USD,2006-12-31,2006-12-31,Q1,691032000,436190000,254842000,0.3687846583081536,60468000.0,89170000,0.0,0.0,167336000,603526000,0.0,38042000.0,125548000,0.18168189027425646,87506000.0,0.1266308940830526,0.0,99245000.0,0.14361852996677432,5903000.0,93342000.0,0.13507623380682804,0.45,0.42,206450000,222718000,,,1620591231,16:13:51,20210509
57,2006-09-30,DOX,USD,2006-09-30,2006-09-30,Q4,665445000,415843000,249602000,0.37509035307200445,46953000.0,86708000,0.0,0.0,147683000,563526000,0.0,34749000.0,136668000,0.20537835583707142,101919000.0,0.15315916416833847,0.0,84276000.0,0.12664607893965693,8321000.0,75955000.0,0.1141416646003802,0.36790990554613706,0.36790990554613706,206450000,206450000,,,1620591231,16:13:51,20210509
58,2006-06-30,DOX,USD,2006-06-30,2006-06-30,Q3,626448000,403621000,222827000,0.3556991162873854,54870000.0,74940000,0.0,0.0,138357000,541978000,0.0,29020000.0,113490000,0.18116427859934103,84470000.0,0.13483960360636477,0.0,99408000.0,0.15868515822542334,13823000.0,85585000.0,0.13661947998876203,0.42,0.39,204404000,220109000,,,1620591231,16:13:51,20210509
59,2006-03-31,DOX,USD,2006-03-31,2006-03-31,Q2,601129000,389249000,211880000,0.35247010209123164,41823000.0,73799000,0.0,0.0,123091000,512340000,0.0,25499000.0,114288000,0.19012225329338628,88789000.0,0.1477037374673323,0.0,99096000.0,0.16484980761201007,17334000.0,81762000.0,0.13601406686418388,0.4,0.38,202515000,217919000,,,1620591231,16:13:51,20210509
60,2005-12-31,DOX,USD,2005-12-31,2005-12-31,Q1,587028000,375113000,211915000,0.36099640902989294,43114000.0,78550000,0.0,0.0,129236000,504349000,0.0,28632000.0,111311000,0.18961787171991795,82679000.0,0.1408433669262795,0.0,91093000.0,0.15517658442186744,15759000.0,75334000.0,0.12833118692805112,0.38,0.36,200525000,214871000,,,1620591231,16:13:51,20210509
61,2005-09-30,DOX,USD,2005-09-30,2005-09-30,Q4,573318000,362890000,210428000,0.3670353974583041,46890000.0,66066000,0.0,0.0,120437000,483327000,0.0,28993000.0,118984000,0.20753578293372962,89991000.0,0.1569652444193275,0.0,84755000.0,0.1478324420304264,16956000.0,67799000.0,0.11825723246086814,0.338107467896771,0.338107467896771,200525000,200525000,,,1620591231,16:13:51,20210509
62,2005-06-30,DOX,USD,2005-06-30,2005-06-30,Q3,507355000,325374000,181981000,0.3586857328694898,31393000.0,56448000,0.0,0.0,89919000,415293000,0.0,21590000.0,113652000,0.2240088301090952,92062000.0,0.18145479989356564,0.0,96367000.0,0.1899399828522435,19270000.0,77097000.0,0.151958687703876,0.38,0.36,200494000,216570000,,,1620591231,16:13:51,20210509
63,2005-03-31,DOX,USD,2005-03-31,2005-03-31,Q2,488416000,311289000,177127000,0.36265601454497803,33263000.0,54592000,0.0,0.0,89934000,401223000,0.0,20490000.0,107683000,0.22047394024765773,87193000.0,0.1785219976413549,0.0,92873000.0,0.1901514282906375,18576000.0,74297000.0,0.15211827622354715,0.37,0.34,202168000,218807000,,,1620591231,16:13:51,20210509
64,2004-12-31,DOX,USD,2005-01-20 00:00:00,2005-01-20 09:22:15,Q1,469532000,296102000,173430000,0.3693677960181628,32911000.0,54960000,0.0,0.0,91589000,387691000,0.0,22755000.0,104596000,0.2227664994079211,81841000.0,0.17430334886653093,0.0,86800000.0,0.18486492933388993,17357000.0,69443000.0,0.14789833280798753,0.34,0.32,201703000,217448000,https://www.sec.gov/Archives/edgar/data/1062579/000095012305000507/0000950123-05-000507-index.html,https://www.sec.gov/Archives/edgar/data/1062579/000095012305000507/y04921e6vk.txt,1620591231,16:13:51,20210509
65,2004-09-30,DOX,USD,2004-10-01 00:00:00,2004-10-01 14:58:12,Q4,452455000,285555000,166900000,0.3688764628526594,34160000.0,51306000,0.0,0.0,89952000,375507000,0.0,23933000.0,100881000,0.22296360964073775,76948000.0,0.1700677415433579,0.0,78952000.0,0.1744969112950459,17370000.0,61582000.0,0.13610635311798963,0.30531028294075946,0.30531028294075946,201703000,201703000,https://www.sec.gov/Archives/edgar/data/1062579/000095012304011656/0000950123-04-011656-index.html,https://www.sec.gov/Archives/edgar/data/1062579/000095012304011656/y02970e6vk.txt,1620591231,16:13:51,20210509
66,2004-06-30,DOX,USD,2004-08-13 00:00:00,2004-08-13 16:18:37,Q3,450224000,284557000,165667000,0.36796572372863284,31665000.0,52745000,0.0,0.0,88968000,373525000,0.0,27497000.0,104196000,0.2314314652261985,76699000.0,0.17035742208322968,0.0,76820000.0,0.17062617719179787,16900000.0,59920000.0,0.13308930665624222,0.29,0.28,206093000,211801000,https://www.sec.gov/Archives/edgar/data/1062579/000095012304009730/0000950123-04-009730-index.html,https://www.sec.gov/Archives/edgar/data/1062579/000095012304009730/y00403e6vk.txt,1620591231,16:13:51,20210509
67,2004-03-31,DOX,USD,2004-06-10 00:00:00,2004-06-10 17:13:10,Q2,442758000,279485000,163273000,0.3687635231887397,30084000.0,53836000,0.0,0.0,87689000,367174000,0.0,24045000.0,99629000,0.2250190849177203,75584000.0,0.1707117657953103,0.0,77295000.0,0.1745761793124009,17005000.0,60290000.0,0.13616919400665828,0.29,0.28,209977000,216164000,https://www.sec.gov/Archives/edgar/data/1062579/000095012304007295/0000950123-04-007295-index.html,https://www.sec.gov/Archives/edgar/data/1062579/000095012304007295/y97943e6vk.txt,1620591231,16:13:51,20210509
68,2003-12-31,DOX,USD,2004-02-17 00:00:00,2004-02-17 10:54:34,Q1,428295000,273235000,155060000,0.3620401825844336,30498000.0,52497000,0.0,0.0,88091000,361326000,0.0,25402000.0,92371000,0.21567144141304476,66969000.0,0.15636185339544006,0.0,68036000.0,0.1588531269335388,14968000.0,53068000.0,0.1239052522210159,0.25,0.24,215106000,220594000,https://www.sec.gov/Archives/edgar/data/1062579/000095012304001903/0000950123-04-001903-index.html,https://www.sec.gov/Archives/edgar/data/1062579/000095012304001903/y94074e6vk.txt,1620591231,16:13:51,20210509
69,2003-09-30,DOX,USD,2003-12-24 00:00:00,2003-12-24 11:22:24,Q4,411759000,262833000,148926000,0.3616824404566749,30368000.0,52621000,0.0,0.0,88626000,351459000,0.0,27479000.0,87779000,0.21318052550156766,60300000.0,0.14644488645056938,-4529000.0,58494000.0,0.1420588256722986,14623000.0,43871000.0,0.106545333556765,0.20395061039673462,0.20395061039673462,215106000,215106000,https://www.sec.gov/Archives/edgar/data/1062579/000095012303014174/0000950123-03-014174-index.html,https://www.sec.gov/Archives/edgar/data/1062579/000095012303014174/y92503e6vk.txt,1620591231,16:13:51,20210509
70,2003-06-30,DOX,USD,2003-07-15 00:00:00,2003-07-15 09:46:38,Q3,377168000,231778000,145390000,0.38547808933949856,29941000.0,50943000,0.0,0.0,85408000,317186000,0.0,23529000.0,83511000,0.22141592075679803,59982000.0,0.1590325796462054,0.0,63251000.0,0.16769980486149408,15813000.0,47438000.0,0.12577419081152166,0.22,0.21,215938000,220792000,https://www.sec.gov/Archives/edgar/data/1062579/000095012303008181/0000950123-03-008181-index.html,https://www.sec.gov/Archives/edgar/data/1062579/000095012303008181/y88385e6vk.txt,1620591231,16:13:51,20210509
71,2003-03-31,DOX,USD,2003-05-15 00:00:00,2003-05-15 14:01:07,Q2,355014000,213626000,141388000,0.3982603502960447,29328000.0,51121000,0.0,0.0,85074000,298700000,0.0,22426000.0,78740000,0.22179407009301041,56314000.0,0.1586247302923265,0.0,60500000.0,0.17041581458759372,15125000.0,45375000.0,0.1278118609406953,0.21026705653924754,0.20708870927255385,215797000,219109000,https://www.sec.gov/Archives/edgar/data/1062579/000095012303006064/0000950123-03-006064-index.html,https://www.sec.gov/Archives/edgar/data/1062579/000095012303006064/y86715e6vk.txt,1620591231,16:13:51,20210509
72,2002-12-31,DOX,USD,2003-03-24 00:00:00,2003-03-24 15:37:45,Q1,339386000,205122000,134264000,0.39560854012834945,29619000.0,51580000,0.0,0.0,86353000,291475000,0.0,24018000.0,71929000,0.21193861856411284,47911000.0,0.14116964164697424,-9956000.0,42932000.0,0.126499030602323,10733000.0,32199000.0,0.09487427295174226,0.1493280031165073,0.14828750247537292,215626000,217139000,https://www.sec.gov/Archives/edgar/data/1062579/000095012303003164/0000950123-03-003164-index.html,https://www.sec.gov/Archives/edgar/data/1062579/000095012303003164/y84701e6vk.txt,1620591231,16:13:51,20210509
73,2002-09-30,DOX,USD,2002-12-27 00:00:00,2002-12-26 18:52:08,Q4,355520000,218281000,137239000,0.3860232898289829,31801000.0,53338000,0.0,0.0,141705000,359986000,0.0,76753000.0,72287000,0.2033275202520252,-4466000.0,-0.012561881188118813,-17473000.0,-14877000.0,-0.04184574707470747,-5891000.0,-8986000.0,-0.025275652565256525,-0.041674009627781436,-0.041674009627781436,215626000,215626000,https://www.sec.gov/Archives/edgar/data/1062579/000095012302012268/0000950123-02-012268-index.html,https://www.sec.gov/Archives/edgar/data/1062579/000095012302012268/y67053e6vk.txt,1620591231,16:13:51,20210509
74,2002-06-30,DOX,USD,2002-08-15 00:00:00,2002-08-15 15:38:33,Q3,380135000,232837000,147298000,0.38748865534612703,32822000.0,55411000,0.0,0.0,144795000,377632000,0.0,74766000.0,77269000,0.20326726031541426,2503000.0,0.006584502873978981,0.0,5583000.0,0.014686887553106133,32434000.0,-26851000.0,-0.07063543214910492,-0.12,-0.12,220245000,220245000,https://www.sec.gov/Archives/edgar/data/1062579/000095012302008120/0000950123-02-008120-index.html,https://www.sec.gov/Archives/edgar/data/1062579/000095012302008120/y63168e6vk.txt,1620591231,16:13:51,20210509
75,2002-03-31,DOX,USD,2002-05-13 00:00:00,2002-05-13 15:58:44,Q2,455269000,250637000,204632000,0.44947492581309073,30902000.0,61023000,0.0,0.0,153819000,404456000,0.0,80715000.0,131528000,0.28890172623218363,50813000.0,0.11161093770935425,0.0,53196000.0,0.11684520580140532,26755000.0,26441000.0,0.05807775183462963,0.118572165295186,0.11726122897892571,222995000,225488000,https://www.sec.gov/Archives/edgar/data/1062579/000095012302005010/0000950123-02-005010-index.html,https://www.sec.gov/Archives/edgar/data/1062579/000095012302005010/y60671e6-k.txt,1620591231,16:13:51,20210509
76,2001-12-31,DOX,USD,2002-01-30 00:00:00,2002-01-30 00:00:00,Q1,422641000,231583000,191058000,0.45205741989064,28557000.0,53779000,0.0,0.0,169829000,401412000,0.0,77587000.0,98816000,0.23380599610544173,21229000.0,0.05022939090149796,-30711000.0,24556000.0,0.05810132003284111,20222000.0,4334000.0,0.010254565931842863,0.019461508064805833,0.0192545204140566,222696000,225090000,https://www.sec.gov/Archives/edgar/data/1062579/000090445402000031/0000904454-02-000031-index.html,https://www.sec.gov/Archives/edgar/data/1062579/000090445402000031/f6k_1q-2002.txt,1620591231,16:13:51,20210509
77,2001-09-30,DOX,USD,2001-10-10 00:00:00,2001-10-10 00:00:00,Q4,415447000,229741000,185706000,0.44700286679167256,29073000.0,51248000,0.0,0.0,136178000,365919000,0.0,73153000.0,122681000,0.2952987986433889,49528000.0,0.1192161695715699,-17963000.0,55929000.0,0.13462367040801834,36024000.0,19905000.0,0.047912248734495615,0.08938193770880483,0.08938193770880483,222696000,222696000,https://www.sec.gov/Archives/edgar/data/1062579/000090445401500118/0000904454-01-500118-index.html,https://www.sec.gov/Archives/edgar/data/1062579/000090445401500118/f6k_3q-2001.txt,1620591231,16:13:51,20210509
78,2001-06-30,DOX,USD,2001-08-09 00:00:00,2001-08-09 00:00:00,Q3,404007000,222606000,181401000,0.4490045964550119,28003000.0,52727000,0.0,0.0,136537000,359143000,0.0,71628000.0,116492000,0.2883415386367068,44864000.0,0.1110475808587475,5228000.0,50092000.0,0.12398795070382444,31600000.0,18492000.0,0.04577148415745272,0.08316655348123896,0.08148337460672771,222349000,226942000,https://www.sec.gov/Archives/edgar/data/1062579/000095012301505228/0000950123-01-505228-index.html,https://www.sec.gov/Archives/edgar/data/1062579/000095012301505228/y52027e6-k.txt,1620591231,16:13:51,20210509
79,2001-03-31,DOX,USD,2001-05-10 00:00:00,2001-05-10 00:00:00,Q2,372289000,207449000,164840000,0.44277429631281073,25152000.0,48168000,0.0,0.0,127484000,334933000,0.0,68865000.0,106221000,0.28531866372629866,37356000.0,0.10034140143813006,5096000.0,42452000.0,0.1140296919866018,27039000.0,15413000.0,0.04140063230447314,0.06946422454976474,0.06783502704510745,221884000,227213000,https://www.sec.gov/Archives/edgar/data/1062579/000095012301502173/0000950123-01-502173-index.html,https://www.sec.gov/Archives/edgar/data/1062579/000095012301502173/y48797e6-k.txt,1620591231,16:13:51,20210509
80,2000-12-31,DOX,USD,2001-01-04 00:00:00,2001-01-04 00:00:00,Q1,342167000,193446000,148721000,0.43464448646421194,23579000.0,43450000,0.0,0.0,121189000,314635000,0.0,68979000.0,96511000,0.28205817627065144,27532000.0,0.08046363325510643,5562000.0,33094000.0,0.09671885365917812,20518000.0,12576000.0,0.03675398270435197,0.056849157162424224,0.05555727355860771,221217000,226361000,https://www.sec.gov/Archives/edgar/data/1062579/000095012301000062/0000950123-01-000062-index.html,https://www.sec.gov/Archives/edgar/data/1062579/000095012301000062/y43844e20-f.txt,1620591231,16:13:51,20210509
81,2000-09-30,DOX,USD,2000-12-27 00:00:00,2000-12-27 00:00:00,Q4,315067000,178753000,136314000,0.43265083299742596,21894000.0,39136000,0.0,0.0,115359000,294112000,0.0,67217000.0,88172000,0.279851587122739,20955000.0,0.0665096630240552,4716000.0,25671000.0,0.0814779078735634,12678000.0,12993000.0,0.04123884761019085,0.05873418408169354,0.05873418408169354,221217000,221217000,https://www.sec.gov/Archives/edgar/data/1062579/000095012300011823/0000950123-00-011823-index.html,https://www.sec.gov/Archives/edgar/data/1062579/000095012300011823/y43680e6-k.txt,1620591231,16:13:51,20210509
82,2000-06-30,DOX,USD,2000-07-31 00:00:00,2000-07-31 00:00:00,Q3,297002000,169401000,127601000,0.4296301035009865,20275000.0,37321000,0.0,0.0,167407000,336808000,0.0,65573000.0,25767000,0.08675699153541054,-39806000.0,-0.13402603349472395,-52386000.0,-36451000.0,-0.12272981326725073,30708000.0,-67159000.0,-0.22612305641039454,-0.31,-0.31,219962000,219962000,https://www.sec.gov/Archives/edgar/data/1062579/000095012300006997/0000950123-00-006997-index.html,https://www.sec.gov/Archives/edgar/data/1062579/000095012300006997/e6-k.txt,1620591231,16:13:51,20210509
83,2000-03-31,DOX,USD,2000-04-11 00:00:00,2000-04-11 00:00:00,Q2,270745000,158347000,112398000,0.41514340061681654,17713000.0,34570000,0.0,0.0,52283000,210630000,0.0,12369000.0,72484000,0.26772054885593455,60115000.0,0.2220354946536409,2318000.0,62433000.0,0.23059705627066057,19570000.0,42863000.0,0.15831501966795325,0.21,0.2,205985000,211416000,https://www.sec.gov/Archives/edgar/data/1062579/000090445400000064/0000904454-00-000064-index.html,https://www.sec.gov/Archives/edgar/data/1062579/0000904454-00-000064.txt,1620591231,16:13:51,20210509
84,1999-12-31,DOX,USD,2000-02-10 00:00:00,2000-02-10 00:00:00,Q1,235500000,140200000,95300000,0.40467091295116775,15000000.0,27600000,0.0,0.0,62400000,202600000,0.0,10200000.0,43100000,0.1830148619957537,32900000.0,0.1397027600849257,-19600000.0,33200000.0,0.14097664543524416,15900000.0,17300000.0,0.07346072186836518,0.09,0.08,201020000,204867000,https://www.sec.gov/Archives/edgar/data/1062579/000095012300001024/0000950123-00-001024-index.html,https://www.sec.gov/Archives/edgar/data/1062579/0000950123-00-001024.txt,1620591231,16:13:51,20210509
85,1999-09-30,DOX,USD,1999-12-07 00:00:00,1999-12-07 00:00:00,Q4,182800000,104600000,78200000,0.42778993435448576,12400000.0,22400000,0.0,0.0,29300000,133900000,0.0,8600000.0,57500000,0.31455142231947486,48900000.0,0.2675054704595186,0.0,42700000.0,0.2335886214442013,12800000.0,29800000.0,0.16301969365426697,0.148243955825291,0.148243955825291,201020000,201020000,https://www.sec.gov/Archives/edgar/data/1062579/000095012399010789/0000950123-99-010789-index.html,https://www.sec.gov/Archives/edgar/data/1062579/0000950123-99-010789.txt,1620591231,16:13:51,20210509
86,1999-06-30,DOX,USD,1999-08-12 00:00:00,1999-08-12 00:00:00,Q3,164900000,95800000,69100000,0.41904184354154034,11000000.0,20300000,0.0,0.0,31300000,127100000,0.0,8200000.0,46000000,0.27895694360218315,37800000.0,0.22922983626440266,-600000.0,36300000.0,0.22013341419041843,10900000.0,25400000.0,0.15403274711946635,0.12872360912619982,0.1268034546452998,197322000,200310000,https://www.sec.gov/Archives/edgar/data/1062579/000095012399007546/0000950123-99-007546-index.html,https://www.sec.gov/Archives/edgar/data/1062579/0000950123-99-007546.txt,1620591231,16:13:51,20210509
87,1999-03-31,DOX,USD,1999-05-19 00:00:00,1999-05-19 00:00:00,Q2,147800000,85700000,62100000,0.42016238159675234,9100000.0,17400000,0.0,0.0,26500000,112200000,0.0,7300000.0,42900000,0.2902571041948579,35600000.0,0.2408660351826793,-1000000.0,33100000.0,0.2239512855209743,9900000.0,23100000.0,0.15629228687415425,0.1173780487804878,0.11576510208377183,196800000,199542000,https://www.sec.gov/Archives/edgar/data/1062579/000095012399004961/0000950123-99-004961-index.html,https://www.sec.gov/Archives/edgar/data/1062579/0000950123-99-004961.txt,1620591231,16:13:51,20210509
88,1998-12-31,DOX,USD,1999-01-15 00:00:00,1999-01-15 00:00:00,Q1,131400000,77200000,54200000,0.4124809741248097,8400000.0,15600000,0.0,0.0,24000000,101200000,0.0,6500000.0,36700000,0.2792998477929985,30200000.0,0.2298325722983257,-100000.0,28800000.0,0.2191780821917808,8600000.0,20100000.0,0.15296803652968036,0.10213414634146341,0.10105326663482567,196800000,198905000,https://www.sec.gov/Archives/edgar/data/1062579/000095012399000223/0000950123-99-000223-index.html,https://www.sec.gov/Archives/edgar/data/1062579/0000950123-99-000223.txt,1620591231,16:13:51,20210509
89,1998-09-30,DOX,USD,1998-12-18 00:00:00,1998-12-18 00:00:00,Q4,116700000,68300000,48400000,0.414738646101114,7500000.0,14800000,0.0,0.0,22300000,90600000,0.0,0.0,26100000,0.2236503856041131,26100000.0,0.2236503856041131,0.0,23800000.0,0.20394173093401885,11900000.0,11600000.0,0.09940017137960583,0.05894308943089431,0.05894308943089431,196800000,196800000,https://www.sec.gov/Archives/edgar/data/1062579/000095012398010750/0000950123-98-010750-index.html,https://www.sec.gov/Archives/edgar/data/1062579/0000950123-98-010750.txt,1620591231,16:13:51,20210509
