,date,symbol,reportedCurrency,fillingDate,acceptedDate,period,revenue,costOfRevenue,grossProfit,grossProfitRatio,researchAndDevelopmentExpenses,generalAndAdministrativeExpenses,sellingAndMarketingExpenses,otherExpenses,operatingExpenses,costAndExpenses,interestExpense,depreciationAndAmortization,ebitda,ebitdaratio,operatingIncome,operatingIncomeRatio,totalOtherIncomeExpensesNet,incomeBeforeTax,incomeBeforeTaxRatio,incomeTaxExpense,netIncome,netIncomeRatio,eps,epsdiluted,weightedAverageShsOut,weightedAverageShsOutDil,link,finalLink,timestamp,est_time,est_date
0,2019-06-30,VIRP.PA,EUR,2019-06-30,2019-06-30,Q2,234585500,79558000.0,155027500.0,0.6608571288506749,3703500.0,0.0,0.0,-332000.0,42769250.0,208057000,4450750.0,13682750.0,40211250.0,0.17141404733029109,26528500.0,0.11308669973208063,0.0,19418000.0,0.08277578963746694,5859500.0,12887500.0,0.054937325623280214,1.5275,1.5275,8431822.0,8431822.0,https://www.infogreffe.com/recherche-entreprise-dirigeants/resultats-entreprise-dirigeants.html?ga_cat=globale&ga_q=V.I.R.P#phrase=V.I.R.P,https://www.infogreffe.com/recherche-entreprise-dirigeants/resultats-entreprise-dirigeants.html?ga_cat=globale&ga_q=V.I.R.P#phrase=V.I.R.P,1620599527,18:32:07,20210509
1,2019-03-31,VIRP.PA,EUR,2019-03-31,2019-03-31,Q1,234585500,79558000.0,155027500.0,0.6608571288506749,3703500.0,0.0,0.0,-332000.0,42769250.0,208057000,4450750.0,13682750.0,40211250.0,0.17141404733029109,26528500.0,0.11308669973208063,0.0,19418000.0,0.08277578963746694,5859500.0,12887500.0,0.054937325623280214,1.5275,1.5275,8431822.0,8431822.0,https://www.infogreffe.com/recherche-entreprise-dirigeants/resultats-entreprise-dirigeants.html?ga_cat=globale&ga_q=V.I.R.P#phrase=V.I.R.P,https://www.infogreffe.com/recherche-entreprise-dirigeants/resultats-entreprise-dirigeants.html?ga_cat=globale&ga_q=V.I.R.P#phrase=V.I.R.P,1620599527,18:32:07,20210509
2,2019-01-31,VIRP.PA,EUR,2019-01-31,2019-01-31,Q1,234585500,79558000.0,155027500.0,0.6608571288506749,3703500.0,0.0,0.0,-332000.0,42769250.0,208057000,4450750.0,13682750.0,40211250.0,0.17141404733029109,26528500.0,0.11308669973208063,0.0,19418000.0,0.08277578963746694,5859500.0,12887500.0,0.054937325623280214,1.5275,1.5275,8431822.0,8431822.0,https://www.infogreffe.com/recherche-entreprise-dirigeants/resultats-entreprise-dirigeants.html?ga_cat=globale&ga_q=V.I.R.P#phrase=V.I.R.P,https://www.infogreffe.com/recherche-entreprise-dirigeants/resultats-entreprise-dirigeants.html?ga_cat=globale&ga_q=V.I.R.P#phrase=V.I.R.P,1620599527,18:32:07,20210509
3,2018-06-30,VIRP.PA,EUR,2018-06-30,2018-06-30,Q2,217233000,74508500.0,142724500.0,0.6570111355088776,3275500.0,0.0,0.0,-1175250.0,44850250.0,198262250,4448250.0,10683750.0,29654500.0,0.13651010665966956,18970750.0,0.08732904300911924,0.0,10222250.0,0.04705661662822867,5091500.0,5024750.0,0.02313069377120419,0.5975,0.5975,8422050.0,8422050.0,https://www.infogreffe.com/recherche-entreprise-dirigeants/resultats-entreprise-dirigeants.html?ga_cat=globale&ga_q=V.I.R.P#phrase=V.I.R.P,https://www.infogreffe.com/recherche-entreprise-dirigeants/resultats-entreprise-dirigeants.html?ga_cat=globale&ga_q=V.I.R.P#phrase=V.I.R.P,1620599527,18:32:07,20210509
4,2018-03-31,VIRP.PA,EUR,2018-03-31,2018-03-31,Q1,217233000,74508500.0,142724500.0,0.6570111355088776,3275500.0,0.0,0.0,-1175250.0,44850250.0,198262250,4448250.0,10683750.0,29654500.0,0.13651010665966956,18970750.0,0.08732904300911924,0.0,10222250.0,0.04705661662822867,5091500.0,5024750.0,0.02313069377120419,0.5975,0.5975,8422050.0,8422050.0,https://www.infogreffe.com/recherche-entreprise-dirigeants/resultats-entreprise-dirigeants.html?ga_cat=globale&ga_q=V.I.R.P#phrase=V.I.R.P,https://www.infogreffe.com/recherche-entreprise-dirigeants/resultats-entreprise-dirigeants.html?ga_cat=globale&ga_q=V.I.R.P#phrase=V.I.R.P,1620599527,18:32:07,20210509
5,2018-01-31,VIRP.PA,EUR,2018-01-31,2018-01-31,Q1,217233000,74508500.0,142724500.0,0.6570111355088776,3275500.0,0.0,0.0,-1175250.0,44850250.0,198262250,4448250.0,10683750.0,29654500.0,0.13651010665966956,18970750.0,0.08732904300911924,0.0,10222250.0,0.04705661662822867,5091500.0,5024750.0,0.02313069377120419,0.5975,0.5975,8422050.0,8422050.0,https://www.infogreffe.com/recherche-entreprise-dirigeants/resultats-entreprise-dirigeants.html?ga_cat=globale&ga_q=V.I.R.P#phrase=V.I.R.P,https://www.infogreffe.com/recherche-entreprise-dirigeants/resultats-entreprise-dirigeants.html?ga_cat=globale&ga_q=V.I.R.P#phrase=V.I.R.P,1620599527,18:32:07,20210509
6,2017-06-30,VIRP.PA,EUR,2017-06-30,2017-06-30,Q2,215470250,76859250.0,138611000.0,0.6432953041081078,0.0,44757250.0,0.0,-223250.0,3091250.0,199097000,5078250.0,10606250.0,26979500.0,0.1252121812640028,16373250.0,0.07598844852131559,0.0,10059250.0,0.046685099219033716,9810750.0,-643750.0,-0.002987651427517256,-0.0775,-0.0775,8420739.0,8420739.0,https://www.infogreffe.com/recherche-entreprise-dirigeants/resultats-entreprise-dirigeants.html?ga_cat=globale&ga_q=V.I.R.P#phrase=V.I.R.P,https://www.infogreffe.com/recherche-entreprise-dirigeants/resultats-entreprise-dirigeants.html?ga_cat=globale&ga_q=V.I.R.P#phrase=V.I.R.P,1620599527,18:32:07,20210509
7,2017-03-31,VIRP.PA,EUR,2017-03-31,2017-03-31,Q1,215470250,76859250.0,138611000.0,0.6432953041081078,0.0,44757250.0,0.0,-223250.0,3091250.0,199097000,5078250.0,10606250.0,26979500.0,0.1252121812640028,16373250.0,0.07598844852131559,0.0,10059250.0,0.046685099219033716,9810750.0,-643750.0,-0.002987651427517256,-0.0775,-0.0775,8420739.0,8420739.0,https://www.infogreffe.com/recherche-entreprise-dirigeants/resultats-entreprise-dirigeants.html?ga_cat=globale&ga_q=V.I.R.P#phrase=V.I.R.P,https://www.infogreffe.com/recherche-entreprise-dirigeants/resultats-entreprise-dirigeants.html?ga_cat=globale&ga_q=V.I.R.P#phrase=V.I.R.P,1620599527,18:32:07,20210509
8,2017-01-31,VIRP.PA,EUR,2017-01-31,2017-01-31,Q1,215470250,76859250.0,138611000.0,0.6432953041081078,0.0,44757250.0,0.0,-223250.0,3091250.0,199097000,5078250.0,10606250.0,26979500.0,0.1252121812640028,16373250.0,0.07598844852131559,0.0,10059250.0,0.046685099219033716,9810750.0,-643750.0,-0.002987651427517256,-0.0775,-0.0775,8420739.0,8420739.0,https://www.infogreffe.com/recherche-entreprise-dirigeants/resultats-entreprise-dirigeants.html?ga_cat=globale&ga_q=V.I.R.P#phrase=V.I.R.P,https://www.infogreffe.com/recherche-entreprise-dirigeants/resultats-entreprise-dirigeants.html?ga_cat=globale&ga_q=V.I.R.P#phrase=V.I.R.P,1620599527,18:32:07,20210509
9,2016-06-30,VIRP.PA,EUR,2016-06-30,2016-06-30,Q2,217957250,76059750.0,141897500.0,0.6510336315951867,0.0,45481750.0,0.0,-451750.0,2961250.0,200903500,5037500.0,10791250.0,27845000.0,0.12775441055528092,17053750.0,0.07824355464202269,0.0,13140000.0,0.060287051703946534,3746750.0,8661500.0,0.03973944431763568,1.0275,1.0275,8429032.0,8429032.0,https://www.infogreffe.com/recherche-entreprise-dirigeants/resultats-entreprise-dirigeants.html?ga_cat=globale&ga_q=V.I.R.P#phrase=V.I.R.P,https://www.infogreffe.com/recherche-entreprise-dirigeants/resultats-entreprise-dirigeants.html?ga_cat=globale&ga_q=V.I.R.P#phrase=V.I.R.P,1620599527,18:32:07,20210509
10,2016-03-31,VIRP.PA,EUR,2016-03-31,2016-03-31,Q1,217957250,76059750.0,141897500.0,0.6510336315951867,0.0,45481750.0,0.0,-451750.0,2961250.0,200903500,5037500.0,10791250.0,27845000.0,0.12775441055528092,17053750.0,0.07824355464202269,0.0,13140000.0,0.060287051703946534,3746750.0,8661500.0,0.03973944431763568,1.0275,1.0275,8429032.0,8429032.0,https://www.infogreffe.com/recherche-entreprise-dirigeants/resultats-entreprise-dirigeants.html?ga_cat=globale&ga_q=V.I.R.P#phrase=V.I.R.P,https://www.infogreffe.com/recherche-entreprise-dirigeants/resultats-entreprise-dirigeants.html?ga_cat=globale&ga_q=V.I.R.P#phrase=V.I.R.P,1620599527,18:32:07,20210509
11,2016-01-31,VIRP.PA,EUR,2016-01-31,2016-01-31,Q1,217957250,76059750.0,141897500.0,0.6510336315951867,0.0,45481750.0,0.0,-451750.0,2961250.0,200903500,5037500.0,10791250.0,27845000.0,0.12775441055528092,17053750.0,0.07824355464202269,0.0,13140000.0,0.060287051703946534,3746750.0,8661500.0,0.03973944431763568,1.0275,1.0275,8429032.0,8429032.0,https://www.infogreffe.com/recherche-entreprise-dirigeants/resultats-entreprise-dirigeants.html?ga_cat=globale&ga_q=V.I.R.P#phrase=V.I.R.P,https://www.infogreffe.com/recherche-entreprise-dirigeants/resultats-entreprise-dirigeants.html?ga_cat=globale&ga_q=V.I.R.P#phrase=V.I.R.P,1620599527,18:32:07,20210509
12,2015-09-30,VIRP.PA,EUR,2015-09-30,2015-09-30,Q3,213155750,75507750.0,137648000.0,0.6457625468700704,0.0,52035250.0,0.0,-425750.0,3190250.0,202729750,3651500.0,11182250.0,21608250.0,0.1013730570252034,10426000.0,0.04891259091063694,0.0,3845750.0,0.01804197165687531,484250.0,2351250.0,0.011030666543126328,0.28,0.28,8430220.0,8430220.0,https://www.infogreffe.com/recherche-entreprise-dirigeants/resultats-entreprise-dirigeants.html?ga_cat=globale&ga_q=V.I.R.P#phrase=V.I.R.P,https://www.infogreffe.com/recherche-entreprise-dirigeants/resultats-entreprise-dirigeants.html?ga_cat=globale&ga_q=V.I.R.P#phrase=V.I.R.P,1620599527,18:32:07,20210509
13,2015-06-30,VIRP.PA,EUR,2015-06-30,2015-06-30,Q2,213155750,75507750.0,137648000.0,0.6457625468700704,0.0,52035250.0,0.0,-425750.0,3190250.0,202729750,3651500.0,11182250.0,21608250.0,0.1013730570252034,10426000.0,0.04891259091063694,0.0,3845750.0,0.01804197165687531,484250.0,2351250.0,0.011030666543126328,0.28,0.28,8430220.0,8430220.0,https://www.infogreffe.com/recherche-entreprise-dirigeants/resultats-entreprise-dirigeants.html?ga_cat=globale&ga_q=V.I.R.P#phrase=V.I.R.P,https://www.infogreffe.com/recherche-entreprise-dirigeants/resultats-entreprise-dirigeants.html?ga_cat=globale&ga_q=V.I.R.P#phrase=V.I.R.P,1620599527,18:32:07,20210509
14,2015-03-31,VIRP.PA,EUR,2015-03-31,2015-03-31,Q1,213155750,75507750.0,137648000.0,0.6457625468700704,0.0,52035250.0,0.0,-425750.0,3190250.0,202729750,3651500.0,11182250.0,21608250.0,0.1013730570252034,10426000.0,0.04891259091063694,0.0,3845750.0,0.01804197165687531,484250.0,2351250.0,0.011030666543126328,0.28,0.28,8430220.0,8430220.0,https://www.infogreffe.com/recherche-entreprise-dirigeants/resultats-entreprise-dirigeants.html?ga_cat=globale&ga_q=V.I.R.P#phrase=V.I.R.P,https://www.infogreffe.com/recherche-entreprise-dirigeants/resultats-entreprise-dirigeants.html?ga_cat=globale&ga_q=V.I.R.P#phrase=V.I.R.P,1620599527,18:32:07,20210509
15,2015-01-31,VIRP.PA,EUR,2015-01-31,2015-01-31,Q1,213155750,75507750.0,137648000.0,0.6457625468700704,0.0,52035250.0,0.0,-425750.0,3190250.0,202729750,3651500.0,11182250.0,21608250.0,0.1013730570252034,10426000.0,0.04891259091063694,0.0,3845750.0,0.01804197165687531,484250.0,2351250.0,0.011030666543126328,0.28,0.28,8430220.0,8430220.0,https://www.infogreffe.com/recherche-entreprise-dirigeants/resultats-entreprise-dirigeants.html?ga_cat=globale&ga_q=V.I.R.P#phrase=V.I.R.P,https://www.infogreffe.com/recherche-entreprise-dirigeants/resultats-entreprise-dirigeants.html?ga_cat=globale&ga_q=V.I.R.P#phrase=V.I.R.P,1620599527,18:32:07,20210509
16,2014-09-30,VIRP.PA,EUR,2014-09-30,2014-09-30,Q3,193279000,62611000.0,130668000.0,0.6760589613977721,0.0,41139750.0,0.0,0.0,4151250.0,165889500,1939500.0,7363250.0,34752750.0,0.17980613517247088,27389500.0,0.1417096528852074,0.0,25228750.0,0.1305302179750516,7285750.0,15899000.0,0.08225932460329369,1.885,1.885,8429955.0,8429955.0,https://www.infogreffe.com/recherche-entreprise-dirigeants/resultats-entreprise-dirigeants.html?ga_cat=globale&ga_q=V.I.R.P#phrase=V.I.R.P,https://www.infogreffe.com/recherche-entreprise-dirigeants/resultats-entreprise-dirigeants.html?ga_cat=globale&ga_q=V.I.R.P#phrase=V.I.R.P,1620599527,18:32:07,20210509
17,2014-06-30,VIRP.PA,EUR,2014-06-30,2014-06-30,Q2,193279000,62611000.0,130668000.0,0.6760589613977721,0.0,41139750.0,0.0,0.0,4151250.0,165889500,1939500.0,7363250.0,34752750.0,0.17980613517247088,27389500.0,0.1417096528852074,0.0,25228750.0,0.1305302179750516,7285750.0,15899000.0,0.08225932460329369,1.885,1.885,8429955.0,8429955.0,https://www.infogreffe.com/recherche-entreprise-dirigeants/resultats-entreprise-dirigeants.html?ga_cat=globale&ga_q=V.I.R.P#phrase=V.I.R.P,https://www.infogreffe.com/recherche-entreprise-dirigeants/resultats-entreprise-dirigeants.html?ga_cat=globale&ga_q=V.I.R.P#phrase=V.I.R.P,1620599527,18:32:07,20210509
18,2014-03-31,VIRP.PA,EUR,2014-03-31,2014-03-31,Q1,193279000,62611000.0,130668000.0,0.6760589613977721,0.0,41139750.0,0.0,0.0,4151250.0,165889500,1939500.0,7363250.0,34752750.0,0.17980613517247088,27389500.0,0.1417096528852074,0.0,25228750.0,0.1305302179750516,7285750.0,15899000.0,0.08225932460329369,1.885,1.885,8429955.0,8429955.0,https://www.infogreffe.com/recherche-entreprise-dirigeants/resultats-entreprise-dirigeants.html?ga_cat=globale&ga_q=V.I.R.P#phrase=V.I.R.P,https://www.infogreffe.com/recherche-entreprise-dirigeants/resultats-entreprise-dirigeants.html?ga_cat=globale&ga_q=V.I.R.P#phrase=V.I.R.P,1620599527,18:32:07,20210509
19,2014-01-31,VIRP.PA,EUR,2014-01-31,2014-01-31,Q1,193279000,62611000.0,130668000.0,0.6760589613977721,0.0,41139750.0,0.0,0.0,4151250.0,165889500,1939500.0,7363250.0,34752750.0,0.17980613517247088,27389500.0,0.1417096528852074,0.0,25228750.0,0.1305302179750516,7285750.0,15899000.0,0.08225932460329369,1.885,1.885,8429955.0,8429955.0,https://www.infogreffe.com/recherche-entreprise-dirigeants/resultats-entreprise-dirigeants.html?ga_cat=globale&ga_q=V.I.R.P#phrase=V.I.R.P,https://www.infogreffe.com/recherche-entreprise-dirigeants/resultats-entreprise-dirigeants.html?ga_cat=globale&ga_q=V.I.R.P#phrase=V.I.R.P,1620599527,18:32:07,20210509
20,2013-09-30,VIRP.PA,EUR,2013-09-30,2013-09-30,Q3,184019750,59376750.0,124643000.0,0.6773349056283361,0.0,39740250.0,0.0,-769000.0,3806000.0,156955000,1726500.0,6924250.0,33989000.0,0.18470300062900857,27064750.0,0.14707524599941038,0.0,23896000.0,0.1298556269096116,6431250.0,15130750.0,0.0822235113350605,1.795,1.795,8427547.0,8427547.0,https://www.infogreffe.com/recherche-entreprise-dirigeants/resultats-entreprise-dirigeants.html?ga_cat=globale&ga_q=V.I.R.P#phrase=V.I.R.P,https://www.infogreffe.com/recherche-entreprise-dirigeants/resultats-entreprise-dirigeants.html?ga_cat=globale&ga_q=V.I.R.P#phrase=V.I.R.P,1620599527,18:32:07,20210509
21,2013-06-30,VIRP.PA,EUR,2013-06-30,2013-06-30,Q2,184019750,59376750.0,124643000.0,0.6773349056283361,0.0,39740250.0,0.0,-769000.0,3806000.0,156955000,1726500.0,6924250.0,33989000.0,0.18470300062900857,27064750.0,0.14707524599941038,0.0,23896000.0,0.1298556269096116,6431250.0,15130750.0,0.0822235113350605,1.795,1.795,8427547.0,8427547.0,https://www.infogreffe.com/recherche-entreprise-dirigeants/resultats-entreprise-dirigeants.html?ga_cat=globale&ga_q=V.I.R.P#phrase=V.I.R.P,https://www.infogreffe.com/recherche-entreprise-dirigeants/resultats-entreprise-dirigeants.html?ga_cat=globale&ga_q=V.I.R.P#phrase=V.I.R.P,1620599527,18:32:07,20210509
22,2013-03-31,VIRP.PA,EUR,2013-03-31,2013-03-31,Q1,184019750,59376750.0,124643000.0,0.6773349056283361,0.0,39740250.0,0.0,-769000.0,3806000.0,156955000,1726500.0,6924250.0,33989000.0,0.18470300062900857,27064750.0,0.14707524599941038,0.0,23896000.0,0.1298556269096116,6431250.0,15130750.0,0.0822235113350605,1.795,1.795,8427547.0,8427547.0,https://www.infogreffe.com/recherche-entreprise-dirigeants/resultats-entreprise-dirigeants.html?ga_cat=globale&ga_q=V.I.R.P#phrase=V.I.R.P,https://www.infogreffe.com/recherche-entreprise-dirigeants/resultats-entreprise-dirigeants.html?ga_cat=globale&ga_q=V.I.R.P#phrase=V.I.R.P,1620599527,18:32:07,20210509
23,2013-01-31,VIRP.PA,EUR,2013-01-31,2013-01-31,Q1,184019750,59376750.0,124643000.0,0.6773349056283361,0.0,39740250.0,0.0,-769000.0,3806000.0,156955000,1726500.0,6924250.0,33989000.0,0.18470300062900857,27064750.0,0.14707524599941038,0.0,23896000.0,0.1298556269096116,6431250.0,15130750.0,0.0822235113350605,1.795,1.795,8427547.0,8427547.0,https://www.infogreffe.com/recherche-entreprise-dirigeants/resultats-entreprise-dirigeants.html?ga_cat=globale&ga_q=V.I.R.P#phrase=V.I.R.P,https://www.infogreffe.com/recherche-entreprise-dirigeants/resultats-entreprise-dirigeants.html?ga_cat=globale&ga_q=V.I.R.P#phrase=V.I.R.P,1620599527,18:32:07,20210509
24,2012-09-30,VIRP.PA,EUR,2012-09-30,2012-09-30,Q3,173788750,54786500.0,119002250.0,0.6847523214247182,0.0,39685250.0,0.0,-791500.0,3678250.0,148710250,856750.0,5991500.0,31070000.0,0.17878027202566335,25078500.0,0.14430450762779523,0.0,23865250.0,0.13732333076795822,7026750.0,16656250.0,0.09584193453258626,1.9775,1.9775,8420197.0,8420197.0,https://www.infogreffe.com/recherche-entreprise-dirigeants/resultats-entreprise-dirigeants.html?ga_cat=globale&ga_q=V.I.R.P#phrase=V.I.R.P,https://www.infogreffe.com/recherche-entreprise-dirigeants/resultats-entreprise-dirigeants.html?ga_cat=globale&ga_q=V.I.R.P#phrase=V.I.R.P,1620599527,18:32:07,20210509
25,2012-06-30,VIRP.PA,EUR,2012-06-30,2012-06-30,Q2,173788750,54786500.0,119002250.0,0.6847523214247182,0.0,39685250.0,0.0,-791500.0,3678250.0,148710250,856750.0,5991500.0,31070000.0,0.17878027202566335,25078500.0,0.14430450762779523,0.0,23865250.0,0.13732333076795822,7026750.0,16656250.0,0.09584193453258626,1.9775,1.9775,8420197.0,8420197.0,https://www.infogreffe.com/recherche-entreprise-dirigeants/resultats-entreprise-dirigeants.html?ga_cat=globale&ga_q=V.I.R.P#phrase=V.I.R.P,https://www.infogreffe.com/recherche-entreprise-dirigeants/resultats-entreprise-dirigeants.html?ga_cat=globale&ga_q=V.I.R.P#phrase=V.I.R.P,1620599527,18:32:07,20210509
26,2012-03-31,VIRP.PA,EUR,2012-03-31,2012-03-31,Q1,173788750,54786500.0,119002250.0,0.6847523214247182,0.0,39685250.0,0.0,-791500.0,3678250.0,148710250,856750.0,5991500.0,31070000.0,0.17878027202566335,25078500.0,0.14430450762779523,0.0,23865250.0,0.13732333076795822,7026750.0,16656250.0,0.09584193453258626,1.9775,1.9775,8420197.0,8420197.0,https://www.infogreffe.com/recherche-entreprise-dirigeants/resultats-entreprise-dirigeants.html?ga_cat=globale&ga_q=V.I.R.P#phrase=V.I.R.P,https://www.infogreffe.com/recherche-entreprise-dirigeants/resultats-entreprise-dirigeants.html?ga_cat=globale&ga_q=V.I.R.P#phrase=V.I.R.P,1620599527,18:32:07,20210509
27,2012-01-31,VIRP.PA,EUR,2012-01-31,2012-01-31,Q1,173788750,54786500.0,119002250.0,0.6847523214247182,0.0,39685250.0,0.0,-791500.0,3678250.0,148710250,856750.0,5991500.0,31070000.0,0.17878027202566335,25078500.0,0.14430450762779523,0.0,23865250.0,0.13732333076795822,7026750.0,16656250.0,0.09584193453258626,1.9775,1.9775,8420197.0,8420197.0,https://www.infogreffe.com/recherche-entreprise-dirigeants/resultats-entreprise-dirigeants.html?ga_cat=globale&ga_q=V.I.R.P#phrase=V.I.R.P,https://www.infogreffe.com/recherche-entreprise-dirigeants/resultats-entreprise-dirigeants.html?ga_cat=globale&ga_q=V.I.R.P#phrase=V.I.R.P,1620599527,18:32:07,20210509
28,2011-09-30,VIRP.PA,EUR,2011-09-30,2011-09-30,Q3,155764750,85200000.0,70564750.0,0.4530213029584678,0.0,3410500.0,0.0,0.0,-331000.0,134211500,678250.0,4925500.0,26478750.0,0.16999192692826842,21553250.0,0.13837052349777468,0.0,20875000.0,0.13401620071293407,6241750.0,14638750.0,0.09397986386521982,1.7075,1.7075,8417700.0,8417700.0,https://www.infogreffe.com/recherche-entreprise-dirigeants/resultats-entreprise-dirigeants.html?ga_cat=globale&ga_q=V.I.R.P#phrase=V.I.R.P,https://www.infogreffe.com/recherche-entreprise-dirigeants/resultats-entreprise-dirigeants.html?ga_cat=globale&ga_q=V.I.R.P#phrase=V.I.R.P,1620599527,18:32:07,20210509
29,2011-06-30,VIRP.PA,EUR,2011-06-30,2011-06-30,Q2,155764750,85200000.0,70564750.0,0.4530213029584678,0.0,3410500.0,0.0,0.0,-331000.0,134211500,678250.0,4925500.0,26478750.0,0.16999192692826842,21553250.0,0.13837052349777468,0.0,20875000.0,0.13401620071293407,6241750.0,14638750.0,0.09397986386521982,1.7075,1.7075,8417700.0,8417700.0,https://www.infogreffe.com/recherche-entreprise-dirigeants/resultats-entreprise-dirigeants.html?ga_cat=globale&ga_q=V.I.R.P#phrase=V.I.R.P,https://www.infogreffe.com/recherche-entreprise-dirigeants/resultats-entreprise-dirigeants.html?ga_cat=globale&ga_q=V.I.R.P#phrase=V.I.R.P,1620599527,18:32:07,20210509
30,2011-03-31,VIRP.PA,EUR,2011-03-31,2011-03-31,Q1,155764750,85200000.0,70564750.0,0.4530213029584678,0.0,3410500.0,0.0,0.0,-331000.0,134211500,678250.0,4925500.0,26478750.0,0.16999192692826842,21553250.0,0.13837052349777468,0.0,20875000.0,0.13401620071293407,6241750.0,14638750.0,0.09397986386521982,1.7075,1.7075,8417700.0,8417700.0,https://www.infogreffe.com/recherche-entreprise-dirigeants/resultats-entreprise-dirigeants.html?ga_cat=globale&ga_q=V.I.R.P#phrase=V.I.R.P,https://www.infogreffe.com/recherche-entreprise-dirigeants/resultats-entreprise-dirigeants.html?ga_cat=globale&ga_q=V.I.R.P#phrase=V.I.R.P,1620599527,18:32:07,20210509
31,2011-01-31,VIRP.PA,EUR,2011-01-31,2011-01-31,Q1,155764750,85200000.0,70564750.0,0.4530213029584678,0.0,3410500.0,0.0,0.0,-331000.0,134211500,678250.0,4925500.0,26478750.0,0.16999192692826842,21553250.0,0.13837052349777468,0.0,20875000.0,0.13401620071293407,6241750.0,14638750.0,0.09397986386521982,1.7075,1.7075,8417700.0,8417700.0,https://www.infogreffe.com/recherche-entreprise-dirigeants/resultats-entreprise-dirigeants.html?ga_cat=globale&ga_q=V.I.R.P#phrase=V.I.R.P,https://www.infogreffe.com/recherche-entreprise-dirigeants/resultats-entreprise-dirigeants.html?ga_cat=globale&ga_q=V.I.R.P#phrase=V.I.R.P,1620599527,18:32:07,20210509
32,2010-09-30,VIRP.PA,EUR,2010-09-30,2010-09-30,Q3,143207500,45444500.0,97763000.0,0.68266675977166,0.0,34686750.0,0.0,0.0,-274000.0,121271500,0.0,4807250.0,26743250.0,0.18674475847982822,21936000.0,0.1531763350383185,0.0,21533000.0,0.15036223661470244,5447750.0,16078250.0,0.11227240193425624,1.83,1.83,8668316.0,8668316.0,https://www.infogreffe.com/recherche-entreprise-dirigeants/resultats-entreprise-dirigeants.html?ga_cat=globale&ga_q=V.I.R.P#phrase=V.I.R.P,https://www.infogreffe.com/recherche-entreprise-dirigeants/resultats-entreprise-dirigeants.html?ga_cat=globale&ga_q=V.I.R.P#phrase=V.I.R.P,1620599527,18:32:07,20210509
33,2010-06-30,VIRP.PA,EUR,2010-06-30,2010-06-30,Q2,143207500,45444500.0,97763000.0,0.68266675977166,0.0,34686750.0,0.0,0.0,-274000.0,121271500,0.0,4807250.0,26743250.0,0.18674475847982822,21936000.0,0.1531763350383185,0.0,21533000.0,0.15036223661470244,5447750.0,16078250.0,0.11227240193425624,1.83,1.83,8668316.0,8668316.0,https://www.infogreffe.com/recherche-entreprise-dirigeants/resultats-entreprise-dirigeants.html?ga_cat=globale&ga_q=V.I.R.P#phrase=V.I.R.P,https://www.infogreffe.com/recherche-entreprise-dirigeants/resultats-entreprise-dirigeants.html?ga_cat=globale&ga_q=V.I.R.P#phrase=V.I.R.P,1620599527,18:32:07,20210509
34,2010-03-31,VIRP.PA,EUR,2010-03-31,2010-03-31,Q1,143207500,45444500.0,97763000.0,0.68266675977166,0.0,34686750.0,0.0,0.0,-274000.0,121271500,0.0,4807250.0,26743250.0,0.18674475847982822,21936000.0,0.1531763350383185,0.0,21533000.0,0.15036223661470244,5447750.0,16078250.0,0.11227240193425624,1.83,1.83,8668316.0,8668316.0,https://www.infogreffe.com/recherche-entreprise-dirigeants/resultats-entreprise-dirigeants.html?ga_cat=globale&ga_q=V.I.R.P#phrase=V.I.R.P,https://www.infogreffe.com/recherche-entreprise-dirigeants/resultats-entreprise-dirigeants.html?ga_cat=globale&ga_q=V.I.R.P#phrase=V.I.R.P,1620599527,18:32:07,20210509
35,2010-01-31,VIRP.PA,EUR,2010-01-31,2010-01-31,Q1,143207500,45444500.0,97763000.0,0.68266675977166,0.0,34686750.0,0.0,0.0,-274000.0,121271500,0.0,4807250.0,26743250.0,0.18674475847982822,21936000.0,0.1531763350383185,0.0,21533000.0,0.15036223661470244,5447750.0,16078250.0,0.11227240193425624,1.83,1.83,8668316.0,8668316.0,https://www.infogreffe.com/recherche-entreprise-dirigeants/resultats-entreprise-dirigeants.html?ga_cat=globale&ga_q=V.I.R.P#phrase=V.I.R.P,https://www.infogreffe.com/recherche-entreprise-dirigeants/resultats-entreprise-dirigeants.html?ga_cat=globale&ga_q=V.I.R.P#phrase=V.I.R.P,1620599527,18:32:07,20210509
36,2009-09-30,VIRP.PA,EUR,2009-09-30,2009-09-30,Q3,116854500,37885500.0,78969000.0,0.675789122370127,0.0,58465750.0,0.0,0.0,2226250.0,102282000,0.0,3704500.0,18277000.0,0.1564081828256507,14572500.0,0.12470636560851316,0.0,14090250.0,0.12057943853253406,4181750.0,9919000.0,0.08488333782609998,1.12,0.12,8673679.0,8673679.0,https://www.infogreffe.com/recherche-entreprise-dirigeants/resultats-entreprise-dirigeants.html?ga_cat=globale&ga_q=V.I.R.P#phrase=V.I.R.P,https://www.infogreffe.com/recherche-entreprise-dirigeants/resultats-entreprise-dirigeants.html?ga_cat=globale&ga_q=V.I.R.P#phrase=V.I.R.P,1620599527,18:32:07,20210509
37,2009-06-30,VIRP.PA,EUR,2009-06-30,2009-06-30,Q2,116854500,37885500.0,78969000.0,0.675789122370127,0.0,58465750.0,0.0,0.0,2226250.0,102282000,0.0,3704500.0,18277000.0,0.1564081828256507,14572500.0,0.12470636560851316,0.0,14090250.0,0.12057943853253406,4181750.0,9919000.0,0.08488333782609998,1.12,0.12,8673679.0,8673679.0,https://www.infogreffe.com/recherche-entreprise-dirigeants/resultats-entreprise-dirigeants.html?ga_cat=globale&ga_q=V.I.R.P#phrase=V.I.R.P,https://www.infogreffe.com/recherche-entreprise-dirigeants/resultats-entreprise-dirigeants.html?ga_cat=globale&ga_q=V.I.R.P#phrase=V.I.R.P,1620599527,18:32:07,20210509
38,2009-03-31,VIRP.PA,EUR,2009-03-31,2009-03-31,Q1,116854500,37885500.0,78969000.0,0.675789122370127,0.0,58465750.0,0.0,0.0,2226250.0,102282000,0.0,3704500.0,18277000.0,0.1564081828256507,14572500.0,0.12470636560851316,0.0,14090250.0,0.12057943853253406,4181750.0,9919000.0,0.08488333782609998,1.12,0.12,8673679.0,8673679.0,https://www.infogreffe.com/recherche-entreprise-dirigeants/resultats-entreprise-dirigeants.html?ga_cat=globale&ga_q=V.I.R.P#phrase=V.I.R.P,https://www.infogreffe.com/recherche-entreprise-dirigeants/resultats-entreprise-dirigeants.html?ga_cat=globale&ga_q=V.I.R.P#phrase=V.I.R.P,1620599527,18:32:07,20210509
39,2009-01-31,VIRP.PA,EUR,2009-01-31,2009-01-31,Q1,116854500,37885500.0,78969000.0,0.675789122370127,0.0,58465750.0,0.0,0.0,2226250.0,102282000,0.0,3704500.0,18277000.0,0.1564081828256507,14572500.0,0.12470636560851316,0.0,14090250.0,0.12057943853253406,4181750.0,9919000.0,0.08488333782609998,1.12,0.12,8673679.0,8673679.0,https://www.infogreffe.com/recherche-entreprise-dirigeants/resultats-entreprise-dirigeants.html?ga_cat=globale&ga_q=V.I.R.P#phrase=V.I.R.P,https://www.infogreffe.com/recherche-entreprise-dirigeants/resultats-entreprise-dirigeants.html?ga_cat=globale&ga_q=V.I.R.P#phrase=V.I.R.P,1620599527,18:32:07,20210509
40,2008-09-30,VIRP.PA,EUR,2008-09-30,2008-09-30,Q3,110838750,36261500.0,74577250.0,0.6728445602282596,0.0,29249000.0,0.0,0.0,28459250.0,97232000,1101250.0,3262250.0,16869000.0,0.15219406570355584,13606750.0,0.12276166954246596,0.0,12597250.0,0.11365384398506839,3504000.0,9071750.0,0.08184637592899595,1.0275,1.0275,8613106.0,8613106.0,https://www.infogreffe.com/recherche-entreprise-dirigeants/resultats-entreprise-dirigeants.html?ga_cat=globale&ga_q=V.I.R.P#phrase=V.I.R.P,https://www.infogreffe.com/recherche-entreprise-dirigeants/resultats-entreprise-dirigeants.html?ga_cat=globale&ga_q=V.I.R.P#phrase=V.I.R.P,1620599527,18:32:07,20210509
41,2008-06-30,VIRP.PA,EUR,2008-06-30,2008-06-30,Q2,110838750,36261500.0,74577250.0,0.6728445602282596,0.0,29249000.0,0.0,0.0,28459250.0,97232000,1101250.0,3262250.0,16869000.0,0.15219406570355584,13606750.0,0.12276166954246596,0.0,12597250.0,0.11365384398506839,3504000.0,9071750.0,0.08184637592899595,1.0275,1.0275,8613106.0,8613106.0,https://www.infogreffe.com/recherche-entreprise-dirigeants/resultats-entreprise-dirigeants.html?ga_cat=globale&ga_q=V.I.R.P#phrase=V.I.R.P,https://www.infogreffe.com/recherche-entreprise-dirigeants/resultats-entreprise-dirigeants.html?ga_cat=globale&ga_q=V.I.R.P#phrase=V.I.R.P,1620599527,18:32:07,20210509
42,2008-03-31,VIRP.PA,EUR,2008-03-31,2008-03-31,Q1,110838750,36261500.0,74577250.0,0.6728445602282596,0.0,29249000.0,0.0,0.0,28459250.0,97232000,1101250.0,3262250.0,16869000.0,0.15219406570355584,13606750.0,0.12276166954246596,0.0,12597250.0,0.11365384398506839,3504000.0,9071750.0,0.08184637592899595,1.0275,1.0275,8613106.0,8613106.0,https://www.infogreffe.com/recherche-entreprise-dirigeants/resultats-entreprise-dirigeants.html?ga_cat=globale&ga_q=V.I.R.P#phrase=V.I.R.P,https://www.infogreffe.com/recherche-entreprise-dirigeants/resultats-entreprise-dirigeants.html?ga_cat=globale&ga_q=V.I.R.P#phrase=V.I.R.P,1620599527,18:32:07,20210509
43,2008-01-31,VIRP.PA,EUR,2008-01-31,2008-01-31,Q1,110838750,36261500.0,74577250.0,0.6728445602282596,0.0,29249000.0,0.0,0.0,28459250.0,97232000,1101250.0,3262250.0,16869000.0,0.15219406570355584,13606750.0,0.12276166954246596,0.0,12597250.0,0.11365384398506839,3504000.0,9071750.0,0.08184637592899595,1.0275,1.0275,8613106.0,8613106.0,https://www.infogreffe.com/recherche-entreprise-dirigeants/resultats-entreprise-dirigeants.html?ga_cat=globale&ga_q=V.I.R.P#phrase=V.I.R.P,https://www.infogreffe.com/recherche-entreprise-dirigeants/resultats-entreprise-dirigeants.html?ga_cat=globale&ga_q=V.I.R.P#phrase=V.I.R.P,1620599527,18:32:07,20210509
44,2007-09-30,VIRP.PA,EUR,2007-09-30,2007-09-30,Q3,109637000,36187500.0,73449500.0,0.6699335078486277,0.0,0.0,0.0,0.0,29860750.0,96724250,0.0,2930000.0,15842750.0,0.1445018561252132,12912750.0,0.11777730145844925,0.0,12056750.0,0.10996971825204994,4080250.0,7968250.0,0.07267847533223273,0.9,0.9,8614047.0,8614047.0,https://www.infogreffe.com/recherche-entreprise-dirigeants/resultats-entreprise-dirigeants.html?ga_cat=globale&ga_q=V.I.R.P#phrase=V.I.R.P,https://www.infogreffe.com/recherche-entreprise-dirigeants/resultats-entreprise-dirigeants.html?ga_cat=globale&ga_q=V.I.R.P#phrase=V.I.R.P,1620599527,18:32:07,20210509
45,2007-06-30,VIRP.PA,EUR,2007-06-30,2007-06-30,Q2,109637000,36187500.0,73449500.0,0.6699335078486277,0.0,0.0,0.0,0.0,29860750.0,96724250,0.0,2930000.0,15842750.0,0.1445018561252132,12912750.0,0.11777730145844925,0.0,12056750.0,0.10996971825204994,4080250.0,7968250.0,0.07267847533223273,0.9,0.9,8614047.0,8614047.0,https://www.infogreffe.com/recherche-entreprise-dirigeants/resultats-entreprise-dirigeants.html?ga_cat=globale&ga_q=V.I.R.P#phrase=V.I.R.P,https://www.infogreffe.com/recherche-entreprise-dirigeants/resultats-entreprise-dirigeants.html?ga_cat=globale&ga_q=V.I.R.P#phrase=V.I.R.P,1620599527,18:32:07,20210509
46,2007-03-31,VIRP.PA,EUR,2007-03-31,2007-03-31,Q1,109637000,36187500.0,73449500.0,0.6699335078486277,0.0,0.0,0.0,0.0,29860750.0,96724250,0.0,2930000.0,15842750.0,0.1445018561252132,12912750.0,0.11777730145844925,0.0,12056750.0,0.10996971825204994,4080250.0,7968250.0,0.07267847533223273,0.9,0.9,8614047.0,8614047.0,https://www.infogreffe.com/recherche-entreprise-dirigeants/resultats-entreprise-dirigeants.html?ga_cat=globale&ga_q=V.I.R.P#phrase=V.I.R.P,https://www.infogreffe.com/recherche-entreprise-dirigeants/resultats-entreprise-dirigeants.html?ga_cat=globale&ga_q=V.I.R.P#phrase=V.I.R.P,1620599527,18:32:07,20210509
47,2007-01-31,VIRP.PA,EUR,2007-01-31,2007-01-31,Q1,109637000,36187500.0,73449500.0,0.6699335078486277,0.0,0.0,0.0,0.0,29860750.0,96724250,0.0,2930000.0,15842750.0,0.1445018561252132,12912750.0,0.11777730145844925,0.0,12056750.0,0.10996971825204994,4080250.0,7968250.0,0.07267847533223273,0.9,0.9,8614047.0,8614047.0,https://www.infogreffe.com/recherche-entreprise-dirigeants/resultats-entreprise-dirigeants.html?ga_cat=globale&ga_q=V.I.R.P#phrase=V.I.R.P,https://www.infogreffe.com/recherche-entreprise-dirigeants/resultats-entreprise-dirigeants.html?ga_cat=globale&ga_q=V.I.R.P#phrase=V.I.R.P,1620599527,18:32:07,20210509
48,2006-09-30,VIRP.PA,EUR,2006-09-30,2006-09-30,Q3,100409000,56765500.0,43643500.0,0.4346572518399745,0.0,400750.0,0.0,-21500.0,2891250.0,89687750,687500.0,3131250.0,13852500.0,0.13796074057106433,10721250.0,0.10677578703104304,0.0,9455250.0,0.09416735551593981,2548500.0,6228250.0,0.06202880219900606,0.7275,0.7275,8553423.0,8553423.0,https://www.infogreffe.com/recherche-entreprise-dirigeants/resultats-entreprise-dirigeants.html?ga_cat=globale&ga_q=V.I.R.P#phrase=V.I.R.P,https://www.infogreffe.com/recherche-entreprise-dirigeants/resultats-entreprise-dirigeants.html?ga_cat=globale&ga_q=V.I.R.P#phrase=V.I.R.P,1620599527,18:32:07,20210509
49,2006-06-30,VIRP.PA,EUR,2006-06-30,2006-06-30,Q2,100409000,56765500.0,43643500.0,0.4346572518399745,0.0,400750.0,0.0,-21500.0,2891250.0,89687750,687500.0,3131250.0,13852500.0,0.13796074057106433,10721250.0,0.10677578703104304,0.0,9455250.0,0.09416735551593981,2548500.0,6228250.0,0.06202880219900606,0.7275,0.7275,8553423.0,8553423.0,https://www.infogreffe.com/recherche-entreprise-dirigeants/resultats-entreprise-dirigeants.html?ga_cat=globale&ga_q=V.I.R.P#phrase=V.I.R.P,https://www.infogreffe.com/recherche-entreprise-dirigeants/resultats-entreprise-dirigeants.html?ga_cat=globale&ga_q=V.I.R.P#phrase=V.I.R.P,1620599527,18:32:07,20210509
50,2006-03-31,VIRP.PA,EUR,2006-03-31,2006-03-31,Q1,100409000,56765500.0,43643500.0,0.4346572518399745,0.0,400750.0,0.0,-21500.0,2891250.0,89687750,687500.0,3131250.0,13852500.0,0.13796074057106433,10721250.0,0.10677578703104304,0.0,9455250.0,0.09416735551593981,2548500.0,6228250.0,0.06202880219900606,0.7275,0.7275,8553423.0,8553423.0,https://www.infogreffe.com/recherche-entreprise-dirigeants/resultats-entreprise-dirigeants.html?ga_cat=globale&ga_q=V.I.R.P#phrase=V.I.R.P,https://www.infogreffe.com/recherche-entreprise-dirigeants/resultats-entreprise-dirigeants.html?ga_cat=globale&ga_q=V.I.R.P#phrase=V.I.R.P,1620599527,18:32:07,20210509
51,2006-01-31,VIRP.PA,EUR,2006-01-31,2006-01-31,Q1,100409000,56765500.0,43643500.0,0.4346572518399745,0.0,400750.0,0.0,-21500.0,2891250.0,89687750,687500.0,3131250.0,13852500.0,0.13796074057106433,10721250.0,0.10677578703104304,0.0,9455250.0,0.09416735551593981,2548500.0,6228250.0,0.06202880219900606,0.7275,0.7275,8553423.0,8553423.0,https://www.infogreffe.com/recherche-entreprise-dirigeants/resultats-entreprise-dirigeants.html?ga_cat=globale&ga_q=V.I.R.P#phrase=V.I.R.P,https://www.infogreffe.com/recherche-entreprise-dirigeants/resultats-entreprise-dirigeants.html?ga_cat=globale&ga_q=V.I.R.P#phrase=V.I.R.P,1620599527,18:32:07,20210509
52,2005-09-30,VIRP.PA,EUR,2005-09-30,2005-09-30,Q3,93100750,52403000.0,40697750.0,0.43713665034921845,0.0,371500.0,0.0,-114500.0,3266750.0,83866500,686000.0,2751000.0,11985250.0,0.12873419387061866,9234250.0,0.09918555972964772,0.0,7643750.0,0.08210191647220887,2126000.0,4949750.0,0.05316552229708139,0.5825,0.5825,8482793.0,8482793.0,https://www.infogreffe.com/recherche-entreprise-dirigeants/resultats-entreprise-dirigeants.html?ga_cat=globale&ga_q=V.I.R.P#phrase=V.I.R.P,https://www.infogreffe.com/recherche-entreprise-dirigeants/resultats-entreprise-dirigeants.html?ga_cat=globale&ga_q=V.I.R.P#phrase=V.I.R.P,1620599527,18:32:07,20210509
53,2005-06-30,VIRP.PA,EUR,2005-06-30,2005-06-30,Q2,93100750,52403000.0,40697750.0,0.43713665034921845,0.0,371500.0,0.0,-114500.0,3266750.0,83866500,686000.0,2751000.0,11985250.0,0.12873419387061866,9234250.0,0.09918555972964772,0.0,7643750.0,0.08210191647220887,2126000.0,4949750.0,0.05316552229708139,0.5825,0.5825,8482793.0,8482793.0,https://www.infogreffe.com/recherche-entreprise-dirigeants/resultats-entreprise-dirigeants.html?ga_cat=globale&ga_q=V.I.R.P#phrase=V.I.R.P,https://www.infogreffe.com/recherche-entreprise-dirigeants/resultats-entreprise-dirigeants.html?ga_cat=globale&ga_q=V.I.R.P#phrase=V.I.R.P,1620599527,18:32:07,20210509
54,2005-03-31,VIRP.PA,EUR,2005-03-31,2005-03-31,Q1,93100750,52403000.0,40697750.0,0.43713665034921845,0.0,371500.0,0.0,-114500.0,3266750.0,83866500,686000.0,2751000.0,11985250.0,0.12873419387061866,9234250.0,0.09918555972964772,0.0,7643750.0,0.08210191647220887,2126000.0,4949750.0,0.05316552229708139,0.5825,0.5825,8482793.0,8482793.0,https://www.infogreffe.com/recherche-entreprise-dirigeants/resultats-entreprise-dirigeants.html?ga_cat=globale&ga_q=V.I.R.P#phrase=V.I.R.P,https://www.infogreffe.com/recherche-entreprise-dirigeants/resultats-entreprise-dirigeants.html?ga_cat=globale&ga_q=V.I.R.P#phrase=V.I.R.P,1620599527,18:32:07,20210509
55,2005-01-31,VIRP.PA,EUR,2005-01-31,2005-01-31,Q1,93100750,52403000.0,40697750.0,0.43713665034921845,0.0,371500.0,0.0,-114500.0,3266750.0,83866500,686000.0,2751000.0,11985250.0,0.12873419387061866,9234250.0,0.09918555972964772,0.0,7643750.0,0.08210191647220887,2126000.0,4949750.0,0.05316552229708139,0.5825,0.5825,8482793.0,8482793.0,https://www.infogreffe.com/recherche-entreprise-dirigeants/resultats-entreprise-dirigeants.html?ga_cat=globale&ga_q=V.I.R.P#phrase=V.I.R.P,https://www.infogreffe.com/recherche-entreprise-dirigeants/resultats-entreprise-dirigeants.html?ga_cat=globale&ga_q=V.I.R.P#phrase=V.I.R.P,1620599527,18:32:07,20210509
56,2004-09-30,VIRP.PA,EUR,2004-09-30,2004-09-30,Q3,87851000,29045250.0,58805750.0,0.6693805420541599,0.0,324250.0,0.0,0.0,24605000.0,81193750,798250.0,3190250.0,9847500.0,0.1120932032646185,6657250.0,0.07577887559617989,0.0,6320250.0,0.07194283502748973,1911750.0,4181500.0,0.04759763690794641,0.5025,0.5025,8311274.0,8311274.0,https://www.infogreffe.com/recherche-entreprise-dirigeants/resultats-entreprise-dirigeants.html?ga_cat=globale&ga_q=V.I.R.P#phrase=V.I.R.P,https://www.infogreffe.com/recherche-entreprise-dirigeants/resultats-entreprise-dirigeants.html?ga_cat=globale&ga_q=V.I.R.P#phrase=V.I.R.P,1620599527,18:32:07,20210509
57,2004-06-30,VIRP.PA,EUR,2004-06-30,2004-06-30,Q2,87851000,29045250.0,58805750.0,0.6693805420541599,0.0,324250.0,0.0,0.0,24605000.0,81193750,798250.0,3190250.0,9847500.0,0.1120932032646185,6657250.0,0.07577887559617989,0.0,6320250.0,0.07194283502748973,1911750.0,4181500.0,0.04759763690794641,0.5025,0.5025,8311274.0,8311274.0,https://www.infogreffe.com/recherche-entreprise-dirigeants/resultats-entreprise-dirigeants.html?ga_cat=globale&ga_q=V.I.R.P#phrase=V.I.R.P,https://www.infogreffe.com/recherche-entreprise-dirigeants/resultats-entreprise-dirigeants.html?ga_cat=globale&ga_q=V.I.R.P#phrase=V.I.R.P,1620599527,18:32:07,20210509
58,2004-03-31,VIRP.PA,EUR,2004-03-31,2004-03-31,Q1,87851000,29045250.0,58805750.0,0.6693805420541599,0.0,324250.0,0.0,0.0,24605000.0,81193750,798250.0,3190250.0,9847500.0,0.1120932032646185,6657250.0,0.07577887559617989,0.0,6320250.0,0.07194283502748973,1911750.0,4181500.0,0.04759763690794641,0.5025,0.5025,8311274.0,8311274.0,https://www.infogreffe.com/recherche-entreprise-dirigeants/resultats-entreprise-dirigeants.html?ga_cat=globale&ga_q=V.I.R.P#phrase=V.I.R.P,https://www.infogreffe.com/recherche-entreprise-dirigeants/resultats-entreprise-dirigeants.html?ga_cat=globale&ga_q=V.I.R.P#phrase=V.I.R.P,1620599527,18:32:07,20210509
59,2004-01-31,VIRP.PA,EUR,2004-01-31,2004-01-31,Q1,87851000,29045250.0,58805750.0,0.6693805420541599,0.0,324250.0,0.0,0.0,24605000.0,81193750,798250.0,3190250.0,9847500.0,0.1120932032646185,6657250.0,0.07577887559617989,0.0,6320250.0,0.07194283502748973,1911750.0,4181500.0,0.04759763690794641,0.5025,0.5025,8311274.0,8311274.0,https://www.infogreffe.com/recherche-entreprise-dirigeants/resultats-entreprise-dirigeants.html?ga_cat=globale&ga_q=V.I.R.P#phrase=V.I.R.P,https://www.infogreffe.com/recherche-entreprise-dirigeants/resultats-entreprise-dirigeants.html?ga_cat=globale&ga_q=V.I.R.P#phrase=V.I.R.P,1620599527,18:32:07,20210509
60,2003-09-30,VIRP.PA,EUR,2003-09-30,2003-09-30,Q3,88689250,0.0,0.0,0.0,0.0,0.0,0.0,-1557500.0,58312750.0,83388000,0.0,2843500.0,8144750.0,0.09183469247964099,5301250.0,0.05977330961756921,0.0,0.0,0.0,-1585000.0,0.0,0.0,0.2725,0.2725,8714352.0,8714352.0,https://www.infogreffe.com/recherche-entreprise-dirigeants/resultats-entreprise-dirigeants.html?ga_cat=globale&ga_q=V.I.R.P#phrase=V.I.R.P,https://www.infogreffe.com/recherche-entreprise-dirigeants/resultats-entreprise-dirigeants.html?ga_cat=globale&ga_q=V.I.R.P#phrase=V.I.R.P,1620599527,18:32:07,20210509
61,2003-06-30,VIRP.PA,EUR,2003-06-30,2003-06-30,Q2,88689250,0.0,0.0,0.0,0.0,0.0,0.0,-1557500.0,58312750.0,83388000,0.0,2843500.0,8144750.0,0.09183469247964099,5301250.0,0.05977330961756921,0.0,0.0,0.0,-1585000.0,0.0,0.0,0.2725,0.2725,8714352.0,8714352.0,https://www.infogreffe.com/recherche-entreprise-dirigeants/resultats-entreprise-dirigeants.html?ga_cat=globale&ga_q=V.I.R.P#phrase=V.I.R.P,https://www.infogreffe.com/recherche-entreprise-dirigeants/resultats-entreprise-dirigeants.html?ga_cat=globale&ga_q=V.I.R.P#phrase=V.I.R.P,1620599527,18:32:07,20210509
62,2003-03-31,VIRP.PA,EUR,2003-03-31,2003-03-31,Q1,88689250,0.0,0.0,0.0,0.0,0.0,0.0,-1557500.0,58312750.0,83388000,0.0,2843500.0,8144750.0,0.09183469247964099,5301250.0,0.05977330961756921,0.0,0.0,0.0,-1585000.0,0.0,0.0,0.2725,0.2725,8714352.0,8714352.0,https://www.infogreffe.com/recherche-entreprise-dirigeants/resultats-entreprise-dirigeants.html?ga_cat=globale&ga_q=V.I.R.P#phrase=V.I.R.P,https://www.infogreffe.com/recherche-entreprise-dirigeants/resultats-entreprise-dirigeants.html?ga_cat=globale&ga_q=V.I.R.P#phrase=V.I.R.P,1620599527,18:32:07,20210509
63,2003-01-31,VIRP.PA,EUR,2003-01-31,2003-01-31,Q1,88689250,0.0,0.0,0.0,0.0,0.0,0.0,-1557500.0,58312750.0,83388000,0.0,2843500.0,8144750.0,0.09183469247964099,5301250.0,0.05977330961756921,0.0,0.0,0.0,-1585000.0,0.0,0.0,0.2725,0.2725,8714352.0,8714352.0,https://www.infogreffe.com/recherche-entreprise-dirigeants/resultats-entreprise-dirigeants.html?ga_cat=globale&ga_q=V.I.R.P#phrase=V.I.R.P,https://www.infogreffe.com/recherche-entreprise-dirigeants/resultats-entreprise-dirigeants.html?ga_cat=globale&ga_q=V.I.R.P#phrase=V.I.R.P,1620599527,18:32:07,20210509
64,2002-09-30,VIRP.PA,EUR,2002-09-30,2002-09-30,Q3,91984000,0.0,0.0,0.0,0.0,0.0,0.0,-1330500.0,59715500.0,84472000,0.0,2691750.0,10203750.0,0.1109296181944686,7512000.0,0.08166637676117586,0.0,0.0,0.0,-2433750.0,0.0,0.0,0.445,0.445,8714352.0,8714352.0,https://www.infogreffe.com/recherche-entreprise-dirigeants/resultats-entreprise-dirigeants.html?ga_cat=globale&ga_q=V.I.R.P#phrase=V.I.R.P,https://www.infogreffe.com/recherche-entreprise-dirigeants/resultats-entreprise-dirigeants.html?ga_cat=globale&ga_q=V.I.R.P#phrase=V.I.R.P,1620599527,18:32:07,20210509
65,2002-06-30,VIRP.PA,EUR,2002-06-30,2002-06-30,Q2,91984000,0.0,0.0,0.0,0.0,0.0,0.0,-1330500.0,59715500.0,84472000,0.0,2691750.0,10203750.0,0.1109296181944686,7512000.0,0.08166637676117586,0.0,0.0,0.0,-2433750.0,0.0,0.0,0.445,0.445,8714352.0,8714352.0,https://www.infogreffe.com/recherche-entreprise-dirigeants/resultats-entreprise-dirigeants.html?ga_cat=globale&ga_q=V.I.R.P#phrase=V.I.R.P,https://www.infogreffe.com/recherche-entreprise-dirigeants/resultats-entreprise-dirigeants.html?ga_cat=globale&ga_q=V.I.R.P#phrase=V.I.R.P,1620599527,18:32:07,20210509
66,2002-03-31,VIRP.PA,EUR,2002-03-31,2002-03-31,Q1,91984000,0.0,0.0,0.0,0.0,0.0,0.0,-1330500.0,59715500.0,84472000,0.0,2691750.0,10203750.0,0.1109296181944686,7512000.0,0.08166637676117586,0.0,0.0,0.0,-2433750.0,0.0,0.0,0.445,0.445,8714352.0,8714352.0,https://www.infogreffe.com/recherche-entreprise-dirigeants/resultats-entreprise-dirigeants.html?ga_cat=globale&ga_q=V.I.R.P#phrase=V.I.R.P,https://www.infogreffe.com/recherche-entreprise-dirigeants/resultats-entreprise-dirigeants.html?ga_cat=globale&ga_q=V.I.R.P#phrase=V.I.R.P,1620599527,18:32:07,20210509
67,2002-01-31,VIRP.PA,EUR,2002-01-31,2002-01-31,Q1,91984000,0.0,0.0,0.0,0.0,0.0,0.0,-1330500.0,59715500.0,84472000,0.0,2691750.0,10203750.0,0.1109296181944686,7512000.0,0.08166637676117586,0.0,0.0,0.0,-2433750.0,0.0,0.0,0.445,0.445,8714352.0,8714352.0,https://www.infogreffe.com/recherche-entreprise-dirigeants/resultats-entreprise-dirigeants.html?ga_cat=globale&ga_q=V.I.R.P#phrase=V.I.R.P,https://www.infogreffe.com/recherche-entreprise-dirigeants/resultats-entreprise-dirigeants.html?ga_cat=globale&ga_q=V.I.R.P#phrase=V.I.R.P,1620599527,18:32:07,20210509
