,date,symbol,reportedCurrency,fillingDate,acceptedDate,period,revenue,costOfRevenue,grossProfit,grossProfitRatio,researchAndDevelopmentExpenses,generalAndAdministrativeExpenses,sellingAndMarketingExpenses,otherExpenses,operatingExpenses,costAndExpenses,interestExpense,depreciationAndAmortization,ebitda,ebitdaratio,operatingIncome,operatingIncomeRatio,totalOtherIncomeExpensesNet,incomeBeforeTax,incomeBeforeTaxRatio,incomeTaxExpense,netIncome,netIncomeRatio,eps,epsdiluted,weightedAverageShsOut,weightedAverageShsOutDil,link,finalLink,timestamp,est_time,est_date
0,2020-12-31,GFL.TO,CAD,2020-12-31,2020-12-31,Q4,1235600000,1363000000,-127400000,-0.1031078018776303,0.0,59200000,0.0,0.0,91600000,1454600000,-87300000,547200000,328200000,0.2656199417287148,-219000000.0,-0.1772418258336031,-495400000.0,-676700000,-0.5476691485917773,-190000000,-486700000,-0.393897701521528,-1.39,-1.39,350143885,350143885,https://www.sedar.com/ModifyCompanyDocumentSearchForm.do?lang=EN&company_search=GFL ENVIRONMENTAL INC&document_selection=0&industry_group=A&FromDate=13&FromMonth=05&FromYear=2000&ToDate=13&ToMonth=11&ToYear=2020&Variable=Issuer,https://www.sedar.com/ModifyCompanyDocumentSearchForm.do?lang=EN&company_search=GFL ENVIRONMENTAL INC&document_selection=0&industry_group=A&FromDate=13&FromMonth=05&FromYear=2000&ToDate=13&ToMonth=11&ToYear=2020&Variable=Issuer,1620592502,16:35:02,20210509
1,2020-09-30,GFL.TO,CAD,2020-09-30,2020-09-30,Q3,1036000000,909500000,126500000,0.12210424710424711,0.0,104400000,0.0,-1000000.0,104400000,1013900000,94900000,233900000,256000000,0.2471042471042471,22100000.0,0.021332046332046332,-86800000.0,-159600000,-0.15405405405405406,-44900000,-114700000,-0.11071428571428571,-0.32,-0.32,360366000,360366000,https://www.sedar.com/ModifyCompanyDocumentSearchForm.do?lang=EN&company_search=GFL ENVIRONMENTAL INC&document_selection=0&industry_group=A&FromDate=13&FromMonth=05&FromYear=2000&ToDate=13&ToMonth=11&ToYear=2020&Variable=Issuer,https://www.sedar.com/ModifyCompanyDocumentSearchForm.do?lang=EN&company_search=GFL ENVIRONMENTAL INC&document_selection=0&industry_group=A&FromDate=13&FromMonth=05&FromYear=2000&ToDate=13&ToMonth=11&ToYear=2020&Variable=Issuer,1620592502,16:35:02,20210509
2,2020-06-30,GFL.TO,CAD,2020-06-30,2020-06-30,Q2,993300000,881300000,112000000,0.1127554615926709,0.0,104100000,0.0,0.0,104100000,985400000,95400000,234700000,242600000,0.2442363837712675,7900000.0,0.007953287023054464,-66300000.0,-153800000,-0.15483741065136414,-38300000,-115500000,-0.11627906976744186,-0.32,-0.32,360937500,360937500,https://www.sedar.com/ModifyCompanyDocumentSearchForm.do?lang=EN&company_search=GFL ENVIRONMENTAL INC&document_selection=0&industry_group=A&FromDate=13&FromMonth=05&FromYear=2000&ToDate=13&ToMonth=11&ToYear=2020&Variable=Issuer,https://www.sedar.com/ModifyCompanyDocumentSearchForm.do?lang=EN&company_search=GFL ENVIRONMENTAL INC&document_selection=0&industry_group=A&FromDate=13&FromMonth=05&FromYear=2000&ToDate=13&ToMonth=11&ToYear=2020&Variable=Issuer,1620592502,16:35:02,20210509
3,2020-03-31,GFL.TO,CAD,2020-03-31,2020-03-31,Q1,931324000,852303000,79021000,0.08484802281483136,0.0,155059000,0.0,-1000000.0,155059000,1007362000,269409000,221805000,145767000,0.15651588491223248,-76038000.0,-0.0816450558559642,-20229000.0,-365676000,-0.39264101429792425,-87726000,-277950000,-0.29844608321056904,-0.77,-0.77,360412254,360412254,https://www.sedar.com/ModifyCompanyDocumentSearchForm.do?lang=EN&company_search=GFL ENVIRONMENTAL INC&document_selection=0&industry_group=A&FromDate=13&FromMonth=05&FromYear=2000&ToDate=13&ToMonth=11&ToYear=2020&Variable=Issuer,https://www.sedar.com/ModifyCompanyDocumentSearchForm.do?lang=EN&company_search=GFL ENVIRONMENTAL INC&document_selection=0&industry_group=A&FromDate=13&FromMonth=05&FromYear=2000&ToDate=13&ToMonth=11&ToYear=2020&Variable=Issuer,1620592502,16:35:02,20210509
4,2019-12-31,GFL.TO,CAD,2019-12-31,2019-12-31,Q4,896551000,872500000,24051000,0.026826137051879927,0.0,140803000,0.0,0.0,140803000,1013303000,150420000,248662000,131910000,0.14713050345156048,-116752000.0,-0.1302234897958956,14051000.0,-253121000,-0.282327497264517,-72768000,-180353000,-0.2011631240163694,-0.500471742617228,-0.500471742617228,360366000,360366000,https://www.sedar.com/ModifyCompanyDocumentSearchForm.do?lang=EN&company_search=GFL ENVIRONMENTAL INC&document_selection=0&industry_group=A&FromDate=13&FromMonth=05&FromYear=2000&ToDate=13&ToMonth=11&ToYear=2020&Variable=Issuer,https://www.sedar.com/ModifyCompanyDocumentSearchForm.do?lang=EN&company_search=GFL ENVIRONMENTAL INC&document_selection=0&industry_group=A&FromDate=13&FromMonth=05&FromYear=2000&ToDate=13&ToMonth=11&ToYear=2020&Variable=Issuer,1620592502,16:35:02,20210509
5,2019-09-30,GFL.TO,CAD,2019-09-30,2019-09-30,Q3,898000000,807800000,90200000,0.10044543429844098,0.0,91800000,0.0,-1000000.0,91800000,899600000,130900000,194300000,192700000,0.2145879732739421,-1600000.0,-0.0017817371937639199,-10700000.0,-143200000,-0.15946547884187082,-33300000,-109900000,-0.12238307349665924,-9.199078,-9.199078,11946849,11946849,https://www.sedar.com/ModifyCompanyDocumentSearchForm.do?lang=EN&company_search=GFL ENVIRONMENTAL INC&document_selection=0&industry_group=A&FromDate=13&FromMonth=05&FromYear=2000&ToDate=13&ToMonth=11&ToYear=2020&Variable=Issuer,https://www.sedar.com/ModifyCompanyDocumentSearchForm.do?lang=EN&company_search=GFL ENVIRONMENTAL INC&document_selection=0&industry_group=A&FromDate=13&FromMonth=05&FromYear=2000&ToDate=13&ToMonth=11&ToYear=2020&Variable=Issuer,1620592502,16:35:02,20210509
6,2019-06-30,GFL.TO,CAD,2019-06-30,2019-06-30,Q2,831417000,560647000,270770000,0.32567291744094723,0.0,78395000,0.0,0.0,260045000,820692000,126931000,101344000,112069000,0.13479276945263327,10725000.0,0.012899664067489599,26078000.0,-90128000,-0.10840288327036854,-22095000,-68033000,-0.08182777114251934,-0.217,-0.217,314045376,314045376,https://www.sedar.com/ModifyCompanyDocumentSearchForm.do?lang=EN&company_search=GFL ENVIRONMENTAL INC&document_selection=0&industry_group=A&FromDate=13&FromMonth=05&FromYear=2000&ToDate=13&ToMonth=11&ToYear=2020&Variable=Issuer,https://www.sedar.com/ModifyCompanyDocumentSearchForm.do?lang=EN&company_search=GFL ENVIRONMENTAL INC&document_selection=0&industry_group=A&FromDate=13&FromMonth=05&FromYear=2000&ToDate=13&ToMonth=11&ToYear=2020&Variable=Issuer,1620592502,16:35:02,20210509
7,2019-03-31,GFL.TO,CAD,2019-03-31,2019-03-31,Q1,720899000,486060000,234839000,0.3257585320551145,0.0,74681000,0.0,-1000000.0,249526000,735586000,123947000,94126000,79439000,0.11019435454897288,-14687000.0,-0.02037317294100838,15807000.0,-122828000,-0.17038170395575525,-29436000,-93392000,-0.12954935434783513,-0.286109,-0.286109,326420755,326420755,https://www.sedar.com/ModifyCompanyDocumentSearchForm.do?lang=EN&company_search=GFL ENVIRONMENTAL INC&document_selection=0&industry_group=A&FromDate=13&FromMonth=05&FromYear=2000&ToDate=13&ToMonth=11&ToYear=2020&Variable=Issuer,https://www.sedar.com/ModifyCompanyDocumentSearchForm.do?lang=EN&company_search=GFL ENVIRONMENTAL INC&document_selection=0&industry_group=A&FromDate=13&FromMonth=05&FromYear=2000&ToDate=13&ToMonth=11&ToYear=2020&Variable=Issuer,1620592502,16:35:02,20210509
8,2018-03-31,GFL.TO,CAD,2018-03-31,2018-03-31,Q1,331596000,237691000,93905000,0.283190991447424,0.0,45666000,0.0,2162000.0,107338000,345029000,51784000,37388000,23955000,0.0722415228169218,-13433000.0,-0.04051013884365312,-9277000.0,-74493000,-0.22464987514927803,-17267000,-57226000,-0.17257747379341126,-0.175314,-0.175314,326420755,326420755,https://www.sedar.com/ModifyCompanyDocumentSearchForm.do?lang=EN&company_search=GFL ENVIRONMENTAL INC&document_selection=0&industry_group=A&FromDate=13&FromMonth=05&FromYear=2000&ToDate=13&ToMonth=11&ToYear=2020&Variable=Issuer,https://www.sedar.com/ModifyCompanyDocumentSearchForm.do?lang=EN&company_search=GFL ENVIRONMENTAL INC&document_selection=0&industry_group=A&FromDate=13&FromMonth=05&FromYear=2000&ToDate=13&ToMonth=11&ToYear=2020&Variable=Issuer,1620592502,16:35:02,20210509
