,date,symbol,reportedCurrency,fillingDate,acceptedDate,period,revenue,costOfRevenue,grossProfit,grossProfitRatio,researchAndDevelopmentExpenses,generalAndAdministrativeExpenses,sellingAndMarketingExpenses,otherExpenses,operatingExpenses,costAndExpenses,interestExpense,depreciationAndAmortization,ebitda,ebitdaratio,operatingIncome,operatingIncomeRatio,totalOtherIncomeExpensesNet,incomeBeforeTax,incomeBeforeTaxRatio,incomeTaxExpense,netIncome,netIncomeRatio,eps,epsdiluted,weightedAverageShsOut,weightedAverageShsOutDil,link,finalLink,timestamp,est_time,est_date
0,2020-12-31,REZI,USD,2021-02-25,2021-02-25 10:07:07,Q4,1501000000.0,1078000000.0,423000000.0,0.28181212524983346,0.0,271000000.0,0.0,-41000000.0,271000000.0,1349000000.0,14000000.0,22000000.0,174000000.0,0.11592271818787475,152000000.0,0.10126582278481013,-41000000.0,97000000.0,0.06462358427714857,38000000.0,59000000.0,0.03930712858094604,0.45,0.44,131406000,134424000,https://www.sec.gov/Archives/edgar/data/1740332/000156459021008469/0001564590-21-008469-index.htm,https://www.sec.gov/Archives/edgar/data/1740332/000156459021008469/rezi-10k_20201231.htm,1620597213,17:53:33,20210509
1,2020-09-26,REZI,USD,2020-11-05,2020-11-05 09:24:28,Q3,1362000.0,992000.0,370000.0,0.27165932452276065,0.0,239000.0,0.0,35000.0,239000.0,1231000.0,-14000.0,22000.0,104000.0,0.0763582966226138,82000.0,0.06020558002936858,0.0,82000.0,0.06020558002936858,0.0,75000.0,0.05506607929515418,0.61,0.6,123203000,123203000,https://www.sec.gov/Archives/edgar/data/1740332/000156459020050926/0001564590-20-050926-index.htm,https://www.sec.gov/Archives/edgar/data/1740332/000156459020050926/rezi-10q_20200926.htm,1620597213,17:53:33,20210509
2,2020-06-30,REZI,USD,2020-08-04,2020-08-04 11:16:13,Q2,1029000000.0,793000000.0,236000000.0,0.2293488824101069,0.0,242000000.0,0.0,-29000000.0,242000000.0,1035000000.0,18000000.0,21000000.0,15000000.0,0.014577259475218658,-6000000.0,-0.0058309037900874635,-29000000.0,-53000000.0,-0.05150631681243926,23000000.0,-76000000.0,-0.0738581146744412,-0.62,-0.62,123203000,123203000,https://www.sec.gov/Archives/edgar/data/1740332/000156459020035858/0001564590-20-035858-index.htm,https://www.sec.gov/Archives/edgar/data/1740332/000156459020035858/rezi-10q_20200630.htm,1620597213,17:53:33,20210509
3,2020-03-31,REZI,USD,2020-05-07 00:00:00,2020-05-07 10:50:22,Q1,1179000000.0,895000000.0,284000000.0,0.2408821034775233,0.0,250000000.0,0.0,-42000000.0,250000000.0,1145000000.0,17000000.0,21000000.0,55000000.0,0.04664970313825276,34000000.0,0.02883799830364716,-42000000.0,-25000000.0,-0.021204410517387615,-4000000.0,-21000000.0,-0.017811704834605598,-0.17,-0.17,122962000,122962000,https://www.sec.gov/Archives/edgar/data/1740332/000156459020022480/0001564590-20-022480-index.html,https://www.sec.gov/Archives/edgar/data/1740332/000156459020022480/rezi-10q_20200331.htm,1620597213,17:53:33,20210509
4,2019-12-31,REZI,USD,2020-02-27 00:00:00,2020-02-27 11:12:05,Q4,1304000000.0,1012000000.0,292000000.0,0.22392638036809817,0.0,220000000.0,0.0,-64000000.0,220000000.0,1232000000.0,18000000.0,25000000.0,97000000.0,0.07438650306748466,72000000.0,0.05521472392638037,-64000000.0,-10000000.0,-0.007668711656441718,-1000000.0,-9000000.0,-0.006901840490797546,-0.07,-0.07,122843000,122843000,https://www.sec.gov/Archives/edgar/data/1740332/000156459020007105/0001564590-20-007105-index.html,https://www.sec.gov/Archives/edgar/data/1740332/000156459020007105/rezi-10k_20191231.htm,1620597213,17:53:33,20210509
5,2019-09-30,REZI,USD,2019-11-06 00:00:00,2019-11-06 16:12:28,Q3,1226000000.0,937000000.0,289000000.0,0.23572593800978792,0.0,230000000.0,0.0,-35000000.0,230000000.0,1167000000.0,16000000.0,19000000.0,78000000.0,0.0636215334420881,59000000.0,0.04812398042414356,-35000000.0,8000000.0,0.0065252854812398045,0.0,8000000.0,0.0065252854812398045,0.07,0.06,122770000,123244000,https://www.sec.gov/Archives/edgar/data/1740332/000156459019041017/0001564590-19-041017-index.html,https://www.sec.gov/Archives/edgar/data/1740332/000156459019041017/rezi-10q_20190930.htm,1620597213,17:53:33,20210509
6,2019-06-30,REZI,USD,2019-08-07,2019-08-07 16:02:53,Q2,1242000000.0,946000000.0,296000000.0,0.23832528180354268,0.0,254000000.0,0.0,-35000000.0,254000000.0,1200000000.0,18000000.0,20000000.0,62000000.0,0.0499194847020934,42000000.0,0.033816425120772944,-35000000.0,-11000000.0,-0.008856682769726247,0.0,-11000000.0,-0.008856682769726247,-0.09,-0.09,122700000,122700000,https://www.sec.gov/Archives/edgar/data/1740332/000156459019030038/rezi-10q_20190630.htm,https://www.sec.gov/Archives/edgar/data/1740332/000156459019030038/rezi-10q_20190630.htm,1620597213,17:53:33,20210509
7,2019-03-31,REZI,USD,2019-05-08 00:00:00,2019-05-08 16:06:57,Q1,1216000000.0,903000000.0,313000000.0,0.2574013157894737,0.0,228000000.0,0.0,16000000.0,228000000.0,1131000000.0,17000000.0,16000000.0,101000000.0,0.08305921052631579,85000000.0,0.06990131578947369,16000000.0,84000000.0,0.06907894736842106,36000000.0,48000000.0,0.039473684210526314,0.39161295586195644,0.3887521057405728,122570000,123472000,https://www.sec.gov/Archives/edgar/data/1740332/000156459019017186/0001564590-19-017186-index.html,https://www.sec.gov/Archives/edgar/data/1740332/000156459019017186/rezi-10q_20190331.htm,1620597213,17:53:33,20210509
8,2018-12-31,REZI,USD,2019-03-18 00:00:00,2019-03-18 16:17:39,Q4,1266000000.0,936000000.0,330000000.0,0.26066350710900477,0.0,0.0,225000000.0,-47000000.0,225000000.0,1161000000.0,0.0,17000000.0,122000000.0,0.09636650868878358,105000000.0,0.08293838862559241,-47000000.0,38000000.0,0.030015797788309637,22000000.0,16000000.0,0.01263823064770932,0.13061331112907043,0.13008235839315765,122499000,122999000,https://www.sec.gov/Archives/edgar/data/1740332/000156459019008280/0001564590-19-008280-index.html,https://www.sec.gov/Archives/edgar/data/1740332/000156459019008280/rezi-10k_20181231.htm,1620597213,17:53:33,20210509
9,2018-09-30,REZI,USD,2018-11-13 00:00:00,2018-11-13 16:50:10,Q3,1200000000.0,853000000.0,347000000.0,0.2891666666666667,0.0,0.0,219000000.0,-146000000.0,219000000.0,1072000000.0,0.0,16000000.0,144000000.0,0.12,128000000.0,0.10666666666666667,-146000000.0,-18000000.0,-0.015,-329000000.0,311000000.0,0.25916666666666666,2.51921,2.51921,123451420,123451420,https://www.sec.gov/Archives/edgar/data/1740332/000156459018029339/0001564590-18-029339-index.html,https://www.sec.gov/Archives/edgar/data/1740332/000156459018029339/rezi-10q_20180930.htm,1620597213,17:53:33,20210509
10,2018-06-30,REZI,USD,2018-06-30,2018-06-30,Q2,1196000000.0,850000000.0,346000000.0,0.28929765886287623,0.0,0.0,217000000.0,-123000000.0,217000000.0,1067000000.0,0.0,16000000.0,145000000.0,0.12123745819397994,129000000.0,0.10785953177257525,-123000000.0,5000000.0,0.004180602006688963,-28000000.0,33000000.0,0.027591973244147156,0.267,0.267,123451420,123451420,,,1620597213,17:53:33,20210509
11,2018-03-31,REZI,USD,2018-03-31,2018-03-31,Q1,1165000000.0,822000000.0,343000000.0,0.2944206008583691,0.0,0.0,0.0,-52000000.0,212000000.0,1034000000.0,0.0,17000000.0,148000000.0,0.12703862660944207,131000000.0,0.11244635193133047,-52000000.0,79000000.0,0.06781115879828326,34000000.0,45000000.0,0.03862660944206009,0.364516,0.364516,123451420,123451420,,,1620597213,17:53:33,20210509
12,2017-12-31,REZI,USD,2017-12-31,2017-12-31,Q4,1209000000.0,848000000.0,361000000.0,0.2985938792390405,0.0,0.0,224000000.0,-116000000.0,224000000.0,1072000000.0,0.0,17000000.0,154000000.0,0.1273779983457403,137000000.0,0.11331679073614558,-117000000.0,22000000.0,0.018196856906534328,471000000.0,-449000000.0,-0.37138130686517784,-3.6370582047577904,-3.6370582047577904,123451420,123451420,,,1620597213,17:53:33,20210509
13,2017-09-30,REZI,USD,2017-09-30,2017-09-30,Q3,1152000000.0,816000000.0,336000000.0,0.2916666666666667,0.0,0.0,214000000.0,-65000000.0,214000000.0,1030000000.0,0.0,17000000.0,139000000.0,0.12065972222222222,122000000.0,0.10590277777777778,-65000000.0,58000000.0,0.050347222222222224,35000000.0,23000000.0,0.019965277777777776,0.186308,0.186308,123451420,123451420,,,1620597213,17:53:33,20210509
14,2017-06-30,REZI,USD,2017-06-30,2017-06-30,Q2,1096000000.0,788000000.0,308000000.0,0.28102189781021897,0.0,0.0,218000000.0,-51000000.0,218000000.0,1006000000.0,0.0,0.0,90000000.0,0.08211678832116788,90000000.0,0.08211678832116788,-51000000.0,39000000.0,0.035583941605839414,23000000.0,16000000.0,0.014598540145985401,0.129606,0.129606,123451420,123451420,,,1620597213,17:53:33,20210509
