,date,symbol,reportedCurrency,fillingDate,acceptedDate,period,revenue,costOfRevenue,grossProfit,grossProfitRatio,researchAndDevelopmentExpenses,generalAndAdministrativeExpenses,sellingAndMarketingExpenses,otherExpenses,operatingExpenses,costAndExpenses,interestExpense,depreciationAndAmortization,ebitda,ebitdaratio,operatingIncome,operatingIncomeRatio,totalOtherIncomeExpensesNet,incomeBeforeTax,incomeBeforeTaxRatio,incomeTaxExpense,netIncome,netIncomeRatio,eps,epsdiluted,weightedAverageShsOut,weightedAverageShsOutDil,link,finalLink,timestamp,est_time,est_date
0,2019-06-30,AUG.L,GBP,2019-06-30,2019-06-30,Q2,26784250.0,0.0,0.0,0.0,0.0,0.0,0.0,0.0,28351750.0,30275000.0,174250.0,2231750.0,-1259000.0,-0.047005236286250314,-3490750.0,-0.13032845795570158,0.0,-3831000.0,-0.14303181907277598,-642000.0,-3189000.0,-0.11906250875047836,-0.030661462941756902,-0.03042678010045074,104006779,104808987,https://find-and-update.company-information.service.gov.uk/search/companies?q=Augean+PLC,https://find-and-update.company-information.service.gov.uk/search/companies?q=Augean+PLC,1620588922,15:35:22,20210509
1,2019-03-31,AUG.L,GBP,2019-03-31,2019-03-31,Q1,26784250.0,0.0,0.0,0.0,0.0,0.0,0.0,0.0,28351750.0,30275000.0,174250.0,2231750.0,-1259000.0,-0.047005236286250314,-3490750.0,-0.13032845795570158,0.0,-3831000.0,-0.14303181907277598,-642000.0,-3189000.0,-0.11906250875047836,-0.030661462941756902,-0.03042678010045074,104006779,104808987,https://find-and-update.company-information.service.gov.uk/search/companies?q=Augean+PLC,https://find-and-update.company-information.service.gov.uk/search/companies?q=Augean+PLC,1620588922,15:35:22,20210509
2,2019-01-31,AUG.L,GBP,2019-01-31,2019-01-31,Q1,26784250.0,0.0,0.0,0.0,0.0,0.0,0.0,0.0,28351750.0,30275000.0,174250.0,2231750.0,-1259000.0,-0.047005236286250314,-3490750.0,-0.13032845795570158,0.0,-3831000.0,-0.14303181907277598,-642000.0,-3189000.0,-0.11906250875047836,-0.030661462941756902,-0.03042678010045074,104006779,104808987,https://find-and-update.company-information.service.gov.uk/search/companies?q=Augean+PLC,https://find-and-update.company-information.service.gov.uk/search/companies?q=Augean+PLC,1620588922,15:35:22,20210509
3,2018-06-30,AUG.L,GBP,2018-06-30,2018-06-30,Q2,19937250.0,0.0,0.0,0.0,0.0,0.0,0.0,0.0,16890750.0,17021500.0,187000.0,1772500.0,4688250.0,0.23515028401610052,2915750.0,0.1462463479165883,0.0,2648250.0,0.13282925177745175,510750.0,2484750.0,0.12462852198773652,0.024025,0.023875,103408043,104117162,https://find-and-update.company-information.service.gov.uk/search/companies?q=Augean+PLC,https://find-and-update.company-information.service.gov.uk/search/companies?q=Augean+PLC,1620588922,15:35:22,20210509
4,2018-03-31,AUG.L,GBP,2018-03-31,2018-03-31,Q1,19937250.0,0.0,0.0,0.0,0.0,0.0,0.0,0.0,16890750.0,17021500.0,187000.0,1772500.0,4688250.0,0.23515028401610052,2915750.0,0.1462463479165883,0.0,2648250.0,0.13282925177745175,510750.0,2484750.0,0.12462852198773652,0.024025,0.023875,103408043,104117162,https://find-and-update.company-information.service.gov.uk/search/companies?q=Augean+PLC,https://find-and-update.company-information.service.gov.uk/search/companies?q=Augean+PLC,1620588922,15:35:22,20210509
5,2018-01-31,AUG.L,GBP,2018-01-31,2018-01-31,Q1,19937250.0,0.0,0.0,0.0,0.0,0.0,0.0,0.0,16890750.0,17021500.0,187000.0,1772500.0,4688250.0,0.23515028401610052,2915750.0,0.1462463479165883,0.0,2648250.0,0.13282925177745175,510750.0,2484750.0,0.12462852198773652,0.024025,0.023875,103408043,104117162,https://find-and-update.company-information.service.gov.uk/search/companies?q=Augean+PLC,https://find-and-update.company-information.service.gov.uk/search/companies?q=Augean+PLC,1620588922,15:35:22,20210509
6,2017-06-30,AUG.L,GBP,2017-06-30,2017-06-30,Q2,21172750.0,0.0,0.0,0.0,0.0,0.0,0.0,0.0,19582250.0,19582250.0,212500.0,1596250.0,3186750.0,0.15051186076442596,1590500.0,0.07512014263617149,0.0,-773250.0,-0.03652099987011607,100250.0,-873500.0,-0.041255859536432446,-0.008496349191217103,-0.008350904330758909,102808863,104599450,https://find-and-update.company-information.service.gov.uk/search/companies?q=Augean+PLC,https://find-and-update.company-information.service.gov.uk/search/companies?q=Augean+PLC,1620588922,15:35:22,20210509
7,2017-03-31,AUG.L,GBP,2017-03-31,2017-03-31,Q1,21172750.0,0.0,0.0,0.0,0.0,0.0,0.0,0.0,19582250.0,19582250.0,212500.0,1596250.0,3186750.0,0.15051186076442596,1590500.0,0.07512014263617149,0.0,-773250.0,-0.03652099987011607,100250.0,-873500.0,-0.041255859536432446,-0.008496349191217103,-0.008350904330758909,102808863,104599450,https://find-and-update.company-information.service.gov.uk/search/companies?q=Augean+PLC,https://find-and-update.company-information.service.gov.uk/search/companies?q=Augean+PLC,1620588922,15:35:22,20210509
8,2017-01-31,AUG.L,GBP,2017-01-31,2017-01-31,Q1,21172750.0,0.0,0.0,0.0,0.0,0.0,0.0,0.0,19582250.0,19582250.0,212500.0,1596250.0,3186750.0,0.15051186076442596,1590500.0,0.07512014263617149,0.0,-773250.0,-0.03652099987011607,100250.0,-873500.0,-0.041255859536432446,-0.008496349191217103,-0.008350904330758909,102808863,104599450,https://find-and-update.company-information.service.gov.uk/search/companies?q=Augean+PLC,https://find-and-update.company-information.service.gov.uk/search/companies?q=Augean+PLC,1620588922,15:35:22,20210509
9,2016-06-30,AUG.L,GBP,2016-06-30,2016-06-30,Q2,18989750.0,0.0,0.0,0.0,0.0,0.0,0.0,0.0,17040250.0,17040250.0,203000.0,1568500.0,3518000.0,0.18525783646440844,1949500.0,0.10266064587474821,0.0,316750.0,0.016680051080187996,215500.0,101250.0,0.00533182374702142,0.001,0.000975,102420517,104196300,https://find-and-update.company-information.service.gov.uk/search/companies?q=Augean+PLC,https://find-and-update.company-information.service.gov.uk/search/companies?q=Augean+PLC,1620588922,15:35:22,20210509
10,2016-03-31,AUG.L,GBP,2016-03-31,2016-03-31,Q1,18989750.0,0.0,0.0,0.0,0.0,0.0,0.0,0.0,17040250.0,17040250.0,203000.0,1568500.0,3518000.0,0.18525783646440844,1949500.0,0.10266064587474821,0.0,316750.0,0.016680051080187996,215500.0,101250.0,0.00533182374702142,0.001,0.000975,102420517,104196300,https://find-and-update.company-information.service.gov.uk/search/companies?q=Augean+PLC,https://find-and-update.company-information.service.gov.uk/search/companies?q=Augean+PLC,1620588922,15:35:22,20210509
11,2016-01-31,AUG.L,GBP,2016-01-31,2016-01-31,Q1,18989750.0,0.0,0.0,0.0,0.0,0.0,0.0,0.0,17040250.0,17040250.0,203000.0,1568500.0,3518000.0,0.18525783646440844,1949500.0,0.10266064587474821,0.0,316750.0,0.016680051080187996,215500.0,101250.0,0.00533182374702142,0.001,0.000975,102420517,104196300,https://find-and-update.company-information.service.gov.uk/search/companies?q=Augean+PLC,https://find-and-update.company-information.service.gov.uk/search/companies?q=Augean+PLC,1620588922,15:35:22,20210509
12,2015-09-30,AUG.L,GBP,2015-09-30,2015-09-30,Q3,15251250.0,0.0,0.0,0.0,0.0,0.0,0.0,0.0,13546250.0,13546250.0,197000.0,1309000.0,3014000.0,0.19762314564379968,1705000.0,0.11179411523645603,0.0,631000.0,0.0413736578968937,209250.0,408750.0,0.026801081878534545,0.004,0.0039,102139647,104934812,https://find-and-update.company-information.service.gov.uk/search/companies?q=Augean+PLC,https://find-and-update.company-information.service.gov.uk/search/companies?q=Augean+PLC,1620588922,15:35:22,20210509
13,2015-06-30,AUG.L,GBP,2015-06-30,2015-06-30,Q2,15251250.0,0.0,0.0,0.0,0.0,0.0,0.0,0.0,13546250.0,13546250.0,197000.0,1309000.0,3014000.0,0.19762314564379968,1705000.0,0.11179411523645603,0.0,631000.0,0.0413736578968937,209250.0,408750.0,0.026801081878534545,0.004,0.0039,102139647,104934812,https://find-and-update.company-information.service.gov.uk/search/companies?q=Augean+PLC,https://find-and-update.company-information.service.gov.uk/search/companies?q=Augean+PLC,1620588922,15:35:22,20210509
14,2015-03-31,AUG.L,GBP,2015-03-31,2015-03-31,Q1,15251250.0,0.0,0.0,0.0,0.0,0.0,0.0,0.0,13546250.0,13546250.0,197000.0,1309000.0,3014000.0,0.19762314564379968,1705000.0,0.11179411523645603,0.0,631000.0,0.0413736578968937,209250.0,408750.0,0.026801081878534545,0.004,0.0039,102139647,104934812,https://find-and-update.company-information.service.gov.uk/search/companies?q=Augean+PLC,https://find-and-update.company-information.service.gov.uk/search/companies?q=Augean+PLC,1620588922,15:35:22,20210509
15,2015-01-31,AUG.L,GBP,2015-01-31,2015-01-31,Q1,15251250.0,0.0,0.0,0.0,0.0,0.0,0.0,0.0,13546250.0,13546250.0,197000.0,1309000.0,3014000.0,0.19762314564379968,1705000.0,0.11179411523645603,0.0,631000.0,0.0413736578968937,209250.0,408750.0,0.026801081878534545,0.004,0.0039,102139647,104934812,https://find-and-update.company-information.service.gov.uk/search/companies?q=Augean+PLC,https://find-and-update.company-information.service.gov.uk/search/companies?q=Augean+PLC,1620588922,15:35:22,20210509
16,2014-09-30,AUG.L,GBP,2014-09-30,2014-09-30,Q3,13748250.0,0.0,0.0,0.0,0.0,0.0,0.0,0.0,12211750.0,12211750.0,189750.0,970500.0,2507000.0,0.18235048097030532,1536500.0,0.11175967850453694,0.0,1481250.0,0.10774098521630025,281250.0,1230250.0,0.08948411616023857,0.0123,0.01195,100053156,102948097,https://find-and-update.company-information.service.gov.uk/search/companies?q=Augean+PLC,https://find-and-update.company-information.service.gov.uk/search/companies?q=Augean+PLC,1620588922,15:35:22,20210509
17,2014-06-30,AUG.L,GBP,2014-06-30,2014-06-30,Q2,13748250.0,0.0,0.0,0.0,0.0,0.0,0.0,0.0,12211750.0,12211750.0,189750.0,970500.0,2507000.0,0.18235048097030532,1536500.0,0.11175967850453694,0.0,1481250.0,0.10774098521630025,281250.0,1230250.0,0.08948411616023857,0.0123,0.01195,100053156,102948097,https://find-and-update.company-information.service.gov.uk/search/companies?q=Augean+PLC,https://find-and-update.company-information.service.gov.uk/search/companies?q=Augean+PLC,1620588922,15:35:22,20210509
18,2014-03-31,AUG.L,GBP,2014-03-31,2014-03-31,Q1,13748250.0,0.0,0.0,0.0,0.0,0.0,0.0,0.0,12211750.0,12211750.0,189750.0,970500.0,2507000.0,0.18235048097030532,1536500.0,0.11175967850453694,0.0,1481250.0,0.10774098521630025,281250.0,1230250.0,0.08948411616023857,0.0123,0.01195,100053156,102948097,https://find-and-update.company-information.service.gov.uk/search/companies?q=Augean+PLC,https://find-and-update.company-information.service.gov.uk/search/companies?q=Augean+PLC,1620588922,15:35:22,20210509
19,2014-01-31,AUG.L,GBP,2014-01-31,2014-01-31,Q1,13748250.0,0.0,0.0,0.0,0.0,0.0,0.0,0.0,12211750.0,12211750.0,189750.0,970500.0,2507000.0,0.18235048097030532,1536500.0,0.11175967850453694,0.0,1481250.0,0.10774098521630025,281250.0,1230250.0,0.08948411616023857,0.0123,0.01195,100053156,102948097,https://find-and-update.company-information.service.gov.uk/search/companies?q=Augean+PLC,https://find-and-update.company-information.service.gov.uk/search/companies?q=Augean+PLC,1620588922,15:35:22,20210509
20,2013-09-30,AUG.L,GBP,2013-09-30,2013-09-30,Q3,10872000.0,0.0,0.0,0.0,0.0,0.0,0.0,0.0,9592500.0,9592500.0,169750.0,685500.0,1965000.0,0.18073951434878588,1279500.0,0.11768763796909493,0.0,1051000.0,0.09667034584253127,244250.0,-446750.0,-0.041091795437821925,-0.004475,-0.004475,99699414,99699414,https://find-and-update.company-information.service.gov.uk/search/companies?q=Augean+PLC,https://find-and-update.company-information.service.gov.uk/search/companies?q=Augean+PLC,1620588922,15:35:22,20210509
21,2013-06-30,AUG.L,GBP,2013-06-30,2013-06-30,Q2,10872000.0,0.0,0.0,0.0,0.0,0.0,0.0,0.0,9592500.0,9592500.0,169750.0,685500.0,1965000.0,0.18073951434878588,1279500.0,0.11768763796909493,0.0,1051000.0,0.09667034584253127,244250.0,-446750.0,-0.041091795437821925,-0.004475,-0.004475,99699414,99699414,https://find-and-update.company-information.service.gov.uk/search/companies?q=Augean+PLC,https://find-and-update.company-information.service.gov.uk/search/companies?q=Augean+PLC,1620588922,15:35:22,20210509
22,2013-03-31,AUG.L,GBP,2013-03-31,2013-03-31,Q1,10872000.0,0.0,0.0,0.0,0.0,0.0,0.0,0.0,9592500.0,9592500.0,169750.0,685500.0,1965000.0,0.18073951434878588,1279500.0,0.11768763796909493,0.0,1051000.0,0.09667034584253127,244250.0,-446750.0,-0.041091795437821925,-0.004475,-0.004475,99699414,99699414,https://find-and-update.company-information.service.gov.uk/search/companies?q=Augean+PLC,https://find-and-update.company-information.service.gov.uk/search/companies?q=Augean+PLC,1620588922,15:35:22,20210509
23,2013-01-31,AUG.L,GBP,2013-01-31,2013-01-31,Q1,10872000.0,0.0,0.0,0.0,0.0,0.0,0.0,0.0,9592500.0,9592500.0,169750.0,685500.0,1965000.0,0.18073951434878588,1279500.0,0.11768763796909493,0.0,1051000.0,0.09667034584253127,244250.0,-446750.0,-0.041091795437821925,-0.004475,-0.004475,99699414,99699414,https://find-and-update.company-information.service.gov.uk/search/companies?q=Augean+PLC,https://find-and-update.company-information.service.gov.uk/search/companies?q=Augean+PLC,1620588922,15:35:22,20210509
24,2012-09-30,AUG.L,GBP,2012-09-30,2012-09-30,Q3,10605250.0,0.0,0.0,0.0,0.0,0.0,0.0,0.0,9790750.0,9790750.0,162250.0,825250.0,1639750.0,0.15461681714245304,814500.0,0.07680158412107212,0.0,690250.0,0.06508568869192145,195250.0,491500.0,0.04634497065132835,0.004925,0.004925,99699414,99699414,https://find-and-update.company-information.service.gov.uk/search/companies?q=Augean+PLC,https://find-and-update.company-information.service.gov.uk/search/companies?q=Augean+PLC,1620588922,15:35:22,20210509
25,2012-06-30,AUG.L,GBP,2012-06-30,2012-06-30,Q2,10605250.0,0.0,0.0,0.0,0.0,0.0,0.0,0.0,9790750.0,9790750.0,162250.0,825250.0,1639750.0,0.15461681714245304,814500.0,0.07680158412107212,0.0,690250.0,0.06508568869192145,195250.0,491500.0,0.04634497065132835,0.004925,0.004925,99699414,99699414,https://find-and-update.company-information.service.gov.uk/search/companies?q=Augean+PLC,https://find-and-update.company-information.service.gov.uk/search/companies?q=Augean+PLC,1620588922,15:35:22,20210509
26,2012-03-31,AUG.L,GBP,2012-03-31,2012-03-31,Q1,10605250.0,0.0,0.0,0.0,0.0,0.0,0.0,0.0,9790750.0,9790750.0,162250.0,825250.0,1639750.0,0.15461681714245304,814500.0,0.07680158412107212,0.0,690250.0,0.06508568869192145,195250.0,491500.0,0.04634497065132835,0.004925,0.004925,99699414,99699414,https://find-and-update.company-information.service.gov.uk/search/companies?q=Augean+PLC,https://find-and-update.company-information.service.gov.uk/search/companies?q=Augean+PLC,1620588922,15:35:22,20210509
27,2012-01-31,AUG.L,GBP,2012-01-31,2012-01-31,Q1,10605250.0,0.0,0.0,0.0,0.0,0.0,0.0,0.0,9790750.0,9790750.0,162250.0,825250.0,1639750.0,0.15461681714245304,814500.0,0.07680158412107212,0.0,690250.0,0.06508568869192145,195250.0,491500.0,0.04634497065132835,0.004925,0.004925,99699414,99699414,https://find-and-update.company-information.service.gov.uk/search/companies?q=Augean+PLC,https://find-and-update.company-information.service.gov.uk/search/companies?q=Augean+PLC,1620588922,15:35:22,20210509
28,2011-09-30,AUG.L,GBP,2011-09-30,2011-09-30,Q3,9364750.0,0.0,0.0,0.0,0.0,0.0,0.0,8000.0,7693250.0,8906500.0,121250.0,1094750.0,1553000.0,0.16583464587949492,458250.0,0.04893350062735257,0.0,347250.0,0.03708054139192184,-48250.0,395500.0,0.042232841239755466,0.003975,0.003975,99699414,99699414,https://find-and-update.company-information.service.gov.uk/search/companies?q=Augean+PLC,https://find-and-update.company-information.service.gov.uk/search/companies?q=Augean+PLC,1620588922,15:35:22,20210509
29,2011-06-30,AUG.L,GBP,2011-06-30,2011-06-30,Q2,9364750.0,0.0,0.0,0.0,0.0,0.0,0.0,8000.0,7693250.0,8906500.0,121250.0,1094750.0,1553000.0,0.16583464587949492,458250.0,0.04893350062735257,0.0,347250.0,0.03708054139192184,-48250.0,395500.0,0.042232841239755466,0.003975,0.003975,99699414,99699414,https://find-and-update.company-information.service.gov.uk/search/companies?q=Augean+PLC,https://find-and-update.company-information.service.gov.uk/search/companies?q=Augean+PLC,1620588922,15:35:22,20210509
30,2011-03-31,AUG.L,GBP,2011-03-31,2011-03-31,Q1,9364750.0,0.0,0.0,0.0,0.0,0.0,0.0,8000.0,7693250.0,8906500.0,121250.0,1094750.0,1553000.0,0.16583464587949492,458250.0,0.04893350062735257,0.0,347250.0,0.03708054139192184,-48250.0,395500.0,0.042232841239755466,0.003975,0.003975,99699414,99699414,https://find-and-update.company-information.service.gov.uk/search/companies?q=Augean+PLC,https://find-and-update.company-information.service.gov.uk/search/companies?q=Augean+PLC,1620588922,15:35:22,20210509
31,2011-01-31,AUG.L,GBP,2011-01-31,2011-01-31,Q1,9364750.0,0.0,0.0,0.0,0.0,0.0,0.0,8000.0,7693250.0,8906500.0,121250.0,1094750.0,1553000.0,0.16583464587949492,458250.0,0.04893350062735257,0.0,347250.0,0.03708054139192184,-48250.0,395500.0,0.042232841239755466,0.003975,0.003975,99699414,99699414,https://find-and-update.company-information.service.gov.uk/search/companies?q=Augean+PLC,https://find-and-update.company-information.service.gov.uk/search/companies?q=Augean+PLC,1620588922,15:35:22,20210509
32,2010-09-30,AUG.L,GBP,2010-09-30,2010-09-30,Q3,8530000.0,0.0,0.0,0.0,0.0,0.0,0.0,7000.0,7095750.0,8341500.0,113750.0,1128000.0,1316500.0,0.15433763188745603,188500.0,0.022098475967174677,0.0,134750.0,0.015797186400937867,29250.0,105500.0,0.012368112543962485,0.00105,0.00105,99699414,99699414,https://find-and-update.company-information.service.gov.uk/search/companies?q=Augean+PLC,https://find-and-update.company-information.service.gov.uk/search/companies?q=Augean+PLC,1620588922,15:35:22,20210509
33,2010-06-30,AUG.L,GBP,2010-06-30,2010-06-30,Q2,8530000.0,0.0,0.0,0.0,0.0,0.0,0.0,7000.0,7095750.0,8341500.0,113750.0,1128000.0,1316500.0,0.15433763188745603,188500.0,0.022098475967174677,0.0,134750.0,0.015797186400937867,29250.0,105500.0,0.012368112543962485,0.00105,0.00105,99699414,99699414,https://find-and-update.company-information.service.gov.uk/search/companies?q=Augean+PLC,https://find-and-update.company-information.service.gov.uk/search/companies?q=Augean+PLC,1620588922,15:35:22,20210509
34,2010-03-31,AUG.L,GBP,2010-03-31,2010-03-31,Q1,8530000.0,0.0,0.0,0.0,0.0,0.0,0.0,7000.0,7095750.0,8341500.0,113750.0,1128000.0,1316500.0,0.15433763188745603,188500.0,0.022098475967174677,0.0,134750.0,0.015797186400937867,29250.0,105500.0,0.012368112543962485,0.00105,0.00105,99699414,99699414,https://find-and-update.company-information.service.gov.uk/search/companies?q=Augean+PLC,https://find-and-update.company-information.service.gov.uk/search/companies?q=Augean+PLC,1620588922,15:35:22,20210509
35,2010-01-31,AUG.L,GBP,2010-01-31,2010-01-31,Q1,8530000.0,0.0,0.0,0.0,0.0,0.0,0.0,7000.0,7095750.0,8341500.0,113750.0,1128000.0,1316500.0,0.15433763188745603,188500.0,0.022098475967174677,0.0,134750.0,0.015797186400937867,29250.0,105500.0,0.012368112543962485,0.00105,0.00105,99699414,99699414,https://find-and-update.company-information.service.gov.uk/search/companies?q=Augean+PLC,https://find-and-update.company-information.service.gov.uk/search/companies?q=Augean+PLC,1620588922,15:35:22,20210509
36,2009-09-30,AUG.L,GBP,2009-09-30,2009-09-30,Q3,7885000.0,0.0,0.0,0.0,0.0,0.0,0.0,15000.0,6336000.0,7435250.0,271000.0,957000.0,1406750.0,0.17840837032339885,449750.0,0.057038681039949274,0.0,-13638000.0,-1.7296131896005074,0.0,-13638000.0,-1.7296131896005074,-0.187,-0.187,72972669,72972669,https://find-and-update.company-information.service.gov.uk/search/companies?q=Augean+PLC,https://find-and-update.company-information.service.gov.uk/search/companies?q=Augean+PLC,1620588922,15:35:22,20210509
37,2009-06-30,AUG.L,GBP,2009-06-30,2009-06-30,Q2,7885000.0,0.0,0.0,0.0,0.0,0.0,0.0,15000.0,6336000.0,7435250.0,271000.0,957000.0,1406750.0,0.17840837032339885,449750.0,0.057038681039949274,0.0,-13638000.0,-1.7296131896005074,0.0,-13638000.0,-1.7296131896005074,-0.187,-0.187,72972669,72972669,https://find-and-update.company-information.service.gov.uk/search/companies?q=Augean+PLC,https://find-and-update.company-information.service.gov.uk/search/companies?q=Augean+PLC,1620588922,15:35:22,20210509
38,2009-03-31,AUG.L,GBP,2009-03-31,2009-03-31,Q1,7885000.0,0.0,0.0,0.0,0.0,0.0,0.0,15000.0,6336000.0,7435250.0,271000.0,957000.0,1406750.0,0.17840837032339885,449750.0,0.057038681039949274,0.0,-13638000.0,-1.7296131896005074,0.0,-13638000.0,-1.7296131896005074,-0.187,-0.187,72972669,72972669,https://find-and-update.company-information.service.gov.uk/search/companies?q=Augean+PLC,https://find-and-update.company-information.service.gov.uk/search/companies?q=Augean+PLC,1620588922,15:35:22,20210509
39,2009-01-31,AUG.L,GBP,2009-01-31,2009-01-31,Q1,7885000.0,0.0,0.0,0.0,0.0,0.0,0.0,15000.0,6336000.0,7435250.0,271000.0,957000.0,1406750.0,0.17840837032339885,449750.0,0.057038681039949274,0.0,-13638000.0,-1.7296131896005074,0.0,-13638000.0,-1.7296131896005074,-0.187,-0.187,72972669,72972669,https://find-and-update.company-information.service.gov.uk/search/companies?q=Augean+PLC,https://find-and-update.company-information.service.gov.uk/search/companies?q=Augean+PLC,1620588922,15:35:22,20210509
40,2008-09-30,AUG.L,GBP,2008-09-30,2008-09-30,Q3,10020250.0,0.0,0.0,0.0,0.0,0.0,0.0,146000.0,7221250.0,8484250.0,440500.0,1106000.0,2642000.0,0.2636660761957037,1536000.0,0.1532895885831192,0.0,756250.0,0.07547216885806242,-155250.0,911500.0,0.09096579426661011,0.014,0.014,65488892,65488892,https://find-and-update.company-information.service.gov.uk/search/companies?q=Augean+PLC,https://find-and-update.company-information.service.gov.uk/search/companies?q=Augean+PLC,1620588922,15:35:22,20210509
41,2008-06-30,AUG.L,GBP,2008-06-30,2008-06-30,Q2,10020250.0,0.0,0.0,0.0,0.0,0.0,0.0,146000.0,7221250.0,8484250.0,440500.0,1106000.0,2642000.0,0.2636660761957037,1536000.0,0.1532895885831192,0.0,756250.0,0.07547216885806242,-155250.0,911500.0,0.09096579426661011,0.014,0.014,65488892,65488892,https://find-and-update.company-information.service.gov.uk/search/companies?q=Augean+PLC,https://find-and-update.company-information.service.gov.uk/search/companies?q=Augean+PLC,1620588922,15:35:22,20210509
42,2008-03-31,AUG.L,GBP,2008-03-31,2008-03-31,Q1,10020250.0,0.0,0.0,0.0,0.0,0.0,0.0,146000.0,7221250.0,8484250.0,440500.0,1106000.0,2642000.0,0.2636660761957037,1536000.0,0.1532895885831192,0.0,756250.0,0.07547216885806242,-155250.0,911500.0,0.09096579426661011,0.014,0.014,65488892,65488892,https://find-and-update.company-information.service.gov.uk/search/companies?q=Augean+PLC,https://find-and-update.company-information.service.gov.uk/search/companies?q=Augean+PLC,1620588922,15:35:22,20210509
43,2008-01-31,AUG.L,GBP,2008-01-31,2008-01-31,Q1,10020250.0,0.0,0.0,0.0,0.0,0.0,0.0,146000.0,7221250.0,8484250.0,440500.0,1106000.0,2642000.0,0.2636660761957037,1536000.0,0.1532895885831192,0.0,756250.0,0.07547216885806242,-155250.0,911500.0,0.09096579426661011,0.014,0.014,65488892,65488892,https://find-and-update.company-information.service.gov.uk/search/companies?q=Augean+PLC,https://find-and-update.company-information.service.gov.uk/search/companies?q=Augean+PLC,1620588922,15:35:22,20210509
44,2007-09-30,AUG.L,GBP,2007-09-30,2007-09-30,Q3,6575500.0,0.0,0.0,0.0,0.0,0.0,0.0,62000.0,4345000.0,5345500.0,253000.0,879500.0,2109500.0,0.3208121055433047,1230000.0,0.18705801840164246,0.0,-5978250.0,-0.9091704052923733,0.0,-5978250.0,-0.9091704052923733,-0.09125,-0.09125,65488892,65488892,https://find-and-update.company-information.service.gov.uk/search/companies?q=Augean+PLC,https://find-and-update.company-information.service.gov.uk/search/companies?q=Augean+PLC,1620588922,15:35:22,20210509
45,2007-06-30,AUG.L,GBP,2007-06-30,2007-06-30,Q2,6575500.0,0.0,0.0,0.0,0.0,0.0,0.0,62000.0,4345000.0,5345500.0,253000.0,879500.0,2109500.0,0.3208121055433047,1230000.0,0.18705801840164246,0.0,-5978250.0,-0.9091704052923733,0.0,-5978250.0,-0.9091704052923733,-0.09125,-0.09125,65488892,65488892,https://find-and-update.company-information.service.gov.uk/search/companies?q=Augean+PLC,https://find-and-update.company-information.service.gov.uk/search/companies?q=Augean+PLC,1620588922,15:35:22,20210509
46,2007-03-31,AUG.L,GBP,2007-03-31,2007-03-31,Q1,6575500.0,0.0,0.0,0.0,0.0,0.0,0.0,62000.0,4345000.0,5345500.0,253000.0,879500.0,2109500.0,0.3208121055433047,1230000.0,0.18705801840164246,0.0,-5978250.0,-0.9091704052923733,0.0,-5978250.0,-0.9091704052923733,-0.09125,-0.09125,65488892,65488892,https://find-and-update.company-information.service.gov.uk/search/companies?q=Augean+PLC,https://find-and-update.company-information.service.gov.uk/search/companies?q=Augean+PLC,1620588922,15:35:22,20210509
47,2007-01-31,AUG.L,GBP,2007-01-31,2007-01-31,Q1,6575500.0,0.0,0.0,0.0,0.0,0.0,0.0,62000.0,4345000.0,5345500.0,253000.0,879500.0,2109500.0,0.3208121055433047,1230000.0,0.18705801840164246,0.0,-5978250.0,-0.9091704052923733,0.0,-5978250.0,-0.9091704052923733,-0.09125,-0.09125,65488892,65488892,https://find-and-update.company-information.service.gov.uk/search/companies?q=Augean+PLC,https://find-and-update.company-information.service.gov.uk/search/companies?q=Augean+PLC,1620588922,15:35:22,20210509
48,2006-09-30,AUG.L,GBP,2006-09-30,2006-09-30,Q3,6640250.0,0.0,0.0,0.0,0.0,0.0,0.0,0.0,4153000.0,5476750.0,239000.0,1149250.0,2312750.0,0.34829260946500507,1163500.0,0.17521930650201423,0.0,577750.0,0.08700726629268477,-22250.0,600000.0,0.09035804374835285,0.009161859082911342,0.0091615047313446,65488892,65491425,https://find-and-update.company-information.service.gov.uk/search/companies?q=Augean+PLC,https://find-and-update.company-information.service.gov.uk/search/companies?q=Augean+PLC,1620588922,15:35:22,20210509
49,2006-06-30,AUG.L,GBP,2006-06-30,2006-06-30,Q2,6640250.0,0.0,0.0,0.0,0.0,0.0,0.0,0.0,4153000.0,5476750.0,239000.0,1149250.0,2312750.0,0.34829260946500507,1163500.0,0.17521930650201423,0.0,577750.0,0.08700726629268477,-22250.0,600000.0,0.09035804374835285,0.009161859082911342,0.0091615047313446,65488892,65491425,https://find-and-update.company-information.service.gov.uk/search/companies?q=Augean+PLC,https://find-and-update.company-information.service.gov.uk/search/companies?q=Augean+PLC,1620588922,15:35:22,20210509
50,2006-03-31,AUG.L,GBP,2006-03-31,2006-03-31,Q1,6640250.0,0.0,0.0,0.0,0.0,0.0,0.0,0.0,4153000.0,5476750.0,239000.0,1149250.0,2312750.0,0.34829260946500507,1163500.0,0.17521930650201423,0.0,577750.0,0.08700726629268477,-22250.0,600000.0,0.09035804374835285,0.009161859082911342,0.0091615047313446,65488892,65491425,https://find-and-update.company-information.service.gov.uk/search/companies?q=Augean+PLC,https://find-and-update.company-information.service.gov.uk/search/companies?q=Augean+PLC,1620588922,15:35:22,20210509
51,2006-01-31,AUG.L,GBP,2006-01-31,2006-01-31,Q1,6640250.0,0.0,0.0,0.0,0.0,0.0,0.0,0.0,4153000.0,5476750.0,239000.0,1149250.0,2312750.0,0.34829260946500507,1163500.0,0.17521930650201423,0.0,577750.0,0.08700726629268477,-22250.0,600000.0,0.09035804374835285,0.009161859082911342,0.0091615047313446,65488892,65491425,https://find-and-update.company-information.service.gov.uk/search/companies?q=Augean+PLC,https://find-and-update.company-information.service.gov.uk/search/companies?q=Augean+PLC,1620588922,15:35:22,20210509
52,2005-09-30,AUG.L,GBP,2005-09-30,2005-09-30,Q3,3005000.0,2071750.0,933250.0,0.3105657237936772,0.0,0.0,0.0,-7000.0,409750.0,2481500.0,43750.0,1439000.0,1962500.0,0.6530782029950083,523500.0,0.17420965058236274,0.0,-251750.0,-0.08377703826955075,0.0,-251750.0,-0.08377703826955075,-0.00375,-0.00375,65489000,65489000,https://find-and-update.company-information.service.gov.uk/search/companies?q=Augean+PLC,https://find-and-update.company-information.service.gov.uk/search/companies?q=Augean+PLC,1620588922,15:35:22,20210509
53,2005-06-30,AUG.L,GBP,2005-06-30,2005-06-30,Q2,3005000.0,2071750.0,933250.0,0.3105657237936772,0.0,0.0,0.0,-7000.0,409750.0,2481500.0,43750.0,1439000.0,1962500.0,0.6530782029950083,523500.0,0.17420965058236274,0.0,-251750.0,-0.08377703826955075,0.0,-251750.0,-0.08377703826955075,-0.00375,-0.00375,65489000,65489000,https://find-and-update.company-information.service.gov.uk/search/companies?q=Augean+PLC,https://find-and-update.company-information.service.gov.uk/search/companies?q=Augean+PLC,1620588922,15:35:22,20210509
54,2005-03-31,AUG.L,GBP,2005-03-31,2005-03-31,Q1,3005000.0,2071750.0,933250.0,0.3105657237936772,0.0,0.0,0.0,-7000.0,409750.0,2481500.0,43750.0,1439000.0,1962500.0,0.6530782029950083,523500.0,0.17420965058236274,0.0,-251750.0,-0.08377703826955075,0.0,-251750.0,-0.08377703826955075,-0.00375,-0.00375,65489000,65489000,https://find-and-update.company-information.service.gov.uk/search/companies?q=Augean+PLC,https://find-and-update.company-information.service.gov.uk/search/companies?q=Augean+PLC,1620588922,15:35:22,20210509
55,2005-01-31,AUG.L,GBP,2005-01-31,2005-01-31,Q1,3005000.0,2071750.0,933250.0,0.3105657237936772,0.0,0.0,0.0,-7000.0,409750.0,2481500.0,43750.0,1439000.0,1962500.0,0.6530782029950083,523500.0,0.17420965058236274,0.0,-251750.0,-0.08377703826955075,0.0,-251750.0,-0.08377703826955075,-0.00375,-0.00375,65489000,65489000,https://find-and-update.company-information.service.gov.uk/search/companies?q=Augean+PLC,https://find-and-update.company-information.service.gov.uk/search/companies?q=Augean+PLC,1620588922,15:35:22,20210509
