,date,symbol,reportedCurrency,fillingDate,acceptedDate,period,revenue,costOfRevenue,grossProfit,grossProfitRatio,researchAndDevelopmentExpenses,generalAndAdministrativeExpenses,sellingAndMarketingExpenses,otherExpenses,operatingExpenses,costAndExpenses,interestExpense,depreciationAndAmortization,ebitda,ebitdaratio,operatingIncome,operatingIncomeRatio,totalOtherIncomeExpensesNet,incomeBeforeTax,incomeBeforeTaxRatio,incomeTaxExpense,netIncome,netIncomeRatio,eps,epsdiluted,weightedAverageShsOut,weightedAverageShsOutDil,link,finalLink,timestamp,est_time,est_date
0,2021-03-31,BTL.DE,USD,2021-03-31,2021-03-31,Q1,2946000000,1801000000.0,1145000000.0,0.38866259334691106,128000000.0,0.0,0.0,-8000000.0,755000000.0,2556000000.0,37000000.0,217000000.0,607000000.0,0.20604209097080786,390000000,0.11914460285132383,-5000000.0,351000000.0,0.11914460285132383,51000000.0,298000000.0,0.1011541072640869,0.59,0.58,505000000,511000000,https://www.bundesanzeiger.de/pub/de/suche;wwwsid=627BFD7A56A5CB624C47FDDEAB2FC509.web07-pub?0,https://www.bundesanzeiger.de/pub/de/suche;wwwsid=627BFD7A56A5CB624C47FDDEAB2FC509.web07-pub?0,1620589747,15:49:07,20210509
1,2020-12-31,BTL.DE,USD,2020-12-31,2020-12-31,Q4,3181000000,1990000000.0,1191000000.0,0.374410562716127,135000000.0,696000000.0,0.0,-158000000.0,785000000.0,2775000000.0,38000000.0,213000000.0,619000000.0,0.19459289531593837,406000000,0.12763281986796604,-158000000.0,210000000.0,0.06601697579377554,39000000.0,168000000.0,0.05281358063502043,0.32941176470588235,0.32558139534883723,510000000,516000000,,,1620589747,15:49:07,20210509
2,2020-09-30,BTL.DE,USD,2020-09-30,2020-09-30,Q3,2972000000,1777000000.0,1195000000.0,0.40208613728129206,123000000.0,601000000.0,0.0,7000000.0,724000000.0,2501000000.0,42000000.0,209000000.0,680000000.0,0.2288021534320323,471000000,0.15847913862718707,-17000000.0,415000000.0,0.13963660834454913,56000000.0,356000000.0,0.11978465679676985,0.7,0.69,511000000,518000000,https://www.bundesanzeiger.de/pub/de/suche;wwwsid=627BFD7A56A5CB624C47FDDEAB2FC509.web07-pub?0,https://www.bundesanzeiger.de/pub/de/suche;wwwsid=627BFD7A56A5CB624C47FDDEAB2FC509.web07-pub?0,1620589747,15:49:07,20210509
3,2020-06-30,BTL.DE,USD,2020-06-30,2020-06-30,Q2,2718000000,1680000000.0,1038000000.0,0.3818984547461369,117000000.0,590000000.0,0.0,4000000.0,707000000.0,2387000000.0,40000000.0,202000000.0,533000000.0,0.1961000735835173,331000000,0.12178072111846946,-6000000.0,289000000.0,0.10632818248712289,42000000.0,246000000.0,0.09050772626931568,0.48330058939096265,0.4758220502901354,509000000,517000000,https://www.bundesanzeiger.de/pub/de/suche;wwwsid=627BFD7A56A5CB624C47FDDEAB2FC509.web07-pub?0,https://www.bundesanzeiger.de/pub/de/suche;wwwsid=627BFD7A56A5CB624C47FDDEAB2FC509.web07-pub?0,1620589747,15:49:07,20210509
4,2020-03-31,BTL.DE,USD,2020-03-31,2020-03-31,Q1,2802000000,1639000000.0,1163000000.0,0.4150606709493219,146000000.0,628000000.0,0.0,1000000.0,754000000.0,2393000000.0,30000000.0,199000000.0,608000000.0,0.21698786581013563,409000000,0.14596716630977874,-10000000.0,378000000.0,0.1349036402569593,45000000.0,331000000.0,0.11812990720913633,0.65,0.64,507000000,516000000,https://www.bundesanzeiger.de/pub/de/suche;wwwsid=627BFD7A56A5CB624C47FDDEAB2FC509.web07-pub?0,https://www.bundesanzeiger.de/pub/de/suche;wwwsid=627BFD7A56A5CB624C47FDDEAB2FC509.web07-pub?0,1620589747,15:49:07,20210509
5,2019-12-31,BTL.DE,USD,2019-12-31,2019-12-31,Q4,3039000000,1741000000.0,1298000000.0,0.42711418229680814,156000000.0,1421000000.0,0.0,8000000.0,1577000000.0,3318000000.0,30000000.0,209000000.0,-70000000.0,-0.02303389272787101,-279000000,-0.09180651530108588,76000000.0,-223000000.0,-0.07337940111878907,-204000000.0,-23000000.0,-0.007568279039157618,-0.04500978473581213,-0.04500978473581213,511000000,511000000,https://www.bundesanzeiger.de/pub/de/suche;wwwsid=627BFD7A56A5CB624C47FDDEAB2FC509.web07-pub?0,https://www.bundesanzeiger.de/pub/de/suche;wwwsid=627BFD7A56A5CB624C47FDDEAB2FC509.web07-pub?0,1620589747,15:49:07,20210509
6,2019-09-30,BTL.DE,USD,2019-09-30,2019-09-30,Q3,2851000000,1621000000.0,1230000000.0,0.431427569273939,144000000.0,627000000.0,0.0,21000000.0,771000000.0,2392000000.0,28000000.0,187000000.0,646000000.0,0.2265871623991582,459000000,0.16099614170466503,35000000.0,481000000.0,0.1687127323746054,106000000.0,369000000.0,0.1294282707821817,0.72,0.71,511000000,520000000,https://www.bundesanzeiger.de/pub/de/suche;wwwsid=627BFD7A56A5CB624C47FDDEAB2FC509.web07-pub?0,https://www.bundesanzeiger.de/pub/de/suche;wwwsid=627BFD7A56A5CB624C47FDDEAB2FC509.web07-pub?0,1620589747,15:49:07,20210509
7,2019-06-30,BTL.DE,USD,2019-06-30,2019-06-30,Q2,2840000000,1681000000.0,1159000000.0,0.4080985915492958,166000000.0,642000000.0,0.0,11000000.0,804000000.0,2485000000.0,28000000.0,198000000.0,553000000.0,0.19471830985915492,355000000,0.125,28000000.0,363000000.0,0.1278169014084507,20000000.0,343000000.0,0.12077464788732395,0.67,0.66,510000000,519000000,https://www.bundesanzeiger.de/pub/de/suche;wwwsid=627BFD7A56A5CB624C47FDDEAB2FC509.web07-pub?0,https://www.bundesanzeiger.de/pub/de/suche;wwwsid=627BFD7A56A5CB624C47FDDEAB2FC509.web07-pub?0,1620589747,15:49:07,20210509
8,2019-03-31,BTL.DE,USD,2019-03-31,2019-03-31,Q1,2632000000,1552000000.0,1080000000.0,0.41033434650455924,129000000.0,584000000.0,0.0,4000000.0,713000000.0,2265000000.0,25000000.0,195000000.0,562000000.0,0.2135258358662614,367000000,0.13943768996960487,42000000.0,391000000.0,0.14855623100303952,44000000.0,347000000.0,0.13183890577507598,0.68,0.66,512000000,522000000,https://www.bundesanzeiger.de/pub/de/suche;wwwsid=627BFD7A56A5CB624C47FDDEAB2FC509.web07-pub?0,https://www.bundesanzeiger.de/pub/de/suche;wwwsid=627BFD7A56A5CB624C47FDDEAB2FC509.web07-pub?0,1620589747,15:49:07,20210509
9,2018-12-31,BTL.DE,USD,2018-12-31,2018-12-31,Q4,2841000000,1649000000.0,1192000000.0,0.41957057374164025,175000000.0,-9000000.0,629000000.0,-1000000.0,705000000.0,2354000000.0,23000000.0,191000000.0,678000000.0,0.23864836325237593,487000000,0.17141851460753255,-31000000.0,445000000.0,0.15663498768039422,91000000.0,348000000.0,0.12249208025343189,0.66,0.65,528000000,538000000,https://www.bundesanzeiger.de/pub/de/suche;wwwsid=627BFD7A56A5CB624C47FDDEAB2FC509.web07-pub?0,https://www.bundesanzeiger.de/pub/de/suche;wwwsid=627BFD7A56A5CB624C47FDDEAB2FC509.web07-pub?0,1620589747,15:49:07,20210509
10,2018-09-30,BTL.DE,USD,2018-09-30,2018-09-30,Q3,2767000000,1531000000.0,1236000000.0,0.44669316949765087,166000000.0,-13000000.0,685000000.0,-1000000.0,838000000.0,2369000000.0,24000000.0,207000000.0,605000000.0,0.21864835561980484,398000000,0.14383809179616913,19000000.0,406000000.0,0.14672930972172027,-138000000.0,544000000.0,0.1966028189374774,1.02,1.0,534000000,546000000,https://www.bundesanzeiger.de/pub/de/suche;wwwsid=627BFD7A56A5CB624C47FDDEAB2FC509.web07-pub?0,https://www.bundesanzeiger.de/pub/de/suche;wwwsid=627BFD7A56A5CB624C47FDDEAB2FC509.web07-pub?0,1620589747,15:49:07,20210509
11,2018-06-30,BTL.DE,USD,2018-06-30,2018-06-30,Q2,2842000000,1603000000.0,1239000000.0,0.43596059113300495,174000000.0,-14000000.0,681000000.0,13000000.0,855000000.0,2458000000.0,24000000.0,195000000.0,579000000.0,0.20372976776917665,384000000,0.13511611541168192,31000000.0,404000000.0,0.14215341308937368,61000000.0,343000000.0,0.1206896551724138,0.64,0.63,535000000,547000000,https://www.bundesanzeiger.de/pub/de/suche;wwwsid=627BFD7A56A5CB624C47FDDEAB2FC509.web07-pub?0,https://www.bundesanzeiger.de/pub/de/suche;wwwsid=627BFD7A56A5CB624C47FDDEAB2FC509.web07-pub?0,1620589747,15:49:07,20210509
12,2018-03-31,BTL.DE,USD,2018-03-31,2018-03-31,Q1,2677000000,1563000000.0,1114000000.0,0.4161374673141576,140000000.0,-12000000.0,622000000.0,3000000.0,762000000.0,2325000000.0,22000000.0,192000000.0,544000000.0,0.20321255136346655,352000000,0.13149047441165485,98000000.0,438000000.0,0.16361598804632052,49000000.0,389000000.0,0.14531191632424356,0.72,0.71,539000000,551000000,https://www.bundesanzeiger.de/pub/de/suche;wwwsid=627BFD7A56A5CB624C47FDDEAB2FC509.web07-pub?0,https://www.bundesanzeiger.de/pub/de/suche;wwwsid=627BFD7A56A5CB624C47FDDEAB2FC509.web07-pub?0,1620589747,15:49:07,20210509
13,2017-12-31,BTL.DE,USD,2017-12-31,2017-12-31,Q4,2774000000,1612000000.0,1162000000.0,0.41888968997837056,182000000.0,0.0,697000000.0,-2000000.0,879000000.0,2491000000.0,23000000.0,199000000.0,482000000.0,0.17375630857966834,283000000,0.10201874549387166,24000000.0,293000000.0,0.10562364816149963,354000000.0,-71000000.0,-0.025594808940158614,-0.13075506445672191,-0.12769784172661872,543000000,556000000,https://www.bundesanzeiger.de/pub/de/suche;wwwsid=627BFD7A56A5CB624C47FDDEAB2FC509.web07-pub?0,https://www.bundesanzeiger.de/pub/de/suche;wwwsid=627BFD7A56A5CB624C47FDDEAB2FC509.web07-pub?0,1620589747,15:49:07,20210509
14,2017-09-30,BTL.DE,USD,2017-09-30,2017-09-30,Q3,2707000000,1579000000.0,1128000000.0,0.416697451052826,151000000.0,0.0,685000000.0,12000000.0,836000000.0,2415000000.0,22000000.0,184000000.0,476000000.0,0.17584041374214998,292000000,0.1078684891023273,12000000.0,290000000.0,0.10712966383450313,42000000.0,251000000.0,0.09272257111193202,0.46,0.45,545000000,557000000,https://www.bundesanzeiger.de/pub/de/suche;wwwsid=627BFD7A56A5CB624C47FDDEAB2FC509.web07-pub?0,https://www.bundesanzeiger.de/pub/de/suche;wwwsid=627BFD7A56A5CB624C47FDDEAB2FC509.web07-pub?0,1620589747,15:49:07,20210509
15,2017-06-30,BTL.DE,USD,2017-06-30,2017-06-30,Q2,2605000000,1475000000.0,1130000000.0,0.43378119001919385,156000000.0,0.0,635000000.0,-2000000.0,791000000.0,2266000000.0,21000000.0,184000000.0,523000000.0,0.20076775431861804,339000000,0.13013435700575815,-20000000.0,306000000.0,0.11746641074856046,42000000.0,265000000.0,0.1017274472168906,0.49,0.48,544000000,555000000,https://www.bundesanzeiger.de/pub/de/suche;wwwsid=627BFD7A56A5CB624C47FDDEAB2FC509.web07-pub?0,https://www.bundesanzeiger.de/pub/de/suche;wwwsid=627BFD7A56A5CB624C47FDDEAB2FC509.web07-pub?0,1620589747,15:49:07,20210509
16,2017-03-31,BTL.DE,USD,2017-03-31,2017-03-31,Q1,2475000000,1433000000.0,1042000000.0,0.421010101010101,128000000.0,0.0,570000000.0,-2000000.0,698000000.0,2131000000.0,20000000.0,194000000.0,538000000.0,0.21737373737373739,344000000,0.138989898989899,-2000000.0,328000000.0,0.13252525252525252,55000000.0,272000000.0,0.1098989898989899,0.5,0.49,541000000,551000000,https://www.bundesanzeiger.de/pub/de/suche;wwwsid=627BFD7A56A5CB624C47FDDEAB2FC509.web07-pub?0,https://www.bundesanzeiger.de/pub/de/suche;wwwsid=627BFD7A56A5CB624C47FDDEAB2FC509.web07-pub?0,1620589747,15:49:07,20210509
17,2016-12-31,BTL.DE,USD,2016-12-31,2016-12-31,Q4,2645000000,1543000000.0,1102000000.0,0.4166351606805293,157000000.0,0.0,663000000.0,-9000000.0,820000000.0,2363000000.0,20000000.0,201000000.0,483000000.0,0.1826086956521739,282000000,0.10661625708884688,10000000.0,279000000.0,0.1054820415879017,39000000.0,243000000.0,0.09187145557655954,0.4755381604696673,0.4755381604696673,511000000,511000000,https://www.bundesanzeiger.de/pub/de/suche;wwwsid=627BFD7A56A5CB624C47FDDEAB2FC509.web07-pub?0,https://www.bundesanzeiger.de/pub/de/suche;wwwsid=627BFD7A56A5CB624C47FDDEAB2FC509.web07-pub?0,1620589747,15:49:07,20210509
18,2016-09-30,BTL.DE,USD,2016-09-30,2016-09-30,Q3,2558000000,1487000000.0,1071000000.0,0.4186864738076622,159000000.0,0.0,726000000.0,8000000.0,885000000.0,2372000000.0,20000000.0,204000000.0,390000000.0,0.1524628616106333,186000000,0.0727130570758405,-44000000.0,128000000.0,0.05003909304143862,1000000.0,130000000.0,0.0508209538702111,0.23897058823529413,0.23593466424682397,544000000,551000000,https://www.bundesanzeiger.de/pub/de/suche;wwwsid=627BFD7A56A5CB624C47FDDEAB2FC509.web07-pub?0,https://www.bundesanzeiger.de/pub/de/suche;wwwsid=627BFD7A56A5CB624C47FDDEAB2FC509.web07-pub?0,1620589747,15:49:07,20210509
19,2016-06-30,BTL.DE,USD,2016-06-30,2016-06-30,Q2,2585000000,1613000000.0,972000000.0,0.3760154738878143,195000000.0,0.0,709000000.0,10000000.0,904000000.0,2517000000.0,16000000.0,206000000.0,274000000.0,0.10599613152804642,68000000,0.02630560928433269,1161000000.0,1218000000.0,0.47117988394584137,6000000.0,1212000000.0,0.4688588007736944,2.21,2.19,548000000,553000000,https://www.bundesanzeiger.de/pub/de/suche;wwwsid=627BFD7A56A5CB624C47FDDEAB2FC509.web07-pub?0,https://www.bundesanzeiger.de/pub/de/suche;wwwsid=627BFD7A56A5CB624C47FDDEAB2FC509.web07-pub?0,1620589747,15:49:07,20210509
20,2016-03-31,BTL.DE,USD,2016-03-31,2016-03-31,Q1,2375000000,1410000000.0,965000000.0,0.4063157894736842,136000000.0,0.0,641000000.0,22000000.0,777000000.0,2187000000.0,33000000.0,189000000.0,377000000.0,0.15873684210526315,188000000,0.07915789473684211,3169000000.0,3329000000.0,1.4016842105263159,-58000000.0,3380000000.0,1.4231578947368422,6.16,6.12,549000000,552000000,https://www.bundesanzeiger.de/pub/de/suche;wwwsid=627BFD7A56A5CB624C47FDDEAB2FC509.web07-pub?0,https://www.bundesanzeiger.de/pub/de/suche;wwwsid=627BFD7A56A5CB624C47FDDEAB2FC509.web07-pub?0,1620589747,15:49:07,20210509
21,2015-12-31,BTL.DE,USD,2015-12-31,2015-12-31,Q4,2603000000,1531000000.0,1072000000.0,0.4118325009604303,161000000.0,0.0,733000000.0,-14000000.0,894000000.0,2425000000.0,37000000.0,166000000.0,344000000.0,0.13215520553207838,178000000,0.06838263542066846,59000000.0,205000000.0,0.07875528236650019,22000000.0,205000000.0,0.07875528236650019,0.37477148080438755,0.37272727272727274,547000000,550000000,https://www.bundesanzeiger.de/pub/de/suche;wwwsid=627BFD7A56A5CB624C47FDDEAB2FC509.web07-pub?0,https://www.bundesanzeiger.de/pub/de/suche;wwwsid=627BFD7A56A5CB624C47FDDEAB2FC509.web07-pub?0,1620589747,15:49:07,20210509
22,2015-09-30,BTL.DE,USD,2015-09-30,2015-09-30,Q3,2487000000,1453000000.0,1034000000.0,0.41576196220345796,148000000.0,0.0,794000000.0,-91000000.0,942000000.0,2395000000.0,38000000.0,96000000.0,188000000.0,0.07559308403699236,92000000,0.036992360273421794,-91000000.0,-33000000.0,-0.013268998793727383,-35000000.0,1000000.0,0.0004020908725371934,0.001832,0.001821,546000000,549000000,https://www.bundesanzeiger.de/pub/de/suche;wwwsid=627BFD7A56A5CB624C47FDDEAB2FC509.web07-pub?0,https://www.bundesanzeiger.de/pub/de/suche;wwwsid=627BFD7A56A5CB624C47FDDEAB2FC509.web07-pub?0,1620589747,15:49:07,20210509
23,2015-06-30,BTL.DE,USD,2015-06-30,2015-06-30,Q2,3893000000,1973000000.0,1920000000.0,0.4931929103519137,388000000.0,0.0,1097000000.0,67000000.0,1485000000.0,3458000000.0,40000000.0,250000000.0,685000000.0,0.17595684562034422,435000000,0.11173901875160544,67000000.0,468000000.0,0.12021577189827896,132000000.0,332000000.0,0.08528127408168508,0.61,0.6,544000000,549000000,https://www.bundesanzeiger.de/pub/de/suche;wwwsid=627BFD7A56A5CB624C47FDDEAB2FC509.web07-pub?0,https://www.bundesanzeiger.de/pub/de/suche;wwwsid=627BFD7A56A5CB624C47FDDEAB2FC509.web07-pub?0,1620589747,15:49:07,20210509
24,2015-03-31,BTL.DE,USD,2015-03-31,2015-03-31,Q1,3764000000,1963000000.0,1801000000.0,0.47848034006376194,300000000.0,0.0,1015000000.0,74000000.0,1315000000.0,3278000000.0,35000000.0,247000000.0,733000000.0,0.1947396386822529,486000000,0.12911795961742828,74000000.0,530000000.0,0.140807651434644,110000000.0,430000000.0,0.11424017003188097,0.79,0.78,543000000,548000000,https://www.bundesanzeiger.de/pub/de/suche;wwwsid=627BFD7A56A5CB624C47FDDEAB2FC509.web07-pub?0,https://www.bundesanzeiger.de/pub/de/suche;wwwsid=627BFD7A56A5CB624C47FDDEAB2FC509.web07-pub?0,1620589747,15:49:07,20210509
25,2014-12-31,BTL.DE,USD,2014-12-31,2014-12-31,Q4,4472000000,2248000000.0,2224000000.0,0.49731663685152055,335000000.0,1091000000.0,1091000000.0,-171000000.0,1426000000.0,3674000000.0,36000000.0,258000000.0,1056000000.0,0.23613595706618962,798000000,0.17844364937388194,-171000000.0,598000000.0,0.13372093023255813,74000000.0,953000000.0,0.21310375670840787,1.76,1.74,542000000,547000000,https://www.bundesanzeiger.de/pub/de/suche;wwwsid=627BFD7A56A5CB624C47FDDEAB2FC509.web07-pub?0,https://www.bundesanzeiger.de/pub/de/suche;wwwsid=627BFD7A56A5CB624C47FDDEAB2FC509.web07-pub?0,1620589747,15:49:07,20210509
26,2014-09-30,BTL.DE,USD,2014-09-30,2014-09-30,Q3,4197000000,2124000000.0,2073000000.0,0.49392423159399573,455000000.0,0.0,1040000000.0,39000000.0,1495000000.0,3619000000.0,36000000.0,258000000.0,836000000.0,0.1991898975458661,578000000,0.13771741720276387,39000000.0,586000000.0,0.13962354062425542,139000000.0,468000000.0,0.11150822015725519,0.8634686346863468,0.8555758683729433,542000000,547000000,https://www.bundesanzeiger.de/pub/de/suche;wwwsid=627BFD7A56A5CB624C47FDDEAB2FC509.web07-pub?0,https://www.bundesanzeiger.de/pub/de/suche;wwwsid=627BFD7A56A5CB624C47FDDEAB2FC509.web07-pub?0,1620589747,15:49:07,20210509
27,2014-06-30,BTL.DE,USD,2014-06-30,2014-06-30,Q2,4264000000,2223000000.0,2041000000.0,0.47865853658536583,325000000.0,0.0,998000000.0,-15000000.0,1323000000.0,3546000000.0,47000000.0,253000000.0,971000000.0,0.2277204502814259,718000000,0.16838649155722327,-15000000.0,661000000.0,0.1550187617260788,141000000.0,520000000.0,0.12195121951219512,0.96,0.95,542000000,548000000,https://www.bundesanzeiger.de/pub/de/suche;wwwsid=627BFD7A56A5CB624C47FDDEAB2FC509.web07-pub?0,https://www.bundesanzeiger.de/pub/de/suche;wwwsid=627BFD7A56A5CB624C47FDDEAB2FC509.web07-pub?0,1620589747,15:49:07,20210509
28,2014-03-31,BTL.DE,USD,2014-03-31,2014-03-31,Q1,3951000000,1990000000.0,1961000000.0,0.4963300430270817,313000000.0,920000000.0,920000000.0,24000000.0,1233000000.0,3223000000.0,48000000.0,236000000.0,964000000.0,0.2439888635788408,728000000,0.18425715008858518,24000000.0,709000000.0,0.17944824095165782,153000000.0,556000000.0,0.140723867375348,1.02,1.01,542000000,548000000,https://www.bundesanzeiger.de/pub/de/suche;wwwsid=627BFD7A56A5CB624C47FDDEAB2FC509.web07-pub?0,https://www.bundesanzeiger.de/pub/de/suche;wwwsid=627BFD7A56A5CB624C47FDDEAB2FC509.web07-pub?0,1620589747,15:49:07,20210509
29,2013-12-31,BTL.DE,USD,2013-12-31,2013-12-31,Q4,4368000000,2414000000.0,1954000000.0,0.44734432234432236,437000000.0,0.0,1064000000.0,34000000.0,1501000000.0,3915000000.0,49000000.0,250000000.0,703000000.0,0.16094322344322345,453000000,0.10370879120879122,19000000.0,431000000.0,0.09867216117216117,105000000.0,326000000.0,0.07463369963369963,0.6,0.59,543000000,548000000,https://www.bundesanzeiger.de/pub/de/suche;wwwsid=627BFD7A56A5CB624C47FDDEAB2FC509.web07-pub?0,https://www.bundesanzeiger.de/pub/de/suche;wwwsid=627BFD7A56A5CB624C47FDDEAB2FC509.web07-pub?0,1620589747,15:49:07,20210509
30,2013-09-30,BTL.DE,USD,2013-09-30,2013-09-30,Q3,3774000000,1828000000.0,1946000000.0,0.5156332803391627,290000000.0,0.0,984000000.0,55000000.0,1274000000.0,3102000000.0,51000000.0,207000000.0,879000000.0,0.2329093799682035,672000000,0.178060413354531,55000000.0,682000000.0,0.18071012188659247,138000000.0,544000000.0,0.14414414414414414,1.0,0.99,543000000,549000000,https://www.bundesanzeiger.de/pub/de/suche;wwwsid=627BFD7A56A5CB624C47FDDEAB2FC509.web07-pub?0,https://www.bundesanzeiger.de/pub/de/suche;wwwsid=627BFD7A56A5CB624C47FDDEAB2FC509.web07-pub?0,1620589747,15:49:07,20210509
31,2013-06-30,BTL.DE,USD,2013-06-30,2013-06-30,Q2,3669000000,1730000000.0,1939000000.0,0.5284818751703462,273000000.0,0.0,838000000.0,-68000000.0,1111000000.0,2841000000.0,24000000.0,183000000.0,1011000000.0,0.27555192150449714,828000000,0.22567457072771874,-68000000.0,743000000.0,0.20250749523030798,153000000.0,590000000.0,0.16080675933496866,1.09,1.07,543000000,549000000,https://www.bundesanzeiger.de/pub/de/suche;wwwsid=627BFD7A56A5CB624C47FDDEAB2FC509.web07-pub?0,https://www.bundesanzeiger.de/pub/de/suche;wwwsid=627BFD7A56A5CB624C47FDDEAB2FC509.web07-pub?0,1620589747,15:49:07,20210509
32,2013-03-31,BTL.DE,USD,2013-03-31,2013-03-31,Q1,3448000000,1692000000.0,1756000000.0,0.5092807424593968,246000000.0,795000000.0,795000000.0,3000000.0,1041000000.0,2733000000.0,31000000.0,183000000.0,898000000.0,0.2604408352668213,715000000,0.20736658932714616,3000000.0,693000000.0,0.2009860788863109,141000000.0,552000000.0,0.16009280742459397,1.01,1.0,545000000,551000000,https://www.bundesanzeiger.de/pub/de/suche;wwwsid=627BFD7A56A5CB624C47FDDEAB2FC509.web07-pub?0,https://www.bundesanzeiger.de/pub/de/suche;wwwsid=627BFD7A56A5CB624C47FDDEAB2FC509.web07-pub?0,1620589747,15:49:07,20210509
33,2012-12-31,BTL.DE,USD,2012-12-31,2012-12-31,Q4,3753000000,1848000000.0,1905000000.0,0.5075939248601119,291000000.0,0.0,1040000000.0,22000000.0,1331000000.0,3179000000.0,28000000.0,178000000.0,752000000.0,0.200373034905409,574000000,0.1529443112176925,22000000.0,574000000.0,0.1529443112176925,80000000.0,494000000.0,0.13162803090860645,0.9,0.89,548000000,555000000,https://www.bundesanzeiger.de/pub/de/suche;wwwsid=627BFD7A56A5CB624C47FDDEAB2FC509.web07-pub?0,https://www.bundesanzeiger.de/pub/de/suche;wwwsid=627BFD7A56A5CB624C47FDDEAB2FC509.web07-pub?0,1620589747,15:49:07,20210509
34,2012-09-30,BTL.DE,USD,2012-09-30,2012-09-30,Q3,3477000000,1667000000.0,1810000000.0,0.5205637043428243,290000000.0,0.0,0.0,0.0,1033000000.0,2700000000.0,31000000.0,179000000.0,956000000.0,0.274949669255105,777000000,0.22346850733390855,14000000.0,766000000.0,0.22030486051193557,183000000.0,583000000.0,0.16767328156456715,1.07,1.06,548000000,552000000,https://www.bundesanzeiger.de/pub/de/suche;wwwsid=627BFD7A56A5CB624C47FDDEAB2FC509.web07-pub?0,https://www.bundesanzeiger.de/pub/de/suche;wwwsid=627BFD7A56A5CB624C47FDDEAB2FC509.web07-pub?0,1620589747,15:49:07,20210509
35,2012-06-30,BTL.DE,USD,2012-06-30,2012-06-30,Q2,3572000000,1700000000.0,1872000000.0,0.5240761478163494,306000000.0,0.0,0.0,0.0,1095000000.0,2795000000.0,27000000.0,180000000.0,957000000.0,0.2679171332586786,777000000,0.21752519596864503,62000000.0,817000000.0,0.22872340425531915,156000000.0,661000000.0,0.18505039193729003,1.2,1.19,550000000,553000000,https://www.bundesanzeiger.de/pub/de/suche;wwwsid=627BFD7A56A5CB624C47FDDEAB2FC509.web07-pub?0,https://www.bundesanzeiger.de/pub/de/suche;wwwsid=627BFD7A56A5CB624C47FDDEAB2FC509.web07-pub?0,1620589747,15:49:07,20210509
36,2012-03-31,BTL.DE,USD,2012-03-31,2012-03-31,Q1,3388000000,1674000000.0,1714000000.0,0.5059031877213696,269000000.0,752000000.0,0.0,0.0,1021000000.0,2695000000.0,27000000.0,175000000.0,868000000.0,0.256198347107438,693000000,0.20454545454545456,57000000.0,732000000.0,0.21605667060212513,144000000.0,588000000.0,0.17355371900826447,1.05,1.04,559000000,563000000,https://www.bundesanzeiger.de/pub/de/suche;wwwsid=627BFD7A56A5CB624C47FDDEAB2FC509.web07-pub?0,https://www.bundesanzeiger.de/pub/de/suche;wwwsid=627BFD7A56A5CB624C47FDDEAB2FC509.web07-pub?0,1620589747,15:49:07,20210509
37,2011-12-31,BTL.DE,USD,2011-12-31,2011-12-31,Q4,3594000000,1829000000.0,1765000000.0,0.4910962715637173,254000000.0,0.0,886000000.0,0.0,1140000000.0,2969000000.0,25000000.0,167000000.0,792000000.0,0.22036727879799667,625000000,0.17390094602114636,-62000000.0,548000000.0,0.15247634947134112,76000000.0,463000000.0,0.1288258208124652,0.8238434163701067,0.8180212014134276,562000000,566000000,https://www.bundesanzeiger.de/pub/de/suche;wwwsid=627BFD7A56A5CB624C47FDDEAB2FC509.web07-pub?0,https://www.bundesanzeiger.de/pub/de/suche;wwwsid=627BFD7A56A5CB624C47FDDEAB2FC509.web07-pub?0,1620589747,15:49:07,20210509
38,2011-09-30,BTL.DE,USD,2011-09-30,2011-09-30,Q3,3479000000,1708000000.0,1771000000.0,0.5090543259557344,239000000.0,0.0,787000000.0,0.0,1026000000.0,2734000000.0,23000000.0,176000000.0,921000000.0,0.2647312446105203,745000000,0.21414199482609944,-4000000.0,727000000.0,0.20896809427996552,149000000.0,576000000.0,0.1655648174762863,1.02,1.01,566000000,571000000,https://www.bundesanzeiger.de/pub/de/suche;wwwsid=627BFD7A56A5CB624C47FDDEAB2FC509.web07-pub?0,https://www.bundesanzeiger.de/pub/de/suche;wwwsid=627BFD7A56A5CB624C47FDDEAB2FC509.web07-pub?0,1620589747,15:49:07,20210509
39,2011-06-30,BTL.DE,USD,2011-06-30,2011-06-30,Q2,3536000000,1701000000.0,1835000000.0,0.518947963800905,239000000.0,0.0,0.0,0.0,1004000000.0,2705000000.0,22000000.0,169000000.0,1000000000.0,0.2828054298642534,831000000,0.23501131221719457,-13000000.0,803000000.0,0.22709276018099547,174000000.0,615000000.0,0.17392533936651583,1.08,1.07,570000000,575000000,https://www.bundesanzeiger.de/pub/de/suche;wwwsid=627BFD7A56A5CB624C47FDDEAB2FC509.web07-pub?0,https://www.bundesanzeiger.de/pub/de/suche;wwwsid=627BFD7A56A5CB624C47FDDEAB2FC509.web07-pub?0,1620589747,15:49:07,20210509
40,2011-03-31,BTL.DE,USD,2011-03-31,2011-03-31,Q1,3284000000,1609000000.0,1675000000.0,0.5100487210718636,214000000.0,0.0,0.0,0.0,930000000.0,2539000000.0,22000000.0,158000000.0,903000000.0,0.27496954933008527,745000000,0.22685749086479903,4000000.0,731000000.0,0.2225943970767357,154000000.0,570000000.0,0.1735688185140073,0.99,0.981067,577000000,581000000,https://www.bundesanzeiger.de/pub/de/suche;wwwsid=627BFD7A56A5CB624C47FDDEAB2FC509.web07-pub?0,https://www.bundesanzeiger.de/pub/de/suche;wwwsid=627BFD7A56A5CB624C47FDDEAB2FC509.web07-pub?0,1620589747,15:49:07,20210509
41,2010-12-31,BTL.DE,USD,2010-12-31,2010-12-31,Q4,3498000000,1880000000.0,1618000000.0,0.46255002858776445,262000000.0,0.0,0.0,0.0,1095000000.0,2975000000.0,27000000.0,179000000.0,702000000.0,0.2006861063464837,523000000,0.14951400800457404,-37000000.0,467000000.0,0.13350485991995426,41000000.0,423000000.0,0.120926243567753,0.8277886497064579,0.8277886497064579,511000000,511000000,https://www.bundesanzeiger.de/pub/de/suche;wwwsid=627BFD7A56A5CB624C47FDDEAB2FC509.web07-pub?0,https://www.bundesanzeiger.de/pub/de/suche;wwwsid=627BFD7A56A5CB624C47FDDEAB2FC509.web07-pub?0,1620589747,15:49:07,20210509
42,2010-09-30,BTL.DE,USD,2010-09-30,2010-09-30,Q3,3224000000,1565000000.0,1659000000.0,0.5145781637717122,207000000.0,0.0,0.0,0.0,877000000.0,2442000000.0,30000000.0,171000000.0,953000000.0,0.2955955334987593,782000000,0.2425558312655087,-117000000.0,641000000.0,0.1988213399503722,117000000.0,525000000.0,0.16284119106699751,1.02,1.01,584000000,587000000,https://www.bundesanzeiger.de/pub/de/suche;wwwsid=627BFD7A56A5CB624C47FDDEAB2FC509.web07-pub?0,https://www.bundesanzeiger.de/pub/de/suche;wwwsid=627BFD7A56A5CB624C47FDDEAB2FC509.web07-pub?0,1620589747,15:49:07,20210509
43,2010-06-30,BTL.DE,USD,2010-06-30,2010-06-30,Q2,3194000000,1556000000.0,1638000000.0,0.5128365685660614,219000000.0,0.0,0.0,0.0,940000000.0,2496000000.0,30000000.0,169000000.0,867000000.0,0.2714464621164684,698000000,0.2185347526612398,-3000000.0,670000000.0,0.2097683155917345,133000000.0,535000000.0,0.16750156543519099,0.9021922428330523,0.8976510067114094,593000000,596000000,https://www.bundesanzeiger.de/pub/de/suche;wwwsid=627BFD7A56A5CB624C47FDDEAB2FC509.web07-pub?0,https://www.bundesanzeiger.de/pub/de/suche;wwwsid=627BFD7A56A5CB624C47FDDEAB2FC509.web07-pub?0,1620589747,15:49:07,20210509
44,2010-03-31,BTL.DE,USD,2010-03-31,2010-03-31,Q1,2927000000,1884000000.0,1043000000.0,0.3563375469764264,227000000.0,0.0,0.0,0.0,910000000.0,2794000000.0,28000000.0,166000000.0,299000000.0,0.10215237444482406,133000000,0.04543901605739665,-2000000.0,112000000.0,0.038264434574649814,172000000.0,-63000000.0,-0.02152374444824052,0.87,0.86,602000000,609000000,https://www.bundesanzeiger.de/pub/de/suche;wwwsid=627BFD7A56A5CB624C47FDDEAB2FC509.web07-pub?0,https://www.bundesanzeiger.de/pub/de/suche;wwwsid=627BFD7A56A5CB624C47FDDEAB2FC509.web07-pub?0,1620589747,15:49:07,20210509
45,2009-12-31,BTL.DE,USD,2009-12-31,2009-12-31,Q4,3470000000,1703000000.0,1767000000.0,0.5092219020172911,246000000.0,0.0,0.0,0.0,1034000000.0,2737000000.0,44000000.0,172000000.0,905000000.0,0.260806916426513,733000000,0.21123919308357347,7000000.0,715000000.0,0.20605187319884727,139000000.0,572000000.0,0.16484149855907781,1.1193737769080234,1.1193737769080234,511000000,511000000,https://www.bundesanzeiger.de/pub/de/suche;wwwsid=627BFD7A56A5CB624C47FDDEAB2FC509.web07-pub?0,https://www.bundesanzeiger.de/pub/de/suche;wwwsid=627BFD7A56A5CB624C47FDDEAB2FC509.web07-pub?0,1620589747,15:49:07,20210509
46,2009-09-30,BTL.DE,USD,2009-09-30,2009-09-30,Q3,3145000000,1513000000.0,1632000000.0,0.518918918918919,228000000.0,0.0,0.0,0.0,900000000.0,2413000000.0,27000000.0,164000000.0,896000000.0,0.2848966613672496,732000000,0.23275039745627982,-51000000.0,658000000.0,0.20922098569157394,126000000.0,530000000.0,0.1685214626391097,0.88,0.87,605000000,612000000,https://www.bundesanzeiger.de/pub/de/suche;wwwsid=627BFD7A56A5CB624C47FDDEAB2FC509.web07-pub?0,https://www.bundesanzeiger.de/pub/de/suche;wwwsid=627BFD7A56A5CB624C47FDDEAB2FC509.web07-pub?0,1620589747,15:49:07,20210509
47,2009-06-30,BTL.DE,USD,2009-06-30,2009-06-30,Q2,3123000000,1485000000.0,1638000000.0,0.5244956772334294,231000000.0,0.0,0.0,0.0,891000000.0,2376000000.0,29000000.0,154000000.0,901000000.0,0.28850464297150175,747000000,0.23919308357348704,1000000.0,724000000.0,0.23182837015690042,135000000.0,587000000.0,0.18796029458853666,0.97,0.96,607000000,612000000,https://www.bundesanzeiger.de/pub/de/suche;wwwsid=627BFD7A56A5CB624C47FDDEAB2FC509.web07-pub?0,https://www.bundesanzeiger.de/pub/de/suche;wwwsid=627BFD7A56A5CB624C47FDDEAB2FC509.web07-pub?0,1620589747,15:49:07,20210509
48,2009-03-31,BTL.DE,USD,2009-03-31,2009-03-31,Q1,2824000000,1336000000.0,1488000000.0,0.5269121813031161,212000000.0,0.0,0.0,0.0,823000000.0,2159000000.0,31000000.0,148000000.0,813000000.0,0.2878895184135977,665000000,0.2354815864022663,-2000000.0,637000000.0,0.22556657223796034,119000000.0,516000000.0,0.18271954674220964,0.84,0.83,613000000,621000000,https://www.bundesanzeiger.de/pub/de/suche;wwwsid=627BFD7A56A5CB624C47FDDEAB2FC509.web07-pub?0,https://www.bundesanzeiger.de/pub/de/suche;wwwsid=627BFD7A56A5CB624C47FDDEAB2FC509.web07-pub?0,1620589747,15:49:07,20210509
49,2008-12-31,BTL.DE,USD,2008-12-31,2008-12-31,Q4,3131000000,1529000000.0,1602000000.0,0.5116576173746407,226000000.0,0.0,0.0,0.0,900000000.0,2429000000.0,35000000.0,150000000.0,852000000.0,0.2721175343340786,702000000,0.22420951772596615,-1000000.0,687000000.0,0.2194187160651549,118000000.0,569000000.0,0.1817310763334398,1.1135029354207437,1.1135029354207437,511000000,511000000,https://www.bundesanzeiger.de/pub/de/suche;wwwsid=627BFD7A56A5CB624C47FDDEAB2FC509.web07-pub?0,https://www.bundesanzeiger.de/pub/de/suche;wwwsid=627BFD7A56A5CB624C47FDDEAB2FC509.web07-pub?0,1620589747,15:49:07,20210509
50,2008-09-30,BTL.DE,USD,2008-09-30,2008-09-30,Q3,3151000000,1630000000.0,1521000000.0,0.4827039035226912,230000000.0,0.0,0.0,0.0,911000000.0,2541000000.0,37000000.0,165000000.0,775000000.0,0.24595366550301492,610000000,0.19358933671850206,-32000000.0,558000000.0,0.17708663916217074,86000000.0,472000000.0,0.14979371628054586,0.76,0.74,625000000,638000000,https://www.bundesanzeiger.de/pub/de/suche;wwwsid=627BFD7A56A5CB624C47FDDEAB2FC509.web07-pub?0,https://www.bundesanzeiger.de/pub/de/suche;wwwsid=627BFD7A56A5CB624C47FDDEAB2FC509.web07-pub?0,1620589747,15:49:07,20210509
51,2008-06-30,BTL.DE,USD,2008-06-30,2008-06-30,Q2,3189000000,1562000000.0,1627000000.0,0.5101912825337096,222000000.0,0.0,0.0,0.0,925000000.0,2487000000.0,39000000.0,160000000.0,862000000.0,0.2703041705863907,702000000,0.22013170272812793,-5000000.0,672000000.0,0.21072436500470368,128000000.0,544000000.0,0.17058639071809345,0.87,0.85,626000000,638000000,https://www.bundesanzeiger.de/pub/de/suche;wwwsid=627BFD7A56A5CB624C47FDDEAB2FC509.web07-pub?0,https://www.bundesanzeiger.de/pub/de/suche;wwwsid=627BFD7A56A5CB624C47FDDEAB2FC509.web07-pub?0,1620589747,15:49:07,20210509
52,2008-03-31,BTL.DE,USD,2008-03-31,2008-03-31,Q1,2877000000,1497000000.0,1380000000.0,0.4796663190823775,190000000.0,0.0,0.0,0.0,830000000.0,2327000000.0,17000000.0,156000000.0,706000000.0,0.2453945081682308,550000000,0.19117135905457072,1000000.0,534000000.0,0.18561001042752867,105000000.0,429000000.0,0.14911366006256518,0.68,0.67,632000000,644000000,https://www.bundesanzeiger.de/pub/de/suche;wwwsid=627BFD7A56A5CB624C47FDDEAB2FC509.web07-pub?0,https://www.bundesanzeiger.de/pub/de/suche;wwwsid=627BFD7A56A5CB624C47FDDEAB2FC509.web07-pub?0,1620589747,15:49:07,20210509
53,2007-12-31,BTL.DE,USD,2007-12-31,2007-12-31,Q4,3009000000,1524000000.0,1485000000.0,0.4935194416749751,221000000.0,0.0,0.0,0.0,875000000.0,2399000000.0,34000000.0,153000000.0,763000000.0,0.2535726154868727,610000000,0.20272515785975406,-4000000.0,594000000.0,0.19740777666999004,116000000.0,478000000.0,0.15885676304420074,0.9354207436399217,0.9354207436399217,511000000,511000000,https://www.bundesanzeiger.de/pub/de/suche;wwwsid=627BFD7A56A5CB624C47FDDEAB2FC509.web07-pub?0,https://www.bundesanzeiger.de/pub/de/suche;wwwsid=627BFD7A56A5CB624C47FDDEAB2FC509.web07-pub?0,1620589747,15:49:07,20210509
54,2007-09-30,BTL.DE,USD,2007-09-30,2007-09-30,Q3,2750000000,1374000000.0,1376000000.0,0.5003636363636363,203000000.0,0.0,0.0,0.0,866000000.0,2240000000.0,30000000.0,141000000.0,651000000.0,0.23672727272727273,510000000,0.18545454545454546,-21000000.0,483000000.0,0.17563636363636365,88000000.0,395000000.0,0.14363636363636365,0.62,0.61,641000000,651000000,https://www.bundesanzeiger.de/pub/de/suche;wwwsid=627BFD7A56A5CB624C47FDDEAB2FC509.web07-pub?0,https://www.bundesanzeiger.de/pub/de/suche;wwwsid=627BFD7A56A5CB624C47FDDEAB2FC509.web07-pub?0,1620589747,15:49:07,20210509
55,2007-06-30,BTL.DE,USD,2007-06-30,2007-06-30,Q2,2829000000,1437000000.0,1392000000.0,0.49204665959703076,177000000.0,0.0,0.0,0.0,798000000.0,2235000000.0,31000000.0,147000000.0,741000000.0,0.26193001060445387,594000000,0.20996818663838812,-87000000.0,508000000.0,0.17956875220926122,77000000.0,431000000.0,0.15235065394132202,0.66,0.65,650000000,661000000,https://www.bundesanzeiger.de/pub/de/suche;wwwsid=627BFD7A56A5CB624C47FDDEAB2FC509.web07-pub?0,https://www.bundesanzeiger.de/pub/de/suche;wwwsid=627BFD7A56A5CB624C47FDDEAB2FC509.web07-pub?0,1620589747,15:49:07,20210509
56,2007-03-31,BTL.DE,USD,2007-03-31,2007-03-31,Q1,2675000000,1409000000.0,1266000000.0,0.4732710280373832,159000000.0,0.0,0.0,0.0,742000000.0,2151000000.0,0.0,140000000.0,664000000.0,0.24822429906542057,524000000,0.1958878504672897,10000000.0,529000000.0,0.1977570093457944,126000000.0,403000000.0,0.15065420560747664,0.62,0.61,650000000,659000000,https://www.bundesanzeiger.de/pub/de/suche;wwwsid=627BFD7A56A5CB624C47FDDEAB2FC509.web07-pub?0,https://www.bundesanzeiger.de/pub/de/suche;wwwsid=627BFD7A56A5CB624C47FDDEAB2FC509.web07-pub?0,1620589747,15:49:07,20210509
57,2006-12-31,BTL.DE,USD,2006-12-31,2006-12-31,Q4,2763000000,1448000000.0,1315000000.0,0.47593195801664856,181000000.0,0.0,0.0,0.0,793000000.0,2241000000.0,31000000.0,144000000.0,666000000.0,0.24104234527687296,522000000,0.18892508143322476,-6000000.0,515000000.0,0.18639160332971408,82000000.0,431000000.0,0.15598986608758597,0.8434442270058709,0.8434442270058709,511000000,511000000,https://www.bundesanzeiger.de/pub/de/suche;wwwsid=627BFD7A56A5CB624C47FDDEAB2FC509.web07-pub?0,https://www.bundesanzeiger.de/pub/de/suche;wwwsid=627BFD7A56A5CB624C47FDDEAB2FC509.web07-pub?0,1620589747,15:49:07,20210509
58,2006-09-30,BTL.DE,USD,2006-09-30,2006-09-30,Q3,2557000000,1342000000.0,1215000000.0,0.4751662104028158,149000000.0,0.0,0.0,0.0,711000000.0,2053000000.0,25000000.0,146000000.0,650000000.0,0.25420414548298786,504000000,0.19710598357450138,-20000000.0,479000000.0,0.18732890105592492,105000000.0,374000000.0,0.14626515447790378,0.58,0.57,653000000,661000000,https://www.bundesanzeiger.de/pub/de/suche;wwwsid=627BFD7A56A5CB624C47FDDEAB2FC509.web07-pub?0,https://www.bundesanzeiger.de/pub/de/suche;wwwsid=627BFD7A56A5CB624C47FDDEAB2FC509.web07-pub?0,1620589747,15:49:07,20210509
59,2006-06-30,BTL.DE,USD,2006-06-30,2006-06-30,Q2,2649000000,1494000000.0,1155000000.0,0.4360135900339751,146000000.0,0.0,0.0,0.0,728000000.0,2222000000.0,18000000.0,146000000.0,573000000.0,0.21630804077010193,427000000,0.16119290298225747,-19000000.0,398000000.0,0.15024537561343904,89000000.0,309000000.0,0.11664779161947905,0.4724770642201835,0.46889226100151743,654000000,659000000,https://www.bundesanzeiger.de/pub/de/suche;wwwsid=627BFD7A56A5CB624C47FDDEAB2FC509.web07-pub?0,https://www.bundesanzeiger.de/pub/de/suche;wwwsid=627BFD7A56A5CB624C47FDDEAB2FC509.web07-pub?0,1620589747,15:49:07,20210509
60,2006-03-31,BTL.DE,USD,2006-03-31,2006-03-31,Q1,2409000000,1357000000.0,1052000000.0,0.43669572436695725,138000000.0,0.0,0.0,0.0,664000000.0,2021000000.0,27000000.0,139000000.0,527000000.0,0.21876297218762972,388000000,0.1610626816106268,-16000000.0,354000000.0,0.14694894146948942,72000000.0,282000000.0,0.11706102117061021,0.44,0.43,641000000,648000000,https://www.bundesanzeiger.de/pub/de/suche;wwwsid=627BFD7A56A5CB624C47FDDEAB2FC509.web07-pub?0,https://www.bundesanzeiger.de/pub/de/suche;wwwsid=627BFD7A56A5CB624C47FDDEAB2FC509.web07-pub?0,1620589747,15:49:07,20210509
61,2005-12-31,BTL.DE,USD,2005-12-31,2005-12-31,Q4,2491000000,1490000000.0,1001000000.0,0.4018466479325572,134000000.0,0.0,0.0,0.0,653000000.0,2143000000.0,23000000.0,143000000.0,491000000.0,0.19710959454034524,348000000,0.13970293054997993,59000000.0,384000000.0,0.15415495784825373,90000000.0,292000000.0,0.1172219991971096,0.5714285714285714,0.5714285714285714,511000000,511000000,https://www.bundesanzeiger.de/pub/de/suche;wwwsid=627BFD7A56A5CB624C47FDDEAB2FC509.web07-pub?0,https://www.bundesanzeiger.de/pub/de/suche;wwwsid=627BFD7A56A5CB624C47FDDEAB2FC509.web07-pub?0,1620589747,15:49:07,20210509
62,2005-09-30,BTL.DE,USD,2005-09-30,2005-09-30,Q3,2398000000,1388000000.0,1010000000.0,0.42118432026688907,133000000.0,0.0,0.0,0.0,624000000.0,2012000000.0,0.0,145000000.0,531000000.0,0.22143452877397832,386000000,0.1609674728940784,-5000000.0,350000000.0,0.14595496246872394,234000000.0,116000000.0,0.04837364470391994,0.19,0.18,622000000,632000000,https://www.bundesanzeiger.de/pub/de/suche;wwwsid=627BFD7A56A5CB624C47FDDEAB2FC509.web07-pub?0,https://www.bundesanzeiger.de/pub/de/suche;wwwsid=627BFD7A56A5CB624C47FDDEAB2FC509.web07-pub?0,1620589747,15:49:07,20210509
63,2005-06-30,BTL.DE,USD,2005-06-30,2005-06-30,Q2,2577000000,1464000000.0,1113000000.0,0.4318975552968568,133000000.0,0.0,0.0,0.0,670000000.0,2134000000.0,33000000.0,145000000.0,588000000.0,0.2281722933643772,443000000,0.17190531625921615,2000000.0,412000000.0,0.15987582460225067,88000000.0,322000000.0,0.12495149398525417,0.52,0.51,621000000,626000000,https://www.bundesanzeiger.de/pub/de/suche;wwwsid=627BFD7A56A5CB624C47FDDEAB2FC509.web07-pub?0,https://www.bundesanzeiger.de/pub/de/suche;wwwsid=627BFD7A56A5CB624C47FDDEAB2FC509.web07-pub?0,1620589747,15:49:07,20210509
64,2005-03-31,BTL.DE,USD,2005-03-31,2005-03-31,Q1,2383000000,1414000000.0,969000000.0,0.40663029794376837,133000000.0,0.0,0.0,0.0,640000000.0,2054000000.0,31000000.0,147000000.0,476000000.0,0.19974821653378094,329000000,0.1380612673101133,0.0,298000000.0,0.12505245488879563,74000000.0,226000000.0,0.09483843894250944,0.37,0.36,619000000,623000000,https://www.bundesanzeiger.de/pub/de/suche;wwwsid=627BFD7A56A5CB624C47FDDEAB2FC509.web07-pub?0,https://www.bundesanzeiger.de/pub/de/suche;wwwsid=627BFD7A56A5CB624C47FDDEAB2FC509.web07-pub?0,1620589747,15:49:07,20210509
65,2004-12-31,BTL.DE,USD,2004-12-31,2004-12-31,Q4,2601000000,1481000000.0,1120000000.0,0.43060361399461744,128000000.0,0.0,0.0,0.0,917000000.0,2398000000.0,12000000.0,156000000.0,359000000.0,0.1380238369857747,203000000,0.07804690503652441,-3000000.0,167000000.0,0.06420607458669743,61000000.0,106000000.0,0.040753556324490584,0.20743639921722112,0.20743639921722112,511000000,511000000,https://www.bundesanzeiger.de/pub/de/suche;wwwsid=627BFD7A56A5CB624C47FDDEAB2FC509.web07-pub?0,https://www.bundesanzeiger.de/pub/de/suche;wwwsid=627BFD7A56A5CB624C47FDDEAB2FC509.web07-pub?0,1620589747,15:49:07,20210509
66,2004-09-30,BTL.DE,USD,2004-09-30,2004-09-30,Q3,2320000000,1357000000.0,963000000.0,0.41508620689655173,124000000.0,0.0,0.0,0.0,586000000.0,1943000000.0,0.0,150000000.0,527000000.0,0.2271551724137931,377000000,0.1625,-11000000.0,346000000.0,0.14913793103448275,87000000.0,276000000.0,0.11896551724137931,0.44878048780487806,0.4458804523424879,615000000,619000000,https://www.bundesanzeiger.de/pub/de/suche;wwwsid=627BFD7A56A5CB624C47FDDEAB2FC509.web07-pub?0,https://www.bundesanzeiger.de/pub/de/suche;wwwsid=627BFD7A56A5CB624C47FDDEAB2FC509.web07-pub?0,1620589747,15:49:07,20210509
67,2004-06-30,BTL.DE,USD,2004-06-30,2004-06-30,Q2,2379000000,1440000000.0,939000000.0,0.39470365699873894,129000000.0,0.0,0.0,0.0,661000000.0,2101000000.0,25000000.0,147000000.0,425000000.0,0.17864649012189995,278000000,0.11685582177385456,-585000000.0,-332000000.0,-0.13955443463640185,-163000000.0,-170000000.0,-0.07145859604875998,-0.28,-0.28,613000000,613000000,https://www.bundesanzeiger.de/pub/de/suche;wwwsid=627BFD7A56A5CB624C47FDDEAB2FC509.web07-pub?0,https://www.bundesanzeiger.de/pub/de/suche;wwwsid=627BFD7A56A5CB624C47FDDEAB2FC509.web07-pub?0,1620589747,15:49:07,20210509
68,2004-03-31,BTL.DE,USD,2004-03-31,2004-03-31,Q1,2209000000,1315000000.0,894000000.0,0.4047080126754187,136000000.0,0.0,0.0,0.0,603000000.0,1918000000.0,21000000.0,148000000.0,439000000.0,0.1987324581258488,291000000,0.13173381620642824,-21000000.0,252000000.0,0.11407876867360797,63000000.0,178000000.0,0.08057944771389769,0.2908496732026144,0.288961038961039,612000000,616000000,https://www.bundesanzeiger.de/pub/de/suche;wwwsid=627BFD7A56A5CB624C47FDDEAB2FC509.web07-pub?0,https://www.bundesanzeiger.de/pub/de/suche;wwwsid=627BFD7A56A5CB624C47FDDEAB2FC509.web07-pub?0,1620589747,15:49:07,20210509
69,2003-12-31,BTL.DE,USD,2003-12-31,2003-12-31,Q4,2537000000,1397000000.0,1140000000.0,0.4493496255419787,141000000.0,0.0,0.0,0.0,622000000.0,2019000000.0,21000000.0,146000000.0,664000000.0,0.26172644856129285,518000000,0.204178163184864,4000000.0,506000000.0,0.19944816712652738,128000000.0,371000000.0,0.14623571147024045,0.726027397260274,0.726027397260274,511000000,511000000,https://www.bundesanzeiger.de/pub/de/suche;wwwsid=627BFD7A56A5CB624C47FDDEAB2FC509.web07-pub?0,https://www.bundesanzeiger.de/pub/de/suche;wwwsid=627BFD7A56A5CB624C47FDDEAB2FC509.web07-pub?0,1620589747,15:49:07,20210509
70,2003-09-30,BTL.DE,USD,2003-09-30,2003-09-30,Q3,2219000000,1247000000.0,972000000.0,0.4380351509689049,137000000.0,0.0,0.0,0.0,575000000.0,1822000000.0,33000000.0,141000000.0,538000000.0,0.24245155475439387,397000000,0.17890941865705273,-6000000.0,366000000.0,0.16493916178458765,88000000.0,256000000.0,0.11536728255971158,0.43463497453310695,0.43243243243243246,589000000,592000000,https://www.bundesanzeiger.de/pub/de/suche;wwwsid=627BFD7A56A5CB624C47FDDEAB2FC509.web07-pub?0,https://www.bundesanzeiger.de/pub/de/suche;wwwsid=627BFD7A56A5CB624C47FDDEAB2FC509.web07-pub?0,1620589747,15:49:07,20210509
71,2003-06-30,BTL.DE,USD,2003-06-30,2003-06-30,Q2,2163000000,1190000000.0,973000000.0,0.44983818770226536,139000000.0,0.0,0.0,0.0,603000000.0,1793000000.0,0.0,130000000.0,500000000.0,0.2311604253351826,370000000,0.17105871474803513,-351000000.0,-8000000.0,-0.0036985668053629217,-57000000.0,38000000.0,0.01756819232547388,0.06354515050167224,0.06199021207177814,598000000,613000000,https://www.bundesanzeiger.de/pub/de/suche;wwwsid=627BFD7A56A5CB624C47FDDEAB2FC509.web07-pub?0,https://www.bundesanzeiger.de/pub/de/suche;wwwsid=627BFD7A56A5CB624C47FDDEAB2FC509.web07-pub?0,1620589747,15:49:07,20210509
72,2003-03-31,BTL.DE,USD,2003-03-31,2003-03-31,Q1,1997000000,1117000000.0,880000000.0,0.44066099148723087,136000000.0,0.0,0.0,0.0,549000000.0,1666000000.0,0.0,128000000.0,459000000.0,0.22984476715072608,331000000,0.1657486229344016,-26000000.0,286000000.0,0.14321482223335003,69000000.0,216000000.0,0.10816224336504757,0.36,0.35,598000000,611000000,https://www.bundesanzeiger.de/pub/de/suche;wwwsid=627BFD7A56A5CB624C47FDDEAB2FC509.web07-pub?0,https://www.bundesanzeiger.de/pub/de/suche;wwwsid=627BFD7A56A5CB624C47FDDEAB2FC509.web07-pub?0,1620589747,15:49:07,20210509
73,2002-12-31,BTL.DE,USD,2002-12-31,2002-12-31,Q4,2036000000,997000000.0,1039000000.0,0.5103143418467584,141000000.0,0.0,0.0,0.0,528000000.0,1525000000.0,30000000.0,107000000.0,618000000.0,0.30353634577603145,511000000,0.25098231827111983,-145000000.0,356000000.0,0.17485265225933203,92000000.0,9000000.0,0.0044204322200392925,0.01761252446183953,0.01761252446183953,511000000,511000000,https://www.bundesanzeiger.de/pub/de/suche;wwwsid=627BFD7A56A5CB624C47FDDEAB2FC509.web07-pub?0,https://www.bundesanzeiger.de/pub/de/suche;wwwsid=627BFD7A56A5CB624C47FDDEAB2FC509.web07-pub?0,1620589747,15:49:07,20210509
74,2002-09-30,BTL.DE,USD,2002-09-30,2002-09-30,Q3,2102000000,1156000000.0,946000000.0,0.45004757373929594,122000000.0,385000000.0,0.0,0.0,507000000.0,1663000000.0,11000000.0,120000000.0,559000000.0,0.2659372026641294,439000000,0.20884871550903902,-6000000.0,422000000.0,0.20076117982873454,106000000.0,316000000.0,0.15033301617507136,0.52,0.51,603000000,624000000,https://www.bundesanzeiger.de/pub/de/suche;wwwsid=627BFD7A56A5CB624C47FDDEAB2FC509.web07-pub?0,https://www.bundesanzeiger.de/pub/de/suche;wwwsid=627BFD7A56A5CB624C47FDDEAB2FC509.web07-pub?0,1620589747,15:49:07,20210509
75,2002-06-30,BTL.DE,USD,2002-06-30,2002-06-30,Q2,2022000000,1101000000.0,921000000.0,0.45548961424332346,123000000.0,390000000.0,0.0,0.0,513000000.0,1614000000.0,22000000.0,107000000.0,515000000.0,0.25469831849653807,408000000,0.20178041543026706,-117000000.0,277000000.0,0.13699307616221562,77000000.0,200000000.0,0.09891196834817013,0.33,0.32,602000000,622000000,https://www.bundesanzeiger.de/pub/de/suche;wwwsid=627BFD7A56A5CB624C47FDDEAB2FC509.web07-pub?0,https://www.bundesanzeiger.de/pub/de/suche;wwwsid=627BFD7A56A5CB624C47FDDEAB2FC509.web07-pub?0,1620589747,15:49:07,20210509
76,2002-03-31,BTL.DE,USD,2002-03-31,2002-03-31,Q1,1950000000,1064000000.0,886000000.0,0.4543589743589744,115000000.0,400000000.0,0.0,0.0,515000000.0,1579000000.0,18000000.0,105000000.0,476000000.0,0.2441025641025641,371000000,0.19025641025641027,-13000000.0,342000000.0,0.1753846153846154,89000000.0,253000000.0,0.12974358974358974,0.42,0.41,600000000,622000000,https://www.bundesanzeiger.de/pub/de/suche;wwwsid=627BFD7A56A5CB624C47FDDEAB2FC509.web07-pub?0,https://www.bundesanzeiger.de/pub/de/suche;wwwsid=627BFD7A56A5CB624C47FDDEAB2FC509.web07-pub?0,1620589747,15:49:07,20210509
77,2001-12-31,BTL.DE,USD,2001-12-31,2001-12-31,Q4,2136000000,1152000000.0,984000000.0,0.4606741573033708,115000000.0,413000000.0,0.0,0.0,540000000.0,1692000000.0,25000000.0,113000000.0,557000000.0,0.2607677902621723,444000000,0.20786516853932585,-463000000.0,-33000000.0,-0.01544943820224719,42000000.0,-75000000.0,-0.0351123595505618,-0.14677103718199608,-0.14677103718199608,511000000,511000000,https://www.bundesanzeiger.de/pub/de/suche;wwwsid=627BFD7A56A5CB624C47FDDEAB2FC509.web07-pub?0,https://www.bundesanzeiger.de/pub/de/suche;wwwsid=627BFD7A56A5CB624C47FDDEAB2FC509.web07-pub?0,1620589747,15:49:07,20210509
78,2001-09-30,BTL.DE,USD,2001-09-30,2001-09-30,Q3,1900000000,1045000000.0,855000000.0,0.45,105000000.0,352000000.0,0.0,0.0,469000000.0,1514000000.0,27000000.0,111000000.0,497000000.0,0.2615789473684211,386000000,0.2031578947368421,1000000.0,368000000.0,0.1936842105263158,96000000.0,272000000.0,0.1431578947368421,0.46,0.45,589000000,609000000,https://www.bundesanzeiger.de/pub/de/suche;wwwsid=627BFD7A56A5CB624C47FDDEAB2FC509.web07-pub?0,https://www.bundesanzeiger.de/pub/de/suche;wwwsid=627BFD7A56A5CB624C47FDDEAB2FC509.web07-pub?0,1620589747,15:49:07,20210509
79,2001-06-30,BTL.DE,USD,2001-06-30,2001-06-30,Q2,1870000000,1044000000.0,826000000.0,0.44171122994652406,104000000.0,361000000.0,0.0,0.0,476000000.0,1520000000.0,28000000.0,109000000.0,459000000.0,0.24545454545454545,350000000,0.18716577540106952,9000000.0,342000000.0,0.18288770053475936,89000000.0,253000000.0,0.13529411764705881,0.43,0.42,590000000,608000000,https://www.bundesanzeiger.de/pub/de/suche;wwwsid=627BFD7A56A5CB624C47FDDEAB2FC509.web07-pub?0,https://www.bundesanzeiger.de/pub/de/suche;wwwsid=627BFD7A56A5CB624C47FDDEAB2FC509.web07-pub?0,1620589747,15:49:07,20210509
80,2001-03-31,BTL.DE,USD,2001-03-31,2001-03-31,Q1,1757000000,986000000.0,771000000.0,0.4388161639157655,103000000.0,343000000.0,0.0,0.0,458000000.0,1444000000.0,28000000.0,108000000.0,421000000.0,0.2396129766647695,313000000,0.17814456459874786,-7000000.0,287000000.0,0.16334661354581673,73000000.0,162000000.0,0.09220261809903244,0.275,0.27,590000000,606000000,https://www.bundesanzeiger.de/pub/de/suche;wwwsid=627BFD7A56A5CB624C47FDDEAB2FC509.web07-pub?0,https://www.bundesanzeiger.de/pub/de/suche;wwwsid=627BFD7A56A5CB624C47FDDEAB2FC509.web07-pub?0,1620589747,15:49:07,20210509
81,2000-12-31,BTL.DE,USD,2000-12-31,2000-12-31,Q4,1932000000,972000000.0,960000000.0,0.4968944099378882,106000000.0,406000000.0,0.0,0.0,616000000.0,1588000000.0,35000000.0,104000000.0,448000000.0,0.2318840579710145,344000000,0.17805383022774326,46000000.0,364000000.0,0.18840579710144928,94000000.0,270000000.0,0.13975155279503104,0.5283757338551859,0.5283757338551859,511000000,511000000,https://www.bundesanzeiger.de/pub/de/suche;wwwsid=627BFD7A56A5CB624C47FDDEAB2FC509.web07-pub?0,https://www.bundesanzeiger.de/pub/de/suche;wwwsid=627BFD7A56A5CB624C47FDDEAB2FC509.web07-pub?0,1620589747,15:49:07,20210509
82,2000-09-30,BTL.DE,USD,2000-09-30,2000-09-30,Q3,1687000000,816000000.0,871000000.0,0.5163011262596325,97000000.0,328000000.0,0.0,0.0,543000000.0,1359000000.0,35000000.0,118000000.0,446000000.0,0.26437462951985774,328000000,0.1944279786603438,9000000.0,312000000.0,0.18494368701837582,81000000.0,231000000.0,0.13692946058091288,0.39,0.385,590000000,604000000,https://www.bundesanzeiger.de/pub/de/suche;wwwsid=627BFD7A56A5CB624C47FDDEAB2FC509.web07-pub?0,https://www.bundesanzeiger.de/pub/de/suche;wwwsid=627BFD7A56A5CB624C47FDDEAB2FC509.web07-pub?0,1620589747,15:49:07,20210509
83,2000-06-30,BTL.DE,USD,2000-06-30,2000-06-30,Q2,1694000000,867000000.0,827000000.0,0.4881936245572609,93000000.0,336000000.0,0.0,0.0,515000000.0,1382000000.0,0.0,86000000.0,398000000.0,0.23494687131050768,312000000,0.18417945690672963,-280000000.0,13000000.0,0.007674144037780401,-33000000.0,48000000.0,0.02833530106257379,0.08247422680412371,0.08080808080808081,582000000,594000000,https://www.bundesanzeiger.de/pub/de/suche;wwwsid=627BFD7A56A5CB624C47FDDEAB2FC509.web07-pub?0,https://www.bundesanzeiger.de/pub/de/suche;wwwsid=627BFD7A56A5CB624C47FDDEAB2FC509.web07-pub?0,1620589747,15:49:07,20210509
84,2000-03-31,BTL.DE,USD,2000-03-31,2000-03-31,Q1,1583000000,804000000.0,779000000.0,0.4921036007580543,83000000.0,315000000.0,0.0,0.0,495000000.0,1299000000.0,32000000.0,97000000.0,381000000.0,0.2406822488945041,284000000,0.17940619077700568,-5000000.0,257000000.0,0.16234996841440302,66000000.0,191000000.0,0.12065698041692988,0.35,0.345,580000000,592000000,https://www.bundesanzeiger.de/pub/de/suche;wwwsid=627BFD7A56A5CB624C47FDDEAB2FC509.web07-pub?0,https://www.bundesanzeiger.de/pub/de/suche;wwwsid=627BFD7A56A5CB624C47FDDEAB2FC509.web07-pub?0,1620589747,15:49:07,20210509
85,1999-12-31,BTL.DE,USD,1999-12-31,1999-12-31,Q4,1769000000,898000000.0,871000000.0,0.49236856981345395,90000000.0,360000000.0,0.0,0.0,543000000.0,1441000000.0,0.0,93000000.0,421000000.0,0.23798756359525156,328000000,0.18541548897682306,9000000.0,313000000.0,0.17693612210288298,82000000.0,229000000.0,0.12945166760881854,0.4481409001956947,0.4481409001956947,511000000,511000000,https://www.bundesanzeiger.de/pub/de/suche;wwwsid=627BFD7A56A5CB624C47FDDEAB2FC509.web07-pub?0,https://www.bundesanzeiger.de/pub/de/suche;wwwsid=627BFD7A56A5CB624C47FDDEAB2FC509.web07-pub?0,1620589747,15:49:07,20210509
86,1999-09-30,BTL.DE,USD,1999-09-30,1999-09-30,Q3,1589000000,828000000.0,761000000.0,0.4789175582127124,83000000.0,328000000.0,0.0,0.0,463000000.0,1291000000.0,36000000.0,52000000.0,350000000.0,0.22026431718061673,298000000,0.18753933291378225,-4000000.0,267000000.0,0.16803020767778476,70000000.0,210000000.0,0.13215859030837004,0.36,0.355,584000000,594000000,https://www.bundesanzeiger.de/pub/de/suche;wwwsid=627BFD7A56A5CB624C47FDDEAB2FC509.web07-pub?0,https://www.bundesanzeiger.de/pub/de/suche;wwwsid=627BFD7A56A5CB624C47FDDEAB2FC509.web07-pub?0,1620589747,15:49:07,20210509
87,1999-06-30,BTL.DE,USD,1999-06-30,1999-06-30,Q2,1560000000,766000000.0,794000000.0,0.5089743589743589,84000000.0,319000000.0,0.0,0.0,511000000.0,1277000000.0,0.0,108000000.0,391000000.0,0.25064102564102564,283000000,0.1814102564102564,3000000.0,255000000.0,0.16346153846153846,66000000.0,207000000.0,0.1326923076923077,0.355,0.35,580000000,590000000,https://www.bundesanzeiger.de/pub/de/suche;wwwsid=627BFD7A56A5CB624C47FDDEAB2FC509.web07-pub?0,https://www.bundesanzeiger.de/pub/de/suche;wwwsid=627BFD7A56A5CB624C47FDDEAB2FC509.web07-pub?0,1620589747,15:49:07,20210509
88,1999-03-31,BTL.DE,USD,1999-03-31,1999-03-31,Q1,1685000000,843000000.0,842000000.0,0.49970326409495547,87000000.0,362000000.0,0.0,0.0,568000000.0,1411000000.0,41000000.0,119000000.0,393000000.0,0.23323442136498515,274000000,0.1626112759643917,-2000000.0,237000000.0,0.1406528189910979,59000000.0,151000000.0,0.08961424332344213,0.265,0.26,574000000,586000000,https://www.bundesanzeiger.de/pub/de/suche;wwwsid=627BFD7A56A5CB624C47FDDEAB2FC509.web07-pub?0,https://www.bundesanzeiger.de/pub/de/suche;wwwsid=627BFD7A56A5CB624C47FDDEAB2FC509.web07-pub?0,1620589747,15:49:07,20210509
89,1998-12-31,BTL.DE,USD,1998-12-31,1998-12-31,Q4,1836000000,919000000.0,917000000.0,0.49945533769063183,92000000.0,397000000.0,0.0,0.0,601000000.0,1520000000.0,44000000.0,112000000.0,428000000.0,0.23311546840958605,316000000,0.1721132897603486,10000000.0,287000000.0,0.15631808278867101,75000000.0,212000000.0,0.11546840958605664,0.41487279843444225,0.41487279843444225,511000000,511000000,https://www.bundesanzeiger.de/pub/de/suche;wwwsid=627BFD7A56A5CB624C47FDDEAB2FC509.web07-pub?0,https://www.bundesanzeiger.de/pub/de/suche;wwwsid=627BFD7A56A5CB624C47FDDEAB2FC509.web07-pub?0,1620589747,15:49:07,20210509
90,1998-09-30,BTL.DE,USD,1998-09-30,1998-09-30,Q3,1649000000,826000000.0,823000000.0,0.4990903577926016,102000000.0,361000000.0,0.0,0.0,566000000.0,1392000000.0,47000000.0,103000000.0,360000000.0,0.2183141297756216,257000000,0.1558520315342632,-296000000.0,-76000000.0,-0.04608853850818678,48000000.0,-124000000.0,-0.07519708914493632,-0.215,-0.215,570000000,570000000,https://www.bundesanzeiger.de/pub/de/suche;wwwsid=627BFD7A56A5CB624C47FDDEAB2FC509.web07-pub?0,https://www.bundesanzeiger.de/pub/de/suche;wwwsid=627BFD7A56A5CB624C47FDDEAB2FC509.web07-pub?0,1620589747,15:49:07,20210509
91,1998-06-30,BTL.DE,USD,1998-06-30,1998-06-30,Q2,1646000000,793000000.0,853000000.0,0.5182260024301336,99000000.0,361000000.0,0.0,0.0,564000000.0,1357000000.0,0.0,104000000.0,393000000.0,0.2387606318347509,289000000,0.1755771567436209,-127000000.0,119000000.0,0.07229647630619684,56000000.0,63000000.0,0.03827460510328068,0.11130742049469965,0.109375,566000000,576000000,https://www.bundesanzeiger.de/pub/de/suche;wwwsid=627BFD7A56A5CB624C47FDDEAB2FC509.web07-pub?0,https://www.bundesanzeiger.de/pub/de/suche;wwwsid=627BFD7A56A5CB624C47FDDEAB2FC509.web07-pub?0,1620589747,15:49:07,20210509
92,1998-03-31,BTL.DE,USD,1998-03-31,1998-03-31,Q1,1468000000,711000000.0,757000000.0,0.5156675749318801,86000000.0,307000000.0,0.0,0.0,500000000.0,1211000000.0,0.0,107000000.0,364000000.0,0.24795640326975477,257000000,0.17506811989100818,4000000.0,219000000.0,0.14918256130790192,55000000.0,164000000.0,0.11171662125340599,0.295,0.29,560000000,570000000,https://www.bundesanzeiger.de/pub/de/suche;wwwsid=627BFD7A56A5CB624C47FDDEAB2FC509.web07-pub?0,https://www.bundesanzeiger.de/pub/de/suche;wwwsid=627BFD7A56A5CB624C47FDDEAB2FC509.web07-pub?0,1620589747,15:49:07,20210509
93,1997-12-31,BTL.DE,USD,1997-12-31,1997-12-31,Q4,1632000000,792000000.0,840000000.0,0.5147058823529411,110000000.0,361000000.0,0.0,0.0,570000000.0,1362000000.0,0.0,99000000.0,369000000.0,0.2261029411764706,270000000,0.16544117647058823,12000000.0,243000000.0,0.1488970588235294,61000000.0,182000000.0,0.11151960784313726,0.3561643835616438,0.3561643835616438,511000000,511000000,https://www.bundesanzeiger.de/pub/de/suche;wwwsid=627BFD7A56A5CB624C47FDDEAB2FC509.web07-pub?0,https://www.bundesanzeiger.de/pub/de/suche;wwwsid=627BFD7A56A5CB624C47FDDEAB2FC509.web07-pub?0,1620589747,15:49:07,20210509
94,1997-09-30,BTL.DE,USD,1997-09-30,1997-09-30,Q3,1494000000,739000000.0,755000000.0,0.5053547523427041,97000000.0,325000000.0,0.0,0.0,519000000.0,1258000000.0,0.0,97000000.0,333000000.0,0.22289156626506024,236000000,0.15796519410977242,18000000.0,212000000.0,0.14190093708165996,53000000.0,159000000.0,0.10642570281124498,0.285,0.28,560000000,570000000,https://www.bundesanzeiger.de/pub/de/suche;wwwsid=627BFD7A56A5CB624C47FDDEAB2FC509.web07-pub?0,https://www.bundesanzeiger.de/pub/de/suche;wwwsid=627BFD7A56A5CB624C47FDDEAB2FC509.web07-pub?0,1620589747,15:49:07,20210509
95,1997-06-30,BTL.DE,USD,1997-06-30,1997-06-30,Q2,1569000000,773000000.0,796000000.0,0.5073295092415552,95000000.0,347000000.0,0.0,0.0,535000000.0,1308000000.0,52000000.0,93000000.0,354000000.0,0.22562141491395793,261000000,0.16634799235181644,1000000.0,218000000.0,0.13894200127469725,56000000.0,162000000.0,0.10325047801147227,0.29,0.285,556000000,564000000,https://www.bundesanzeiger.de/pub/de/suche;wwwsid=627BFD7A56A5CB624C47FDDEAB2FC509.web07-pub?0,https://www.bundesanzeiger.de/pub/de/suche;wwwsid=627BFD7A56A5CB624C47FDDEAB2FC509.web07-pub?0,1620589747,15:49:07,20210509
96,1997-03-31,BTL.DE,USD,1997-03-31,1997-03-31,Q1,1443000000,683000000.0,760000000.0,0.5266805266805267,90000000.0,323000000.0,0.0,0.0,522000000.0,1205000000.0,47000000.0,109000000.0,347000000.0,0.24047124047124047,238000000,0.16493416493416493,-350000000.0,-150000000.0,-0.10395010395010396,53000000.0,-203000000.0,-0.14067914067914067,-0.37,-0.37,548000000,548000000,https://www.bundesanzeiger.de/pub/de/suche;wwwsid=627BFD7A56A5CB624C47FDDEAB2FC509.web07-pub?0,https://www.bundesanzeiger.de/pub/de/suche;wwwsid=627BFD7A56A5CB624C47FDDEAB2FC509.web07-pub?0,1620589747,15:49:07,20210509
97,1996-12-31,BTL.DE,USD,1996-12-31,1996-12-31,Q4,1494000000,745000000.0,749000000.0,0.501338688085676,90000000.0,312000000.0,0.0,0.0,495000000.0,1240000000.0,37000000.0,93000000.0,347000000.0,0.2322623828647925,254000000,0.17001338688085676,-9000000.0,218000000.0,0.1459170013386881,60000000.0,158000000.0,0.10575635876840696,0.30919765166340507,0.30919765166340507,511000000,511000000,https://www.bundesanzeiger.de/pub/de/suche;wwwsid=627BFD7A56A5CB624C47FDDEAB2FC509.web07-pub?0,https://www.bundesanzeiger.de/pub/de/suche;wwwsid=627BFD7A56A5CB624C47FDDEAB2FC509.web07-pub?0,1620589747,15:49:07,20210509
98,1996-09-30,BTL.DE,USD,1996-09-30,1996-09-30,Q3,1310000000,644000000.0,666000000.0,0.5083969465648855,84000000.0,272000000.0,0.0,0.0,440000000.0,1084000000.0,60000000.0,84000000.0,310000000.0,0.2366412213740458,226000000,0.17251908396946564,13000000.0,190000000.0,0.1450381679389313,53000000.0,177000000.0,0.13511450381679388,0.1625,0.16,1092000000,1092000000,https://www.bundesanzeiger.de/pub/de/suche;wwwsid=627BFD7A56A5CB624C47FDDEAB2FC509.web07-pub?0,https://www.bundesanzeiger.de/pub/de/suche;wwwsid=627BFD7A56A5CB624C47FDDEAB2FC509.web07-pub?0,1620589747,15:49:07,20210509
99,1996-06-30,BTL.DE,USD,1996-06-30,1996-06-30,Q2,1335000000,663000000.0,672000000.0,0.503370786516854,84000000.0,282000000.0,0.0,0.0,453000000.0,1116000000.0,59000000.0,87000000.0,306000000.0,0.2292134831460674,219000000,0.16404494382022472,26000000.0,197000000.0,0.14756554307116104,55000000.0,176000000.0,0.13183520599250936,0.1625,0.16,1088000000,1088000000,https://www.bundesanzeiger.de/pub/de/suche;wwwsid=627BFD7A56A5CB624C47FDDEAB2FC509.web07-pub?0,https://www.bundesanzeiger.de/pub/de/suche;wwwsid=627BFD7A56A5CB624C47FDDEAB2FC509.web07-pub?0,1620589747,15:49:07,20210509
100,1996-03-31,BTL.DE,USD,1996-03-31,1996-03-31,Q1,1299000000,645000000.0,654000000.0,0.5034642032332564,82000000.0,276000000.0,0.0,0.0,442000000.0,1087000000.0,57000000.0,84000000.0,296000000.0,0.22786759045419552,212000000,0.16320246343341033,22000000.0,188000000.0,0.1447267128560431,50000000.0,158000000.0,0.1216320246343341,0.145,0.1425,1088000000,1088000000,https://www.bundesanzeiger.de/pub/de/suche;wwwsid=627BFD7A56A5CB624C47FDDEAB2FC509.web07-pub?0,https://www.bundesanzeiger.de/pub/de/suche;wwwsid=627BFD7A56A5CB624C47FDDEAB2FC509.web07-pub?0,1620589747,15:49:07,20210509
101,1995-12-31,BTL.DE,USD,1995-12-31,1995-12-31,Q4,-2191000000,-2029000000.0,-162000000.0,0.07393884071200366,83000000.0,-237000000.0,0.0,0.0,-195000000.0,-2224000000.0,55000000.0,-41000000.0,-8000000.0,0.003651300775901415,33000000,-0.015061615700593337,-124000000.0,-136000000.0,0.06207211319032405,-34000000.0,176000000.0,-0.08032861706983113,0.34442270058708413,0.34442270058708413,511000000,511000000,https://www.bundesanzeiger.de/pub/de/suche;wwwsid=627BFD7A56A5CB624C47FDDEAB2FC509.web07-pub?0,https://www.bundesanzeiger.de/pub/de/suche;wwwsid=627BFD7A56A5CB624C47FDDEAB2FC509.web07-pub?0,1620589747,15:49:07,20210509
102,1995-09-30,BTL.DE,USD,1995-09-30,1995-09-30,Q3,2456000000,1531000000.0,925000000.0,0.376628664495114,100000000.0,451000000.0,0.0,0.0,673000000.0,2204000000.0,55000000.0,122000000.0,374000000.0,0.15228013029315962,252000000,0.10260586319218241,26000000.0,231000000.0,0.09405537459283388,68000000.0,163000000.0,0.06636807817589577,0.295,0.295,550000000,550000000,https://www.bundesanzeiger.de/pub/de/suche;wwwsid=627BFD7A56A5CB624C47FDDEAB2FC509.web07-pub?0,https://www.bundesanzeiger.de/pub/de/suche;wwwsid=627BFD7A56A5CB624C47FDDEAB2FC509.web07-pub?0,1620589747,15:49:07,20210509
103,1995-06-30,BTL.DE,USD,1995-06-30,1995-06-30,Q2,2465000000,1532000000.0,933000000.0,0.37849898580121705,84000000.0,446000000.0,0.0,0.0,656000000.0,2188000000.0,52000000.0,126000000.0,403000000.0,0.16348884381338744,277000000,0.11237322515212982,-3000000.0,229000000.0,0.09290060851926978,64000000.0,165000000.0,0.06693711967545639,0.295,0.295,556000000,556000000,https://www.bundesanzeiger.de/pub/de/suche;wwwsid=627BFD7A56A5CB624C47FDDEAB2FC509.web07-pub?0,https://www.bundesanzeiger.de/pub/de/suche;wwwsid=627BFD7A56A5CB624C47FDDEAB2FC509.web07-pub?0,1620589747,15:49:07,20210509
104,1995-03-31,BTL.DE,USD,1995-03-31,1995-03-31,Q1,2318000000,1435000000.0,883000000.0,0.3809318377911993,78000000.0,424000000.0,0.0,0.0,631000000.0,2066000000.0,52000000.0,129000000.0,381000000.0,0.1643658326143227,252000000,0.10871440897325281,-9000000.0,200000000.0,0.08628127696289906,55000000.0,145000000.0,0.06255392579810182,0.26,0.26,562000000,562000000,https://www.bundesanzeiger.de/pub/de/suche;wwwsid=627BFD7A56A5CB624C47FDDEAB2FC509.web07-pub?0,https://www.bundesanzeiger.de/pub/de/suche;wwwsid=627BFD7A56A5CB624C47FDDEAB2FC509.web07-pub?0,1620589747,15:49:07,20210509
105,1994-12-31,BTL.DE,USD,1994-12-31,1994-12-31,Q4,2500000000,1484000000.0,1016000000.0,0.4064,95000000.0,492000000.0,0.0,0.0,721000000.0,2205000000.0,60000000.0,134000000.0,429000000.0,0.1716,295000000,0.118,-9000000.0,236000000.0,0.0944,64000000.0,172000000.0,0.0688,0.33659491193737767,0.33659491193737767,511000000,511000000,https://www.bundesanzeiger.de/pub/de/suche;wwwsid=627BFD7A56A5CB624C47FDDEAB2FC509.web07-pub?0,https://www.bundesanzeiger.de/pub/de/suche;wwwsid=627BFD7A56A5CB624C47FDDEAB2FC509.web07-pub?0,1620589747,15:49:07,20210509
106,1994-09-30,BTL.DE,USD,1994-09-30,1994-09-30,Q3,2315000000,1374000000.0,941000000.0,0.4064794816414687,88000000.0,468000000.0,0.0,0.0,692000000.0,2066000000.0,57000000.0,136000000.0,385000000.0,0.16630669546436286,249000000,0.10755939524838012,0.0,202000000.0,0.08725701943844492,53000000.0,149000000.0,0.06436285097192225,0.265,0.265,566000000,566000000,https://www.bundesanzeiger.de/pub/de/suche;wwwsid=627BFD7A56A5CB624C47FDDEAB2FC509.web07-pub?0,https://www.bundesanzeiger.de/pub/de/suche;wwwsid=627BFD7A56A5CB624C47FDDEAB2FC509.web07-pub?0,1620589747,15:49:07,20210509
107,1994-06-30,BTL.DE,USD,1994-06-30,1994-06-30,Q2,2316000000,1392000000.0,924000000.0,0.39896373056994816,84000000.0,459000000.0,0.0,0.0,672000000.0,2064000000.0,64000000.0,129000000.0,381000000.0,0.1645077720207254,252000000,0.10880829015544041,-14000000.0,189000000.0,0.08160621761658031,45000000.0,144000000.0,0.06217616580310881,0.26,0.26,556000000,556000000,https://www.bundesanzeiger.de/pub/de/suche;wwwsid=627BFD7A56A5CB624C47FDDEAB2FC509.web07-pub?0,https://www.bundesanzeiger.de/pub/de/suche;wwwsid=627BFD7A56A5CB624C47FDDEAB2FC509.web07-pub?0,1620589747,15:49:07,20210509
108,1994-03-31,BTL.DE,USD,1994-03-31,1994-03-31,Q1,2193000000,1325000000.0,868000000.0,0.3958048335613315,76000000.0,440000000.0,0.0,0.0,641000000.0,1966000000.0,56000000.0,125000000.0,352000000.0,0.16051071591427268,227000000,0.10351117191062471,-6000000.0,174000000.0,0.07934336525307797,43000000.0,131000000.0,0.05973552211582307,0.235,0.235,554000000,554000000,https://www.bundesanzeiger.de/pub/de/suche;wwwsid=627BFD7A56A5CB624C47FDDEAB2FC509.web07-pub?0,https://www.bundesanzeiger.de/pub/de/suche;wwwsid=627BFD7A56A5CB624C47FDDEAB2FC509.web07-pub?0,1620589747,15:49:07,20210509
109,1993-12-31,BTL.DE,USD,1993-12-31,1993-12-31,Q4,2395000000,1408000000.0,987000000.0,0.41210855949895614,0.0,1275000000.0,0.0,0.0,1406000000.0,2814000000.0,59000000.0,131000000.0,-288000000.0,-0.12025052192066805,-419000000,-0.17494780793319414,-251000000.0,-729000000.0,-0.30438413361169103,-137000000.0,-603000000.0,-0.25177453027139873,-1.1800391389432485,-1.1800391389432485,511000000,511000000,https://www.bundesanzeiger.de/pub/de/suche;wwwsid=627BFD7A56A5CB624C47FDDEAB2FC509.web07-pub?0,https://www.bundesanzeiger.de/pub/de/suche;wwwsid=627BFD7A56A5CB624C47FDDEAB2FC509.web07-pub?0,1620589747,15:49:07,20210509
110,1993-09-30,BTL.DE,USD,1993-09-30,1993-09-30,Q3,2228000000,1295000000.0,933000000.0,0.41876122082585276,0.0,573000000.0,0.0,0.0,697000000.0,1992000000.0,56000000.0,124000000.0,360000000.0,0.1615798922800718,236000000,0.1059245960502693,-6000000.0,174000000.0,0.07809694793536805,39000000.0,135000000.0,0.06059245960502693,0.245,0.245,551020408,551020408,https://www.bundesanzeiger.de/pub/de/suche;wwwsid=627BFD7A56A5CB624C47FDDEAB2FC509.web07-pub?0,https://www.bundesanzeiger.de/pub/de/suche;wwwsid=627BFD7A56A5CB624C47FDDEAB2FC509.web07-pub?0,1620589747,15:49:07,20210509
111,1993-06-30,BTL.DE,USD,1993-06-30,1993-06-30,Q2,2215000000,1287000000.0,928000000.0,0.418961625282167,0.0,602000000.0,0.0,0.0,724000000.0,2011000000.0,55000000.0,122000000.0,326000000.0,0.1471783295711061,204000000,0.09209932279909706,21000000.0,170000000.0,0.07674943566591422,38000000.0,132000000.0,0.059593679458239276,0.24,0.24,550000000,550000000,https://www.bundesanzeiger.de/pub/de/suche;wwwsid=627BFD7A56A5CB624C47FDDEAB2FC509.web07-pub?0,https://www.bundesanzeiger.de/pub/de/suche;wwwsid=627BFD7A56A5CB624C47FDDEAB2FC509.web07-pub?0,1620589747,15:49:07,20210509
112,1993-03-31,BTL.DE,USD,1993-03-31,1993-03-31,Q1,2041000000,1173000000.0,868000000.0,0.425281724644782,0.0,533000000.0,0.0,0.0,650000000.0,1823000000.0,52000000.0,117000000.0,335000000.0,0.16413522782949536,218000000,0.10681038706516413,-111000000.0,55000000.0,0.026947574718275354,-2000000.0,138000000.0,0.06761391474767271,0.245,0.245,563265306,563265306,https://www.bundesanzeiger.de/pub/de/suche;wwwsid=627BFD7A56A5CB624C47FDDEAB2FC509.web07-pub?0,https://www.bundesanzeiger.de/pub/de/suche;wwwsid=627BFD7A56A5CB624C47FDDEAB2FC509.web07-pub?0,1620589747,15:49:07,20210509
113,1992-12-31,BTL.DE,USD,1992-12-31,1992-12-31,Q4,2303000000,1288000000.0,1015000000.0,0.44072948328267475,0.0,602000000.0,0.0,0.0,722000000.0,2010000000.0,52000000.0,120000000.0,413000000.0,0.17933130699088146,293000000,0.12722535822839776,-29000000.0,212000000.0,0.09205384281372124,46000000.0,10000000.0,0.004342162396873643,0.019569471624266144,0.019569471624266144,511000000,511000000,https://www.bundesanzeiger.de/pub/de/suche;wwwsid=627BFD7A56A5CB624C47FDDEAB2FC509.web07-pub?0,https://www.bundesanzeiger.de/pub/de/suche;wwwsid=627BFD7A56A5CB624C47FDDEAB2FC509.web07-pub?0,1620589747,15:49:07,20210509
114,1992-09-30,BTL.DE,USD,1992-09-30,1992-09-30,Q3,2116000000,1196000000.0,920000000.0,0.43478260869565216,0.0,533000000.0,0.0,0.0,644000000.0,1840000000.0,51000000.0,111000000.0,387000000.0,0.1828922495274102,276000000,0.13043478260869565,-20000000.0,205000000.0,0.09688090737240075,54000000.0,173000000.0,0.08175803402646503,0.31,0.31,558064516,558064516,https://www.bundesanzeiger.de/pub/de/suche;wwwsid=627BFD7A56A5CB624C47FDDEAB2FC509.web07-pub?0,https://www.bundesanzeiger.de/pub/de/suche;wwwsid=627BFD7A56A5CB624C47FDDEAB2FC509.web07-pub?0,1620589747,15:49:07,20210509
115,1992-06-30,BTL.DE,USD,1992-06-30,1992-06-30,Q2,2080000000,1180000000.0,900000000.0,0.4326923076923077,0.0,540000000.0,0.0,0.0,643000000.0,1823000000.0,54000000.0,103000000.0,360000000.0,0.17307692307692307,257000000,0.12355769230769231,-21000000.0,182000000.0,0.0875,50000000.0,127000000.0,0.061057692307692306,0.23,0.225,552173913,564444444,https://www.bundesanzeiger.de/pub/de/suche;wwwsid=627BFD7A56A5CB624C47FDDEAB2FC509.web07-pub?0,https://www.bundesanzeiger.de/pub/de/suche;wwwsid=627BFD7A56A5CB624C47FDDEAB2FC509.web07-pub?0,1620589747,15:49:07,20210509
116,1992-03-31,BTL.DE,USD,1992-03-31,1992-03-31,Q1,2296000000,1368000000.0,928000000.0,0.40418118466898956,0.0,568000000.0,0.0,0.0,681000000.0,2049000000.0,0.0,113000000.0,360000000.0,0.156794425087108,247000000,0.10757839721254356,-13000000.0,180000000.0,0.078397212543554,49000000.0,131000000.0,0.057055749128919864,0.225,0.225,560000000,560000000,https://www.bundesanzeiger.de/pub/de/suche;wwwsid=627BFD7A56A5CB624C47FDDEAB2FC509.web07-pub?0,https://www.bundesanzeiger.de/pub/de/suche;wwwsid=627BFD7A56A5CB624C47FDDEAB2FC509.web07-pub?0,1620589747,15:49:07,20210509
117,1991-12-31,BTL.DE,USD,1991-12-31,1991-12-31,Q4,2390000000,1396000000.0,994000000.0,0.41589958158995816,0.0,568000000.0,0.0,0.0,680000000.0,2076000000.0,55000000.0,112000000.0,426000000.0,0.17824267782426778,314000000,0.13138075313807532,-15000000.0,244000000.0,0.10209205020920502,60000000.0,184000000.0,0.07698744769874477,0.36007827788649704,0.36007827788649704,511000000,511000000,https://www.bundesanzeiger.de/pub/de/suche;wwwsid=627BFD7A56A5CB624C47FDDEAB2FC509.web07-pub?0,https://www.bundesanzeiger.de/pub/de/suche;wwwsid=627BFD7A56A5CB624C47FDDEAB2FC509.web07-pub?0,1620589747,15:49:07,20210509
118,1991-09-30,BTL.DE,USD,1991-09-30,1991-09-30,Q3,2212000000,1285000000.0,927000000.0,0.4190777576853526,0.0,539000000.0,0.0,0.0,643000000.0,1928000000.0,55000000.0,104000000.0,388000000.0,0.17540687160940324,284000000,0.12839059674502712,-12000000.0,217000000.0,0.0981012658227848,61000000.0,156000000.0,0.0705244122965642,0.27,0.265,555555556,566037736,https://www.bundesanzeiger.de/pub/de/suche;wwwsid=627BFD7A56A5CB624C47FDDEAB2FC509.web07-pub?0,https://www.bundesanzeiger.de/pub/de/suche;wwwsid=627BFD7A56A5CB624C47FDDEAB2FC509.web07-pub?0,1620589747,15:49:07,20210509
119,1991-06-30,BTL.DE,USD,1991-06-30,1991-06-30,Q2,2197000000,1280000000.0,917000000.0,0.4173873463814292,0.0,542000000.0,0.0,0.0,650000000.0,1930000000.0,57000000.0,108000000.0,375000000.0,0.17068730086481565,267000000,0.12152935821574874,-15000000.0,195000000.0,0.08875739644970414,54000000.0,141000000.0,0.06417842512517069,0.24,0.24,562500000,562500000,https://www.bundesanzeiger.de/pub/de/suche;wwwsid=627BFD7A56A5CB624C47FDDEAB2FC509.web07-pub?0,https://www.bundesanzeiger.de/pub/de/suche;wwwsid=627BFD7A56A5CB624C47FDDEAB2FC509.web07-pub?0,1620589747,15:49:07,20210509
120,1991-03-31,BTL.DE,USD,1991-03-31,1991-03-31,Q1,2122000000,1263000000.0,859000000.0,0.4048067860508954,0.0,533000000.0,0.0,0.0,636000000.0,1899000000.0,55000000.0,103000000.0,326000000.0,0.1536286522148916,223000000,0.10508953817153628,-19000000.0,149000000.0,0.07021677662582469,39000000.0,110000000.0,0.051837888784165884,0.185,0.185,562162162,562162162,https://www.bundesanzeiger.de/pub/de/suche;wwwsid=627BFD7A56A5CB624C47FDDEAB2FC509.web07-pub?0,https://www.bundesanzeiger.de/pub/de/suche;wwwsid=627BFD7A56A5CB624C47FDDEAB2FC509.web07-pub?0,1620589747,15:49:07,20210509
121,1990-12-31,BTL.DE,USD,1990-12-31,1990-12-31,Q4,2174000000,1277000000.0,897000000.0,0.4126034958601656,0.0,527000000.0,0.0,0.0,623000000.0,1900000000.0,64000000.0,96000000.0,370000000.0,0.1701931922723091,274000000,0.12603495860165592,30000000.0,240000000.0,0.11039558417663294,62000000.0,178000000.0,0.08187672493100276,0.34833659491193736,0.34833659491193736,511000000,511000000,https://www.bundesanzeiger.de/pub/de/suche;wwwsid=627BFD7A56A5CB624C47FDDEAB2FC509.web07-pub?0,https://www.bundesanzeiger.de/pub/de/suche;wwwsid=627BFD7A56A5CB624C47FDDEAB2FC509.web07-pub?0,1620589747,15:49:07,20210509
122,1990-09-30,BTL.DE,USD,1990-09-30,1990-09-30,Q3,2020000000,1184000000.0,836000000.0,0.41386138613861384,0.0,484000000.0,0.0,0.0,582000000.0,1766000000.0,64000000.0,98000000.0,352000000.0,0.17425742574257425,254000000,0.12574257425742574,7000000.0,197000000.0,0.09752475247524753,62000000.0,135000000.0,0.06683168316831684,0.23,0.23,521739130,521739130,https://www.bundesanzeiger.de/pub/de/suche;wwwsid=627BFD7A56A5CB624C47FDDEAB2FC509.web07-pub?0,https://www.bundesanzeiger.de/pub/de/suche;wwwsid=627BFD7A56A5CB624C47FDDEAB2FC509.web07-pub?0,1620589747,15:49:07,20210509
123,1990-06-30,BTL.DE,USD,1990-06-30,1990-06-30,Q2,2003000000,1186000000.0,817000000.0,0.40788816774837744,0.0,482000000.0,0.0,0.0,576000000.0,1762000000.0,66000000.0,94000000.0,335000000.0,0.1672491263105342,241000000,0.12031952071892162,-23000000.0,152000000.0,0.07588617074388418,42000000.0,110000000.0,0.05491762356465302,0.185,0.185,508108108,508108108,https://www.bundesanzeiger.de/pub/de/suche;wwwsid=627BFD7A56A5CB624C47FDDEAB2FC509.web07-pub?0,https://www.bundesanzeiger.de/pub/de/suche;wwwsid=627BFD7A56A5CB624C47FDDEAB2FC509.web07-pub?0,1620589747,15:49:07,20210509
124,1990-03-31,BTL.DE,USD,1990-03-31,1990-03-31,Q1,1903000000,1167000000.0,736000000.0,0.38675775091960063,0.0,1048000000.0,0.0,0.0,1143000000.0,2310000000.0,65000000.0,95000000.0,-312000000.0,-0.16395165528113506,-407000000,-0.2138728323699422,-12000000.0,-484000000.0,-0.2543352601156069,-101000000.0,-383000000.0,-0.20126116657908566,-0.795,-0.795,500628931,500628931,https://www.bundesanzeiger.de/pub/de/suche;wwwsid=627BFD7A56A5CB624C47FDDEAB2FC509.web07-pub?0,https://www.bundesanzeiger.de/pub/de/suche;wwwsid=627BFD7A56A5CB624C47FDDEAB2FC509.web07-pub?0,1620589747,15:49:07,20210509
125,1989-12-31,BTL.DE,USD,1989-12-31,1989-12-31,Q4,1961000000,1175000000.0,786000000.0,0.4008159102498725,0.0,421000000.0,0.0,0.0,512000000.0,1687000000.0,70000000.0,91000000.0,365000000.0,0.18612952575216726,274000000,0.13972463029066803,-13000000.0,191000000.0,0.09739928607853136,52000000.0,139000000.0,0.07088220295767465,0.2720156555772994,0.2720156555772994,511000000,511000000,https://www.bundesanzeiger.de/pub/de/suche;wwwsid=627BFD7A56A5CB624C47FDDEAB2FC509.web07-pub?0,https://www.bundesanzeiger.de/pub/de/suche;wwwsid=627BFD7A56A5CB624C47FDDEAB2FC509.web07-pub?0,1620589747,15:49:07,20210509
126,1989-09-30,BTL.DE,USD,1989-09-30,1989-09-30,Q3,1808000000,1065000000.0,743000000.0,0.41095132743362833,0.0,453000000.0,0.0,0.0,547000000.0,1612000000.0,69000000.0,94000000.0,290000000.0,0.16039823008849557,196000000,0.1084070796460177,8000000.0,135000000.0,0.07466814159292036,33000000.0,102000000.0,0.05641592920353982,0.17,0.17,511764706,511764706,https://www.bundesanzeiger.de/pub/de/suche;wwwsid=627BFD7A56A5CB624C47FDDEAB2FC509.web07-pub?0,https://www.bundesanzeiger.de/pub/de/suche;wwwsid=627BFD7A56A5CB624C47FDDEAB2FC509.web07-pub?0,1620589747,15:49:07,20210509
127,1989-06-30,BTL.DE,USD,1989-06-30,1989-06-30,Q2,1856000000,1105000000.0,751000000.0,0.4046336206896552,0.0,471000000.0,0.0,0.0,562000000.0,1667000000.0,71000000.0,91000000.0,280000000.0,0.15086206896551724,189000000,0.10183189655172414,56000000.0,174000000.0,0.09375,70000000.0,104000000.0,0.05603448275862069,0.175,0.175,502857143,502857143,https://www.bundesanzeiger.de/pub/de/suche;wwwsid=627BFD7A56A5CB624C47FDDEAB2FC509.web07-pub?0,https://www.bundesanzeiger.de/pub/de/suche;wwwsid=627BFD7A56A5CB624C47FDDEAB2FC509.web07-pub?0,1620589747,15:49:07,20210509
128,1989-03-31,BTL.DE,USD,1989-03-31,1989-03-31,Q1,1774000000,1041000000.0,733000000.0,0.4131905298759865,0.0,466000000.0,0.0,0.0,558000000.0,1599000000.0,74000000.0,92000000.0,267000000.0,0.15050732807215333,175000000,0.09864712514092447,36000000.0,137000000.0,0.07722660653889515,36000000.0,101000000.0,0.05693348365276212,0.17,0.17,500000000,500000000,https://www.bundesanzeiger.de/pub/de/suche;wwwsid=627BFD7A56A5CB624C47FDDEAB2FC509.web07-pub?0,https://www.bundesanzeiger.de/pub/de/suche;wwwsid=627BFD7A56A5CB624C47FDDEAB2FC509.web07-pub?0,1620589747,15:49:07,20210509
129,1988-12-31,BTL.DE,USD,1988-12-31,1988-12-31,Q4,1825000000,0.0,0.0,0.0,0.0,0.0,0.0,0.0,0.0,0.0,0.0,0.0,-4291000000.0,-2.351232876712329,-4291000000,-2.351232876712329,0.0,0.0,0.0,0.0,0.0,0.0,0.0,0.0,511000000,511000000,https://www.bundesanzeiger.de/pub/de/suche;wwwsid=627BFD7A56A5CB624C47FDDEAB2FC509.web07-pub?0,https://www.bundesanzeiger.de/pub/de/suche;wwwsid=627BFD7A56A5CB624C47FDDEAB2FC509.web07-pub?0,1620589747,15:49:07,20210509
130,1988-09-30,BTL.DE,USD,1988-09-30,1988-09-30,Q3,1708000000,0.0,0.0,0.0,0.0,0.0,0.0,0.0,0.0,0.0,0.0,0.0,1708000000.0,1.0,1708000000,1.0,0.0,0.0,0.0,0.0,0.0,0.0,0.14,0.14,489128000,489128000,https://www.bundesanzeiger.de/pub/de/suche;wwwsid=627BFD7A56A5CB624C47FDDEAB2FC509.web07-pub?0,https://www.bundesanzeiger.de/pub/de/suche;wwwsid=627BFD7A56A5CB624C47FDDEAB2FC509.web07-pub?0,1620589747,15:49:07,20210509
131,1988-06-30,BTL.DE,USD,1988-06-30,1988-06-30,Q2,1693000000,0.0,0.0,0.0,0.0,0.0,0.0,0.0,0.0,0.0,0.0,0.0,1693000000.0,1.0,1693000000,1.0,0.0,0.0,0.0,0.0,0.0,0.0,0.155,0.155,483322000,483322000,https://www.bundesanzeiger.de/pub/de/suche;wwwsid=627BFD7A56A5CB624C47FDDEAB2FC509.web07-pub?0,https://www.bundesanzeiger.de/pub/de/suche;wwwsid=627BFD7A56A5CB624C47FDDEAB2FC509.web07-pub?0,1620589747,15:49:07,20210509
132,1988-03-31,BTL.DE,USD,1988-03-31,1988-03-31,Q1,1635000000,0.0,0.0,0.0,0.0,0.0,0.0,0.0,0.0,0.0,0.0,0.0,1635000000.0,1.0,1635000000,1.0,0.0,0.0,0.0,0.0,0.0,0.0,0.155,0.155,480704000,480704000,https://www.bundesanzeiger.de/pub/de/suche;wwwsid=627BFD7A56A5CB624C47FDDEAB2FC509.web07-pub?0,https://www.bundesanzeiger.de/pub/de/suche;wwwsid=627BFD7A56A5CB624C47FDDEAB2FC509.web07-pub?0,1620589747,15:49:07,20210509
133,1987-12-31,BTL.DE,USD,1987-12-31,1987-12-31,Q4,1647000000,0.0,0.0,0.0,0.0,0.0,0.0,0.0,0.0,0.0,0.0,0.0,-3884000000.0,-2.358227079538555,-3884000000,-2.358227079538555,0.0,0.0,0.0,0.0,0.0,0.0,0.0,0.0,511000000,511000000,https://www.bundesanzeiger.de/pub/de/suche;wwwsid=627BFD7A56A5CB624C47FDDEAB2FC509.web07-pub?0,https://www.bundesanzeiger.de/pub/de/suche;wwwsid=627BFD7A56A5CB624C47FDDEAB2FC509.web07-pub?0,1620589747,15:49:07,20210509
134,1987-09-30,BTL.DE,USD,1987-09-30,1987-09-30,Q3,1585000000,0.0,0.0,0.0,0.0,0.0,0.0,0.0,0.0,0.0,0.0,0.0,1585000000.0,1.0,1585000000,1.0,0.0,0.0,0.0,0.0,0.0,0.0,0.155,0.155,436038000,436038000,https://www.bundesanzeiger.de/pub/de/suche;wwwsid=627BFD7A56A5CB624C47FDDEAB2FC509.web07-pub?0,https://www.bundesanzeiger.de/pub/de/suche;wwwsid=627BFD7A56A5CB624C47FDDEAB2FC509.web07-pub?0,1620589747,15:49:07,20210509
135,1987-06-30,BTL.DE,USD,1987-06-30,1987-06-30,Q2,1534000000,0.0,0.0,0.0,0.0,0.0,0.0,0.0,0.0,0.0,0.0,0.0,1534000000.0,1.0,1534000000,1.0,0.0,0.0,0.0,0.0,0.0,0.0,0.13,0.13,432680000,432680000,https://www.bundesanzeiger.de/pub/de/suche;wwwsid=627BFD7A56A5CB624C47FDDEAB2FC509.web07-pub?0,https://www.bundesanzeiger.de/pub/de/suche;wwwsid=627BFD7A56A5CB624C47FDDEAB2FC509.web07-pub?0,1620589747,15:49:07,20210509
136,1987-03-31,BTL.DE,USD,1987-03-31,1987-03-31,Q1,1457000000,0.0,0.0,0.0,0.0,0.0,0.0,0.0,0.0,0.0,0.0,0.0,1457000000.0,1.0,1457000000,1.0,0.0,0.0,0.0,0.0,0.0,0.0,0.11,0.105,430606000,430606000,https://www.bundesanzeiger.de/pub/de/suche;wwwsid=627BFD7A56A5CB624C47FDDEAB2FC509.web07-pub?0,https://www.bundesanzeiger.de/pub/de/suche;wwwsid=627BFD7A56A5CB624C47FDDEAB2FC509.web07-pub?0,1620589747,15:49:07,20210509
137,1986-12-31,BTL.DE,USD,1986-12-31,1986-12-31,Q4,1435000000,0.0,0.0,0.0,0.0,0.0,0.0,0.0,0.0,0.0,0.0,0.0,-3625000000.0,-2.5261324041811846,-3625000000,-2.5261324041811846,0.0,0.0,0.0,0.0,0.0,0.0,0.0,0.0,511000000,511000000,https://www.bundesanzeiger.de/pub/de/suche;wwwsid=627BFD7A56A5CB624C47FDDEAB2FC509.web07-pub?0,https://www.bundesanzeiger.de/pub/de/suche;wwwsid=627BFD7A56A5CB624C47FDDEAB2FC509.web07-pub?0,1620589747,15:49:07,20210509
138,1986-09-30,BTL.DE,USD,1986-09-30,1986-09-30,Q3,1382000000,0.0,0.0,0.0,0.0,0.0,0.0,0.0,0.0,0.0,0.0,0.0,1382000000.0,1.0,1382000000,1.0,0.0,0.0,0.0,0.0,0.0,0.0,0.11,0.11,430606000,430606000,https://www.bundesanzeiger.de/pub/de/suche;wwwsid=627BFD7A56A5CB624C47FDDEAB2FC509.web07-pub?0,https://www.bundesanzeiger.de/pub/de/suche;wwwsid=627BFD7A56A5CB624C47FDDEAB2FC509.web07-pub?0,1620589747,15:49:07,20210509
139,1986-06-30,BTL.DE,USD,1986-06-30,1986-06-30,Q2,1422000000,0.0,0.0,0.0,0.0,0.0,0.0,0.0,0.0,0.0,0.0,0.0,1422000000.0,1.0,1422000000,1.0,0.0,0.0,0.0,0.0,0.0,0.0,0.14,0.135,422516000,422516000,https://www.bundesanzeiger.de/pub/de/suche;wwwsid=627BFD7A56A5CB624C47FDDEAB2FC509.web07-pub?0,https://www.bundesanzeiger.de/pub/de/suche;wwwsid=627BFD7A56A5CB624C47FDDEAB2FC509.web07-pub?0,1620589747,15:49:07,20210509
140,1986-03-31,BTL.DE,USD,1986-03-31,1986-03-31,Q1,1367000000,0.0,0.0,0.0,0.0,0.0,0.0,0.0,0.0,0.0,0.0,0.0,1367000000.0,1.0,1367000000,1.0,0.0,0.0,0.0,0.0,0.0,0.0,0.075,0.075,415078000,415078000,https://www.bundesanzeiger.de/pub/de/suche;wwwsid=627BFD7A56A5CB624C47FDDEAB2FC509.web07-pub?0,https://www.bundesanzeiger.de/pub/de/suche;wwwsid=627BFD7A56A5CB624C47FDDEAB2FC509.web07-pub?0,1620589747,15:49:07,20210509
141,1985-12-31,BTL.DE,USD,1985-12-31,1985-12-31,Q4,838700000,0.0,0.0,0.0,0.0,0.0,0.0,0.0,0.0,0.0,0.0,0.0,-1251300000.0,-1.4919518302134256,-1251300000,-1.4919518302134256,0.0,0.0,0.0,0.0,0.0,0.0,0.0,0.0,511000000,511000000,https://www.bundesanzeiger.de/pub/de/suche;wwwsid=627BFD7A56A5CB624C47FDDEAB2FC509.web07-pub?0,https://www.bundesanzeiger.de/pub/de/suche;wwwsid=627BFD7A56A5CB624C47FDDEAB2FC509.web07-pub?0,1620589747,15:49:07,20210509
142,1985-09-30,BTL.DE,USD,1985-09-30,1985-09-30,Q3,519100000,0.0,0.0,0.0,0.0,0.0,0.0,0.0,0.0,0.0,0.0,0.0,519100000.0,1.0,519100000,1.0,0.0,0.0,0.0,0.0,0.0,0.0,0.16,0.155,282078000,282078000,https://www.bundesanzeiger.de/pub/de/suche;wwwsid=627BFD7A56A5CB624C47FDDEAB2FC509.web07-pub?0,https://www.bundesanzeiger.de/pub/de/suche;wwwsid=627BFD7A56A5CB624C47FDDEAB2FC509.web07-pub?0,1620589747,15:49:07,20210509
