,date,symbol,reportedCurrency,fillingDate,acceptedDate,period,revenue,costOfRevenue,grossProfit,grossProfitRatio,researchAndDevelopmentExpenses,generalAndAdministrativeExpenses,sellingAndMarketingExpenses,otherExpenses,operatingExpenses,costAndExpenses,interestExpense,depreciationAndAmortization,ebitda,ebitdaratio,operatingIncome,operatingIncomeRatio,totalOtherIncomeExpensesNet,incomeBeforeTax,incomeBeforeTaxRatio,incomeTaxExpense,netIncome,netIncomeRatio,eps,epsdiluted,weightedAverageShsOut,weightedAverageShsOutDil,link,finalLink,timestamp,est_time,est_date
0,2020-09-30,ZENITHBIR.NS,INR,2020-09-30,2020-09-30,Q3,208700000,94100000,114600000,0.5491135601341639,0.0,0.0,0.0,5200000.0,159600000.0,253700000,6600000.0,6700000.0,-38300000.0,-0.18351701006229038,-45000000,-0.21562050790608528,0.0,-46500000.0,-0.22280785816962145,0.0,-57600000.0,-0.2759942501197892,-0.44,-0.44,130909091,130909091,https://www.nseindia.com/companies-listing/corporate-filings-annual-reports,https://www.nseindia.com/companies-listing/corporate-filings-annual-reports,1620600135,18:42:15,20210509
1,2020-06-30,ZENITHBIR.NS,INR,2020-06-30,2020-06-30,Q2,143900000,131300000,12600000,0.08756080611535788,0.0,0.0,0.0,1600000.0,59400000.0,190700000,8700000.0,14600000.0,-32200000.0,-0.2237665045170257,-46800000,-0.325225851285615,0.0,-53900000.0,-0.3745656706045865,0.0,-53900000.0,-0.3745656706045865,-0.41,-0.41,131463415,131463415,https://www.nseindia.com/companies-listing/corporate-filings-annual-reports,https://www.nseindia.com/companies-listing/corporate-filings-annual-reports,1620600135,18:42:15,20210509
2,2020-03-31,ZENITHBIR.NS,INR,2020-03-31,2020-03-31,Q1,178779000,260436000,-81657000,-0.4567482758042052,0.0,0.0,0.0,63528000.0,-4419000.0,256017000,322000.0,43581000.0,-33657000.0,-0.1882603661503868,-77238000,-0.43203060762170054,0.0,-214546000.0,-1.2000626471789193,0.0,-214546000.0,-1.2000626471789193,-1.6388930544174354,-1.6388930544174354,130909091,130909091,https://www.nseindia.com/companies-listing/corporate-filings-annual-reports,https://www.nseindia.com/companies-listing/corporate-filings-annual-reports,1620600135,18:42:15,20210509
3,2019-12-31,ZENITHBIR.NS,INR,2019-12-31,2019-12-31,Q4,289600000,172800000,116800000,0.40331491712707185,0.0,0.0,0.0,-1700000.0,94300000.0,267100000,11300000.0,15100000.0,37600000.0,0.1298342541436464,22500000,0.07769337016574586,0.0,9500000.0,0.03280386740331492,0.0,9500000.0,0.03280386740331492,0.07,0.07,135714286,135714286,https://www.nseindia.com/companies-listing/corporate-filings-annual-reports,https://www.nseindia.com/companies-listing/corporate-filings-annual-reports,1620600135,18:42:15,20210509
4,2019-09-30,ZENITHBIR.NS,INR,2019-09-30,2019-09-30,Q3,274300000,198000000,76300000,0.2781625956981407,0.0,0.0,0.0,3000000.0,105400000.0,303400000,13400000.0,15000000.0,-14100000.0,-0.05140357273058695,-29100000,-0.1060882245716369,0.0,-41400000.0,-0.15092963908129786,0.0,-41400000.0,-0.15092963908129786,-0.32,-0.32,129375000,129375000,https://www.nseindia.com/companies-listing/corporate-filings-annual-reports,https://www.nseindia.com/companies-listing/corporate-filings-annual-reports,1620600135,18:42:15,20210509
5,2019-06-30,ZENITHBIR.NS,INR,2019-06-30,2019-06-30,Q2,271100000,174200000,96900000,0.3574326816672814,0.0,0.0,0.0,900000.0,115500000.0,289700000,19300000.0,15100000.0,-3500000.0,-0.012910365178900774,-18600000,-0.06860936923644412,0.0,-37000000.0,-0.1364810033198082,0.0,-37000000.0,-0.1364810033198082,-0.28,-0.28,132142857,132142857,https://www.nseindia.com/companies-listing/corporate-filings-annual-reports,https://www.nseindia.com/companies-listing/corporate-filings-annual-reports,1620600135,18:42:15,20210509
6,2019-03-31,ZENITHBIR.NS,INR,2019-03-31,2019-03-31,Q1,408390000,470186000,-61796000,-0.1513161438820735,0.0,0.0,0.0,40466000.0,-383226000.0,86960000,16268000.0,15126000.0,336556000.0,0.8241044100002448,321430000,0.7870662846788609,0.0,-803986000.0,-1.9686721026469796,0.0,-803986000.0,-1.9686721026469796,-6.14155971795725,-6.14155971795725,130909091,130909091,https://www.nseindia.com/companies-listing/corporate-filings-annual-reports,https://www.nseindia.com/companies-listing/corporate-filings-annual-reports,1620600135,18:42:15,20210509
7,2018-12-31,ZENITHBIR.NS,INR,2018-12-31,2018-12-31,Q4,457100000,345200000,111900000,0.24480420039378692,0.0,0.0,0.0,-18000000.0,132900000.0,478100000,20800000.0,15000000.0,-6000000.0,-0.01312623058411726,-21000000,-0.045941807044410414,0.0,-123200000.0,-0.26952526799387444,0.0,-123200000.0,-0.26952526799387444,-0.94,-0.94,131063830,131063830,https://www.nseindia.com/companies-listing/corporate-filings-annual-reports,https://www.nseindia.com/companies-listing/corporate-filings-annual-reports,1620600135,18:42:15,20210509
8,2018-09-30,ZENITHBIR.NS,INR,2018-09-30,2018-09-30,Q3,552900000,302700000,250200000,0.4525230602278893,0.0,0.0,0.0,-4900000.0,432000000.0,734700000,18100000.0,15000000.0,-166800000.0,-0.30168204015192623,-181800000,-0.3288117200217037,0.0,-206400000.0,-0.3733043950081389,0.0,-206400000.0,-0.3733043950081389,-1.57,-1.57,131464968,131464968,https://www.nseindia.com/companies-listing/corporate-filings-annual-reports,https://www.nseindia.com/companies-listing/corporate-filings-annual-reports,1620600135,18:42:15,20210509
9,2018-06-30,ZENITHBIR.NS,INR,2018-06-30,2018-06-30,Q2,417900000,338400000,79500000,0.19023689877961233,0.0,0.0,0.0,22100000.0,151500000.0,489900000,17300000.0,15000000.0,-57000000.0,-0.1363962670495334,-72000000,-0.1722900215362527,0.0,-68100000.0,-0.16295764536970567,0.0,-68100000.0,-0.16295764536970567,-0.52,-0.52,130961538,130961538,https://www.nseindia.com/companies-listing/corporate-filings-annual-reports,https://www.nseindia.com/companies-listing/corporate-filings-annual-reports,1620600135,18:42:15,20210509
10,2013-03-31,ZENITHBIR.NS,INR,2013-03-31,2013-03-31,Q1,439286000,261312000,177974000,0.4051438015324868,0.0,0.0,0.0,0.0,380546000.0,641858000,0.0,13196000.0,-189376000.0,-0.43109955700841823,-202572000,-0.461139212267179,0.0,-201849000.0,-0.45949335967911564,0.0,-202205000.0,-0.4603037656560874,-1.544621526705124,-1.544621526705124,130909091,130909091,https://www.nseindia.com/companies-listing/corporate-filings-annual-reports,https://www.nseindia.com/companies-listing/corporate-filings-annual-reports,1620600135,18:42:15,20210509
11,2012-12-31,ZENITHBIR.NS,INR,2012-12-31,2012-12-31,Q4,674800000,708800000,-34000000,-0.05038529934795495,0.0,0.0,0.0,0.0,13900000.0,722700000,58200000.0,16200000.0,-31700000.0,-0.0469768820391227,-47900000,-0.07098399525785418,0.0,-106100000.0,-0.1572317723770006,0.0,-106100000.0,-0.1572317723770006,-0.81,-0.81,131280448,131280448,https://www.nseindia.com/companies-listing/corporate-filings-annual-reports,https://www.nseindia.com/companies-listing/corporate-filings-annual-reports,1620600135,18:42:15,20210509
12,2012-09-30,ZENITHBIR.NS,INR,2012-09-30,2012-09-30,Q3,809100000,745600000,63500000,0.07848226424422197,0.0,147900000.0,0.0,0.0,190900000.0,936500000,48200000.0,13500000.0,-113900000.0,-0.14077369917191943,-127400000,-0.15745890495612408,0.0,-175600000.0,-0.21703126931158076,0.0,-175600000.0,-0.21703126931158076,-1.34,-1.34,131280448,131280448,https://www.nseindia.com/companies-listing/corporate-filings-annual-reports,https://www.nseindia.com/companies-listing/corporate-filings-annual-reports,1620600135,18:42:15,20210509
13,2012-06-30,ZENITHBIR.NS,INR,2012-06-30,2012-06-30,Q2,811600000,745100000,66500000,0.08193691473632331,0.0,78700000.0,0.0,0.0,34100000.0,779200000,60700000.0,12000000.0,44400000.0,0.05470675209462789,32400000,0.03992114342040414,0.0,-28300000.0,-0.034869393790044355,0.0,-28300000.0,-0.034869393790044355,-0.22,-0.22,131280448,131280448,https://www.nseindia.com/companies-listing/corporate-filings-annual-reports,https://www.nseindia.com/companies-listing/corporate-filings-annual-reports,1620600135,18:42:15,20210509
