,date,symbol,reportedCurrency,fillingDate,acceptedDate,period,revenue,costOfRevenue,grossProfit,grossProfitRatio,researchAndDevelopmentExpenses,generalAndAdministrativeExpenses,sellingAndMarketingExpenses,otherExpenses,operatingExpenses,costAndExpenses,interestExpense,depreciationAndAmortization,ebitda,ebitdaratio,operatingIncome,operatingIncomeRatio,totalOtherIncomeExpensesNet,incomeBeforeTax,incomeBeforeTaxRatio,incomeTaxExpense,netIncome,netIncomeRatio,eps,epsdiluted,weightedAverageShsOut,weightedAverageShsOutDil,link,finalLink,timestamp,est_time,est_date
0,2020-12-31,SLNO,USD,2021-03-03,2021-03-03 16:05:52,Q4,0.0,0.0,0.0,0.0,5566000.0,2251000.0,0.0,0.0,7817000.0,7817000.0,0.0,488000.0,-7329000.0,0.0,-7817000.0,0.0,4965000.0,-2852000.0,0.0,0.0,-2852000.0,0.0,-0.035836684938768654,-0.035836684938768654,79583254.0,79583254.0,https://www.sec.gov/Archives/edgar/data/1484565/000156459021010569/0001564590-21-010569-index.htm,https://www.sec.gov/Archives/edgar/data/1484565/000156459021010569/slno-10k_20201231.htm,1620598018,18:06:58,20210509
1,2020-09-30,SLNO,USD,2020-11-10,2020-11-10 16:05:38,Q3,0.0,0.0,0.0,0.0,4827000.0,2256000.0,0.0,774.0,7083000.0,7083000.0,0.0,489000.0,-6594000.0,0.0,-7083000.0,0.0,-1463000.0,-8545000.0,0.0,0.0,-8545000.0,0.0,-0.11,-0.11,79583254.0,79583254.0,https://www.sec.gov/Archives/edgar/data/1484565/000156459020052951/0001564590-20-052951-index.htm,https://www.sec.gov/Archives/edgar/data/1484565/000156459020052951/slno-10q_20200930.htm,1620598018,18:06:58,20210509
2,2020-06-30,SLNO,USD,2020-08-10,2020-08-10 16:07:52,Q2,0.0,0.0,0.0,0.0,6103000.0,2248000.0,0.0,0.0,8351000.0,8351000.0,0.0,488000.0,-7863000.0,0.0,-8351000.0,0.0,966000.0,-7384000.0,0.0,0.0,-7384000.0,0.0,-0.16,-0.16,46236209.0,46236209.0,https://www.sec.gov/Archives/edgar/data/1484565/000156459020038914/0001564590-20-038914-index.htm,https://www.sec.gov/Archives/edgar/data/1484565/000156459020038914/slno-10q_20200630.htm,1620598018,18:06:58,20210509
3,2020-03-31,SLNO,USD,2020-05-12 00:00:00,2020-05-12 16:06:57,Q1,0.0,0.0,0.0,0.0,6695000.0,2003000.0,0.0,0.0,8698000.0,8698000.0,0.0,489000.0,-8209000.0,0.0,-8698000.0,0.0,2829000.0,-5858000.0,0.0,0.0,-5858000.0,0.0,-0.13,-0.13,44679858.0,44679858.0,https://www.sec.gov/Archives/edgar/data/1484565/000156459020024654/0001564590-20-024654-index.htm,https://www.sec.gov/Archives/edgar/data/1484565/000156459020024654/slno-10q_20200331.htm,1620598018,18:06:58,20210509
4,2019-12-31,SLNO,USD,2020-03-04,2020-03-04 16:48:45,Q4,0.0,0.0,0.0,0.0,5272000.0,1608000.0,0.0,0.0,6880000.0,6880000.0,0.0,490000.0,-6390000.0,0.0,-6880000.0,0.0,-7766000.0,-14625000.0,0.0,0.0,-14625000.0,0.0,-0.36,-0.36,41165960.0,41165960.0,https://www.sec.gov/Archives/edgar/data/1484565/000156459020008705/0001564590-20-008705-index.htm,https://www.sec.gov/Archives/edgar/data/1484565/000156459020008705/slno-10k_20191231.htm,1620598018,18:06:58,20210509
5,2019-09-30,SLNO,USD,2019-11-13,2019-11-13 08:31:27,Q3,0.0,0.0,0.0,0.0,4490000.0,1615000.0,0.0,0.0,6105000.0,6105000.0,0.0,490000.0,-5615000.0,0.0,-6105000.0,0.0,6965000.0,889000.0,0.0,0.0,889000.0,0.0,0.03,-0.19,31793292.0,32443647.0,https://www.sec.gov/Archives/edgar/data/1484565/000156459019043106/0001564590-19-043106-index.htm,https://www.sec.gov/Archives/edgar/data/1484565/000156459019043106/slno-10q_20190930.htm,1620598018,18:06:58,20210509
6,2019-06-30,SLNO,USD,2019-08-07,2019-08-07 16:16:07,Q2,0.0,0.0,0.0,0.0,3745000.0,1695000.0,0.0,0.0,5440000.0,5440000.0,0.0,489000.0,-4951000.0,0.0,-5440000.0,0.0,-4615000.0,-10008000.0,0.0,0.0,-10008000.0,0.0,-0.31,-0.31,31776951.0,31776951.0,https://www.sec.gov/Archives/edgar/data/1484565/000156459019030078/0001564590-19-030078-index.htm,https://www.sec.gov/Archives/edgar/data/1484565/000156459019030078/slno-10q_20190630.htm,1620598018,18:06:58,20210509
7,2019-03-31,SLNO,USD,2019-05-13,2019-05-13 09:02:07,Q1,0.0,0.0,0.0,0.0,2760000.0,2012000.0,0.0,0.0,4772000.0,4772000.0,0.0,489000.0,-4283000.0,0.0,-4772000.0,0.0,-2315000.0,-7030000.0,0.0,0.0,-7030000.0,0.0,-0.22,-0.22,31756120.0,31756120.0,https://www.sec.gov/Archives/edgar/data/1484565/000156459019018686/0001564590-19-018686-index.htm,https://www.sec.gov/Archives/edgar/data/1484565/000156459019008508/slno-10k_20181231.htm,1620598018,18:06:58,20210509
8,2018-12-31,SLNO,USD,2019-03-20,2019-03-19 19:36:45,Q4,0.0,0.0,0.0,0.0,2192000.0,1365000.0,0.0,0.0,3557000.0,3557000.0,-13000.0,490000.0,-3067000.0,0.0,-3557000.0,0.0,4087000.0,393000.0,0.0,0.0,263000.0,0.0,0.01,0.01,22555421.0,22555421.0,https://www.sec.gov/Archives/edgar/data/1484565/000156459019008508/0001564590-19-008508-index.htm,https://www.sec.gov/Archives/edgar/data/1484565/000156459019008508/slno-10k_20181231.htm,1620598018,18:06:58,20210509
9,2018-09-30,SLNO,USD,2018-11-14,2018-11-14 16:47:42,Q3,0.0,0.0,0.0,0.0,2092000.0,1558000.0,0.0,-228000.0,3650000.0,3650000.0,26000.0,490000.0,-3160000.0,0.0,-3650000.0,0.0,1315000.0,-2309000.0,0.0,0.0,-2736000.0,0.0,-0.13,-0.13,21432482.0,21432482.0,https://www.sec.gov/Archives/edgar/data/1484565/000119312518326787/0001193125-18-326787-index.htm,https://www.sec.gov/Archives/edgar/data/1484565/000119312518326787/d618344d10q.htm,1620598018,18:06:58,20210509
10,2018-06-30,SLNO,USD,2018-08-14,2018-08-14 16:26:13,Q2,0.0,0.0,0.0,0.0,1714000.0,1766000.0,0.0,3000.0,3480000.0,3480000.0,30000.0,491000.0,-2989000.0,0.0,-3480000.0,0.0,-3764000.0,-7214000.0,0.0,0.0,-7637000.0,0.0,-0.38,-0.38,20345437.0,20345437.0,https://www.sec.gov/Archives/edgar/data/1484565/000119312518248502/0001193125-18-248502-index.htm,https://www.sec.gov/Archives/edgar/data/1484565/000119312518248502/d547113d10q.htm,1620598018,18:06:58,20210509
11,2018-03-31,SLNO,USD,2018-05-15,2018-04-02 08:32:19,Q1,0.0,0.0,0.0,0.0,1180000.0,1867000.0,0.0,3000.0,3047000.0,3047000.0,19000.0,492000.0,-2555000.0,0.0,-3047000.0,0.0,-213000.0,-3241000.0,0.0,0.0,-3755000.0,0.0,-0.19,-0.19,19530311.0,19530311.0,https://www.sec.gov/Archives/edgar/data/1484565/000119312518164124/0001193125-18-164124-index.htm,https://www.sec.gov/Archives/edgar/data/1484565/000119312518104048/d450619d10k.htm,1620598018,18:06:58,20210509
12,2017-12-31,SLNO,USD,2018-04-02,2018-04-02 08:32:19,Q4,0.0,0.0,0.0,0.0,1022742.0,1684650.0,-269.0,13053.0,2707123.0,2707123.0,0.0,582271.0,-2124852.0,0.0,-2707123.0,0.0,-3417194.0,-6131317.0,0.0,0.0,-5025425.0,0.0,-0.2573141308400056,-0.2573141308400056,19530311.0,19530311.0,https://www.sec.gov/Archives/edgar/data/1484565/000119312518104048/0001193125-18-104048-index.htm,https://www.sec.gov/Archives/edgar/data/1484565/000119312518104048/d450619d10k.htm,1620598018,18:06:58,20210509
13,2017-09-30,SLNO,USD,2017-11-14,2017-11-14 13:34:58,Q3,0.0,0.0,0.0,0.0,982000.0,1707000.0,0.0,4000.0,2689000.0,2689000.0,0.0,459000.0,-2230000.0,0.0,-2689000.0,0.0,134000.0,-2551000.0,0.0,0.0,-3786000.0,0.0,-0.35,-0.35,10766608.0,10766608.0,https://www.sec.gov/Archives/edgar/data/1484565/000162828017011537/0001628280-17-011537-index.htm,https://www.sec.gov/Archives/edgar/data/1484565/000162828017011537/slno-20170930x10q.htm,1620598018,18:06:58,20210509
14,2017-06-30,SLNO,USD,2017-08-11,2017-08-11 16:39:56,Q2,1000.0,42000.0,-41000.0,-41.0,974000.0,2195000.0,0.0,0.0,3169000.0,3211000.0,0.0,419000.0,-2791000.0,-2791.0,-3210000.0,-3210.0,-32000.0,-3239000.0,-3239.0,0.0,-3966000.0,-3966.0,-0.35,-0.35,10612173.0,10612173.0,https://www.sec.gov/Archives/edgar/data/1484565/000162828017008596/0001628280-17-008596-index.htm,https://www.sec.gov/Archives/edgar/data/1484565/000162828017008596/slno-20170630x10q.htm,1620598018,18:06:58,20210509
15,2017-03-31,SLNO,USD,2017-05-11,2017-05-11 16:50:52,Q1,265000.0,209000.0,56000.0,0.21132075471698114,994000.0,1158000.0,114000.0,-609000.0,2266000.0,2475000.0,0.0,151000.0,-2059000.0,-7.769811320754717,-2210000.0,-8.339622641509434,-678000.0,-2887000.0,-10.894339622641509,0.0,-2887000.0,-10.894339622641509,-0.55,-0.55,5370686.0,5370686.0,https://www.sec.gov/Archives/edgar/data/1484565/000162828017005423/0001628280-17-005423-index.htm,https://www.sec.gov/Archives/edgar/data/1484565/000162828017002603/capn-20161231x10k.htm,1620598018,18:06:58,20210509
16,2016-12-31,SLNO,USD,2017-03-15,2017-03-15 16:19:32,Q4,283788.0,222306.0,61482.0,0.2166476383779441,953803.0,1890203.0,173591.0,20484.0,3017597.0,3239903.0,0.0,37640.0,-2918475.0,-10.28399720918432,-2956115.0,-10.416631429094958,364601.0,-2591514.0,-9.131866040847394,0.0,-2613214.0,-9.208331571454748,-0.48656987207965613,-0.48656987207965613,5370686.0,5370686.0,https://www.sec.gov/Archives/edgar/data/1484565/000162828017002603/0001628280-17-002603-index.htm,https://www.sec.gov/Archives/edgar/data/1484565/000162828017002603/capn-20161231x10k.htm,1620598018,18:06:58,20210509
17,2016-09-30,SLNO,USD,2016-11-14,2016-11-14 17:37:21,Q3,329000.0,399000.0,-70000.0,-0.2127659574468085,1131000.0,1398000.0,342000.0,-9000.0,2871000.0,3270000.0,0.0,39000.0,-2902000.0,-8.820668693009118,-2941000.0,-8.939209726443769,191000.0,-2750000.0,-8.358662613981762,0.0,-2750000.0,-8.358662613981762,-2.05,-2.05,3152306.0,3152306.0,https://www.sec.gov/Archives/edgar/data/1484565/000162828016021318/0001628280-16-021318-index.htm,https://www.sec.gov/Archives/edgar/data/1484565/000162828016021318/capn-20160930x10q.htm,1620598018,18:06:58,20210509
18,2016-06-30,SLNO,USD,2016-08-12,2016-08-12 17:06:41,Q2,391000.0,428000.0,-37000.0,-0.09462915601023018,1327000.0,1509000.0,577000.0,-16000.0,3413000.0,3841000.0,0.0,35000.0,-3415000.0,-8.734015345268542,-3450000.0,-8.823529411764707,-63000.0,-3513000.0,-8.9846547314578,0.0,-3513000.0,-8.9846547314578,-1.15,-1.15,3105784.0,3105784.0,https://www.sec.gov/Archives/edgar/data/1484565/000162828016018997/0001628280-16-018997-index.htm,https://www.sec.gov/Archives/edgar/data/1484565/000162828016018997/capn-20160630x10q.htm,1620598018,18:06:58,20210509
19,2016-03-31,SLNO,USD,2016-05-12,2016-05-12 17:29:45,Q1,447000.0,461000.0,-14000.0,-0.03131991051454139,1772000.0,1939000.0,538000.0,-96000.0,4249000.0,4710000.0,0.0,20000.0,-4243000.0,-9.492170022371365,-4263000.0,-9.536912751677852,1074000.0,-3189000.0,-7.134228187919463,0.0,-3189000.0,-7.134228187919463,-1.1,-1.1,2959223.0,2959223.0,https://www.sec.gov/Archives/edgar/data/1484565/000162828016016286/0001628280-16-016286-index.htm,https://www.sec.gov/Archives/edgar/data/1484565/000162828016013113/capn-20151231x10k.htm,1620598018,18:06:58,20210509
20,2015-12-31,SLNO,USD,2016-03-25,2016-03-25 16:33:05,Q4,241555.0,256683.0,-15128.0,-0.06262755894102792,1284244.0,1708821.0,498470.0,-565.0,3491618.0,3748301.0,0.0,49228.0,-3457518.0,-14.313584897849351,-3506746.0,-14.51738113473122,661200.0,-2844546.0,-11.77597648568649,0.0,-2844546.0,-11.77597648568649,-0.9612475977646835,-0.9612475977646835,2959223.0,2959223.0,https://www.sec.gov/Archives/edgar/data/1484565/000162828016013113/0001628280-16-013113-index.htm,https://www.sec.gov/Archives/edgar/data/1484565/000162828016013113/capn-20151231x10k.htm,1620598018,18:06:58,20210509
21,2015-09-30,SLNO,USD,2015-11-12,2015-11-12 16:18:43,Q3,92000.0,56000.0,36000.0,0.391304347826087,1193000.0,1714000.0,467000.0,-183000.0,3219000.0,3275000.0,0.0,28000.0,-3155000.0,-34.29347826086956,-3183000.0,-34.59782608695652,-110000.0,-3293000.0,-35.79347826086956,0.0,-3293000.0,-35.79347826086956,-1.65,-1.65,2008015.0,2008015.0,https://www.sec.gov/Archives/edgar/data/1484565/000119312515375687/0001193125-15-375687-index.htm,https://www.sec.gov/Archives/edgar/data/1484565/000119312515375687/d92040d10q.htm,1620598018,18:06:58,20210509
22,2015-06-30,SLNO,USD,2015-08-10,2015-08-10 17:04:26,Q2,32000.0,22000.0,10000.0,0.3125,1181000.0,1432000.0,506000.0,0.0,3054000.0,3076000.0,0.0,16000.0,-3028000.0,-94.625,-3044000.0,-95.125,4925000.0,1881000.0,58.78125,0.0,1881000.0,58.78125,1.2510325507895272,1.2325309541532559,1503558.0,1526128.0,https://www.sec.gov/Archives/edgar/data/1484565/000119312515285057/0001193125-15-285057-index.htm,https://www.sec.gov/Archives/edgar/data/1484565/000119312515285057/d73314d10q.htm,1620598018,18:06:58,20210509
23,2015-03-31,SLNO,USD,2015-05-04,2015-05-04 16:36:35,Q1,22000.0,18000.0,4000.0,0.18181818181818182,878000.0,1292000.0,260000.0,0.0,2430000.0,2448000.0,1000.0,15000.0,-2411000.0,-109.5909090909091,-2426000.0,-110.27272727272727,-9224000.0,-11651000.0,-529.5909090909091,0.0,-11651000.0,-529.5909090909091,-8.35,-8.35,1393096.0,1393096.0,https://www.sec.gov/Archives/edgar/data/1484565/000119312515169136/0001193125-15-169136-index.htm,https://www.sec.gov/Archives/edgar/data/1484565/000119312515091006/d855064d10k.htm,1620598018,18:06:58,20210509
24,2014-12-31,SLNO,USD,2015-03-13,2015-03-13 15:17:05,Q4,0.0,0.0,0.0,0.0,609216.0,1080154.0,156359.0,-3690475.0,1845729.0,1845729.0,2319394.0,8516.0,-1837213.0,0.0,-1845729.0,0.0,-3690475.0,-7855513.0,0.0,0.0,-7855513.0,0.0,-5.638888490096877,-5.638888490096877,1393096.0,1393096.0,https://www.sec.gov/Archives/edgar/data/1484565/000119312515091006/0001193125-15-091006-index.htm,https://www.sec.gov/Archives/edgar/data/1484565/000119312515091006/d855064d10k.htm,1620598018,18:06:58,20210509
25,2014-09-30,SLNO,USD,2014-09-30,2014-09-30,Q3,0.0,0.0,0.0,0.0,717000.0,522000.0,84000.0,-318000.0,1323000.0,1323000.0,752000.0,6438.0,-1634562.0,0.0,-1323000.0,0.0,-318000.0,-2393000.0,0.0,0.0,-2393000.0,0.0,-1.848542,-1.848542,1294534.0,1294534.0,,,1620598018,18:06:58,20210509
26,2014-06-30,SLNO,USD,2014-06-30,2014-06-30,Q2,0.0,0.0,0.0,0.0,549000.0,746000.0,12000.0,0.0,1307000.0,1307000.0,671068.0,6801.0,-484199.0,0.0,-1307000.0,0.0,-816000.0,-2793000.0,0.0,0.0,-2793000.0,0.0,-9.967098,-9.967098,280222.0,280222.0,,,1620598018,18:06:58,20210509
27,2014-03-31,SLNO,USD,2014-03-31,2014-03-31,Q1,0.0,0.0,0.0,0.0,372054.0,312434.0,0.0,237898.0,684488.0,684488.0,387550.0,6761.0,-439554.0,0.0,-684488.0,0.0,237898.0,-833865.0,0.0,0.0,-833865.0,0.0,-2.97573,-2.97573,280222.0,280222.0,,,1620598018,18:06:58,20210509
28,2013-12-31,SLNO,USD,2013-12-31,2013-12-31,Q4,0.0,0.0,0.0,0.0,359832.0,199951.0,0.0,-104965.0,559783.0,559783.0,310267.0,10114.0,-653862.0,0.0,-559783.0,0.0,-104965.0,-974243.0,0.0,0.0,-974243.0,0.0,-3.4766827729443084,-3.4766827729443084,280222.0,280222.0,,,1620598018,18:06:58,20210509
29,2013-09-30,SLNO,USD,2013-09-30,2013-09-30,Q3,0.0,0.0,0.0,0.0,745000.0,248000.0,0.0,-26000.0,993000.0,993000.0,571000.0,11728.0,-1007272.0,0.0,-993000.0,0.0,-26000.0,-1590000.0,0.0,0.0,-1590000.0,0.0,-5.674073,-5.674073,280222.0,280222.0,,,1620598018,18:06:58,20210509
30,2013-06-30,SLNO,USD,2013-06-30,2013-06-30,Q2,0.0,0.0,0.0,0.0,571935.0,604112.0,0.0,-26330.0,1176047.0,1176047.0,955175.0,9478.0,-1192395.0,0.0,-1176047.0,0.0,-26330.0,-2157048.0,0.0,0.0,-2157048.0,0.0,-7.697639728500974,-7.697639728500974,280222.0,280222.0,,,1620598018,18:06:58,20210509
31,2013-03-31,SLNO,USD,2013-03-31,2013-03-31,Q1,3000000.0,0.0,3000000.0,1.0,702920.0,415857.0,0.0,77025.0,1118777.0,1118777.0,944717.0,10794.0,1892017.0,0.6306723333333333,1881223.0,0.6270743333333333,77025.0,1014010.0,0.3380033333333333,0.0,1014010.0,0.3380033333333333,3.618595,3.618595,280222.0,280222.0,,,1620598018,18:06:58,20210509
