,date,symbol,reportedCurrency,fillingDate,acceptedDate,period,revenue,costOfRevenue,grossProfit,grossProfitRatio,researchAndDevelopmentExpenses,generalAndAdministrativeExpenses,sellingAndMarketingExpenses,otherExpenses,operatingExpenses,costAndExpenses,interestExpense,depreciationAndAmortization,ebitda,ebitdaratio,operatingIncome,operatingIncomeRatio,totalOtherIncomeExpensesNet,incomeBeforeTax,incomeBeforeTaxRatio,incomeTaxExpense,netIncome,netIncomeRatio,eps,epsdiluted,weightedAverageShsOut,weightedAverageShsOutDil,link,finalLink,timestamp,est_time,est_date
0,2020-12-31,WTM,USD,2021-02-26,2021-02-26 09:20:48,Q4,48000000.0,40000.0,8000000.0,0.16666666666666666,0.0,120300000.0,0.0,0.0,5000000.0,45000.0,0.0,-2500000.0,-2500000.0,-0.052083333333333336,0.0,0.0,0.0,0.0,0.0,0.0,0.0,0.0,0.0,0.0,3107500.0,3107500.0,https://www.sec.gov/Archives/edgar/data/776867/000077686721000004/0000776867-21-000004-index.htm,https://www.sec.gov/Archives/edgar/data/776867/000077686721000004/wtm-20201231.htm,1620599967,18:39:27,20210509
1,2020-09-30,WTM,USD,2020-11-06,2020-11-06 09:08:44,Q3,347000000.0,2000000.0,345000000.0,0.9942363112391931,0.0,103300000.0,0.0,0.0,2000000.0,46000.0,0.0,4000000.0,4000000.0,0.011527377521613832,0.0,0.0,0.0,0.0,0.0,0.0,0.0,0.0,0.0,0.0,3107500.0,3107500.0,https://www.sec.gov/Archives/edgar/data/776867/000077686720000036/0000776867-20-000036-index.htm,https://www.sec.gov/Archives/edgar/data/776867/000077686720000036/wtm10-q9302020.htm,1620599967,18:39:27,20210509
2,2020-06-30,WTM,USD,2020-08-07,2020-08-07 09:24:59,Q2,87100000.0,4000000.0,83100000.0,0.9540757749712974,0.0,89100000.0,0.0,110400000.0,121200000.0,121200000.0,-5700000.0,8600000.0,147000000.0,1.6877152698048221,138400000.0,1.5889781859931114,0.0,132700000.0,1.5235361653272101,24100000.0,115400000.0,1.3249138920780712,37.13596,37.13596,3107500.0,3107500.0,https://www.sec.gov/Archives/edgar/data/776867/000077686720000031/0000776867-20-000031-index.htm,https://www.sec.gov/Archives/edgar/data/776867/000077686720000031/wtm10-q6302020.htm,1620599967,18:39:27,20210509
3,2020-03-31,WTM,USD,2020-05-08,2020-05-08 09:06:47,Q1,74600000.0,0.0,74600000.0,1.0,0.0,74300000.0,0.0,0.0,101400000.0,101400000.0,-5400000.0,5899999.999999999,-154700000.0,-2.0737265415549597,-160600000.0,-2.1528150134048256,0.0,-166000000.0,-2.225201072386059,-25500000.0,-128800000.0,-1.7265415549597856,-40.96432,-40.96432,3144200.0,3144200.0,https://www.sec.gov/Archives/edgar/data/776867/000077686720000016/0000776867-20-000016-index.htm,https://www.sec.gov/Archives/edgar/data/776867/000077686720000009/wtm10-k2019.htm,1620599967,18:39:27,20210509
4,2019-12-31,WTM,USD,2020-03-02,2020-03-02 09:10:25,Q4,65600000.0,40000000.0,25600000.0,0.3902439024390244,0.0,90900000.0,0.0,61200000.0,117400000.0,117400000.0,-1400000.0,9300000.0,67200000.0,1.024390243902439,57900000.0,0.8826219512195121,0.0,56500000.0,0.8612804878048781,10400000.0,60900000.0,0.9283536585365854,19.11968,19.11968,3185200.0,3185200.0,https://www.sec.gov/Archives/edgar/data/776867/000077686720000009/0000776867-20-000009-index.htm,https://www.sec.gov/Archives/edgar/data/776867/000077686720000009/wtm10-k2019.htm,1620599967,18:39:27,20210509
5,2019-09-30,WTM,USD,2019-11-06,2019-11-06 09:22:01,Q3,70100000.0,9000000.0,61100000.0,0.8716119828815977,0.0,78000000.0,0.0,0.0,101700000.0,101700000.0,-2700000.0,6900000.0,60700000.0,0.8659058487874465,53800000.0,0.7674750356633381,0.0,51100000.0,0.7289586305278174,8800000.0,48700000.0,0.6947218259629101,15.2885,15.2885,3185400.0,3185400.0,https://www.sec.gov/Archives/edgar/data/776867/000077686719000030/0000776867-19-000030-index.htm,https://www.sec.gov/Archives/edgar/data/776867/000077686719000030/wtm10-q93019.htm,1620599967,18:39:27,20210509
6,2019-06-30,WTM,USD,2019-08-06,2019-08-06 09:05:02,Q2,72800000.0,40000000.0,32800000.0,0.45054945054945056,0.0,77300000.0,0.0,0.0,102800000.0,102800000.0,-10400000.0,2799999.9999999995,29000000.0,0.3983516483516483,26200000.0,0.3598901098901099,0.0,15800000.0,0.21703296703296704,-100000.0,20500000.0,0.2815934065934066,6.43945,6.43945,3183500.0,3183500.0,https://www.sec.gov/Archives/edgar/data/776867/000077686719000024/0000776867-19-000024-index.htm,https://www.sec.gov/Archives/edgar/data/776867/000077686719000024/wtm10-q63019.htm,1620599967,18:39:27,20210509
7,2019-03-31,WTM,USD,2019-05-06,2019-05-06 09:33:53,Q1,104500000.0,41000000.0,63500000.0,0.6076555023923444,0.0,81400000.0,48000000.0,30000000.0,146700000.0,146700000.0,-5200000.0,7700000.000000001,294600000.0,2.819138755980861,286900000.0,2.7454545454545456,0.0,281700000.0,2.6956937799043064,10200000.0,284400000.0,2.721531100478469,89.65387,89.65387,3172200.0,3172200.0,https://www.sec.gov/Archives/edgar/data/776867/000077686719000015/0000776867-19-000015-index.htm,https://www.sec.gov/Archives/edgar/data/776867/000077686719000008/wtm10-k2018.htm,1620599967,18:39:27,20210509
8,2018-12-31,WTM,USD,2019-02-27,2019-02-27 09:00:49,Q4,123100000.0,67000000.0,56100000.0,0.45572705117790413,0.0,61100000.0,79000000.0,15000000.0,146600000.0,146600000.0,-3500000.0,5900000.0,-134700000.0,-1.0942323314378555,-140600000.0,-1.1421608448415923,0.0,-144100000.0,-1.1705930138099105,-3600000.0,-137500000.0,-1.1169780666125102,-43.23995,-43.23995,3179930.0,3179930.0,https://www.sec.gov/Archives/edgar/data/776867/000077686719000008/0000776867-19-000008-index.htm,https://www.sec.gov/Archives/edgar/data/776867/000077686719000008/wtm10-k2018.htm,1620599967,18:39:27,20210509
9,2018-09-30,WTM,USD,2018-11-05,2018-11-05 08:57:26,Q3,119200000.0,63000000.0,56200000.0,0.4714765100671141,0.0,68500000.0,75000000.0,24000000.0,151000000.0,151000000.0,-3400000.0,9199999.999999998,56900000.0,0.4773489932885906,47700000.0,0.4001677852348993,0.0,44300000.0,0.3716442953020134,-3600000.0,40800000.0,0.3422818791946309,12.75,12.75,3200000.0,3200000.0,https://www.sec.gov/Archives/edgar/data/776867/000077686718000023/0000776867-18-000023-index.htm,https://www.sec.gov/Archives/edgar/data/776867/000077686718000023/wtm10-q93018.htm,1620599967,18:39:27,20210509
10,2018-06-30,WTM,USD,2018-08-07,2018-08-07 09:15:18,Q2,100000000.0,61000000.0,39000000.0,0.39,0.0,61100000.0,72000000.0,33000000.0,132700000.0,132700000.0,-2000000.0,2700000.000000001,-7699999.999999999,-0.07699999999999999,-10400000.0,-0.104,0.0,-12400000.0,-0.124,2500000.0,3500000.0,0.035,1.02941,1.02941,3400000.0,3400000.0,https://www.sec.gov/Archives/edgar/data/776867/000077686718000018/0000776867-18-000018-index.htm,https://www.sec.gov/Archives/edgar/data/776867/000077686718000018/wtm10-q63018.htm,1620599967,18:39:27,20210509
11,2018-03-31,WTM,USD,2018-05-02,2018-05-02 08:39:57,Q1,76100000.0,57000000.0,19100000.0,0.25098554533508544,0.0,45000000.0,71000000.0,22000000.0,107500000.0,107500000.0,-600000.0,3699999.9999999995,-61700000.0,-0.8107752956636005,-65400000.0,-0.859395532194481,0.0,-66000000.0,-0.8672798948751642,700000.0,-48000000.0,-0.6307490144546649,-12.97297,-12.97297,3700000.0,3700000.0,https://www.sec.gov/Archives/edgar/data/776867/000077686718000006/0000776867-18-000006-index.htm,https://www.sec.gov/Archives/edgar/data/776867/000077686718000002/wtm10-k2017.htm,1620599967,18:39:27,20210509
12,2017-12-31,WTM,USD,2018-02-28,2018-02-28 08:57:20,Q4,66900000.0,114000000.0,-47100000.0,-0.7040358744394619,0.0,45800000.0,163000000.0,155000000.0,108300000.0,108300000.0,-14300000.0,5899999.999999998,11599999.999999998,0.1733931240657698,5700000.0,0.08520179372197309,0.0,5200000.0,0.07772795216741404,-2500000.0,22500000.0,0.336322869955157,5.92105,5.92105,3800000.0,3800000.0,https://www.sec.gov/Archives/edgar/data/776867/000077686718000002/0000776867-18-000002-index.htm,https://www.sec.gov/Archives/edgar/data/776867/000077686718000002/wtm10-k2017.htm,1620599967,18:39:27,20210509
13,2017-09-30,WTM,USD,2017-11-08,2017-11-08 08:47:39,Q3,42800000.0,24000000.0,18800000.0,0.4392523364485981,0.0,44100000.0,0.0,0.0,78200000.0,78200000.0,4800000.0,5000000.000000002,14300000.000000002,0.33411214953271035,9300000.0,0.21728971962616822,0.0,8400000.0,0.19626168224299065,-4000000.0,562100000.0,13.133177570093459,130.72093,130.72093,4300000.0,4300000.0,https://www.sec.gov/Archives/edgar/data/776867/000077686717000037/0000776867-17-000037-index.htm,https://www.sec.gov/Archives/edgar/data/776867/000077686717000037/wtm10-q93017.htm,1620599967,18:39:27,20210509
14,2017-06-30,WTM,USD,2017-08-04,2017-08-04 08:43:04,Q2,35100000.0,55000000.0,-19900000.0,-0.5669515669515669,0.0,57500000.0,0.0,0.0,85200000.0,85200000.0,4700000.0,2800000.0,1100000.0,0.03133903133903134,-1700000.0,-0.04843304843304843,0.0,-2200000.0,-0.06267806267806268,-1000000.0,13600000.0,0.38746438746438744,2.95652,2.95652,4600000.0,4600000.0,https://www.sec.gov/Archives/edgar/data/776867/000077686717000029/0000776867-17-000029-index.htm,https://www.sec.gov/Archives/edgar/data/776867/000077686717000029/wtm10-q63017.htm,1620599967,18:39:27,20210509
15,2017-03-31,WTM,USD,2017-05-02,2017-05-02 16:52:37,Q1,39700000.0,0.0,39700000.0,1.0,0.0,94200000.0,0.0,51000000.0,92000000.0,92000000.0,4800000.0,4500000.0,1300000.0,0.0327455919395466,-3200000.0,-0.08060453400503778,0.0,-3600000.0,-0.0906801007556675,-300000.0,29000000.0,0.7304785894206549,6.30435,6.30435,4600000.0,4600000.0,https://www.sec.gov/Archives/edgar/data/776867/000077686717000012/0000776867-17-000012-index.htm,https://www.sec.gov/Archives/edgar/data/776867/000077686717000005/wtm10-k2016.htm,1620599967,18:39:27,20210509
16,2016-12-31,WTM,USD,2017-02-27,2017-02-27 09:04:15,Q4,-5500000.0,0.0,5500000.0,-1.0,0.0,69500000.0,0.0,65600000.0,69000000.0,69000000.0,-300000.0,6199999.999999997,-68300000.0,12.418181818181818,-74500000.0,13.545454545454545,0.0,-74500000.0,13.545454545454545,-10200000.0,-38900000.0,7.072727272727272,-8.45652,-8.45652,4600000.0,4600000.0,https://www.sec.gov/Archives/edgar/data/776867/000077686717000005/0000776867-17-000005-index.htm,https://www.sec.gov/Archives/edgar/data/776867/000077686717000005/wtm10-k2016.htm,1620599967,18:39:27,20210509
17,2016-09-30,WTM,USD,2016-11-02,2016-11-02 08:55:46,Q3,36300000.0,0.0,36300000.0,1.0,0.0,70200000.0,0.0,50000000.0,70100000.0,70100000.0,4500000.0,3500000.0,-9800000.0,-0.2699724517906336,-13300000.0,-0.36639118457300274,0.0,-13800000.0,-0.38016528925619836,-17100000.0,90800000.0,2.5013774104683195,18.53061,18.53061,4900000.0,4900000.0,https://www.sec.gov/Archives/edgar/data/776867/000077686716000057/0000776867-16-000057-index.htm,https://www.sec.gov/Archives/edgar/data/776867/000077686716000057/wtm10-q93016.htm,1620599967,18:39:27,20210509
18,2016-06-30,WTM,USD,2016-08-03,2016-08-03 09:10:38,Q2,38100000.0,0.0,38100000.0,1.0,0.0,73100000.0,0.0,51000000.0,76000000.0,76000000.0,4400000.0,-2199999.999999999,-30600000.0,-0.8031496062992126,-28400000.0,-0.7454068241469817,0.0,-29300000.0,-0.7690288713910761,-4000000.0,336900000.0,8.84251968503937,68.7551,68.7551,4900000.0,4900000.0,https://www.sec.gov/Archives/edgar/data/776867/000077686716000052/0000776867-16-000052-index.htm,https://www.sec.gov/Archives/edgar/data/776867/000077686716000052/wtm10-q63016.htm,1620599967,18:39:27,20210509
19,2016-03-31,WTM,USD,2016-05-02,2016-05-02 09:14:35,Q1,43400000.0,0.0,43400000.0,1.0,0.0,140500000.0,0.0,55000000.0,87300000.0,87300000.0,4500000.0,9200000.0,-19300000.0,-0.4447004608294931,-28500000.0,-0.6566820276497696,0.0,-29700000.0,-0.684331797235023,-1600000.0,13000000.0,0.2995391705069124,2.5,2.5,5200000.0,5200000.0,https://www.sec.gov/Archives/edgar/data/776867/000077686716000044/0000776867-16-000044-index.htm,https://www.sec.gov/Archives/edgar/data/776867/000077686716000036/wtm10-k123115.htm,1620599967,18:39:27,20210509
20,2015-12-31,WTM,USD,2016-02-29,2016-02-29 16:10:39,Q4,678000000.0,0.0,678000000.0,1.0,0.0,133400000.0,0.0,-271400000.0,-797300000.0,-797300000.0,1100000.0,-27400000.0,769900000.0,1.1355457227138643,797300000.0,1.1759587020648967,0.0,797300000.0,1.1759587020648967,11900000.0,844600000.0,1.2457227138643068,148.17544,148.17544,5700000.0,5700000.0,https://www.sec.gov/Archives/edgar/data/776867/000077686716000036/0000776867-16-000036-index.htm,https://www.sec.gov/Archives/edgar/data/776867/000077686716000036/wtm10-k123115.htm,1620599967,18:39:27,20210509
21,2015-09-30,WTM,USD,2015-11-02,2015-11-02 08:57:26,Q3,323200000.0,0.0,323200000.0,1.0,0.0,142600000.0,0.0,165000000.0,379100000.0,379100000.0,4000000.0,17300000.000000004,-65700000.0,-0.20327970297029702,-83000000.0,-0.2568069306930693,0.0,-86900000.0,-0.2688737623762376,-1600000.0,-58900000.0,-0.18224009900990099,-9.98305,-9.98305,5900000.0,5900000.0,https://www.sec.gov/Archives/edgar/data/776867/000077686715000030/0000776867-15-000030-index.htm,https://www.sec.gov/Archives/edgar/data/776867/000077686715000030/wtm10-q93015.htm,1620599967,18:39:27,20210509
22,2015-06-30,WTM,USD,2015-08-03,2015-08-03 09:07:54,Q2,370500000.0,0.0,370500000.0,1.0,0.0,108100000.0,0.0,81000000.0,370400000.0,370400000.0,7900000.0,-1400000.000000002,-3100000.000000002,-0.008367071524966267,-1700000.0,-0.004588394062078272,0.0,-5100000.0,-0.013765182186234818,-2200000.0,4300000.0,0.011605937921727396,0.72881,0.72881,5900000.0,5900000.0,https://www.sec.gov/Archives/edgar/data/776867/000077686715000024/0000776867-15-000024-index.htm,https://www.sec.gov/Archives/edgar/data/776867/000077686715000024/wtm10-q63015.htm,1620599967,18:39:27,20210509
23,2015-03-31,WTM,USD,2015-05-04,2015-05-04 08:38:30,Q1,316700000.0,0.0,316700000.0,1.0,0.0,116400000.0,0.0,81000000.0,347800000.0,347800000.0,-3500000.0,12300000.0,18800000.0,0.05936217240290496,6500000.0,0.020524155352068203,0.0,3000000.0,0.00947268708556994,4600000.0,84300000.0,0.2661825071045153,14.28814,14.28814,5900000.0,5900000.0,https://www.sec.gov/Archives/edgar/data/776867/000077686715000012/0000776867-15-000012-index.htm,https://www.sec.gov/Archives/edgar/data/776867/000077686715000007/wtm20141231-10xk.htm,1620599967,18:39:27,20210509
24,2014-12-31,WTM,USD,2015-02-27,2015-02-27 08:33:36,Q4,333700000.0,0.0,333700000.0,1.0,0.0,98300000.0,0.0,65000000.0,425100000.0,425100000.0,13000000.0,72700000.0,10200000.0,0.03056637698531615,-62500000.0,-0.1872939766257117,40000000.0,-66100000.0,-0.19808210967935272,-26200000.0,69900000.0,0.209469583458196,11.84746,11.84746,5900000.0,5900000.0,https://www.sec.gov/Archives/edgar/data/776867/000077686715000007/0000776867-15-000007-index.htm,https://www.sec.gov/Archives/edgar/data/776867/000077686715000007/wtm20141231-10xk.htm,1620599967,18:39:27,20210509
25,2014-09-30,WTM,USD,2014-10-29,2014-10-29 08:41:01,Q3,336900000.0,0.0,336900000.0,1.0,0.0,69300000.0,0.0,81000000.0,355000000.0,355000000.0,-3700000.0,0.0,42900000.0,0.127337,-31800000.0,-0.0943900267141585,-40000000.0,-35500000.0,-0.10537251409913921,-4700000.0,51300000.0,0.1522707034728406,8.40984,8.40984,6100000.0,6100000.0,https://www.sec.gov/Archives/edgar/data/776867/000144530514004552/0001445305-14-004552-index.htm,https://www.sec.gov/Archives/edgar/data/776867/000144530514004552/wtm10-q93014.htm,1620599967,18:39:27,20210509
26,2014-06-30,WTM,USD,2014-07-29,2014-07-29 08:28:33,Q2,112300000.0,0.0,112300000.0,1.0,0.0,70300000.0,0.0,82000000.0,190100000.0,190100000.0,3200000.0,0.0,83900000.0,0.747106,-43500000.0,-0.3873552983081033,0.0,-40300000.0,-0.358860195903829,-14800000.0,95500000.0,0.8504007123775601,15.65574,15.65574,6100000.0,6100000.0,https://www.sec.gov/Archives/edgar/data/776867/000144530514002928/0001445305-14-002928-index.htm,https://www.sec.gov/Archives/edgar/data/776867/000144530514002928/wtm10-q63014.htm,1620599967,18:39:27,20210509
27,2014-03-31,WTM,USD,2014-04-28,2014-04-28 08:49:36,Q1,490200000.0,0.0,490200000.0,1.0,0.0,50300000.0,0.0,81000000.0,456100000.0,456100000.0,-10100000.0,99999.99999999964,122700000.0,0.2503059975520196,122600000.0,0.25010199918400655,0.0,112500000.0,0.2294981640146879,30900000.0,95500000.0,0.19481844145246838,15.65574,15.65574,6100000.0,6100000.0,https://www.sec.gov/Archives/edgar/data/776867/000144530514001477/0001445305-14-001477-index.htm,https://www.sec.gov/Archives/edgar/data/776867/000144530514000693/wtm20131231-10xk.htm,1620599967,18:39:27,20210509
28,2013-12-31,WTM,USD,2014-02-28,2014-02-28 09:11:48,Q4,-372300000.0,0.0,372300000.0,-1.0,0.0,55800000.0,0.0,87000000.0,-260900000.0,-260900000.0,13000000.0,39500000.0,-28800000.0,0.07735697018533441,-68300000.0,0.1834542035992479,16200000.0,-52100000.0,0.13994090786999733,-16600000.0,117700000.0,-0.31614289551437014,19.29508,19.29508,6100000.0,6100000.0,https://www.sec.gov/Archives/edgar/data/776867/000144530514000693/0001445305-14-000693-index.htm,https://www.sec.gov/Archives/edgar/data/776867/000144530514000693/wtm20131231-10xk.htm,1620599967,18:39:27,20210509
29,2013-09-30,WTM,USD,2013-10-28,2013-10-28 09:11:55,Q3,518600000.0,0.0,518600000.0,1.0,0.0,41500000.0,0.0,81000000.0,506900000.0,506900000.0,-11900000.0,0.0,53500000.0,0.103162,67200000.0,0.129579637485538,0.0,55300000.0,0.10663324334747397,8200000.0,57200000.0,0.11029695333590436,9.37705,9.37705,6100000.0,6100000.0,https://www.sec.gov/Archives/edgar/data/776867/000144530513002529/0001445305-13-002529-index.htm,https://www.sec.gov/Archives/edgar/data/776867/000144530513002529/wtm9-30x201310xq.htm,1620599967,18:39:27,20210509
30,2013-06-30,WTM,USD,2013-07-30,2013-07-30 08:13:45,Q2,497900000.0,0.0,497900000.0,1.0,0.0,40200000.0,0.0,84000000.0,475400000.0,475400000.0,-10300000.0,0.0,15400000.0,0.03093,13900000.0,0.0279172524603334,0.0,3600000.0,0.00723036754368347,-600000.0,26300000.0,0.05282185177746535,4.31148,4.31148,6100000.0,6100000.0,https://www.sec.gov/Archives/edgar/data/776867/000144530513001733/0001445305-13-001733-index.htm,https://www.sec.gov/Archives/edgar/data/776867/000144530513001733/wtm6-30x201310xq.htm,1620599967,18:39:27,20210509
31,2013-03-31,WTM,USD,2013-04-29,2013-04-29 08:23:19,Q1,523700000.0,0.0,523700000.0,1.0,0.0,43800000.0,0.0,79000000.0,465400000.0,465400000.0,-10200000.0,0.0,151800000.0,0.289861,162000000.0,0.3093374069123544,0.0,151800000.0,0.2898606072178728,41600000.0,120400000.0,0.2299026160015276,19.11111,19.11111,6300000.0,6300000.0,https://www.sec.gov/Archives/edgar/data/776867/000144530513000949/0001445305-13-000949-index.htm,https://www.sec.gov/Archives/edgar/data/776867/000144530513000401/wtm-20121231x10k.htm,1620599967,18:39:27,20210509
32,2012-12-31,WTM,USD,2013-03-01,2013-02-28 19:53:43,Q4,537600000.0,0.0,537600000.0,1.0,0.0,34700000.0,0.0,1200000.0,605500000.0,605500000.0,-11700000.0,0.0,-44500000.0,-0.082775,-39100000.0,-0.07273065476190477,0.0,-50800000.0,-0.09449404761904762,-101000000.0,68200000.0,0.12686011904761904,10.65625,10.65625,6400000.0,6400000.0,https://www.sec.gov/Archives/edgar/data/776867/000144530513000401/0001445305-13-000401-index.htm,https://www.sec.gov/Archives/edgar/data/776867/000144530513000401/wtm-20121231x10k.htm,1620599967,18:39:27,20210509
33,2012-09-30,WTM,USD,2012-10-30,2012-10-30 08:16:46,Q3,587100000.0,0.0,587100000.0,1.0,0.0,0.0,0.0,75000000.0,551000000.0,551000000.0,-11300000.0,0.0,55600000.0,0.094703,146400000.0,0.24936126724578436,0.0,135100000.0,0.23011412025208652,47800000.0,19100000.0,0.03253278828138307,2.93846,2.93846,6500000.0,6500000.0,https://www.sec.gov/Archives/edgar/data/776867/000144530512003293/0001445305-12-003293-index.htm,https://www.sec.gov/Archives/edgar/data/776867/000144530512003293/wtm9-30x201210xq.htm,1620599967,18:39:27,20210509
34,2012-06-30,WTM,USD,2012-07-27,2012-07-27 08:28:36,Q2,510000000.0,0.0,510000000.0,1.0,0.0,0.0,0.0,79000000.0,493800000.0,493800000.0,-10900000.0,0.0,21600000.0,0.042353,48500000.0,0.09509803921568627,0.0,37600000.0,0.07372549019607844,6400000.0,26100000.0,0.051176470588235295,4.01538,4.01538,6500000.0,6500000.0,https://www.sec.gov/Archives/edgar/data/776867/000144530512002306/0001445305-12-002306-index.htm,https://www.sec.gov/Archives/edgar/data/776867/000144530512002306/wtm6-30x201210xq.htm,1620599967,18:39:27,20210509
35,2012-03-31,WTM,USD,2012-04-27,2012-04-27 08:32:56,Q1,529200000.0,0.0,529200000.0,1.0,0.0,0.0,0.0,74000000.0,477900000.0,477900000.0,-10900000.0,0.0,114000000.0,0.21542,151700000.0,0.2866591080876795,0.0,140800000.0,0.2660619803476946,31100000.0,93800000.0,0.17724867724867724,12.67568,12.67568,7400000.0,7400000.0,https://www.sec.gov/Archives/edgar/data/776867/000110465912029417/0001104659-12-029417-index.htm,https://www.sec.gov/Archives/edgar/data/776867/000110465912014041/a12-1085_110k.htm,1620599967,18:39:27,20210509
36,2011-12-31,WTM,USD,2012-02-28,2012-02-28 16:15:01,Q4,509300000.0,0.0,509300000.0,1.0,0.0,0.0,0.0,2100000.0,478600000.0,478600000.0,-16400000.0,0.0,672900000.0,1.321225,114800000.0,0.2254074219516984,0.0,98400000.0,0.19320636167288435,-110900000.0,800200000.0,1.571176124091891,105.28947,105.28947,7600000.0,7600000.0,https://www.sec.gov/Archives/edgar/data/776867/000110465912014041/0001104659-12-014041-index.htm,https://www.sec.gov/Archives/edgar/data/776867/000110465912014041/a12-1085_110k.htm,1620599967,18:39:27,20210509
37,2011-09-30,WTM,USD,2011-10-28,2011-10-28 08:40:32,Q3,456100000.0,0.0,456100000.0,1.0,0.0,0.0,0.0,60000000.0,487700000.0,487700000.0,-12800000.0,0.0,-29200000.0,-0.064021,14100000.0,0.030914273185704888,0.0,1300000.0,0.0028502521376891033,-600000.0,-15800000.0,-0.034641525981144485,-2.02564,-2.02564,7800000.0,7800000.0,https://www.sec.gov/Archives/edgar/data/776867/000110465911058632/0001104659-11-058632-index.htm,https://www.sec.gov/Archives/edgar/data/776867/000110465911058632/a11-25025_110q.htm,1620599967,18:39:27,20210509
38,2011-06-30,WTM,USD,2011-07-29,2011-07-29 08:25:59,Q2,459800000.0,0.0,459800000.0,1.0,0.0,0.0,0.0,57000000.0,503400000.0,503400000.0,-12900000.0,0.0,7900000.0,0.017181,44900000.0,0.09765115267507612,0.0,32000000.0,0.06959547629404089,9100000.0,11700000.0,0.0254458460200087,1.4625,1.4625,8000000.0,8000000.0,https://www.sec.gov/Archives/edgar/data/776867/000110465911041664/0001104659-11-041664-index.htm,https://www.sec.gov/Archives/edgar/data/776867/000110465911041664/a11-13993_110q.htm,1620599967,18:39:27,20210509
39,2011-03-31,WTM,USD,2011-04-29,2011-04-29 08:21:58,Q1,489300000.0,0.0,489300000.0,1.0,0.0,0.0,0.0,94000000.0,550200000.0,550200000.0,-13100000.0,0.0,-49000000.0,-0.100143,-20600000.0,-0.042100960555896176,0.0,-33700000.0,-0.06887390149192724,-7700000.0,-28200000.0,-0.05763335377069283,-3.525,-3.525,8000000.0,8000000.0,https://www.sec.gov/Archives/edgar/data/776867/000110465911023962/0001104659-11-023962-index.htm,https://www.sec.gov/Archives/edgar/data/776867/000110465911010544/a11-1984_110k.htm,1620599967,18:39:27,20210509
40,2010-12-31,WTM,USD,2011-02-28,2011-02-28 08:09:20,Q4,523400000.0,0.0,523400000.0,1.0,0.0,0.0,0.0,2200000.0,444100000.0,444100000.0,-13100000.0,0.0,66400000.0,0.126863,108700000.0,0.207680550248376,0.0,95600000.0,0.18265189147879252,6600000.0,72900000.0,0.13928162017577378,8.78313,8.78313,8300000.0,8300000.0,https://www.sec.gov/Archives/edgar/data/776867/000110465911010544/0001104659-11-010544-index.htm,https://www.sec.gov/Archives/edgar/data/776867/000110465911010544/a11-1984_110k.htm,1620599967,18:39:27,20210509
41,2010-09-30,WTM,USD,2010-10-29,2010-10-29 08:35:13,Q3,490500000.0,0.0,490500000.0,1.0,0.0,0.0,0.0,96000000.0,462600000.0,462600000.0,-13200000.0,0.0,49200000.0,0.100306,88400000.0,0.1802242609582059,0.0,75200000.0,0.15331294597349643,11700000.0,50700000.0,0.10336391437308869,6.03571,6.03571,8400000.0,8400000.0,https://www.sec.gov/Archives/edgar/data/776867/000110465910054516/0001104659-10-054516-index.htm,https://www.sec.gov/Archives/edgar/data/776867/000110465910054516/a10-17428_110q.htm,1620599967,18:39:27,20210509
42,2010-06-30,WTM,USD,2010-07-30,2010-07-30 08:26:28,Q2,585400000.0,0.0,585400000.0,1.0,0.0,0.0,0.0,101000000.0,628000000.0,628000000.0,-59569000.0,0.0,-58269000.0,-0.099537,21200000.0,0.036214554151007855,0.0,6500000.0,0.011103518961393919,-1200000.0,2500000.0,0.004270584215920738,0.27778,0.27778,9000000.0,9000000.0,https://www.sec.gov/Archives/edgar/data/776867/000110465910040660/0001104659-10-040660-index.htm,https://www.sec.gov/Archives/edgar/data/776867/000110465910040660/a10-12782_110q.htm,1620599967,18:39:27,20210509
43,2010-03-31,WTM,USD,2010-04-29,2010-04-29 08:34:12,Q1,675900000.0,0.0,675900000.0,1.0,0.0,0.0,0.0,115000000.0,821600000.0,821600000.0,-16000000.0,0.0,-55800000.0,-0.082557,-7900000.0,-0.011688119544311289,0.0,-24200000.0,-0.035804113034472555,-200000.0,-39600000.0,-0.05858854860186418,-4.5,-4.5,8800000.0,8800000.0,https://www.sec.gov/Archives/edgar/data/776867/000110465910022786/0001104659-10-022786-index.htm,https://www.sec.gov/Archives/edgar/data/776867/000110465910010195/a09-35767_110k.htm,1620599967,18:39:27,20210509
44,2009-12-31,WTM,USD,2010-02-26,2010-02-26 15:56:40,Q4,958600000.0,0.0,958600000.0,1.0,0.0,0.0,0.0,3600000.0,890000000.0,890000000.0,-16000000.0,0.0,117800000.0,0.122888,170000000.0,0.1773419570206551,0.0,153500000.0,0.16012935530982683,34000000.0,99800000.0,0.1041101606509493,11.21348,11.21348,8900000.0,8900000.0,https://www.sec.gov/Archives/edgar/data/776867/000110465910010195/0001104659-10-010195-index.htm,https://www.sec.gov/Archives/edgar/data/776867/000110465910010195/a09-35767_110k.htm,1620599967,18:39:27,20210509
45,2009-09-30,WTM,USD,2009-10-30,2009-10-30 08:24:57,Q3,965800000.0,0.0,965800000.0,1.0,0.0,0.0,0.0,3500000.0,927300000.0,927300000.0,-17000000.0,0.0,216500000.0,0.224166,275400000.0,0.2851522054255539,0.0,258300000.0,0.26744667633050323,73900000.0,159600000.0,0.1652516048871402,17.93258,17.93258,8900000.0,8900000.0,https://www.sec.gov/Archives/edgar/data/776867/000110465909061344/0001104659-09-061344-index.htm,https://www.sec.gov/Archives/edgar/data/776867/000110465909061344/a09-30991_110q.htm,1620599967,18:39:27,20210509
46,2009-06-30,WTM,USD,2009-07-31,2009-07-31 08:27:14,Q2,926800000.0,0.0,926800000.0,1.0,0.0,0.0,0.0,2600000.0,896800000.0,896800000.0,-19000000.0,0.0,249900000.0,0.269637,322100000.0,0.3475399223133362,0.0,303800000.0,0.32779456193353473,88600000.0,180300000.0,0.19454035390591282,20.25843,20.25843,8900000.0,8900000.0,https://www.sec.gov/Archives/edgar/data/776867/000110465909046149/0001104659-09-046149-index.htm,https://www.sec.gov/Archives/edgar/data/776867/000110465909046149/a09-18642_110q.htm,1620599967,18:39:27,20210509
47,2009-03-31,WTM,USD,2009-05-01,2009-05-01 08:38:04,Q1,928700000.0,0.0,928700000.0,1.0,0.0,0.0,0.0,2500000.0,899200000.0,899200000.0,-18000000.0,0.0,24600000.0,0.026489,67300000.0,0.07246688919995693,0.0,48400000.0,0.05211586088080112,12300000.0,30300000.0,0.03262625174975772,3.44318,3.44318,8800000.0,8800000.0,https://www.sec.gov/Archives/edgar/data/776867/000110465909028249/0001104659-09-028249-index.htm,https://www.sec.gov/Archives/edgar/data/776867/000110465909013179/a09-1257_110k.htm,1620599967,18:39:27,20210509
48,2008-12-31,WTM,USD,2009-02-27,2009-02-27 17:23:57,Q4,774500000.0,0.0,774500000.0,1.0,0.0,0.0,0.0,-12600000.0,886300000.0,886300000.0,-21000000.0,0.0,-545200000.0,-0.703938,-536000000.0,-0.6920593931568754,0.0,-556600000.0,-0.7186571981923822,-311600000.0,-212600000.0,-0.27449967721110397,-23.1087,-23.1087,9200000.0,9200000.0,https://www.sec.gov/Archives/edgar/data/776867/000110465909013179/0001104659-09-013179-index.htm,https://www.sec.gov/Archives/edgar/data/776867/000110465909013179/a09-1257_110k.htm,1620599967,18:39:27,20210509
49,2008-09-30,WTM,USD,2008-10-31,2008-10-31 08:14:28,Q3,942000000.0,0.0,942000000.0,1.0,0.0,0.0,0.0,4300000.0,1079500000.0,1079500000.0,-20000000.0,0.0,-448300000.0,-0.475902,-461500000.0,-0.48991507430997877,0.0,-481900000.0,-0.5115711252653928,-151600000.0,-276700000.0,-0.2937367303609342,-26.10377,-26.10377,10600000.0,10600000.0,https://www.sec.gov/Archives/edgar/data/776867/000110465908067138/0001104659-08-067138-index.htm,https://www.sec.gov/Archives/edgar/data/776867/000110465908067138/a08-25580_110q.htm,1620599967,18:39:27,20210509
50,2008-06-30,WTM,USD,2008-08-01,2008-08-01 08:41:26,Q2,986600000.0,0.0,986600000.0,1.0,0.0,0.0,0.0,4100000.0,1015200000.0,1015200000.0,-22000000.0,0.0,-34200000.0,-0.034665,24000000.0,0.02432596797080884,0.0,2300000.0,0.002331238597202514,-3000000.0,-9200000.0,-0.009324954388810055,-0.86792,-0.86792,10600000.0,10600000.0,https://www.sec.gov/Archives/edgar/data/776867/000110465908049093/0001104659-08-049093-index.htm,https://www.sec.gov/Archives/edgar/data/776867/000110465908049093/a08-18901_110q.htm,1620599967,18:39:27,20210509
51,2008-03-31,WTM,USD,2008-05-02,2008-05-02 08:24:26,Q1,939100000.0,0.0,939100000.0,1.0,0.0,58200000.0,0.0,4200000.0,1020700000.0,1020700000.0,-19000000.0,0.0,-108300000.0,-0.115323,-82800000.0,-0.08816952401235226,0.0,-102200000.0,-0.10882760089447344,-32500000.0,-56800000.0,-0.06048344159301459,-5.35849,-5.35849,10600000.0,10600000.0,https://www.sec.gov/Archives/edgar/data/776867/000110465908029285/0001104659-08-029285-index.htm,https://www.sec.gov/Archives/edgar/data/776867/000104746908001968/a2182981z10-k.htm,1620599967,18:39:27,20210509
52,2007-12-31,WTM,USD,2008-02-29,2008-02-28 21:15:45,Q4,1201000000.0,0.0,1201000000.0,1.0,0.0,42200000.0,0.0,5400000.0,1001700000.0,1001700000.0,-19000000.0,0.0,141400000.0,0.034970857618651124,200000000.0,0.16652789342214822,0.0,181900000.0,0.1514571190674438,59200000.0,101200000.0,0.084263114071607,9.54717,9.54717,10600000.0,10600000.0,https://www.sec.gov/Archives/edgar/data/776867/000104746908001968/0001047469-08-001968-index.htm,https://www.sec.gov/Archives/edgar/data/776867/000104746908001968/a2182981z10-k.htm,1620599967,18:39:27,20210509
53,2007-09-30,WTM,USD,2007-11-05,2007-11-05 08:44:43,Q3,996600000.0,0.0,996600000.0,1.0,0.0,43000000.0,0.0,5400000.0,944100000.0,944100000.0,-19000000.0,0.0,156700000.0,0.157235,211300000.0,0.21202087096126832,0.0,191500000.0,0.19215332129239415,64300000.0,111400000.0,0.11178005217740317,10.31481,10.31481,10800000.0,10800000.0,https://www.sec.gov/Archives/edgar/data/776867/000110465907079531/0001104659-07-079531-index.htm,https://www.sec.gov/Archives/edgar/data/776867/000110465907079531/a07-25843_110q.htm,1620599967,18:39:27,20210509
54,2007-06-30,WTM,USD,2007-08-02,2007-08-02 08:38:50,Q2,994800000.0,0.0,994800000.0,1.0,0.0,62400000.0,0.0,5500000.0,1016100000.0,1016100000.0,-19000000.0,0.0,139400000.0,0.140129,194500000.0,0.19551668677121029,0.0,176200000.0,0.17712102935263369,55800000.0,102600000.0,0.10313630880579011,9.5,9.5,10800000.0,10800000.0,https://www.sec.gov/Archives/edgar/data/776867/000110465907058123/0001104659-07-058123-index.htm,https://www.sec.gov/Archives/edgar/data/776867/000110465907058123/a07-19180_110q.htm,1620599967,18:39:27,20210509
55,2007-03-31,WTM,USD,2007-05-02,2007-05-02 08:38:51,Q1,974200000.0,0.0,974200000.0,1.0,0.0,52900000.0,0.0,5100000.0,1017400000.0,1017400000.0,-16000000.0,0.0,107400000.0,0.110244,148700000.0,0.1526380619995894,0.0,131900000.0,0.13539314309176761,31200000.0,92200000.0,0.09464175733935537,8.53704,8.53704,10800000.0,10800000.0,https://www.sec.gov/Archives/edgar/data/776867/000110465907034588/0001104659-07-034588-index.htm,https://www.sec.gov/Archives/edgar/data/776867/000110465907014982/a07-4895_110k.htm,1620599967,18:39:27,20210509
56,2006-12-31,WTM,USD,2007-02-28,2007-02-28 16:53:14,Q4,171300000.0,0.0,171300000.0,1.0,0.0,0.0,0.0,6300000.0,1022800000.0,1022800000.0,-14000000.0,0.0,317300000.0,1.852306,326500000.0,1.9060128429655574,0.0,312900000.0,1.8266199649737302,32000000.0,299300000.0,1.747227086981903,27.71296,27.71296,10800000.0,10800000.0,https://www.sec.gov/Archives/edgar/data/776867/000110465907014982/0001104659-07-014982-index.htm,https://www.sec.gov/Archives/edgar/data/776867/000110465907014982/a07-4895_110k.htm,1620599967,18:39:27,20210509
57,2006-09-30,WTM,USD,2006-11-02,2006-11-02 08:46:56,Q3,1186000000.0,0.0,1186000000.0,1.0,0.0,55800000.0,0.0,6600000.0,944800000.0,944800000.0,-13000000.0,0.0,218400000.0,0.07925801011804384,241400000.0,0.20354131534569983,0.0,228500000.0,0.19266441821247893,69300000.0,162100000.0,0.1366779089376054,15.00926,15.00926,10800000.0,10800000.0,https://www.sec.gov/Archives/edgar/data/776867/000110465906070508/0001104659-06-070508-index.htm,https://www.sec.gov/Archives/edgar/data/776867/000110465906070508/a06-22138_110q.htm,1620599967,18:39:27,20210509
58,2006-06-30,WTM,USD,2006-07-28,2006-07-28 08:18:16,Q2,990000000.0,0.0,990000000.0,1.0,0.0,22200000.0,0.0,6400000.0,1117400000.0,1117400000.0,-12000000.0,0.0,74500000.0,0.075253,83500000.0,0.08434343434343435,0.0,71600000.0,0.07232323232323232,-29300000.0,115800000.0,0.11696969696969697,10.72222,10.72222,10800000.0,10800000.0,https://www.sec.gov/Archives/edgar/data/776867/000110465906049433/0001104659-06-049433-index.htm,https://www.sec.gov/Archives/edgar/data/776867/000110465906049433/a06-16919_110q.htm,1620599967,18:39:27,20210509
59,2006-03-31,WTM,USD,2006-04-27,2006-04-27 09:18:14,Q1,930800000.0,0.0,930800000.0,1.0,0.0,47500000.0,0.0,5200000.0,929300000.0,929300000.0,-11000000.0,0.0,111900000.0,0.120219,128500000.0,0.13805328749462828,0.0,116800000.0,0.12548345509239364,26900000.0,96000000.0,0.10313708637730984,8.88889,8.88889,10800000.0,10800000.0,https://www.sec.gov/Archives/edgar/data/776867/000110465906028113/0001104659-06-028113-index.htm,https://www.sec.gov/Archives/edgar/data/776867/000110465906014685/a06-2418_110k.htm,1620599967,18:39:27,20210509
60,2005-12-31,WTM,USD,2006-03-07,2006-03-07 17:21:34,Q4,1630000000.0,0.0,1630000000.0,1.0,0.0,18100000.0,0.0,8800000.0,1034700000.0,1034700000.0,-9700000.0,0.0,4000000.0,0.0,23400000.0,0.014355828220858896,0.0,13700000.0,0.008404907975460122,-19600000.0,33300000.0,0.020429447852760737,3.08333,3.08333,10800000.0,10800000.0,https://www.sec.gov/Archives/edgar/data/776867/000110465906014685/0001104659-06-014685-index.htm,https://www.sec.gov/Archives/edgar/data/776867/000110465906014685/a06-2418_110k.htm,1620599967,18:39:27,20210509
61,2005-09-30,WTM,USD,2005-11-01,2005-11-01 08:34:05,Q3,1047900000.0,0.0,1047900000.0,1.0,0.0,39500000.0,0.0,9100000.0,1290600000.0,1290600000.0,-11000000.0,0.0,-132900000.0,-0.126825,-113000000.0,-0.10783471705315392,0.0,-124500000.0,-0.11880904666475808,-55600000.0,-66300000.0,-0.0632693959347266,-6.08257,-6.08257,10900000.0,10900000.0,https://www.sec.gov/Archives/edgar/data/776867/000110465905051375/0001104659-05-051375-index.htm,https://www.sec.gov/Archives/edgar/data/776867/000110465905051375/a05-18478_110q.htm,1620599967,18:39:27,20210509
62,2005-06-30,WTM,USD,2005-07-29,2005-07-29 08:43:35,Q2,1003000000.0,0.0,1003000000.0,1.0,0.0,61500000.0,0.0,9100000.0,966100000.0,966100000.0,-12000000.0,0.0,190200000.0,0.189631,204800000.0,0.20418743768693917,0.0,193100000.0,0.1925224327018943,55400000.0,146800000.0,0.14636091724825523,13.59259,13.59259,10800000.0,10800000.0,https://www.sec.gov/Archives/edgar/data/776867/000110465905034910/0001104659-05-034910-index.htm,https://www.sec.gov/Archives/edgar/data/776867/000110465905034910/a05-13758_110q.htm,1620599967,18:39:27,20210509
63,2005-03-31,WTM,USD,2005-05-02,2005-05-02 11:02:42,Q1,1014300000.0,0.0,1014300000.0,1.0,0.0,37700000.0,0.0,9900000.0,990800000.0,990800000.0,-11000000.0,0.0,221600000.0,0.218476,234500000.0,0.23119392684610077,0.0,222900000.0,0.21975746820467318,56300000.0,176300000.0,0.1738144533175589,16.32407,16.32407,10800000.0,10800000.0,https://www.sec.gov/Archives/edgar/data/776867/000104746905012612/0001047469-05-012612-index.htm,https://www.sec.gov/Archives/edgar/data/776867/000104746905005178/a2152709z10-k.htm,1620599967,18:39:27,20210509
64,2004-12-31,WTM,USD,2005-03-02,2005-03-02 09:42:27,Q4,1063500000.0,0.0,1063500000.0,1.0,0.0,106900000.0,0.0,10200000.0,1118900000.0,1118900000.0,-13500000.0,0.0,132600000.0,0.124683,129200000.0,0.12148566055477197,0.0,115700000.0,0.10879172543488481,-18700000.0,164800000.0,0.1549600376116596,15.25926,15.25926,10800000.0,10800000.0,https://www.sec.gov/Archives/edgar/data/776867/000104746905005178/0001047469-05-005178-index.htm,https://www.sec.gov/Archives/edgar/data/776867/000104746905005178/a2152709z10-k.htm,1620599967,18:39:27,20210509
65,2004-09-30,WTM,USD,2004-11-02,2004-11-02 16:12:00,Q3,1026600000.0,0.0,1026600000.0,1.0,0.0,78400000.0,0.0,10200000.0,1229500000.0,1229500000.0,-12200000.0,0.0,-45900000.0,-0.044711,-65900000.0,-0.06419248003117085,0.0,-78100000.0,-0.07607636859536333,-23600000.0,-10100000.0,-0.009838301188388857,-0.93519,-0.93519,10800000.0,10800000.0,https://www.sec.gov/Archives/edgar/data/776867/000104746904032898/0001047469-04-032898-index.htm,https://www.sec.gov/Archives/edgar/data/776867/000104746904032898/a2145836z10-q.htm,1620599967,18:39:27,20210509
66,2004-06-30,WTM,USD,2004-08-04,2004-08-04 17:16:36,Q2,1031500000.0,0.0,1031500000.0,1.0,0.0,42300000.0,0.0,12800000.0,1010400000.0,1010400000.0,-12100000.0,0.0,200800000.0,0.194668,108700000.0,0.10538051381483277,0.0,96600000.0,0.09365002423654871,44400000.0,168500000.0,0.16335433834222007,16.51961,16.51961,10200000.0,10200000.0,https://www.sec.gov/Archives/edgar/data/776867/000104746904025335/0001047469-04-025335-index.htm,https://www.sec.gov/Archives/edgar/data/776867/000104746904025335/a2141424z10-q.htm,1620599967,18:39:27,20210509
67,2004-03-31,WTM,USD,2004-05-04,2004-05-04 17:08:48,Q1,889400000.0,0.0,889400000.0,1.0,0.0,81700000.0,0.0,10100000.0,897300000.0,897300000.0,-11000000.0,0.0,129400000.0,0.145491,124900000.0,0.1404317517427479,0.0,113600000.0,0.12772655722959297,44900000.0,95500000.0,0.1073757589386103,9.45545,9.45545,10100000.0,10100000.0,https://www.sec.gov/Archives/edgar/data/776867/000104746904015624/0001047469-04-015624-index.htm,https://www.sec.gov/Archives/edgar/data/776867/000110465904006082/a04-2892_110k.htm,1620599967,18:39:27,20210509
68,2003-12-31,WTM,USD,2004-03-02,2004-03-01 17:36:18,Q4,830900000.0,0.0,830900000.0,1.0,0.0,-111800000.0,0.0,10100000.0,874000000.0,874000000.0,-37000000.0,0.0,43900000.0,0.052834,77300000.0,0.09303165242508124,0.0,65800000.0,0.07919123841617523,22400000.0,58500000.0,0.07040558430617402,5.79208,5.79208,10100000.0,10100000.0,https://www.sec.gov/Archives/edgar/data/776867/000110465904006082/0001104659-04-006082-index.htm,https://www.sec.gov/Archives/edgar/data/776867/000110465904006082/a04-2892_110k.htm,1620599967,18:39:27,20210509
69,2003-09-30,WTM,USD,2003-11-04,2003-11-04 15:41:42,Q3,878300000.0,0.0,878300000.0,1.0,0.0,74200000.0,0.0,10100000.0,864200000.0,864200000.0,-11000000.0,0.0,39000000.0,0.044404,47400000.0,0.053967892519640216,0.0,36400000.0,0.04144369805305704,14400000.0,35600000.0,0.040532847546396446,3.56,3.56,10000000.0,10000000.0,https://www.sec.gov/Archives/edgar/data/776867/000104746903035972/0001047469-03-035972-index.htm,https://www.sec.gov/Archives/edgar/data/776867/000104746903035972/a2121253z10-q.htm,1620599967,18:39:27,20210509
70,2003-06-30,WTM,USD,2003-08-04,2003-08-04 16:12:10,Q2,798400000.0,0.0,798400000.0,1.0,0.0,129400000.0,0.0,14200000.0,824800000.0,824800000.0,-12500000.0,0.0,127400000.0,0.159569,136600000.0,0.17109218436873747,0.0,124100000.0,0.15543587174348697,44700000.0,95200000.0,0.11923847695390781,10.23656,10.23656,9300000.0,9300000.0,https://www.sec.gov/Archives/edgar/data/776867/000104746903026100/0001047469-03-026100-index.htm,https://www.sec.gov/Archives/edgar/data/776867/000104746903026100/a2115895z10-q.htm,1620599967,18:39:27,20210509
71,2003-03-31,WTM,USD,2003-05-09,2003-05-09 12:34:05,Q1,832700000.0,0.0,832700000.0,1.0,0.0,110000000.0,0.0,14200000.0,809900000.0,809900000.0,-13000000.0,0.0,145900000.0,0.175213,159600000.0,0.19166566590608863,0.0,146000000.0,0.17533325327248708,46100000.0,112800000.0,0.13546295184340099,12.3956,12.3956,9100000.0,9100000.0,https://www.sec.gov/Archives/edgar/data/776867/000104746903017670/0001047469-03-017670-index.htm,https://www.sec.gov/Archives/edgar/data/776867/000104746903017670/a2110674z10-q.htm,1620599967,18:39:27,20210509
72,2002-12-31,WTM,USD,2002-12-31,2002-12-31,Q4,891500000.0,0.0,0.0,0.0,0.0,89300000.0,0.0,14200000.0,942200000.0,942200000.0,-18800000.0,0.0,47000000.0,0.05272,78400000.0,0.08794167134043747,0.0,59600000.0,0.06685361749859788,10400000.0,55400000.0,0.06214245653393158,5.12963,5.12963,10800000.0,10800000.0,,,1620599967,18:39:27,20210509
73,2002-09-30,WTM,USD,2002-11-14,2002-11-13 19:30:49,Q3,874100000.0,0.0,874100000.0,1.0,0.0,102700000.0,0.0,14200000.0,982200000.0,982200000.0,-17300000.0,0.0,67900000.0,0.07768,99300000.0,0.11360256263585403,0.0,82000000.0,0.09381077679899325,20300000.0,64900000.0,0.07424779773481295,7.21111,7.21111,9000000.0,9000000.0,https://www.sec.gov/Archives/edgar/data/776867/000091205702042220/0000912057-02-042220-index.htm,https://www.sec.gov/Archives/edgar/data/776867/000091205702042220/a2093638z10-q.htm,1620599967,18:39:27,20210509
74,2002-06-30,WTM,USD,2002-08-14,2002-08-13 19:41:12,Q2,925100000.0,0.0,925100000.0,1.0,0.0,122000000.0,0.0,27400000.0,1019600000.0,1019600000.0,-17000000.0,0.0,-19400000.0,-0.020971,4400000.0,0.0047562425683709865,0.0,-13100000.0,-0.01416063128310453,-6000000.0,3600000.0,0.0038914711923035347,0.43902,0.43902,8200000.0,8200000.0,https://www.sec.gov/Archives/edgar/data/776867/000091205702031692/0000912057-02-031692-index.htm,https://www.sec.gov/Archives/edgar/data/776867/000091205702031692/a2087070z10-q.htm,1620599967,18:39:27,20210509
75,2002-03-31,WTM,USD,2002-04-01 00:00:00,2002-04-01 00:00:00,Q1,999400000.0,0.0,0.0,0.0,0.0,155800000.0,0.0,24000000.0,1076900000.0,1076900000.0,-18200000.0,0.0,633900000.0,0.634281,9100000.0,0.00910546327796678,0.0,-9100000.0,-0.00910546327796678,-13000000.0,665100000.0,0.6654992995797478,81.10976,81.10976,8200000.0,8200000.0,https://www.sec.gov/Archives/edgar/data/776867/000091205702013123/0000912057-02-013123-index.html,https://www.sec.gov/Archives/edgar/data/776867/000091205702013123/a2075441z10-k.txt,1620599967,18:39:27,20210509
76,2001-12-31,WTM,USD,2002-04-01 00:00:00,2002-04-01 00:00:00,Q4,19300000.0,0.0,0.0,0.0,0.0,164900000.0,0.0,22600000.0,1412000000.0,1412000000.0,-17800000.0,0.0,-273800000.0,-14.186528,-224600000.0,-11.637305699481866,0.0,-242400000.0,-12.55958549222798,-107500000.0,-148500000.0,-7.694300518134715,-18.33333,-18.33333,8100000.0,8100000.0,https://www.sec.gov/Archives/edgar/data/776867/000091205702013123/0000912057-02-013123-index.html,https://www.sec.gov/Archives/edgar/data/776867/000091205702013123/a2075441z10-k.txt,1620599967,18:39:27,20210509
77,2001-09-30,WTM,USD,2001-11-14 00:00:00,2001-11-14 00:00:00,Q3,3700000.0,0.0,0.0,0.0,0.0,151800000.0,0.0,32500000.0,1397300000.0,1397300000.0,-19500000.0,0.0,-83300000.0,-22.513514,-57900000.0,-15.64864864864865,0.0,-77400000.0,-20.91891891891892,-42400000.0,-21400000.0,-5.783783783783784,-3.14706,-3.14706,6800000.0,6800000.0,https://www.sec.gov/Archives/edgar/data/776867/000091205701539726/0000912057-01-539726-index.html,https://www.sec.gov/Archives/edgar/data/776867/000091205701539726/a2063770z10-q.txt,1620599967,18:39:27,20210509
78,2001-06-30,WTM,USD,2001-08-14 00:00:00,2001-08-14 00:00:00,Q2,-2800000.0,0.0,0.0,0.0,0.0,77200000.0,0.0,7500000.0,671000000.0,671000000.0,-6500000.0,0.0,-136300000.0,48.678571,-118500000.0,42.32142857142857,0.0,-125000000.0,44.642857142857146,-23300000.0,-106500000.0,38.035714285714285,-18.05085,-18.05085,5900000.0,5900000.0,https://www.sec.gov/Archives/edgar/data/776867/000091205701528700/0000912057-01-528700-index.html,https://www.sec.gov/Archives/edgar/data/776867/000091205701528700/a2057104z10-q.txt,1620599967,18:39:27,20210509
79,2001-03-31,WTM,USD,2001-05-14 00:00:00,2001-05-14 00:00:00,Q1,108900000.0,0.0,0.0,0.0,0.0,23200000.0,0.0,0.0,136400000.0,136400000.0,-1900000.0,0.0,14100000.0,0.129477,17900000.0,0.16437098255280075,0.0,16000000.0,0.14692378328741965,-1100000.0,17100000.0,0.15702479338842976,2.89831,2.89831,5900000.0,5900000.0,https://www.sec.gov/Archives/edgar/data/776867/000091205701515157/0000912057-01-515157-index.html,https://www.sec.gov/Archives/edgar/data/776867/000091205701515157/a2049326z10-q.txt,1620599967,18:39:27,20210509
80,2000-12-31,WTM,USD,2001-03-27 00:00:00,2001-03-27 00:00:00,Q4,-400000.0,0.0,0.0,0.0,0.0,23400000.0,0.0,0.0,75400000.0,75400000.0,-3900000.0,0.0,-28100000.0,70.25,-20300000.0,50.75,0.0,-24200000.0,60.5,-8400000.0,-15800000.0,39.5,-2.67797,-2.67797,5900000.0,5900000.0,https://www.sec.gov/Archives/edgar/data/776867/000091205701008454/0000912057-01-008454-index.html,https://www.sec.gov/Archives/edgar/data/776867/000091205701008454/a2042193z10-k.txt,1620599967,18:39:27,20210509
81,2000-09-30,WTM,USD,2000-11-14 00:00:00,2000-11-14 00:00:00,Q3,391200000.0,0.0,0.0,0.0,0.0,31700000.0,0.0,0.0,157900000.0,157900000.0,-4000000.0,0.0,475200000.0,1.214724,388200000.0,0.9923312883435583,0.0,384200000.0,0.9821063394683026,49700000.0,429500000.0,1.0979038854805725,72.79661,72.79661,5900000.0,5900000.0,https://www.sec.gov/Archives/edgar/data/776867/000091205700049471/0000912057-00-049471-index.html,https://www.sec.gov/Archives/edgar/data/776867/000091205700049471/a2030857z10-q.txt,1620599967,18:39:27,20210509
82,2000-06-30,WTM,USD,2000-08-11 00:00:00,2000-08-11 00:00:00,Q2,-5000000.0,0.0,0.0,0.0,0.0,17200000.0,0.0,0.0,156900000.0,156900000.0,-4100000.0,0.0,-1200000.0,0.24,7000000.0,-1.4,0.0,2900000.0,-0.58,3100000.0,-200000.0,0.04,-0.0339,-0.0339,5900000.0,5900000.0,https://www.sec.gov/Archives/edgar/data/776867/000091205700036604/0000912057-00-036604-index.html,https://www.sec.gov/Archives/edgar/data/776867/000091205700036604/a10-q.txt,1620599967,18:39:27,20210509
83,2000-03-31,WTM,USD,2000-05-12 00:00:00,2000-05-12 00:00:00,Q1,74600000.0,0.0,0.0,0.0,0.0,15600000.0,0.0,0.0,86500000.0,86500000.0,-4100000.0,0.0,-11600000.0,-0.155496,-3400000.0,-0.045576407506702415,0.0,-7500000.0,-0.10053619302949061,-1900000.0,-5600000.0,-0.07506702412868632,-0.94915,-0.94915,5900000.0,5900000.0,https://www.sec.gov/Archives/edgar/data/776867/000091205700023481/0000912057-00-023481-index.html,https://www.sec.gov/Archives/edgar/data/776867/0000912057-00-023481.txt,1620599967,18:39:27,20210509
84,1999-12-31,WTM,USD,1999-12-31,1999-12-31,Q4,0.0,0.0,0.0,0.0,0.0,37200000.0,0.0,0.0,111600000.0,111600000.0,-3700000.0,0.0,10000000.0,0.0,20700000.0,0.0,0.0,17000000.0,0.0,-2700000.0,16400000.0,0.0,2.73333,2.73333,6000000.0,6000000.0,,,1620599967,18:39:27,20210509
85,1999-09-30,WTM,USD,1999-09-30,1999-09-30,Q3,0.0,0.0,0.0,0.0,0.0,15800000.0,0.0,0.0,80600000.0,80600000.0,-2800000.0,0.0,20300000.0,0.0,25900000.0,0.0,0.0,23100000.0,0.0,9000000.0,14100000.0,0.0,2.47368,2.47368,5700000.0,5700000.0,,,1620599967,18:39:27,20210509
86,1999-06-30,WTM,USD,1999-06-30,1999-06-30,Q2,88100000.0,0.0,0.0,0.0,0.0,17400000.0,0.0,0.0,90700000.0,90700000.0,-4000000.0,0.0,113700000.0,1.290579,108800000.0,1.2349602724177071,0.0,104800000.0,1.1895573212258796,41000000.0,76700000.0,0.8706015891032917,12.37097,12.37097,6200000.0,6200000.0,,,1620599967,18:39:27,20210509
87,1999-03-31,WTM,USD,1999-03-31,1999-03-31,Q1,102100000.0,0.0,0.0,0.0,0.0,16900000.0,0.0,0.0,106100000.0,106100000.0,-4200000.0,0.0,15400000.0,0.150833,20800000.0,0.20372184133202742,0.0,16600000.0,0.16258570029382957,5800000.0,13800000.0,0.13516160626836435,2.12308,2.12308,6500000.0,6500000.0,,,1620599967,18:39:27,20210509
88,1998-12-31,WTM,USD,1999-03-30,1999-03-30,Q4,0.0,0.0,0.0,0.0,0.0,23600000.0,0.0,0.0,123100000.0,123100000.0,-4300000.0,0.0,4900000.0,0.0,7400000.0,0.0,0.0,3100000.0,0.0,400000.0,8800000.0,0.0,1.51724,1.51724,5800000.0,5800000.0,https://www.sec.gov/Archives/edgar/data/776867/0001047469-99-012441-index.html,https://www.sec.gov/Archives/edgar/data/776867/,1620599967,18:39:27,20210509
89,1998-09-30,WTM,USD,1998-11-13 00:00:00,1998-11-13 00:00:00,Q3,77800000.0,0.0,0.0,0.0,0.0,10500000.0,0.0,0.0,73000000.0,73000000.0,-3600000.0,0.0,76700000.0,0.985861,78300000.0,1.006426735218509,0.0,74700000.0,0.9601542416452442,26100000.0,54200000.0,0.6966580976863753,8.33846,8.33846,6500000.0,6500000.0,https://www.sec.gov/Archives/edgar/data/776867/000104746998040656/0001047469-98-040656-index.html,https://www.sec.gov/Archives/edgar/data/776867/0001047469-98-040656.txt,1620599967,18:39:27,20210509
90,1998-06-30,WTM,USD,1998-08-13 00:00:00,1998-08-13 00:00:00,Q2,50800000.0,0.0,0.0,0.0,0.0,16600000.0,0.0,0.0,51500000.0,51500000.0,-3200000.0,0.0,4000000.0,0.07874,4000000.0,0.07874015748031496,0.0,800000.0,0.015748031496062992,600000.0,6600000.0,0.12992125984251968,1.01538,1.01538,6500000.0,6500000.0,https://www.sec.gov/Archives/edgar/data/776867/000104746998030942/0001047469-98-030942-index.html,https://www.sec.gov/Archives/edgar/data/776867/0001047469-98-030942.txt,1620599967,18:39:27,20210509
91,1998-03-31,WTM,USD,1998-05-13,1998-05-13,Q1,47300000.0,0.0,0.0,0.0,0.0,16700000.0,0.0,0.0,49400000.0,49400000.0,-2600000.0,0.0,7700000.0,0.162791,3600000.0,0.07610993657505286,0.0,1000000.0,0.021141649048625793,1400000.0,8900000.0,0.18816067653276955,1.50847,1.50847,5900000.0,5900000.0,https://www.sec.gov/Archives/edgar/data/776867/0001047469-98-019752-index.html,https://www.sec.gov/Archives/edgar/data/776867/,1620599967,18:39:27,20210509
92,1997-12-31,WTM,USD,1997-12-31,1997-12-31,Q4,18300000.0,0.0,0.0,0.0,0.0,48900000.0,0.0,4800000.0,77900000.0,77900000.0,36000000.0,0.0,76000000.0,4.153005,4000000.0,0.2185792349726776,0.0,40000000.0,2.185792349726776,14700000.0,25300000.0,1.3825136612021858,3.66667,3.66667,6900000.0,6900000.0,,,1620599967,18:39:27,20210509
93,1997-09-30,WTM,USD,1997-11-12 00:00:00,1997-11-12 00:00:00,Q3,17400000.0,0.0,0.0,0.0,0.0,33800000.0,0.0,6600000.0,65000000.0,65000000.0,10400000.0,24400000.0,37400000.0,2.1494252873563218,13000000.0,0.7471264367816092,0.0,23400000.0,1.3448275862068966,7100000.0,16300000.0,0.9367816091954023,2.29577,2.29577,7100000.0,7100000.0,https://www.sec.gov/Archives/edgar/data/776867/000104746997003917/0001047469-97-003917-index.html,https://www.sec.gov/Archives/edgar/data/776867/0001047469-97-003917.txt,1620599967,18:39:27,20210509
94,1997-06-30,WTM,USD,1997-08-13 00:00:00,1997-08-13 00:00:00,Q2,12000000.0,0.0,0.0,0.0,0.0,34200000.0,0.0,11800000.0,70100000.0,70100000.0,6300000.0,16100000.0,15500000.0,1.2916666666666667,-600000.0,-0.05,0.0,5700000.0,0.475,3200000.0,-3500000.0,-0.2916666666666667,-0.47297,-0.47297,7400000.0,7400000.0,https://www.sec.gov/Archives/edgar/data/776867/000091205797027659/0000912057-97-027659-index.html,https://www.sec.gov/Archives/edgar/data/776867/0000912057-97-027659.txt,1620599967,18:39:27,20210509
95,1997-03-31,WTM,USD,1997-05-13 00:00:00,1997-05-13 00:00:00,Q1,23100000.0,0.0,0.0,0.0,0.0,45400000.0,0.0,0.0,69600000.0,69600000.0,-2000000.0,10900000.0,22200000.0,0.961038961038961,11300000.0,0.48917748917748916,0.0,9300000.0,0.4025974025974026,4400000.0,4900000.0,0.21212121212121213,0.64474,0.64474,7600000.0,7600000.0,https://www.sec.gov/Archives/edgar/data/776867/000095010997003973/0000950109-97-003973-index.html,https://www.sec.gov/Archives/edgar/data/776867/0000950109-97-003973.txt,1620599967,18:39:27,20210509
96,1996-12-31,WTM,USD,1996-12-31,1996-12-31,Q4,18300000.0,0.0,0.0,0.0,0.0,74900000.0,0.0,0.0,108600000.0,108600000.0,-1100000.0,60600000.0,24800000.0,1.355191256830601,-35800000.0,-1.9562841530054644,0.0,-36900000.0,-2.0163934426229506,-5800000.0,-31100000.0,-1.6994535519125684,-3.98718,-3.98718,7800000.0,7800000.0,,,1620599967,18:39:27,20210509
97,1996-09-30,WTM,USD,1996-11-12 00:00:00,1996-11-12 00:00:00,Q3,38600000.0,0.0,0.0,0.0,0.0,48000000.0,0.0,0.0,69700000.0,69700000.0,-13100000.0,17099999.999999996,37300000.0,0.966321243523316,20200000.0,0.5233160621761658,0.0,7100000.0,0.18393782383419688,3400000.0,3700000.0,0.09585492227979274,0.4625,0.4625,8000000.0,8000000.0,https://www.sec.gov/Archives/edgar/data/776867/000095010996007387/0000950109-96-007387-index.html,https://www.sec.gov/Archives/edgar/data/776867/0000950109-96-007387.txt,1620599967,18:39:27,20210509
98,1996-06-30,WTM,USD,1996-08-13 00:00:00,1996-08-13 00:00:00,Q2,37800000.0,0.0,0.0,0.0,0.0,46100000.0,0.0,0.0,63400000.0,63400000.0,-11600000.0,9000000.0,27700000.0,0.7328042328042328,18700000.0,0.4947089947089947,0.0,7100000.0,0.18783068783068782,3600000.0,3500000.0,0.09259259259259259,0.42169,0.42169,8300000.0,8300000.0,https://www.sec.gov/Archives/edgar/data/776867/000095010996005204/0000950109-96-005204-index.html,https://www.sec.gov/Archives/edgar/data/776867/0000950109-96-005204.txt,1620599967,18:39:27,20210509
99,1996-03-31,WTM,USD,1996-05-15 00:00:00,1996-05-15 00:00:00,Q1,49400000.0,0.0,0.0,0.0,0.0,42300000.0,0.0,0.0,55500000.0,55500000.0,14300000.0,-399999.9999999999,31800000.0,0.6437246963562753,32200000.0,0.6518218623481782,0.0,46500000.0,0.9412955465587044,17700000.0,28800000.0,0.582995951417004,3.42857,3.42857,8400000.0,8400000.0,https://www.sec.gov/Archives/edgar/data/776867/000095010996003141/0000950109-96-003141-index.html,https://www.sec.gov/Archives/edgar/data/776867/0000950109-96-003141.txt,1620599967,18:39:27,20210509
100,1995-12-31,WTM,USD,1995-12-31,1995-12-31,Q4,31100000.0,0.0,0.0,0.0,0.0,33100000.0,0.0,0.0,41300000.0,41300000.0,-4500000.0,31200000.000000004,43500000.0,1.3987138263665595,12300000.0,0.3954983922829582,0.0,7800000.0,0.2508038585209003,5400000.0,2400000.0,0.07717041800643087,0.28916,0.28916,8300000.0,8300000.0,,,1620599967,18:39:27,20210509
101,1995-09-30,WTM,USD,1995-11-14 00:00:00,1995-11-14 00:00:00,Q3,30600000.0,0.0,0.0,0.0,0.0,30700000.0,0.0,0.0,30700000.0,30700000.0,-7800000.0,15700000.000000004,33600000.0,1.0980392156862746,17900000.0,0.5849673202614379,0.0,10100000.0,0.3300653594771242,3500000.0,6600000.0,0.21568627450980393,0.80488,0.80488,8200000.0,8200000.0,https://www.sec.gov/Archives/edgar/data/776867/000095010995004723/0000950109-95-004723-index.html,https://www.sec.gov/Archives/edgar/data/776867/0000950109-95-004723.txt,1620599967,18:39:27,20210509
102,1995-06-30,WTM,USD,1995-08-11 00:00:00,1995-08-11 00:00:00,Q2,16900000.0,0.0,0.0,0.0,0.0,76700000.0,0.0,0.0,76700000.0,76700000.0,300000.0,24100000.0,-9300000.0,-0.5502958579881657,-33400000.0,-1.9763313609467457,0.0,-33100000.0,-1.9585798816568047,-10600000.0,43300000.0,2.562130177514793,5.28049,5.28049,8200000.0,8200000.0,https://www.sec.gov/Archives/edgar/data/776867/000093176395000129/0000931763-95-000129-index.html,https://www.sec.gov/Archives/edgar/data/776867/0000931763-95-000129.txt,1620599967,18:39:27,20210509
103,1995-03-31,WTM,USD,1995-05-12 00:00:00,1995-05-12 00:00:00,Q1,62300000.0,0.0,0.0,0.0,0.0,31400000.0,0.0,0.0,31400000.0,31400000.0,5000000.0,15400000.0,60800000.0,0.9759229534510433,45400000.0,0.7287319422150883,0.0,50400000.0,0.8089887640449438,18400000.0,31800000.0,0.5104333868378812,3.57303,3.57303,8900000.0,8900000.0,https://www.sec.gov/Archives/edgar/data/776867/000095010995001806/0000950109-95-001806-index.html,https://www.sec.gov/Archives/edgar/data/776867/0000950109-95-001806.txt,1620599967,18:39:27,20210509
