,date,symbol,reportedCurrency,fillingDate,acceptedDate,period,revenue,costOfRevenue,grossProfit,grossProfitRatio,researchAndDevelopmentExpenses,generalAndAdministrativeExpenses,sellingAndMarketingExpenses,otherExpenses,operatingExpenses,costAndExpenses,interestExpense,depreciationAndAmortization,ebitda,ebitdaratio,operatingIncome,operatingIncomeRatio,totalOtherIncomeExpensesNet,incomeBeforeTax,incomeBeforeTaxRatio,incomeTaxExpense,netIncome,netIncomeRatio,eps,epsdiluted,weightedAverageShsOut,weightedAverageShsOutDil,link,finalLink,timestamp,est_time,est_date
0,2020-06-30,DRD,ZAR,2020-06-30,2020-06-30,Q1,4185000000.0,2937900000.0,1247100000.0,0.29799283154121864,0.0,309900000.0,0.0,2937900000.0,2937900000.0,0.0,0.0,0.0,0.0,0.0,937900000.0,0.2241099163679809,0.0,978900000.0,0.2339068100358423,96150000.0,635000000.0,0.15173237753882915,0.0,0.0,0.0,0.0,,,1620591258,16:14:18,20210509
1,2015-06-30,DRD,ZAR,2015-06-30,2015-06-30,Q1,560298000.0,524831000.0,35467000.0,0.06330024379883561,0.0,8962000.0,0.0,0.0,45000000.0,499531000.0,28803000.0,55100000.0,115867000.0,0.20679531249442262,60767000.0,0.10845478656000913,23553000.0,75695000.0,0.13509775155363754,15699000.0,60007000.0,0.10709836551263792,1.4,1.4,42122821.0,42122821.0,,,1620591258,16:14:18,20210509
2,2014-06-30,DRD,ZAR,2014-06-30,2014-06-30,Q1,447434000.0,411570000.0,35864000.0,0.0801548384789712,0.0,19420000.0,0.0,0.0,39000000.0,373272000.0,0.0,38900000.0,113062000.0,0.25268978218016513,74162000.0,0.16574958541371465,-43353000.0,19325000.0,0.04319072757099371,11948000.0,-4208000.0,-0.009404739022962046,-0.09989834251604374,-0.09989834251604374,42122821.0,42122821.0,,,1620591258,16:14:18,20210509
3,2013-06-30,DRD,ZAR,2013-06-30,2013-06-30,Q1,438096000.0,481277000.0,-43181000.0,-0.09856515466929623,0.0,-27830000.0,0.0,0.0,-136000000.0,357477000.0,31975000.0,40966000.0,121585000.0,0.2775304955991381,80619000.0,0.18402131039772104,-216131000.0,-201359000.0,-0.4596230050034696,-3259000.0,-174506000.0,-0.3983282202987473,-4.142789961764431,-4.142789961764431,42122821.0,42122821.0,,,1620591258,16:14:18,20210509
4,2012-06-30,DRD,ZAR,2012-06-30,2012-06-30,Q1,1633564000.0,1638562000.0,-4998000.0,-0.0030595679140823376,0.0,-26263000.0,0.0,0.0,153000000.0,1522799000.0,8906000.0,27950000.0,138715000.0,0.08491555886393187,110765000.0,0.06780573029278314,6000000.0,124599000.0,0.07627433023744402,-86290000.0,58075000.0,0.03555110176277146,1.3787063311832795,1.3787063311832795,42122821.0,42122821.0,,,1620591258,16:14:18,20210509
5,2011-06-30,DRD,ZAR,2011-06-30,2011-06-30,Q1,630219000.0,774448000.0,-144229000.0,-0.2288553661504969,0.0,-31914000.0,0.0,0.0,89000000.0,646534000.0,-6185000.0,34919000.0,18604000.0,0.02951989705165982,-16315000.0,-0.025887826295303697,-544388000.0,-523126000.0,-0.8300701819526228,-15248000.0,-367915000.0,-0.583789127271631,-8.734339041537602,-8.734339041537602,42122821.0,42122821.0,,,1620591258,16:14:18,20210509
6,2010-06-30,DRD,ZAR,2010-06-30,2010-06-30,Q1,521722000.0,603087000.0,-81365000.0,-0.15595470384610963,0.0,-51074000.0,0.0,0.0,54000000.0,389213000.0,15632000.0,57669000.0,190178000.0,0.36451980173349025,132509000.0,0.25398392247212115,0.0,290926000.0,0.557626475402609,42963000.0,240915000.0,0.46176891141259135,5.719346289746358,5.719346289746358,42122821.0,42122821.0,,,1620591258,16:14:18,20210509
7,2009-06-30,DRD,ZAR,2009-06-30,2009-06-30,Q1,420738000.0,615925000.0,-204687000.0,-0.4864951585071945,0.0,5083000.0,0.0,0.0,58000000.0,577708000.0,31643000.0,-14083000.0,-171053000.0,-0.40655467297938386,-156970000.0,-0.3730825359249699,-19438000.0,-81260000.0,-0.1931368214898583,-123844000.0,37224000.0,0.08847311153259273,0.8837014975801359,0.8837014975801359,42122821.0,42122821.0,,,1620591258,16:14:18,20210509
8,2008-06-30,DRD,ZAR,2008-06-30,2008-06-30,Q1,493083582.1,500041296.78,-6957714.68,-0.014110619238968978,0.0,0.0,0.0,0.0,-89000000.0,451589298.22,90113190.61,0.0,180902325.75,0.3668796372808698,41494283.88,0.08415263737494455,-139408041.87,-40195531.96,-0.08151869869365906,-85401413.16,39792010.22,0.08070033492198075,0.9446663180512055,0.9446663180512055,42122821.0,42122821.0,,,1620591258,16:14:18,20210509
9,2007-06-30,DRD,ZAR,2007-06-30,2007-06-30,Q1,37436523.3,141583234.7,-104146711.4,-2.781954685412788,0.0,0.0,0.0,0.0,84256743.2,225839977.9,15177771.3,174443055.4,-13960399.199999988,-0.37290853875845864,-188403454.6,-5.032610883500499,-233728177.0,-167547609.9,-4.475512016897147,-4283508.6,-139321739.2,-3.7215458840431372,-3.3075120775980316,-3.3075120775980316,42122821.0,42122821.0,,,1620591258,16:14:18,20210509
10,2006-06-30,DRD,ZAR,2006-06-30,2006-06-30,Q1,651730846.9,0.0,0.0,0.0,0.0,0.0,0.0,0.0,0.0,0.0,0.0,0.0,-1125867213.58,-1.7275033381268667,-1125867213.58,-1.7275033381268667,0.0,0.0,0.0,0.0,-78193683.6,-0.11997849107792476,-1.8563258999201406,-1.8563258999201406,42122821.0,42122821.0,,,1620591258,16:14:18,20210509
11,2005-06-30,DRD,ZAR,2005-06-30,2005-06-30,Q1,543198484.09,0.0,0.0,0.0,0.0,0.0,0.0,0.0,0.0,0.0,0.0,0.0,-539701075.83,-0.9935614543073347,-539701075.83,-0.9935614543073347,0.0,0.0,0.0,0.0,-44886859.39,-0.08263436056011325,-1.065618548909628,-1.065618548909628,42122821.0,42122821.0,,,1620591258,16:14:18,20210509
12,2004-06-30,DRD,ZAR,2004-06-30,2004-06-30,Q1,467403355.6,411063997.2,56339358.4,0.12053691469047724,0.0,0.0,0.0,0.0,174645842.7,585709839.9,-4225634.8,0.0,-17144211.8,-0.03667969344805448,-118306484.3,-0.253114323811671,-35612517.75,-96284971.1,-0.2059997429338096,106805853.5,-257303757.5,-0.5504961708494845,-6.108417038355527,-6.108417038355527,42122821.0,42122821.0,,,1620591258,16:14:18,20210509
13,2003-06-30,DRD,ZAR,2003-06-30,2003-06-30,Q1,421538010.32,419062068.78,2475941.54,0.005873590232397907,0.0,0.0,0.0,0.0,112626919.37,531688988.15,0.0,0.0,-69336155.26,-0.1644837560612036,-110150977.83,-0.2613073439009252,-15128622.51,-15608167.08,-0.03702671336364531,159494673.95,-232939466.78,-0.5525942170746829,-5.530006330297773,-5.530006330297773,42122821.0,42122821.0,,,1620591258,16:14:18,20210509
14,2002-06-30,DRD,ZAR,2002-06-30,2002-06-30,Q1,973927800.0,486292350.0,487635450.0,0.5006895274988556,0.0,123728100.0,0.0,0.0,1869614700.0,2355907050.0,-3627750.0,0.0,73059450.0,0.07501526293838208,-1381979250.0,-1.418975051333374,-1399272750.0,-1116889950.0,-1.1467892691840196,-478749900.0,-631345050.0,-0.6482462560366384,-14.988194878970713,-14.988194878970713,42122821.0,42122821.0,,,1620591258,16:14:18,20210509
15,2001-06-30,DRD,ZAR,2001-06-30,2001-06-30,Q1,414218367.5,377349640.0,36868727.5,0.08900794941209361,0.0,199406950.0,0.0,0.0,337992060.0,715341700.0,-6412490.0,0.0,-140884520.0,-0.34012137329955555,-301123332.5,-0.7269676000062938,-140830865.0,-165185247.5,-0.3987878386392414,-51782677.5,-113402570.0,-0.27377484654878326,-2.692188398303143,-2.692188398303143,42122821.0,42122821.0,,,1620591258,16:14:18,20210509
16,2000-06-30,DRD,ZAR,2000-06-30,2000-06-30,Q1,492226646.9,0.0,0.0,0.0,0.0,0.0,0.0,0.0,0.0,0.0,0.0,0.0,-1798900565.26,-3.654618409200959,-1798900565.26,-3.654618409200959,0.0,0.0,0.0,0.0,-210125686.86,-0.42688807723708794,-4.988404904315407,-4.988404904315407,42122821.0,42122821.0,,,1620591258,16:14:18,20210509
17,1999-06-30,DRD,ZAR,1999-06-30,1999-06-30,Q1,263839605.0,0.0,0.0,0.0,0.0,0.0,0.0,0.0,0.0,0.0,0.0,0.0,-858935193.0,-3.255520311289126,-858935193.0,-3.255520311289126,0.0,0.0,0.0,0.0,-11220144.0,-0.042526382648276025,-0.26636734515003163,-0.26636734515003163,42122821.0,42122821.0,,,1620591258,16:14:18,20210509
18,1998-06-30,DRD,ZAR,1998-06-30,1998-06-30,Q1,178033300.0,0.0,0.0,0.0,0.0,0.0,0.0,0.0,0.0,0.0,0.0,0.0,-636033800.0,-3.572555246686996,-636033800.0,-3.572555246686996,0.0,0.0,0.0,0.0,-30748450.0,-0.1727117904347108,-0.7299712903843738,-0.7299712903843738,42122821.0,42122821.0,,,1620591258,16:14:18,20210509
19,1997-06-30,DRD,ZAR,1997-06-30,1997-06-30,Q1,74536800.0,0.0,0.0,0.0,0.0,0.0,0.0,0.0,0.0,0.0,0.0,0.0,-234296700.0,-3.14336944972148,-234296700.0,-3.14336944972148,0.0,0.0,0.0,0.0,-2434750.0,-0.03266507282308873,-0.057801209467903396,-0.057801209467903396,42122821.0,42122821.0,,,1620591258,16:14:18,20210509
