,date,symbol,reportedCurrency,fillingDate,acceptedDate,period,revenue,costOfRevenue,grossProfit,grossProfitRatio,researchAndDevelopmentExpenses,generalAndAdministrativeExpenses,sellingAndMarketingExpenses,otherExpenses,operatingExpenses,costAndExpenses,interestExpense,depreciationAndAmortization,ebitda,ebitdaratio,operatingIncome,operatingIncomeRatio,totalOtherIncomeExpensesNet,incomeBeforeTax,incomeBeforeTaxRatio,incomeTaxExpense,netIncome,netIncomeRatio,eps,epsdiluted,weightedAverageShsOut,weightedAverageShsOutDil,link,finalLink,timestamp,est_time,est_date
0,2021-03-31,ECOL,USD,2021-05-03,2021-05-03 13:37:12,Q1,228619000.0,175746000.0,52873000.0,0.23127124167282684,0.0,0.0,0.0,3710000.0,51368000.0,227114000.0,7357000.0,27369000.0,28874000.0,0.1262974643402342,1505000.0,-0.009797960799408622,3339000.0,-2240000.0,-0.009797960799408622,-1444000.0,-796000.0,-0.0034817753555041356,-0.03,-0.03,31104000.0,31104000.0,https://www.sec.gov/Archives/edgar/data/1783400/000155837021005500/0001558370-21-005500-index.htm,https://www.sec.gov/Archives/edgar/data/1783400/000155837021005500/ecol-20210331x10q.htm,1620591438,16:17:18,20210509
1,2020-12-31,ECOL,USD,2021-03-01,2021-03-01,Q4,241074000.0,174001000.0,67073000.0,0.27822577299916207,0.0,-99545000.0,0.0,406000.0,51632000.0,225633000.0,7468000.0,21262000.0,36703000.0,0.15224785750433475,15441000.0,0.06405087234625052,-105173000.0,-97193000.0,-0.40316666251856276,-4784000.0,-92409000.0,-0.38332213345279875,-2.97,-2.97,31078000.0,31078000.0,https://www.sec.gov/Archives/edgar/data/1783400/000155837021002040/0001558370-21-002040-index.htm,https://www.sec.gov/Archives/edgar/data/1783400/000155837021002040/ecol-20201231x10k.htm,1620591438,16:17:18,20210509
2,2020-06-30,ECOL,USD,2020-08-07,2020-08-07,Q2,213918000.0,160107000.0,53811000.0,0.25154965921521333,0.0,48487000.0,0.0,125000.0,48487000.0,208594000.0,7853000.0,27611000.0,32935000.0,0.15396086350844715,5324000.0,0.02488804121205322,-546000.0,-2922000.0,-0.01365943959835077,2261000.0,-5183000.0,-0.02422891014313896,-0.17,-0.17,31054000.0,31054000.0,https://www.sec.gov/Archives/edgar/data/1783400/000155837020009946/0001558370-20-009946-index.htm,https://www.sec.gov/ix?doc=/Archives/edgar/data/1783400/000155837020009946/ecol-20200630x10q.htm,1620591438,16:17:18,20210509
3,2020-03-31,ECOL,USD,2020-05-11 00:00:00,2020-05-11 12:58:39,Q1,240720000.0,179598000.0,61122000.0,0.25391326021934196,0.0,51058000.0,0.0,171000.0,51058000.0,230656000.0,9310000.0,27419000.0,37483000.0,0.15571203057494185,10064000.0,0.04180790960451977,-299192000.0,-298349000.0,-1.2394026254569623,-263000.0,-298086000.0,-1.2383100697906282,-9.52,-9.52,31305000.0,31305000.0,https://www.sec.gov/Archives/edgar/data/1783400/000155837020006169/0001558370-20-006169-index.html,https://www.sec.gov/Archives/edgar/data/1783400/000155837020006169/ecol-20200511x10q.htm,1620591438,16:17:18,20210509
4,2019-12-31,ECOL,USD,2020-03-02 00:00:00,2020-03-02 12:02:22,Q4,231268000.0,162798000.0,68470000.0,0.29606344154833353,0.0,63440000.0,0.0,113000.0,63440000.0,226238000.0,7730000.0,21658000.0,26688000.0,0.11539858519120674,5030000.0,0.021749658404967398,-7000.0,-2669000.0,-0.011540723316671567,795000.0,-3464000.0,-0.014978293581472577,-0.12,-0.12,27916000.0,27916000.0,https://www.sec.gov/Archives/edgar/data/1783400/000155837020001841/0001558370-20-001841-index.html,https://www.sec.gov/Archives/edgar/data/1783400/000155837020001841/ecol-20191231x10k1a8e4f.htm,1620591438,16:17:18,20210509
5,2019-06-30,ECOL,USD,2019-06-30,2019-06-30,Q2,155802000.0,106219000.0,49583000.0,0.31824366824559375,0.0,0.0,0.0,122000.0,24049000.0,130268000.0,3588000.0,11992000.0,37526000.0,0.2408569851478158,25534000.0,0.16388749823493923,-262000.0,21886000.0,0.14047316465770657,6395000.0,15491000.0,0.09942747846625846,0.7,0.7,22006000.0,22208000.0,,,1620591438,16:17:18,20210509
6,2019-03-31,ECOL,USD,2019-03-31,2019-03-31,Q1,131037000.0,95796000.0,35241000.0,0.26893930721857184,0.0,0.0,0.0,110000.0,20305000.0,116101000.0,4030000.0,10936000.0,25872000.0,0.19744041759197783,14936000.0,0.11398307348306204,-29000.0,11084000.0,0.08458679609575921,3041000.0,8043000.0,0.06137961033906454,0.37,0.36,21987000.0,22197000.0,,,1620591438,16:17:18,20210509
7,2018-12-31,ECOL,USD,2018-12-31,2018-12-31,Q4,157541000.0,111866000.0,45675000.0,0.2899245275832958,0.0,0.0,0.0,137000.0,25303000.0,137169000.0,3348000.0,10936000.0,31308000.0,0.19872921969519045,20372000.0,0.12931236947842148,648000.0,17790000.0,0.11292298512768105,4085000.0,13705000.0,0.08699322715991392,0.64,0.62,21957000.0,22109000.0,,,1620591438,16:17:18,20210509
8,2018-06-30,ECOL,USD,2018-06-30,2018-06-30,Q2,136912000.0,95464000.0,41448000.0,0.30273460324880214,0.0,0.0,0.0,193000.0,21156000.0,116620000.0,2907000.0,9340000.0,29632000.0,0.2164309921701531,20292000.0,0.14821199018347553,54000.0,17478000.0,0.12765864204744654,4258000.0,13220000.0,0.09655837326165713,0.6,0.6,21867000.0,22024000.0,,,1620591438,16:17:18,20210509
9,2018-03-31,ECOL,USD,2018-03-31,2018-03-31,Q1,120059000.0,84388000.0,35671000.0,0.2971122531422051,0.0,0.0,0.0,2123000.0,22232000.0,106620000.0,2809000.0,8907000.0,22346000.0,0.18612515513206007,13439000.0,0.11193663115634812,2109000.0,12763000.0,0.10630606618412614,3520000.0,9243000.0,0.07698714798557375,0.42,0.42,21801000.0,21957000.0,,,1620591438,16:17:18,20210509
10,2017-12-31,ECOL,USD,2017-12-31,2017-12-31,Q4,133697000.0,86072000.0,47625000.0,0.35621592107526723,0.0,0.0,0.0,254000.0,22308000.0,108380000.0,2770000.0,9597000.0,34914000.0,0.2611427331952101,25317000.0,0.18936101782388534,-8654000.0,13906000.0,0.1040113091542817,-16860000.0,30766000.0,0.23011735491447077,1.42,1.4,21780000.0,21930000.0,,,1620591438,16:17:18,20210509
11,2017-06-30,ECOL,USD,2017-06-30,2017-06-30,Q2,126057000.0,90161000.0,35896000.0,0.28476006885773897,0.0,0.0,0.0,166000.0,20000000.0,110161000.0,8474000.0,9604000.0,25500000.0,0.20228944049120637,15896000.0,0.12610168415875359,324000.0,7767000.0,0.06161498369785097,2718000.0,5049000.0,0.04005330921725886,0.23,0.23,21751000.0,21890000.0,,,1620591438,16:17:18,20210509
12,2017-03-31,ECOL,USD,2017-03-31,2017-03-31,Q1,110234000.0,78361000.0,31873000.0,0.28913946695212006,0.0,0.0,0.0,137000.0,19714000.0,98075000.0,4130000.0,9303000.0,21462000.0,0.19469492171199448,12159000.0,0.11030172179182467,225000.0,8264000.0,0.07496779577988642,3079000.0,5185000.0,0.047036304588420993,0.24,0.24,21725000.0,21845000.0,,,1620591438,16:17:18,20210509
13,2016-12-31,ECOL,USD,2016-12-31,2016-12-31,Q4,117172000.0,81045000.0,36127000.0,0.3083245143891032,0.0,0.0,0.0,-1883000.0,19883000.0,100928000.0,4167000.0,9411000.0,25655000.0,0.21895162666848736,16244000.0,0.13863380329771618,-179000.0,11904000.0,0.10159423753115078,4221000.0,7683000.0,0.06557027276141057,0.35364787111622553,0.35364787111622553,21725000.0,21725000.0,,,1620591438,16:17:18,20210509
14,2016-06-30,ECOL,USD,2016-06-30,2016-06-30,Q2,122351000.0,85445000.0,36906000.0,0.3016403625634445,0.0,0.0,0.0,2330000.0,19819000.0,105264000.0,4303000.0,8848000.0,25935000.0,0.2119721130191008,17087000.0,0.13965558107412282,1987000.0,14804000.0,0.12099615041969417,5866000.0,8938000.0,0.07305212053845085,0.41,0.41,21700000.0,21790000.0,,,1620591438,16:17:18,20210509
15,2016-03-31,ECOL,USD,2016-03-31,2016-03-31,Q1,113318000.0,78110000.0,35208000.0,0.3107008595280538,0.0,0.0,0.0,169000.0,19425000.0,97535000.0,4559000.0,8514000.0,24297000.0,0.21441430311159745,15783000.0,0.13928060855292188,928000.0,12201000.0,0.10767044953140718,4684000.0,7517000.0,0.06633544538378722,0.35,0.35,21684000.0,21745000.0,,,1620591438,16:17:18,20210509
16,2015-12-31,ECOL,USD,2015-12-31,2015-12-31,Q4,138273000.0,94117000.0,44156000.0,0.3193392780947835,0.0,0.0,0.0,111000.0,22004000.0,116121000.0,7162000.0,8954000.0,31106000.0,0.22496076602084283,22152000.0,0.1602048122193053,-858000.0,14133000.0,0.10221084376559415,6429000.0,7704000.0,0.055715866438133255,0.35528500276701713,0.35528500276701713,21684000.0,21684000.0,,,1620591438,16:17:18,20210509
17,2015-06-30,ECOL,USD,2015-06-30,2015-06-30,Q2,139732000.0,98262000.0,41470000.0,0.2967824120459165,0.0,0.0,0.0,233000.0,22675000.0,120937000.0,5433000.0,10960000.0,29755000.0,0.21294334869607534,18795000.0,0.1345074857584519,-6175000.0,7193000.0,0.05147711333123408,5055000.0,2138000.0,0.015300718518306472,0.1,0.1,21617000.0,21748000.0,,,1620591438,16:17:18,20210509
18,2015-03-31,ECOL,USD,2015-03-31,2015-03-31,Q1,136651000.0,96807000.0,39844000.0,0.2915748878529978,0.0,0.0,0.0,536000.0,24893000.0,121700000.0,5694000.0,10781000.0,25732000.0,0.1883045129563633,14951000.0,0.10941010310938083,-531000.0,8767000.0,0.06415613497156991,2902000.0,5865000.0,0.042919554192797714,0.27,0.27,21583000.0,21689000.0,,,1620591438,16:17:18,20210509
19,2014-12-31,ECOL,USD,2014-12-31,2014-12-31,Q4,157139000.0,111405000.0,45734000.0,0.29104168920509865,0.0,0.0,0.0,149000.0,26623000.0,138028000.0,5189000.0,10614000.0,29725000.0,0.18916373401892592,19111000.0,0.12161843972533871,-323000.0,13612000.0,0.08662394440590815,4934000.0,8678000.0,0.055224991886164476,0.4,0.4,21571000.0,21673000.0,,,1620591438,16:17:18,20210509
20,2014-06-30,ECOL,USD,2014-06-30,2014-06-30,Q2,66024000.0,40777000.0,25247000.0,0.3823912516660608,0.0,0.0,0.0,166000.0,14225000.0,55002000.0,858000.0,5441000.0,16463000.0,0.24934872167696595,11022000.0,0.1669392948018902,909000.0,11112000.0,0.168302435478008,4247000.0,6865000.0,0.10397734157276142,0.32,0.32,21528000.0,21667000.0,,,1620591438,16:17:18,20210509
21,2014-03-31,ECOL,USD,2014-03-31,2014-03-31,Q1,53354000.0,31234000.0,22120000.0,0.4145893466281816,0.0,0.0,0.0,86000.0,6636000.0,37870000.0,86000.0,4191000.0,19675000.0,0.3687633542002474,15484000.0,0.2902125426397271,-854000.0,14588000.0,0.27341905011807927,5227000.0,9361000.0,0.1754507628294036,0.44,0.43,21475000.0,21586000.0,,,1620591438,16:17:18,20210509
22,2013-12-31,ECOL,USD,2013-12-31,2013-12-31,Q4,59360000.0,36304000.0,23056000.0,0.38840970350404314,0.0,0.0,0.0,84000.0,7702000.0,44006000.0,177000.0,4392000.0,19746000.0,0.3326482479784367,15354000.0,0.2586590296495957,-795000.0,14390000.0,0.24241913746630728,5183000.0,9207000.0,0.1551044474393531,0.42873108265424914,0.42873108265424914,21475000.0,21475000.0,,,1620591438,16:17:18,20210509
23,2013-06-30,ECOL,USD,2013-06-30,2013-06-30,Q2,45777000.0,26849000.0,18928000.0,0.41348275334775103,0.0,0.0,0.0,94000.0,6519000.0,33368000.0,222000.0,3994000.0,16403000.0,0.3583240491950106,12409000.0,0.27107499399261636,-1099000.0,11090000.0,0.24226139764510563,3880000.0,7210000.0,0.15750267601634008,0.39,0.39,18401000.0,18483000.0,,,1620591438,16:17:18,20210509
24,2013-03-31,ECOL,USD,2013-03-31,2013-03-31,Q1,42899000.0,27517000.0,15382000.0,0.35856313666985246,0.0,0.0,0.0,97000.0,5726000.0,33243000.0,221000.0,3806000.0,13462000.0,0.31380684864449054,9656000.0,0.22508683186088255,-841000.0,8599000.0,0.20044756288025362,3193000.0,5406000.0,0.12601692347140958,0.3,0.29,18320000.0,18407000.0,,,1620591438,16:17:18,20210509
25,2012-12-31,ECOL,USD,2012-12-31,2012-12-31,Q4,50406000.0,32100000.0,18306000.0,0.36317105106534936,0.0,0.0,0.0,0.0,7492000.0,39592000.0,219000.0,4067000.0,14881000.0,0.2952227909375868,10814000.0,0.21453795183113122,-506000.0,10093000.0,0.2002340991151847,3981000.0,6112000.0,0.12125540610244812,0.33362445414847164,0.33362445414847164,18320000.0,18320000.0,,,1620591438,16:17:18,20210509
26,2012-06-30,ECOL,USD,2012-06-30,2012-06-30,Q2,39980000.0,22654000.0,17326000.0,0.43336668334167083,0.0,0.0,0.0,0.0,6366000.0,29020000.0,204000.0,3945000.0,14905000.0,0.37281140570285143,10960000.0,0.2741370685342671,-399000.0,10361000.0,0.2591545772886443,3999000.0,6362000.0,0.1591295647823912,0.35,0.35,18228000.0,18264000.0,,,1620591438,16:17:18,20210509
27,2012-03-31,ECOL,USD,2012-03-31,2012-03-31,Q1,33013000.0,20937000.0,12076000.0,0.36579529276345685,0.0,0.0,0.0,0.0,5605000.0,26542000.0,224000.0,3573000.0,10044000.0,0.3042437827522491,6471000.0,0.1960136915760458,1171000.0,7423000.0,0.22485081634507617,2900000.0,4523000.0,0.13700663375034078,0.25,0.25,18218000.0,18254000.0,,,1620591438,16:17:18,20210509
28,2011-12-31,ECOL,USD,2011-12-31,2011-12-31,Q4,41567000.0,25536000.0,16031000.0,0.3856665143022109,0.0,0.0,0.0,0.0,5628000.0,31164000.0,327000.0,4365000.0,14768000.0,0.3552818341472803,10403000.0,0.2502706473885534,968000.0,11049000.0,0.265811821877932,4350000.0,6699000.0,0.16116149830394302,0.3677132506312438,0.3677132506312438,18218000.0,18218000.0,,,1620591438,16:17:18,20210509
29,2011-06-30,ECOL,USD,2011-06-30,2011-06-30,Q2,39537000.0,26459000.0,13078000.0,0.3307787641955636,0.0,0.0,0.0,0.0,5324000.0,31783000.0,436000.0,0.0,11025000.0,0.2788527202367403,7754000.0,0.1961200900422389,291000.0,7614000.0,0.19257910311859777,2929000.0,4685000.0,0.11849659812327692,0.26,0.26,18193000.0,18219000.0,,,1620591438,16:17:18,20210509
30,2011-03-31,ECOL,USD,2011-03-31,2011-03-31,Q1,34143000.0,24674000.0,9469000.0,0.2773335676419764,0.0,0.0,0.0,0.0,4828000.0,29502000.0,446000.0,0.0,8409000.0,0.246287672436517,4641000.0,0.13592830155522362,1349000.0,5554000.0,0.1626687754444542,2294000.0,3260000.0,0.09548077204697888,0.18,0.18,18186000.0,18210000.0,,,1620591438,16:17:18,20210509
31,2010-12-31,ECOL,USD,2010-12-31,2010-12-31,Q4,39480000.0,24559000.0,14921000.0,0.3779381965552178,0.0,0.0,0.0,0.0,7795000.0,32354000.0,319000.0,0.0,10407000.0,0.2636018237082067,7126000.0,0.18049645390070923,1958000.0,8769000.0,0.22211246200607904,4236000.0,4533000.0,0.1148176291793313,0.0,0.0,0.0,0.0,,,1620591438,16:17:18,20210509
32,2010-06-30,ECOL,USD,2010-06-30,2010-06-30,Q2,19832000.0,12689000.0,7143000.0,0.3601754739814441,0.0,0.0,0.0,0.0,3343000.0,16032000.0,0.0,0.0,5662000.0,0.2854981847519161,3800000.0,0.19160951996772893,49000.0,3866000.0,0.19493747478822104,1543000.0,2323000.0,0.11713392496974587,0.13,0.13,18166000.0,18187000.0,,,1620591438,16:17:18,20210509
33,2010-03-31,ECOL,USD,2010-03-31,2010-03-31,Q1,19540000.0,12965000.0,6575000.0,0.336489252814739,0.0,0.0,0.0,0.0,3567000.0,16532000.0,1000.0,0.0,4814000.0,0.24636642784032753,3008000.0,0.15394063459570112,41000.0,3062000.0,0.15670419651995907,1272000.0,1790000.0,0.09160696008188332,0.1,0.1,18163000.0,18185000.0,,,1620591438,16:17:18,20210509
34,2009-12-31,ECOL,USD,2009-12-31,2009-12-31,Q4,23648000.0,16013000.0,7635000.0,0.32286028416779433,0.0,0.0,0.0,0.0,3660000.0,19673000.0,0.0,0.0,6758000.0,0.2857746955345061,3975000.0,0.1680903247631935,42000.0,4691000.0,0.19836772665764546,2047000.0,2644000.0,0.1118064952638701,0.0,0.0,0.0,0.0,,,1620591438,16:17:18,20210509
35,2009-06-30,ECOL,USD,2009-06-30,2009-06-30,Q2,36377000.0,27265000.0,9112000.0,0.25048794567996263,0.0,0.0,0.0,0.0,3396000.0,30661000.0,0.0,0.0,8109000.0,0.2229155785248921,5716000.0,0.15713225389669297,91000.0,5844000.0,0.16065096077191632,2326000.0,3518000.0,0.09670945927371691,0.19,0.19,18145000.0,18175000.0,,,1620591438,16:17:18,20210509
36,2009-03-31,ECOL,USD,2009-03-31,2009-03-31,Q1,34965000.0,25419000.0,9546000.0,0.273015873015873,0.0,0.0,0.0,0.0,3573000.0,28992000.0,1000.0,0.0,8307000.0,0.2375804375804376,5973000.0,0.17082797082797083,33000.0,6053000.0,0.17311597311597313,2409000.0,3644000.0,0.10421850421850422,0.2,0.2,18143000.0,18176000.0,,,1620591438,16:17:18,20210509
37,2008-12-31,ECOL,USD,2008-12-31,2008-12-31,Q4,44041000.0,31643000.0,12398000.0,0.28151041075361594,0.0,0.0,0.0,0.0,4060000.0,35703000.0,0.0,0.0,11434000.0,0.2596217161281533,8338000.0,0.1893235848413978,69000.0,8507000.0,0.19316091823528075,3258000.0,5249000.0,0.11918439635793919,0.0,0.0,0.0,0.0,,,1620591438,16:17:18,20210509
38,2008-06-30,ECOL,USD,2008-06-30,2008-06-30,Q2,44516000.0,30938000.0,13578000.0,0.3050139275766017,0.0,0.0,0.0,0.0,3732000.0,34670000.0,0.0,2833000.0,12679000.0,0.28481894150417825,9846000.0,0.2211789019678318,94000.0,10048000.0,0.22571659627998922,3938000.0,6110000.0,0.1372540210261479,0.34,0.33,18232000.0,18295000.0,,,1620591438,16:17:18,20210509
39,2008-03-31,ECOL,USD,2008-03-31,2008-03-31,Q1,46219000.0,32775000.0,13444000.0,0.2908760466474826,0.0,0.0,0.0,0.0,3919000.0,36694000.0,0.0,2838000.0,12363000.0,0.26748739695796103,9525000.0,0.2060840779765897,65000.0,9652000.0,0.20883186568294423,3784000.0,5868000.0,0.12696077370778253,0.32,0.32,18229000.0,18277000.0,,,1620591438,16:17:18,20210509
40,2007-12-31,ECOL,USD,2007-12-31,2007-12-31,Q4,45862000.0,33784000.0,12078000.0,0.2633552832410274,0.0,0.0,0.0,0.0,3937000.0,37721000.0,0.0,2970000.0,11111000.0,0.24227028912825432,8141000.0,0.17751079324931315,60000.0,8382000.0,0.1827656883694562,3523000.0,4859000.0,0.10594827962147312,0.0,0.0,0.0,0.0,,,1620591438,16:17:18,20210509
41,2007-06-30,ECOL,USD,2007-06-30,2007-06-30,Q2,41267000.0,29614000.0,11653000.0,0.28238059466401727,0.0,0.0,0.0,0.0,3474000.0,33088000.0,1000.0,2330000.0,10509000.0,0.2546586861172365,8179000.0,0.1981971066469576,48000.0,8376000.0,0.20297089684251338,3292000.0,5084000.0,0.12319771245789614,0.28,0.28,18216000.0,18254000.0,,,1620591438,16:17:18,20210509
42,2007-03-31,ECOL,USD,2007-03-31,2007-03-31,Q1,38964000.0,27450000.0,11514000.0,0.29550354173082843,0.0,0.0,0.0,0.0,3599000.0,31049000.0,0.0,2351000.0,10266000.0,0.2634739759778257,7915000.0,0.20313622831331485,4000.0,8129000.0,0.20862847756903807,3194000.0,4935000.0,0.12665537419156145,0.27,0.27,18209000.0,18253000.0,,,1620591438,16:17:18,20210509
43,2006-12-31,ECOL,USD,2006-12-31,2006-12-31,Q4,37928000.0,28481000.0,9447000.0,0.24907719890318497,0.0,0.0,0.0,0.0,3389000.0,31870000.0,0.0,2297000.0,8355000.0,0.22028580468255643,6058000.0,0.15972368698586797,129000.0,6410000.0,0.16900442944526473,2620000.0,3790000.0,0.0999261759122548,0.0,0.0,0.0,0.0,,,1620591438,16:17:18,20210509
44,2006-06-30,ECOL,USD,2006-06-30,2006-06-30,Q2,29924000.0,19399000.0,10525000.0,0.35172436839994653,0.0,0.0,0.0,0.0,3061000.0,22460000.0,0.0,1992000.0,9456000.0,0.316000534687876,7464000.0,0.24943189413180056,174000.0,7842000.0,0.2620638952011763,2915000.0,4927000.0,0.1646504478010961,0.27,0.27,18248148.0,18248148.0,,,1620591438,16:17:18,20210509
45,2006-03-31,ECOL,USD,2006-03-31,2006-03-31,Q1,21522000.0,11812000.0,9710000.0,0.4511662484899173,0.0,0.0,0.0,0.0,3483000.0,15295000.0,0.0,1854000.0,8081000.0,0.37547625685345226,6227000.0,0.2893318464826689,284000.0,6698000.0,0.31121642969984203,2519000.0,4179000.0,0.1941734039587399,0.23,0.23,18169565.0,18169565.0,,,1620591438,16:17:18,20210509
46,2005-12-31,ECOL,USD,2005-12-31,2005-12-31,Q4,23263000.0,15256000.0,8007000.0,0.3441946438550488,0.0,0.0,0.0,0.0,2671000.0,17927000.0,33000.0,1924000.0,7260000.0,0.312083566178051,5336000.0,0.22937712246915704,816000.0,5481000.0,0.23561019644929718,2341000.0,3140000.0,0.13497829170786227,0.0,0.0,0.0,0.0,,,1620591438,16:17:18,20210509
47,2005-06-30,ECOL,USD,2005-06-30,2005-06-30,Q2,18779000.0,9559000.0,9220000.0,0.490973960274775,0.0,0.0,0.0,0.0,3358000.0,12917000.0,48000.0,1690000.0,7552000.0,0.4021513392619415,5862000.0,0.31215719686884286,22000.0,5929000.0,0.3157250119814687,2223000.0,3706000.0,0.19734810160285426,0.21,0.21,17647619.0,17647619.0,,,1620591438,16:17:18,20210509
48,2005-03-31,ECOL,USD,2005-03-31,2005-03-31,Q1,12554000.0,8713000.0,3841000.0,0.3059582603154373,0.0,0.0,0.0,0.0,2473000.0,11186000.0,0.0,1376000.0,2744000.0,0.2185757527481281,1368000.0,0.10896925282778397,58000.0,1423000.0,0.11335032658913494,567000.0,856000.0,0.068185438903935,0.05,0.05,17120000.0,17120000.0,,,1620591438,16:17:18,20210509
49,2004-12-31,ECOL,USD,2004-12-31,2004-12-31,Q4,13538000.0,8440000.0,5098000.0,0.3765696557837199,0.0,0.0,0.0,0.0,1705000.0,10145000.0,0.0,1449000.0,4842000.0,0.3576599202245531,3393000.0,0.25062786231348794,731000.0,3715000.0,0.27441276407150245,458000.0,3236000.0,0.2390308760525927,0.0,0.0,0.0,0.0,,,1620591438,16:17:18,20210509
50,2004-06-30,ECOL,USD,2004-06-30,2004-06-30,Q2,13795000.0,7449000.0,6346000.0,0.46002174700978615,0.0,0.0,0.0,0.0,2578000.0,10027000.0,0.0,1541000.0,5309000.0,0.38484958318231244,3768000.0,0.27314244291409934,20000.0,3784000.0,0.2743022834360275,-11338000.0,16042000.0,1.1628851032982965,0.93,0.9,17249462.0,17824444.0,,,1620591438,16:17:18,20210509
51,2004-03-31,ECOL,USD,2004-03-31,2004-03-31,Q1,13905000.0,7612000.0,6293000.0,0.4525710176195613,0.0,0.0,0.0,0.0,2872000.0,10484000.0,49000.0,1488000.0,4909000.0,0.35303847536857247,3421000.0,0.24602660913340524,45000.0,3453000.0,0.2483279395900755,1164000.0,2438000.0,0.17533261416756563,0.14,0.14,17414286.0,17414286.0,,,1620591438,16:17:18,20210509
52,2003-12-31,ECOL,USD,2003-12-31,2003-12-31,Q4,16932000.0,11056000.0,5876000.0,0.34703519962201745,0.0,0.0,0.0,0.0,2731000.0,13787000.0,47000.0,1649000.0,4794000.0,0.28313253012048195,3145000.0,0.1857429718875502,11000.0,3122000.0,0.18438459721237893,-1000.0,3084000.0,0.18214032600992205,0.0,0.0,0.0,0.0,,,1620591438,16:17:18,20210509
53,2003-06-30,ECOL,USD,2003-06-30,2003-06-30,Q2,12020000.0,6056000.0,5964000.0,0.4961730449251248,0.0,0.0,0.0,0.0,3289000.0,9345000.0,0.0,1997000.0,4672000.0,0.3886855241264559,2675000.0,0.22254575707154742,115000.0,2752000.0,0.22895174708818636,63000.0,2013000.0,0.16747088186356074,0.12,0.11,16775000.0,18300000.0,,,1620591438,16:17:18,20210509
54,2003-03-31,ECOL,USD,2003-03-31,2003-03-31,Q1,10771000.0,5984000.0,4787000.0,0.4444341286788599,0.0,0.0,0.0,0.0,4497000.0,10481000.0,0.0,1707000.0,1997000.0,0.18540525485098877,290000.0,0.026924148175656856,-20951000.0,-20782000.0,-1.9294401634017269,-8000.0,-17167000.0,-1.593816730108625,-1.11,-1.11,15523423.0,15523423.0,,,1620591438,16:17:18,20210509
55,2002-12-31,ECOL,USD,2002-12-31,2002-12-31,Q4,-4143000.0,-6566000.0,2423000.0,-0.5848419020033792,0.0,0.0,0.0,0.0,370000.0,-6196000.0,0.0,1117000.0,3170000.0,-0.7651460294472604,2053000.0,-0.49553463673666426,-130000.0,1854000.0,-0.44750181028240404,-8279000.0,-3513000.0,0.8479362780593772,0.0,0.0,0.0,0.0,,,1620591438,16:17:18,20210509
56,2002-06-30,ECOL,USD,2002-06-30,2002-06-30,Q2,16781000.0,10858000.0,5923000.0,0.3529587032953936,0.0,0.0,0.0,0.0,3441000.0,14299000.0,236000.0,1791000.0,4273000.0,0.2546332161372981,2482000.0,0.14790536916751088,-71000.0,2175000.0,0.1296108694356713,0.0,2175000.0,0.1296108694356713,0.14,0.12,14828571.0,17300000.0,,,1620591438,16:17:18,20210509
57,2002-03-31,ECOL,USD,2002-03-31,2002-03-31,Q1,18377000.0,9241000.0,9136000.0,0.497143168090548,0.0,0.0,0.0,0.0,5680000.0,14921000.0,0.0,1857000.0,5313000.0,0.28911138923654567,3456000.0,0.18806116341078521,-414000.0,2754000.0,0.1498612395929695,0.0,19077000.0,1.0380910921260271,1.38,1.33,13752899.0,14269925.0,,,1620591438,16:17:18,20210509
58,2001-12-31,ECOL,USD,2001-12-31,2001-12-31,Q4,15523000.0,9930000.0,5593000.0,0.36030406493590156,0.0,0.0,0.0,0.0,5583000.0,15513000.0,0.0,1077000.0,1087000.0,0.07002512400953424,10000.0,0.0006442053726728081,493000.0,279000.0,0.017973329897571347,72000.0,207000.0,0.013335051214327128,0.0,0.0,0.0,0.0,,,1620591438,16:17:18,20210509
59,2001-06-30,ECOL,USD,2001-06-30,2001-06-30,Q2,13731000.0,8341000.0,5390000.0,0.39254242225620856,0.0,0.0,0.0,0.0,5568000.0,13909000.0,0.0,1403000.0,1225000.0,0.08921418687641104,-178000.0,-0.01296336756244993,888000.0,364000.0,0.026509358386133566,38000.0,326000.0,0.023741897895273468,0.02,0.01,11350000.0,17312500.0,,,1620591438,16:17:18,20210509
60,2001-03-31,ECOL,USD,2001-03-31,2001-03-31,Q1,12866000.0,6733000.0,6133000.0,0.4766827296751127,0.0,0.0,0.0,0.0,4803000.0,11536000.0,0.0,1256000.0,2586000.0,0.20099487020052853,1330000.0,0.10337323177366703,456000.0,1528000.0,0.11876263018809265,46000.0,1482000.0,0.11518731540494326,0.1,0.08,13850000.0,17312500.0,,,1620591438,16:17:18,20210509
61,2000-12-31,ECOL,USD,2000-12-31,2000-12-31,Q4,10358000.0,4505000.0,5853000.0,0.5650704769260475,0.0,0.0,0.0,0.0,4993000.0,9498000.0,101000.0,381000.0,1241000.0,0.11981077428074918,860000.0,0.08302761150801313,406000.0,1165000.0,0.1124734504730643,-81000.0,1452000.0,0.14018150222050588,0.0,0.0,0.0,0.0,,,1620591438,16:17:18,20210509
62,2000-06-30,ECOL,USD,2000-06-30,2000-06-30,Q2,10485000.0,5898000.0,4587000.0,0.4374821173104435,0.0,0.0,0.0,0.0,4128000.0,10026000.0,0.0,569000.0,1028000.0,0.09804482594182165,459000.0,0.04377682403433476,264000.0,723000.0,0.06895565092989986,-41000.0,764000.0,0.07286599904625655,0.05,0.04,13300000.0,16625000.0,,,1620591438,16:17:18,20210509
63,2000-03-31,ECOL,USD,2000-03-31,2000-03-31,Q1,9319000.0,4875000.0,4444000.0,0.4768752012018457,0.0,0.0,0.0,0.0,3263000.0,8138000.0,0.0,626000.0,1807000.0,0.19390492542118254,1181000.0,0.12673033587294774,302000.0,1483000.0,0.15913724648567443,101000.0,1382000.0,0.14829917373108703,0.094,0.082,13638298.0,15634146.0,,,1620591438,16:17:18,20210509
64,1999-12-31,ECOL,USD,1999-12-31,1999-12-31,Q4,10259000.0,3925000.0,6334000.0,0.6174091042011892,0.0,0.0,0.0,0.0,3737000.0,7662000.0,0.0,343000.0,2940000.0,0.2865776391461156,2597000.0,0.25314358124573544,570000.0,3167000.0,0.3087045521005946,177000.0,2990000.0,0.29145140851934886,0.0,0.0,0.0,0.0,,,1620591438,16:17:18,20210509
65,1999-06-30,ECOL,USD,1999-06-30,1999-06-30,Q2,8907000.0,4197000.0,4710000.0,0.5287975749410576,0.0,0.0,0.0,0.0,4372000.0,8569000.0,0.0,398000.0,736000.0,0.0826316380374986,338000.0,0.03794768159874256,1128000.0,1466000.0,0.16458964859099584,40000.0,1426000.0,0.16009879869765353,0.1,0.08,13557875.0,13557875.0,,,1620591438,16:17:18,20210509
66,1999-03-31,ECOL,USD,1999-03-31,1999-03-31,Q1,9179000.0,4822000.0,4357000.0,0.47467044340342085,0.0,0.0,0.0,0.0,4373000.0,9195000.0,0.0,783000.0,767000.0,0.08356030068634927,-16000.0,-0.001743109271162436,141000.0,125000.0,0.013618041180956532,6000.0,119000.0,0.012964375204270618,0.00118,0.00118,13557275.0,13557275.0,,,1620591438,16:17:18,20210509
67,1998-12-31,ECOL,USD,1998-12-31,1998-12-31,Q4,10231000.0,5975000.0,4256000.0,0.4159906167530056,0.0,0.0,0.0,0.0,2504000.0,8479000.0,0.0,785000.0,2537000.0,0.24797185025901672,1752000.0,0.1712442576483237,-138000.0,1614000.0,0.15775584009383248,-91000.0,1705000.0,0.16665037630730134,0.0,0.0,0.0,0.0,,,1620591438,16:17:18,20210509
68,1998-06-30,ECOL,USD,1998-06-30,1998-06-30,Q2,10230000.0,5787000.0,4443000.0,0.4343108504398827,0.0,0.0,0.0,0.0,4800000.0,10587000.0,0.0,781000.0,424000.0,0.04144672531769306,-357000.0,-0.034897360703812316,620000.0,263000.0,0.025708699902248288,37000.0,226000.0,0.02209188660801564,0.01,0.01,13498429.0,13498429.0,,,1620591438,16:17:18,20210509
69,1998-03-31,ECOL,USD,1998-03-31,1998-03-31,Q1,9644000.0,6079000.0,3565000.0,0.3696598921609291,0.0,0.0,0.0,0.0,4042000.0,10121000.0,0.0,783000.0,306000.0,0.031729572791372875,-477000.0,-0.04946080464537536,544000.0,67000.0,0.006947324761509747,145000.0,-78000.0,-0.008087930319369557,-0.01,-0.01,13498429.0,13498429.0,,,1620591438,16:17:18,20210509
70,1997-12-31,ECOL,USD,1997-12-31,1997-12-31,Q4,10189000.0,4196000.0,5993000.0,0.5881833349690843,0.0,0.0,0.0,0.0,8124000.0,12320000.0,0.0,338000.0,-1793000.0,-0.17597408970458336,-2131000.0,-0.20914711944253606,907000.0,-1223000.0,-0.12003140641868681,123000.0,-1346000.0,-0.1321032486014329,0.0,0.0,0.0,0.0,,,1620591438,16:17:18,20210509
71,1997-06-30,ECOL,USD,1997-06-30,1997-06-30,Q2,10702000.0,6714000.0,3988000.0,0.37264062792001496,0.0,0.0,0.0,0.0,3902000.0,10616000.0,0.0,958000.0,1044000.0,0.09755185946552046,86000.0,0.008035881143711456,1398000.0,1484000.0,0.13866566996823024,163000.0,1321000.0,0.12343487198654457,0.14,0.08,8113312.0,8113312.0,,,1620591438,16:17:18,20210509
72,1997-03-31,ECOL,USD,1997-03-31,1997-03-31,Q1,9629000.0,6594000.0,3035000.0,0.31519368574099077,0.0,0.0,0.0,0.0,4027000.0,10621000.0,0.0,919000.0,-73000.0,-0.007581264928860733,-992000.0,-0.1030221206771212,41000.0,-951000.0,-0.09876414996365147,-43000.0,-908000.0,-0.0942984733617198,-0.11,-0.11,8015308.0,8015308.0,,,1620591438,16:17:18,20210509
73,1996-12-31,ECOL,USD,1996-12-31,1996-12-31,Q4,10469000.0,11183000.0,-714000.0,-0.06820135638551915,0.0,0.0,0.0,0.0,9875000.0,21058000.0,0.0,1631000.0,-8958000.0,-0.8556691183494125,-10589000.0,-1.0114624128379024,-6256000.0,-9394000.0,-0.8973158849937912,-247000.0,-9147000.0,-0.8737224185691088,0.0,0.0,0.0,0.0,,,1620591438,16:17:18,20210509
74,1996-06-30,ECOL,USD,1996-06-30,1996-06-30,Q2,14038000.0,11782000.0,2256000.0,0.16070665336942586,0.0,0.0,0.0,0.0,3103000.0,14885000.0,0.0,1278000.0,431000.0,0.030702379256304316,-847000.0,-0.06033623023222681,145000.0,-702000.0,-0.050007123521869215,-1016000.0,314000.0,0.022367858669326116,0.03,0.03,7904172.0,7904172.0,,,1620591438,16:17:18,20210509
75,1996-03-31,ECOL,USD,1996-03-31,1996-03-31,Q1,12150000.0,12543000.0,-393000.0,-0.03234567901234568,0.0,0.0,0.0,0.0,3317000.0,15860000.0,0.0,917000.0,-2793000.0,-0.22987654320987655,-3710000.0,-0.30534979423868314,422000.0,-3288000.0,-0.2706172839506173,-329000.0,-2959000.0,-0.24353909465020576,-0.39,-0.39,7825628.0,7825628.0,,,1620591438,16:17:18,20210509
76,1995-12-31,ECOL,USD,1995-12-31,1995-12-31,Q4,16900000.0,18100000.0,-1200000.0,-0.07100591715976332,0.0,0.0,0.0,0.0,4500000.0,22600000.0,0.0,1300000.0,-4400000.0,-0.2603550295857988,-5700000.0,-0.33727810650887574,-7000000.0,-13600000.0,-0.8047337278106509,-1300000.0,-12300000.0,-0.727810650887574,0.0,0.0,0.0,0.0,,,1620591438,16:17:18,20210509
77,1995-06-30,ECOL,USD,1995-06-30,1995-06-30,Q2,16100000.0,16400000.0,-300000.0,-0.018633540372670808,0.0,0.0,0.0,0.0,8400000.0,24800000.0,0.0,2300000.0,-6400000.0,-0.39751552795031053,-8700000.0,-0.5403726708074534,-27000000.0,-35700000.0,-2.217391304347826,-3200000.0,-32500000.0,-2.018633540372671,-4.15,-4.15,7831325.0,7831325.0,,,1620591438,16:17:18,20210509
78,1995-03-31,ECOL,USD,1995-03-31,1995-03-31,Q1,20000000.0,16900000.0,3100000.0,0.155,0.0,0.0,0.0,0.0,5900000.0,22800000.0,0.0,2100000.0,-700000.0,-0.035,-2800000.0,-0.14,100000.0,-2600000.0,-0.13,-700000.0,-1900000.0,-0.095,-0.24,-0.24,7916667.0,7916667.0,,,1620591438,16:17:18,20210509
79,1994-12-31,ECOL,USD,1994-12-31,1994-12-31,Q4,24800000.0,17100000.0,7700000.0,0.31048387096774194,0.0,0.0,0.0,0.0,6200000.0,23300000.0,0.0,2000000.0,3500000.0,0.14112903225806453,1500000.0,0.06048387096774194,0.0,1600000.0,0.06451612903225806,300000.0,1300000.0,0.05241935483870968,0.16421051940166234,0.16421051940166234,7916667.0,7916667.0,,,1620591438,16:17:18,20210509
80,1994-06-30,ECOL,USD,1994-06-30,1994-06-30,Q2,18600000.0,12000000.0,6600000.0,0.3548387096774194,0.0,0.0,0.0,0.0,4400000.0,16400000.0,0.0,1500000.0,3700000.0,0.1989247311827957,2200000.0,0.11827956989247312,100000.0,2400000.0,0.12903225806451613,900000.0,1500000.0,0.08064516129032258,0.19,0.19,7894737.0,7894737.0,,,1620591438,16:17:18,20210509
81,1994-03-31,ECOL,USD,1994-03-31,1994-03-31,Q1,14300000.0,10800000.0,3500000.0,0.24475524475524477,0.0,0.0,0.0,0.0,3700000.0,14500000.0,0.0,1300000.0,1100000.0,0.07692307692307693,-200000.0,-0.013986013986013986,200000.0,0.0,0.0,0.0,0.0,0.0,0.01,0.01,7819000.0,7819000.0,,,1620591438,16:17:18,20210509
82,1993-12-31,ECOL,USD,1993-12-31,1993-12-31,Q4,18000000.0,10600000.0,7400000.0,0.4111111111111111,0.0,0.0,0.0,0.0,4600000.0,15200000.0,0.0,1200000.0,4000000.0,0.2222222222222222,2800000.0,0.15555555555555556,300000.0,3100000.0,0.17222222222222222,1200000.0,1900000.0,0.10555555555555556,0.24299782580892698,0.24299782580892698,7819000.0,7819000.0,,,1620591438,16:17:18,20210509
83,1993-06-30,ECOL,USD,1993-06-30,1993-06-30,Q2,14400000.0,10000000.0,4400000.0,0.3055555555555556,0.0,0.0,0.0,0.0,4100000.0,14100000.0,0.0,600000.0,900000.0,0.0625,300000.0,0.020833333333333332,300000.0,600000.0,0.041666666666666664,200000.0,400000.0,0.027777777777777776,0.05,0.05,8000000.0,8000000.0,,,1620591438,16:17:18,20210509
84,1993-03-31,ECOL,USD,1993-03-31,1993-03-31,Q1,13800000.0,8000000.0,5800000.0,0.42028985507246375,0.0,0.0,0.0,0.0,3300000.0,11300000.0,0.0,500000.0,3000000.0,0.21739130434782608,2500000.0,0.18115942028985507,200000.0,2700000.0,0.1956521739130435,1000000.0,1700000.0,0.12318840579710146,0.2,0.2,8500000.0,8500000.0,,,1620591438,16:17:18,20210509
85,1992-12-31,ECOL,USD,1992-12-31,1992-12-31,Q4,24600000.0,12900000.0,11700000.0,0.47560975609756095,0.0,0.0,0.0,0.0,4300000.0,17200000.0,0.0,500000.0,7900000.0,0.32113821138211385,7400000.0,0.3008130081300813,400000.0,7900000.0,0.32113821138211385,1800000.0,6100000.0,0.24796747967479674,0.7176470588235294,0.7176470588235294,8500000.0,8500000.0,,,1620591438,16:17:18,20210509
86,1992-06-30,ECOL,USD,1992-06-30,1992-06-30,Q2,15900000.0,10900000.0,5000000.0,0.31446540880503143,0.0,0.0,0.0,0.0,2300000.0,13200000.0,0.0,400000.0,3100000.0,0.1949685534591195,2700000.0,0.16981132075471697,300000.0,2900000.0,0.18238993710691823,500000.0,2400000.0,0.1509433962264151,0.29,0.29,8275862.0,8275862.0,,,1620591438,16:17:18,20210509
87,1992-03-31,ECOL,USD,1992-03-31,1992-03-31,Q1,14700000.0,10400000.0,4300000.0,0.2925170068027211,0.0,0.0,0.0,0.0,2400000.0,12800000.0,0.0,400000.0,2300000.0,0.1564625850340136,1900000.0,0.1292517006802721,500000.0,2300000.0,0.1564625850340136,400000.0,1900000.0,0.1292517006802721,0.23,0.23,8260870.0,8260870.0,,,1620591438,16:17:18,20210509
88,1991-12-31,ECOL,USD,1991-12-31,1991-12-31,Q4,18700000.0,12500000.0,6200000.0,0.3315508021390374,0.0,0.0,0.0,0.0,2100000.0,14600000.0,0.0,800000.0,4900000.0,0.2620320855614973,4100000.0,0.2192513368983957,400000.0,4400000.0,0.23529411764705882,300000.0,4100000.0,0.2192513368983957,0.49631576335180194,0.49631576335180194,8260870.0,8260870.0,,,1620591438,16:17:18,20210509
89,1991-06-30,ECOL,USD,1991-06-30,1991-06-30,Q2,13400000.0,8900000.0,4500000.0,0.3358208955223881,0.0,0.0,0.0,0.0,2600000.0,11500000.0,0.0,300000.0,2200000.0,0.16417910447761194,1900000.0,0.1417910447761194,500000.0,1900000.0,0.1417910447761194,200000.0,1700000.0,0.12686567164179105,0.34,0.34,5000000.0,5000000.0,,,1620591438,16:17:18,20210509
90,1991-03-31,ECOL,USD,1991-03-31,1991-03-31,Q1,11100000.0,7300000.0,3800000.0,0.34234234234234234,0.0,0.0,0.0,0.0,2900000.0,10200000.0,0.0,300000.0,1200000.0,0.10810810810810811,900000.0,0.08108108108108109,500000.0,800000.0,0.07207207207207207,300000.0,500000.0,0.04504504504504504,0.1,0.1,5000000.0,5000000.0,,,1620591438,16:17:18,20210509
91,1990-12-31,ECOL,USD,1990-12-31,1990-12-31,Q4,11800000.0,6800000.0,5000000.0,0.423728813559322,0.0,0.0,0.0,0.0,2400000.0,9200000.0,0.0,400000.0,3000000.0,0.2542372881355932,2600000.0,0.22033898305084745,500000.0,2600000.0,0.22033898305084745,700000.0,1900000.0,0.16101694915254236,0.38,0.38,5000000.0,5000000.0,,,1620591438,16:17:18,20210509
92,1990-06-30,ECOL,USD,1990-06-30,1990-06-30,Q2,14700000.0,0.0,0.0,0.0,0.0,0.0,0.0,0.0,0.0,0.0,0.0,0.0,14700000.0,1.0,14700000.0,1.0,0.0,0.0,0.0,0.0,0.0,0.0,0.36,0.36,4436000.0,4436000.0,,,1620591438,16:17:18,20210509
93,1990-03-31,ECOL,USD,1990-03-31,1990-03-31,Q1,9200000.0,0.0,0.0,0.0,0.0,0.0,0.0,0.0,0.0,0.0,0.0,0.0,9200000.0,1.0,9200000.0,1.0,0.0,0.0,0.0,0.0,0.0,0.0,-0.06,-0.06,4436000.0,4436000.0,,,1620591438,16:17:18,20210509
94,1989-12-31,ECOL,USD,1989-12-31,1989-12-31,Q4,14200000.0,9200000.0,5000000.0,0.352112676056338,0.0,0.0,0.0,0.0,4800000.0,14000000.0,0.0,2100000.0,2300000.0,0.1619718309859155,200000.0,0.014084507042253521,800000.0,500000.0,0.035211267605633804,1000000.0,1200000.0,0.08450704225352113,0.27051397655545534,0.27051397655545534,4436000.0,4436000.0,,,1620591438,16:17:18,20210509
95,1989-06-30,ECOL,USD,1989-06-30,1989-06-30,Q2,9900000.0,8100000.0,1800000.0,0.18181818181818182,0.0,0.0,0.0,0.0,2400000.0,10500000.0,0.0,300000.0,-300000.0,-0.030303030303030304,-600000.0,-0.06060606060606061,400000.0,-500000.0,-0.050505050505050504,-200000.0,-2800000.0,-0.2828282828282828,-0.62,-0.62,4516129.0,4516129.0,,,1620591438,16:17:18,20210509
96,1989-03-31,ECOL,USD,1989-03-31,1989-03-31,Q1,10600000.0,7800000.0,2800000.0,0.2641509433962264,0.0,0.0,0.0,0.0,2200000.0,10000000.0,0.0,400000.0,1000000.0,0.09433962264150944,600000.0,0.05660377358490566,400000.0,800000.0,0.07547169811320754,300000.0,300000.0,0.02830188679245283,0.07,0.07,4285714.0,4285714.0,,,1620591438,16:17:18,20210509
97,1988-12-31,ECOL,USD,1988-12-31,1988-12-31,Q4,13100000.0,0.0,0.0,0.0,0.0,0.0,0.0,0.0,0.0,0.0,0.0,0.0,-56100000.0,-4.282442748091603,-56100000.0,-4.282442748091603,0.0,0.0,0.0,0.0,0.0,0.0,0.0,0.0,4285714.0,4285714.0,,,1620591438,16:17:18,20210509
98,1988-06-30,ECOL,USD,1988-06-30,1988-06-30,Q2,10400000.0,0.0,0.0,0.0,0.0,0.0,0.0,0.0,0.0,0.0,0.0,0.0,10400000.0,1.0,10400000.0,1.0,0.0,0.0,0.0,0.0,0.0,0.0,-0.65,-0.65,4396000.0,4396000.0,,,1620591438,16:17:18,20210509
99,1988-03-31,ECOL,USD,1988-03-31,1988-03-31,Q1,8700000.0,0.0,0.0,0.0,0.0,0.0,0.0,0.0,0.0,0.0,0.0,0.0,8700000.0,1.0,8700000.0,1.0,0.0,0.0,0.0,0.0,0.0,0.0,-0.23,-0.23,4396000.0,4396000.0,,,1620591438,16:17:18,20210509
100,1987-12-31,ECOL,USD,1987-12-31,1987-12-31,Q4,22000000.0,0.0,0.0,0.0,0.0,0.0,0.0,0.0,0.0,0.0,0.0,0.0,-39300000.0,-1.7863636363636364,-39300000.0,-1.7863636363636364,0.0,0.0,0.0,0.0,0.0,0.0,0.0,0.0,4396000.0,4396000.0,,,1620591438,16:17:18,20210509
101,1987-06-30,ECOL,USD,1987-06-30,1987-06-30,Q2,14300000.0,0.0,0.0,0.0,0.0,0.0,0.0,0.0,0.0,0.0,0.0,0.0,14300000.0,1.0,14300000.0,1.0,0.0,0.0,0.0,0.0,0.0,0.0,0.06,0.06,4396000.0,4396000.0,,,1620591438,16:17:18,20210509
102,1987-03-31,ECOL,USD,1987-03-31,1987-03-31,Q1,12400000.0,0.0,0.0,0.0,0.0,0.0,0.0,0.0,0.0,0.0,0.0,0.0,12400000.0,1.0,12400000.0,1.0,0.0,0.0,0.0,0.0,0.0,0.0,0.05,0.05,4360000.0,4360000.0,,,1620591438,16:17:18,20210509
103,1986-12-31,ECOL,USD,1986-12-31,1986-12-31,Q4,15500000.0,0.0,0.0,0.0,0.0,0.0,0.0,0.0,0.0,0.0,0.0,0.0,-27700000.0,-1.7870967741935484,-27700000.0,-1.7870967741935484,0.0,0.0,0.0,0.0,0.0,0.0,0.0,0.0,4360000.0,4360000.0,,,1620591438,16:17:18,20210509
104,1986-06-30,ECOL,USD,1986-06-30,1986-06-30,Q2,10300000.0,0.0,0.0,0.0,0.0,0.0,0.0,0.0,0.0,0.0,0.0,0.0,10300000.0,1.0,10300000.0,1.0,0.0,0.0,0.0,0.0,0.0,0.0,0.17,0.17,4360000.0,4360000.0,,,1620591438,16:17:18,20210509
105,1986-03-31,ECOL,USD,1986-03-31,1986-03-31,Q1,10400000.0,0.0,0.0,0.0,0.0,0.0,0.0,0.0,0.0,0.0,0.0,0.0,10400000.0,1.0,10400000.0,1.0,0.0,0.0,0.0,0.0,0.0,0.0,0.16,0.16,4355000.0,4355000.0,,,1620591438,16:17:18,20210509
106,1985-12-31,ECOL,USD,1985-12-31,1985-12-31,Q4,15800000.0,0.0,0.0,0.0,0.0,0.0,0.0,0.0,0.0,0.0,0.0,0.0,-28800000.0,-1.8227848101265822,-28800000.0,-1.8227848101265822,0.0,0.0,0.0,0.0,0.0,0.0,0.0,0.0,4355000.0,4355000.0,,,1620591438,16:17:18,20210509
