,date,symbol,reportedCurrency,fillingDate,acceptedDate,period,revenue,costOfRevenue,grossProfit,grossProfitRatio,researchAndDevelopmentExpenses,generalAndAdministrativeExpenses,sellingAndMarketingExpenses,otherExpenses,operatingExpenses,costAndExpenses,interestExpense,depreciationAndAmortization,ebitda,ebitdaratio,operatingIncome,operatingIncomeRatio,totalOtherIncomeExpensesNet,incomeBeforeTax,incomeBeforeTaxRatio,incomeTaxExpense,netIncome,netIncomeRatio,eps,epsdiluted,weightedAverageShsOut,weightedAverageShsOutDil,link,finalLink,timestamp,est_time,est_date
0,2019-06-30,IL0A.L,EUR,2019-06-30,2019-06-30,Q2,103250000,0.0,0.0,0.0,0.0,26000000,0.0,0.0,11750000.0,0.0,14250000,8250000.0,0.0,0.0,0.0,0.0,0.0,10500000.0,0.1016949152542373,3000000.0,7500000.0,0.07263922518159806,0.0105,0.0105,454690912.0,454690912.0,https://find-and-update.company-information.service.gov.uk/search/companies?q=Permanent+TSB+Group+Holdings+PLC,https://find-and-update.company-information.service.gov.uk/search/companies?q=Permanent+TSB+Group+Holdings+PLC,1620593528,16:52:08,20210509
1,2019-03-31,IL0A.L,EUR,2019-03-31,2019-03-31,Q1,103250000,0.0,0.0,0.0,0.0,26000000,0.0,0.0,11750000.0,0.0,14250000,8250000.0,0.0,0.0,0.0,0.0,0.0,10500000.0,0.1016949152542373,3000000.0,7500000.0,0.07263922518159806,0.0105,0.0105,454690912.0,454690912.0,https://find-and-update.company-information.service.gov.uk/search/companies?q=Permanent+TSB+Group+Holdings+PLC,https://find-and-update.company-information.service.gov.uk/search/companies?q=Permanent+TSB+Group+Holdings+PLC,1620593528,16:52:08,20210509
2,2019-01-31,IL0A.L,EUR,2019-01-31,2019-01-31,Q1,103250000,0.0,0.0,0.0,0.0,26000000,0.0,0.0,11750000.0,0.0,14250000,8250000.0,0.0,0.0,0.0,0.0,0.0,10500000.0,0.1016949152542373,3000000.0,7500000.0,0.07263922518159806,0.0105,0.0105,454690912.0,454690912.0,https://find-and-update.company-information.service.gov.uk/search/companies?q=Permanent+TSB+Group+Holdings+PLC,https://find-and-update.company-information.service.gov.uk/search/companies?q=Permanent+TSB+Group+Holdings+PLC,1620593528,16:52:08,20210509
3,2018-06-30,IL0A.L,EUR,2018-06-30,2018-06-30,Q2,110500000,0.0,0.0,0.0,0.0,31250000,0.0,0.0,11750000.0,0.0,19000000,6000000.0,0.0,0.0,0.0,0.0,0.0,750000.0,0.006787330316742082,0.0,750000.0,0.006787330316742082,-0.0045,-0.0045,454690912.0,454690912.0,https://find-and-update.company-information.service.gov.uk/search/companies?q=Permanent+TSB+Group+Holdings+PLC,https://find-and-update.company-information.service.gov.uk/search/companies?q=Permanent+TSB+Group+Holdings+PLC,1620593528,16:52:08,20210509
4,2018-03-31,IL0A.L,EUR,2018-03-31,2018-03-31,Q1,110500000,0.0,0.0,0.0,0.0,31250000,0.0,0.0,11750000.0,0.0,19000000,6000000.0,0.0,0.0,0.0,0.0,0.0,750000.0,0.006787330316742082,0.0,750000.0,0.006787330316742082,-0.0045,-0.0045,454690912.0,454690912.0,https://find-and-update.company-information.service.gov.uk/search/companies?q=Permanent+TSB+Group+Holdings+PLC,https://find-and-update.company-information.service.gov.uk/search/companies?q=Permanent+TSB+Group+Holdings+PLC,1620593528,16:52:08,20210509
5,2018-01-31,IL0A.L,EUR,2018-01-31,2018-01-31,Q1,110500000,0.0,0.0,0.0,0.0,31250000,0.0,0.0,11750000.0,0.0,19000000,6000000.0,0.0,0.0,0.0,0.0,0.0,750000.0,0.006787330316742082,0.0,750000.0,0.006787330316742082,-0.0045,-0.0045,454690912.0,454690912.0,https://find-and-update.company-information.service.gov.uk/search/companies?q=Permanent+TSB+Group+Holdings+PLC,https://find-and-update.company-information.service.gov.uk/search/companies?q=Permanent+TSB+Group+Holdings+PLC,1620593528,16:52:08,20210509
6,2017-06-30,IL0A.L,EUR,2017-06-30,2017-06-30,Q2,110750000,0.0,0.0,0.0,0.0,27750000,0.0,0.0,11000000.0,0.0,24750000,5500000.0,0.0,0.0,0.0,0.0,0.0,13000000.0,0.11738148984198646,3000000.0,10000000.0,0.09029345372460497,0.016,0.016,454690912.0,454690912.0,https://find-and-update.company-information.service.gov.uk/search/companies?q=Permanent+TSB+Group+Holdings+PLC,https://find-and-update.company-information.service.gov.uk/search/companies?q=Permanent+TSB+Group+Holdings+PLC,1620593528,16:52:08,20210509
7,2017-03-31,IL0A.L,EUR,2017-03-31,2017-03-31,Q1,110750000,0.0,0.0,0.0,0.0,27750000,0.0,0.0,11000000.0,0.0,24750000,5500000.0,0.0,0.0,0.0,0.0,0.0,13000000.0,0.11738148984198646,3000000.0,10000000.0,0.09029345372460497,0.016,0.016,454690912.0,454690912.0,https://find-and-update.company-information.service.gov.uk/search/companies?q=Permanent+TSB+Group+Holdings+PLC,https://find-and-update.company-information.service.gov.uk/search/companies?q=Permanent+TSB+Group+Holdings+PLC,1620593528,16:52:08,20210509
8,2017-01-31,IL0A.L,EUR,2017-01-31,2017-01-31,Q1,110750000,0.0,0.0,0.0,0.0,27750000,0.0,0.0,11000000.0,0.0,24750000,5500000.0,0.0,0.0,0.0,0.0,0.0,13000000.0,0.11738148984198646,3000000.0,10000000.0,0.09029345372460497,0.016,0.016,454690912.0,454690912.0,https://find-and-update.company-information.service.gov.uk/search/companies?q=Permanent+TSB+Group+Holdings+PLC,https://find-and-update.company-information.service.gov.uk/search/companies?q=Permanent+TSB+Group+Holdings+PLC,1620593528,16:52:08,20210509
9,2016-06-30,IL0A.L,EUR,2016-06-30,2016-06-30,Q2,110750000,0.0,0.0,0.0,0.0,30000000,0.0,0.0,15250000.0,0.0,41750000,7750000.0,0.0,0.0,0.0,0.0,0.0,-56500000.0,-0.510158013544018,10000000.0,-66500000.0,-0.600451467268623,-0.15175,-0.15175,454690912.0,454690912.0,https://find-and-update.company-information.service.gov.uk/search/companies?q=Permanent+TSB+Group+Holdings+PLC,https://find-and-update.company-information.service.gov.uk/search/companies?q=Permanent+TSB+Group+Holdings+PLC,1620593528,16:52:08,20210509
10,2016-03-31,IL0A.L,EUR,2016-03-31,2016-03-31,Q1,110750000,0.0,0.0,0.0,0.0,30000000,0.0,0.0,15250000.0,0.0,41750000,7750000.0,0.0,0.0,0.0,0.0,0.0,-56500000.0,-0.510158013544018,10000000.0,-66500000.0,-0.600451467268623,-0.15175,-0.15175,454690912.0,454690912.0,https://find-and-update.company-information.service.gov.uk/search/companies?q=Permanent+TSB+Group+Holdings+PLC,https://find-and-update.company-information.service.gov.uk/search/companies?q=Permanent+TSB+Group+Holdings+PLC,1620593528,16:52:08,20210509
11,2016-01-31,IL0A.L,EUR,2016-01-31,2016-01-31,Q1,110750000,0.0,0.0,0.0,0.0,30000000,0.0,0.0,15250000.0,0.0,41750000,7750000.0,0.0,0.0,0.0,0.0,0.0,-56500000.0,-0.510158013544018,10000000.0,-66500000.0,-0.600451467268623,-0.15175,-0.15175,454690912.0,454690912.0,https://find-and-update.company-information.service.gov.uk/search/companies?q=Permanent+TSB+Group+Holdings+PLC,https://find-and-update.company-information.service.gov.uk/search/companies?q=Permanent+TSB+Group+Holdings+PLC,1620593528,16:52:08,20210509
12,2015-09-30,IL0A.L,EUR,2015-09-30,2015-09-30,Q3,102925000,0.0,0.0,0.0,0.0,32300000,0.0,0.0,8000000.0,0.0,79750000,12750000.0,0.0,0.0,0.0,0.0,0.0,-108500000.0,-1.0541656546028662,-2250000.0,-106250000.0,-1.0323050765120234,-0.2505,-0.2505,424293704.0,424293704.0,https://find-and-update.company-information.service.gov.uk/search/companies?q=Permanent+TSB+Group+Holdings+PLC,https://find-and-update.company-information.service.gov.uk/search/companies?q=Permanent+TSB+Group+Holdings+PLC,1620593528,16:52:08,20210509
13,2015-06-30,IL0A.L,EUR,2015-06-30,2015-06-30,Q2,102925000,0.0,0.0,0.0,0.0,32300000,0.0,0.0,8000000.0,0.0,79750000,12750000.0,0.0,0.0,0.0,0.0,0.0,-108500000.0,-1.0541656546028662,-2250000.0,-106250000.0,-1.0323050765120234,-0.2505,-0.2505,424293704.0,424293704.0,https://find-and-update.company-information.service.gov.uk/search/companies?q=Permanent+TSB+Group+Holdings+PLC,https://find-and-update.company-information.service.gov.uk/search/companies?q=Permanent+TSB+Group+Holdings+PLC,1620593528,16:52:08,20210509
14,2015-03-31,IL0A.L,EUR,2015-03-31,2015-03-31,Q1,102925000,0.0,0.0,0.0,0.0,32300000,0.0,0.0,8000000.0,0.0,79750000,12750000.0,0.0,0.0,0.0,0.0,0.0,-108500000.0,-1.0541656546028662,-2250000.0,-106250000.0,-1.0323050765120234,-0.2505,-0.2505,424293704.0,424293704.0,https://find-and-update.company-information.service.gov.uk/search/companies?q=Permanent+TSB+Group+Holdings+PLC,https://find-and-update.company-information.service.gov.uk/search/companies?q=Permanent+TSB+Group+Holdings+PLC,1620593528,16:52:08,20210509
15,2015-01-31,IL0A.L,EUR,2015-01-31,2015-01-31,Q1,102925000,0.0,0.0,0.0,0.0,32300000,0.0,0.0,8000000.0,0.0,79750000,12750000.0,0.0,0.0,0.0,0.0,0.0,-108500000.0,-1.0541656546028662,-2250000.0,-106250000.0,-1.0323050765120234,-0.2505,-0.2505,424293704.0,424293704.0,https://find-and-update.company-information.service.gov.uk/search/companies?q=Permanent+TSB+Group+Holdings+PLC,https://find-and-update.company-information.service.gov.uk/search/companies?q=Permanent+TSB+Group+Holdings+PLC,1620593528,16:52:08,20210509
16,2014-09-30,IL0A.L,EUR,2014-09-30,2014-09-30,Q3,87000000,0.0,0.0,0.0,0.0,51950000,0.0,0.0,6250000.0,0.0,143250000,12500000.0,0.0,0.0,0.0,0.0,0.0,-12000000.0,-0.13793103448275862,13500000.0,-25500000.0,-0.29310344827586204,-0.1,-0.1,365253394.0,365253394.0,https://find-and-update.company-information.service.gov.uk/search/companies?q=Permanent+TSB+Group+Holdings+PLC,https://find-and-update.company-information.service.gov.uk/search/companies?q=Permanent+TSB+Group+Holdings+PLC,1620593528,16:52:08,20210509
17,2014-06-30,IL0A.L,EUR,2014-06-30,2014-06-30,Q2,87000000,0.0,0.0,0.0,0.0,51950000,0.0,0.0,6250000.0,0.0,143250000,12500000.0,0.0,0.0,0.0,0.0,0.0,-12000000.0,-0.13793103448275862,13500000.0,-25500000.0,-0.29310344827586204,-0.1,-0.1,365253394.0,365253394.0,https://find-and-update.company-information.service.gov.uk/search/companies?q=Permanent+TSB+Group+Holdings+PLC,https://find-and-update.company-information.service.gov.uk/search/companies?q=Permanent+TSB+Group+Holdings+PLC,1620593528,16:52:08,20210509
18,2014-03-31,IL0A.L,EUR,2014-03-31,2014-03-31,Q1,87000000,0.0,0.0,0.0,0.0,51950000,0.0,0.0,6250000.0,0.0,143250000,12500000.0,0.0,0.0,0.0,0.0,0.0,-12000000.0,-0.13793103448275862,13500000.0,-25500000.0,-0.29310344827586204,-0.1,-0.1,365253394.0,365253394.0,https://find-and-update.company-information.service.gov.uk/search/companies?q=Permanent+TSB+Group+Holdings+PLC,https://find-and-update.company-information.service.gov.uk/search/companies?q=Permanent+TSB+Group+Holdings+PLC,1620593528,16:52:08,20210509
19,2014-01-31,IL0A.L,EUR,2014-01-31,2014-01-31,Q1,87000000,0.0,0.0,0.0,0.0,51950000,0.0,0.0,6250000.0,0.0,143250000,12500000.0,0.0,0.0,0.0,0.0,0.0,-12000000.0,-0.13793103448275862,13500000.0,-25500000.0,-0.29310344827586204,-0.1,-0.1,365253394.0,365253394.0,https://find-and-update.company-information.service.gov.uk/search/companies?q=Permanent+TSB+Group+Holdings+PLC,https://find-and-update.company-information.service.gov.uk/search/companies?q=Permanent+TSB+Group+Holdings+PLC,1620593528,16:52:08,20210509
20,2013-09-30,IL0A.L,EUR,2013-09-30,2013-09-30,Q3,70500000,0.0,0.0,0.0,0.0,37150000,0.0,0.0,3750000.0,0.0,184750000,12000000.0,0.0,0.0,0.0,0.0,0.0,-167000000.0,-2.368794326241135,-101750000.0,-65250000.0,-0.925531914893617,-0.175,-0.175,365253394.0,365253394.0,https://find-and-update.company-information.service.gov.uk/search/companies?q=Permanent+TSB+Group+Holdings+PLC,https://find-and-update.company-information.service.gov.uk/search/companies?q=Permanent+TSB+Group+Holdings+PLC,1620593528,16:52:08,20210509
21,2013-06-30,IL0A.L,EUR,2013-06-30,2013-06-30,Q2,70500000,0.0,0.0,0.0,0.0,37150000,0.0,0.0,3750000.0,0.0,184750000,12000000.0,0.0,0.0,0.0,0.0,0.0,-167000000.0,-2.368794326241135,-101750000.0,-65250000.0,-0.925531914893617,-0.175,-0.175,365253394.0,365253394.0,https://find-and-update.company-information.service.gov.uk/search/companies?q=Permanent+TSB+Group+Holdings+PLC,https://find-and-update.company-information.service.gov.uk/search/companies?q=Permanent+TSB+Group+Holdings+PLC,1620593528,16:52:08,20210509
22,2013-03-31,IL0A.L,EUR,2013-03-31,2013-03-31,Q1,70500000,0.0,0.0,0.0,0.0,37150000,0.0,0.0,3750000.0,0.0,184750000,12000000.0,0.0,0.0,0.0,0.0,0.0,-167000000.0,-2.368794326241135,-101750000.0,-65250000.0,-0.925531914893617,-0.175,-0.175,365253394.0,365253394.0,https://find-and-update.company-information.service.gov.uk/search/companies?q=Permanent+TSB+Group+Holdings+PLC,https://find-and-update.company-information.service.gov.uk/search/companies?q=Permanent+TSB+Group+Holdings+PLC,1620593528,16:52:08,20210509
23,2013-01-31,IL0A.L,EUR,2013-01-31,2013-01-31,Q1,70500000,0.0,0.0,0.0,0.0,37150000,0.0,0.0,3750000.0,0.0,184750000,12000000.0,0.0,0.0,0.0,0.0,0.0,-167000000.0,-2.368794326241135,-101750000.0,-65250000.0,-0.925531914893617,-0.175,-0.175,365253394.0,365253394.0,https://find-and-update.company-information.service.gov.uk/search/companies?q=Permanent+TSB+Group+Holdings+PLC,https://find-and-update.company-information.service.gov.uk/search/companies?q=Permanent+TSB+Group+Holdings+PLC,1620593528,16:52:08,20210509
24,2012-09-30,IL0A.L,EUR,2012-09-30,2012-09-30,Q3,51250000,0.0,0.0,0.0,0.0,27750000,0.0,0.0,1000000.0,0.0,260500000,12500000.0,0.0,0.0,0.0,0.0,0.0,-230500000.0,-4.4975609756097565,19250000.0,-249750000.0,-4.873170731707317,-0.675,-0.675,365226793.0,365226793.0,https://find-and-update.company-information.service.gov.uk/search/companies?q=Permanent+TSB+Group+Holdings+PLC,https://find-and-update.company-information.service.gov.uk/search/companies?q=Permanent+TSB+Group+Holdings+PLC,1620593528,16:52:08,20210509
25,2012-06-30,IL0A.L,EUR,2012-06-30,2012-06-30,Q2,51250000,0.0,0.0,0.0,0.0,27750000,0.0,0.0,1000000.0,0.0,260500000,12500000.0,0.0,0.0,0.0,0.0,0.0,-230500000.0,-4.4975609756097565,19250000.0,-249750000.0,-4.873170731707317,-0.675,-0.675,365226793.0,365226793.0,https://find-and-update.company-information.service.gov.uk/search/companies?q=Permanent+TSB+Group+Holdings+PLC,https://find-and-update.company-information.service.gov.uk/search/companies?q=Permanent+TSB+Group+Holdings+PLC,1620593528,16:52:08,20210509
26,2012-03-31,IL0A.L,EUR,2012-03-31,2012-03-31,Q1,51250000,0.0,0.0,0.0,0.0,27750000,0.0,0.0,1000000.0,0.0,260500000,12500000.0,0.0,0.0,0.0,0.0,0.0,-230500000.0,-4.4975609756097565,19250000.0,-249750000.0,-4.873170731707317,-0.675,-0.675,365226793.0,365226793.0,https://find-and-update.company-information.service.gov.uk/search/companies?q=Permanent+TSB+Group+Holdings+PLC,https://find-and-update.company-information.service.gov.uk/search/companies?q=Permanent+TSB+Group+Holdings+PLC,1620593528,16:52:08,20210509
27,2012-01-31,IL0A.L,EUR,2012-01-31,2012-01-31,Q1,51250000,0.0,0.0,0.0,0.0,27750000,0.0,0.0,1000000.0,0.0,260500000,12500000.0,0.0,0.0,0.0,0.0,0.0,-230500000.0,-4.4975609756097565,19250000.0,-249750000.0,-4.873170731707317,-0.675,-0.675,365226793.0,365226793.0,https://find-and-update.company-information.service.gov.uk/search/companies?q=Permanent+TSB+Group+Holdings+PLC,https://find-and-update.company-information.service.gov.uk/search/companies?q=Permanent+TSB+Group+Holdings+PLC,1620593528,16:52:08,20210509
28,2011-09-30,IL0A.L,EUR,2011-09-30,2011-09-30,Q3,330250000,0.0,0.0,0.0,0.0,76000000,0.0,0.0,11000000.0,0.0,277500000,9500000.0,0.0,0.0,0.0,0.0,0.0,-126250000.0,-0.3822861468584406,-20250000.0,-107000000.0,-0.323996971990916,-0.675,-0.67525,158637955.0,158637955.0,https://find-and-update.company-information.service.gov.uk/search/companies?q=Permanent+TSB+Group+Holdings+PLC,https://find-and-update.company-information.service.gov.uk/search/companies?q=Permanent+TSB+Group+Holdings+PLC,1620593528,16:52:08,20210509
29,2011-06-30,IL0A.L,EUR,2011-06-30,2011-06-30,Q2,330250000,0.0,0.0,0.0,0.0,76000000,0.0,0.0,11000000.0,0.0,277500000,9500000.0,0.0,0.0,0.0,0.0,0.0,-126250000.0,-0.3822861468584406,-20250000.0,-107000000.0,-0.323996971990916,-0.675,-0.67525,158637955.0,158637955.0,https://find-and-update.company-information.service.gov.uk/search/companies?q=Permanent+TSB+Group+Holdings+PLC,https://find-and-update.company-information.service.gov.uk/search/companies?q=Permanent+TSB+Group+Holdings+PLC,1620593528,16:52:08,20210509
30,2011-03-31,IL0A.L,EUR,2011-03-31,2011-03-31,Q1,330250000,0.0,0.0,0.0,0.0,76000000,0.0,0.0,11000000.0,0.0,277500000,9500000.0,0.0,0.0,0.0,0.0,0.0,-126250000.0,-0.3822861468584406,-20250000.0,-107000000.0,-0.323996971990916,-0.675,-0.67525,158637955.0,158637955.0,https://find-and-update.company-information.service.gov.uk/search/companies?q=Permanent+TSB+Group+Holdings+PLC,https://find-and-update.company-information.service.gov.uk/search/companies?q=Permanent+TSB+Group+Holdings+PLC,1620593528,16:52:08,20210509
31,2011-01-31,IL0A.L,EUR,2011-01-31,2011-01-31,Q1,330250000,0.0,0.0,0.0,0.0,76000000,0.0,0.0,11000000.0,0.0,277500000,9500000.0,0.0,0.0,0.0,0.0,0.0,-126250000.0,-0.3822861468584406,-20250000.0,-107000000.0,-0.323996971990916,-0.675,-0.67525,158637955.0,158637955.0,https://find-and-update.company-information.service.gov.uk/search/companies?q=Permanent+TSB+Group+Holdings+PLC,https://find-and-update.company-information.service.gov.uk/search/companies?q=Permanent+TSB+Group+Holdings+PLC,1620593528,16:52:08,20210509
32,2010-09-30,IL0A.L,EUR,2010-09-30,2010-09-30,Q3,798500000,0.0,0.0,0.0,0.0,116000000,0.0,0.0,498000000.0,0.0,205500000,10750000.0,0.0,0.0,0.0,0.0,0.0,-39250000.0,-0.04915466499686913,-7250000.0,-32000000.0,-0.040075140889167186,-11.85,-11.85,2703095.0,2703095.0,https://find-and-update.company-information.service.gov.uk/search/companies?q=Permanent+TSB+Group+Holdings+PLC,https://find-and-update.company-information.service.gov.uk/search/companies?q=Permanent+TSB+Group+Holdings+PLC,1620593528,16:52:08,20210509
33,2010-06-30,IL0A.L,EUR,2010-06-30,2010-06-30,Q2,798500000,0.0,0.0,0.0,0.0,116000000,0.0,0.0,498000000.0,0.0,205500000,10750000.0,0.0,0.0,0.0,0.0,0.0,-39250000.0,-0.04915466499686913,-7250000.0,-32000000.0,-0.040075140889167186,-11.85,-11.85,2703095.0,2703095.0,https://find-and-update.company-information.service.gov.uk/search/companies?q=Permanent+TSB+Group+Holdings+PLC,https://find-and-update.company-information.service.gov.uk/search/companies?q=Permanent+TSB+Group+Holdings+PLC,1620593528,16:52:08,20210509
34,2010-03-31,IL0A.L,EUR,2010-03-31,2010-03-31,Q1,798500000,0.0,0.0,0.0,0.0,116000000,0.0,0.0,498000000.0,0.0,205500000,10750000.0,0.0,0.0,0.0,0.0,0.0,-39250000.0,-0.04915466499686913,-7250000.0,-32000000.0,-0.040075140889167186,-11.85,-11.85,2703095.0,2703095.0,https://find-and-update.company-information.service.gov.uk/search/companies?q=Permanent+TSB+Group+Holdings+PLC,https://find-and-update.company-information.service.gov.uk/search/companies?q=Permanent+TSB+Group+Holdings+PLC,1620593528,16:52:08,20210509
35,2010-01-31,IL0A.L,EUR,2010-01-31,2010-01-31,Q1,798500000,0.0,0.0,0.0,0.0,116000000,0.0,0.0,498000000.0,0.0,205500000,10750000.0,0.0,0.0,0.0,0.0,0.0,-39250000.0,-0.04915466499686913,-7250000.0,-32000000.0,-0.040075140889167186,-11.85,-11.85,2703095.0,2703095.0,https://find-and-update.company-information.service.gov.uk/search/companies?q=Permanent+TSB+Group+Holdings+PLC,https://find-and-update.company-information.service.gov.uk/search/companies?q=Permanent+TSB+Group+Holdings+PLC,1620593528,16:52:08,20210509
36,2009-09-30,IL0A.L,EUR,2009-09-30,2009-09-30,Q3,906250000,0.0,0.0,0.0,0.0,129500000,0.0,0.0,629750000.0,0.0,229500000,12500000.0,0.0,0.0,0.0,0.0,0.0,-77500000.0,-0.08551724137931034,750000.0,-78250000.0,-0.0863448275862069,-29.2,-29.2,2679903.0,2679903.0,https://find-and-update.company-information.service.gov.uk/search/companies?q=Permanent+TSB+Group+Holdings+PLC,https://find-and-update.company-information.service.gov.uk/search/companies?q=Permanent+TSB+Group+Holdings+PLC,1620593528,16:52:08,20210509
37,2009-06-30,IL0A.L,EUR,2009-06-30,2009-06-30,Q2,906250000,0.0,0.0,0.0,0.0,129500000,0.0,0.0,629750000.0,0.0,229500000,12500000.0,0.0,0.0,0.0,0.0,0.0,-77500000.0,-0.08551724137931034,750000.0,-78250000.0,-0.0863448275862069,-29.2,-29.2,2679903.0,2679903.0,https://find-and-update.company-information.service.gov.uk/search/companies?q=Permanent+TSB+Group+Holdings+PLC,https://find-and-update.company-information.service.gov.uk/search/companies?q=Permanent+TSB+Group+Holdings+PLC,1620593528,16:52:08,20210509
38,2009-03-31,IL0A.L,EUR,2009-03-31,2009-03-31,Q1,906250000,0.0,0.0,0.0,0.0,129500000,0.0,0.0,629750000.0,0.0,229500000,12500000.0,0.0,0.0,0.0,0.0,0.0,-77500000.0,-0.08551724137931034,750000.0,-78250000.0,-0.0863448275862069,-29.2,-29.2,2679903.0,2679903.0,https://find-and-update.company-information.service.gov.uk/search/companies?q=Permanent+TSB+Group+Holdings+PLC,https://find-and-update.company-information.service.gov.uk/search/companies?q=Permanent+TSB+Group+Holdings+PLC,1620593528,16:52:08,20210509
39,2009-01-31,IL0A.L,EUR,2009-01-31,2009-01-31,Q1,906250000,0.0,0.0,0.0,0.0,129500000,0.0,0.0,629750000.0,0.0,229500000,12500000.0,0.0,0.0,0.0,0.0,0.0,-77500000.0,-0.08551724137931034,750000.0,-78250000.0,-0.0863448275862069,-29.2,-29.2,2679903.0,2679903.0,https://find-and-update.company-information.service.gov.uk/search/companies?q=Permanent+TSB+Group+Holdings+PLC,https://find-and-update.company-information.service.gov.uk/search/companies?q=Permanent+TSB+Group+Holdings+PLC,1620593528,16:52:08,20210509
