,date,symbol,reportedCurrency,fillingDate,acceptedDate,period,revenue,costOfRevenue,grossProfit,grossProfitRatio,researchAndDevelopmentExpenses,generalAndAdministrativeExpenses,sellingAndMarketingExpenses,otherExpenses,operatingExpenses,costAndExpenses,interestExpense,depreciationAndAmortization,ebitda,ebitdaratio,operatingIncome,operatingIncomeRatio,totalOtherIncomeExpensesNet,incomeBeforeTax,incomeBeforeTaxRatio,incomeTaxExpense,netIncome,netIncomeRatio,eps,epsdiluted,weightedAverageShsOut,weightedAverageShsOutDil,link,finalLink,timestamp,est_time,est_date
0,2020-12-31,SBID.L,INR,2020-12-31,2020-12-31,Q4,588853500000,0.0,0.0,0.0,0.0,0.0,0.0,0.0,478766900000,0.0,382968000000,0.0,0.0,0.0,0.0,0.1463075281033398,0.0,86153700000.0,0.1463075281033398,22132100000.0,62575500000,0.10626666904416804,70.1,70.1,892660485,892660485,https://find-and-update.company-information.service.gov.uk/,https://find-and-update.company-information.service.gov.uk/,1620597614,18:00:14,20210509
1,2020-09-30,SBID.L,INR,2020-09-30,2020-09-30,Q3,563502700000,0.0,0.0,0.0,0.0,0.0,0.0,0.0,428023500000,0.0,390232300000,9153896250.0,0.0,0.0,0.0,0.12966734675805458,0.0,73067900000.0,0.12966734675805458,19029800000.0,52458800000,0.0930941413412926,58.8,58.8,892156463,892156463,https://find-and-update.company-information.service.gov.uk/,https://find-and-update.company-information.service.gov.uk/,1620597614,18:00:14,20210509
2,2020-06-30,SBID.L,INR,2020-06-30,2020-06-30,Q2,476830100000,0.0,0.0,0.0,0.0,0.0,0.0,0.0,322174400000,0.0,403013200000,9153896250.0,0.0,0.0,0.0,0.15125827836791345,0.0,72124500000.0,0.15125827836791345,20089600000.0,47765000000,0.10017194803767632,53.5,53.5,892803738,892803738,https://find-and-update.company-information.service.gov.uk/,https://find-and-update.company-information.service.gov.uk/,1620597614,18:00:14,20210509
3,2020-03-31,SBID.L,INR,2020-03-31,2020-03-31,Q1,478970740000,0.0,0.0,0.0,0.0,0.0,0.0,0.0,351516741000,0.0,403924386000,9153896250.0,0.0,0.0,0.0,0.13161947220408496,0.0,63041876000.0,0.13161947220408496,17463000000.0,69099522000,0.14426668735547396,77.4360644431017,77.4360644431017,892342896,892342896,https://find-and-update.company-information.service.gov.uk/,https://find-and-update.company-information.service.gov.uk/,1620597614,18:00:14,20210509
4,2019-12-31,SBID.L,INR,2019-12-31,2019-12-31,Q4,548973300000,0.0,0.0,0.0,0.0,0.0,0.0,0.0,347192700000,0.0,404869500000,0.0,0.0,0.0,0.0,0.22770160224550082,0.0,125002100000.0,0.22770160224550082,57029600000.0,65319500000,0.11898483951769603,73.2,73.2,892342896,892342896,https://find-and-update.company-information.service.gov.uk/,https://find-and-update.company-information.service.gov.uk/,1620597614,18:00:14,20210509
5,2019-09-30,SBID.L,INR,2019-09-30,2019-09-30,Q3,492428100000,0.0,0.0,0.0,0.0,0.0,0.0,0.0,327579300000,0.0,401051000000,0.0,0.0,0.0,0.0,0.12256246140299468,0.0,60353200000.0,0.12256246140299468,23894900000.0,33754000000,0.06854604763619299,37.8,37.8,892962963,892962963,https://find-and-update.company-information.service.gov.uk/,https://find-and-update.company-information.service.gov.uk/,1620597614,18:00:14,20210509
6,2019-06-30,SBID.L,INR,2019-06-30,2019-06-30,Q2,433467000000,0.0,0.0,0.0,0.0,0.0,0.0,0.0,282131900000,0.0,401393100000,8739730250.0,0.0,0.0,0.0,0.13114723842876158,0.0,56848000000.0,0.13114723842876158,23010100000.0,29505000000,0.06806746534338254,33.1,33.1,891389728,891389728,https://find-and-update.company-information.service.gov.uk/,https://find-and-update.company-information.service.gov.uk/,1620597614,18:00:14,20210509
7,2019-03-31,SBID.L,INR,2019-03-31,2019-03-31,Q1,419231335000,0.0,0.0,0.0,0.0,0.0,0.0,0.0,318634179000,0.0,404373103000,8739730250.0,0.0,0.0,0.0,-0.015659991159773397,0.0,-6565159000.0,-0.015659991159773397,0.0,12444691000,0.029684543976179645,13.95325450615818,13.95325450615818,891884470,891884470,https://find-and-update.company-information.service.gov.uk/,https://find-and-update.company-information.service.gov.uk/,1620597614,18:00:14,20210509
8,2018-12-31,SBID.L,INR,2018-12-31,2018-12-31,Q4,444609700000,0.0,0.0,0.0,0.0,0.0,0.0,0.0,302650200000,0.0,398891400000,0.0,0.0,0.0,0.0,0.1763337596997996,0.0,78399700000.0,0.1763337596997996,30166800000.0,47091500000,0.10591649260013895,52.8,52.8,891884470,891884470,https://find-and-update.company-information.service.gov.uk/,https://find-and-update.company-information.service.gov.uk/,1620597614,18:00:14,20210509
9,2018-09-30,SBID.L,INR,2018-09-30,2018-09-30,Q3,410339800000,0.0,0.0,0.0,0.0,0.0,0.0,0.0,291688100000,0.0,382687400000,0.0,0.0,0.0,0.0,0.04752987645848636,0.0,19503400000.0,0.04752987645848636,11987600000.0,5764600000,0.014048356995836134,6.5,6.5,886861538,886861538,https://find-and-update.company-information.service.gov.uk/,https://find-and-update.company-information.service.gov.uk/,1620597614,18:00:14,20210509
10,2018-06-30,SBID.L,INR,2018-06-30,2018-06-30,Q2,377211400000,0.0,0.0,0.0,0.0,0.0,0.0,0.0,242866500000,0.0,372722700000,7762677500.0,0.0,0.0,0.0,-0.1607777495590006,0.0,-60647200000.0,-0.1607777495590006,-20084900000.0,-42304400000,-0.11215037509470817,-47.4,-47.4,892497890,892497890,https://find-and-update.company-information.service.gov.uk/,https://find-and-update.company-information.service.gov.uk/,1620597614,18:00:14,20210509
11,2018-03-31,SBID.L,INR,2018-03-31,2018-03-31,Q1,355495940000,0.0,0.0,0.0,0.0,0.0,0.0,0.0,273263199000,0.0,362379320000,7762677500.0,0.0,0.0,0.0,-0.33141402402514075,0.0,-117816340000.0,-0.33141402402514075,-42808100000.0,-75420300000,-0.21215516554141237,-87.55066439110603,-87.55066439110603,861447489,861447489,https://find-and-update.company-information.service.gov.uk/,https://find-and-update.company-information.service.gov.uk/,1620597614,18:00:14,20210509
12,2017-12-31,SBID.L,INR,2017-12-31,2017-12-31,Q4,377974400000,0.0,0.0,0.0,0.0,0.0,0.0,0.0,249466800000,0.0,363934100000,0.0,0.0,0.0,0.0,-0.1652693939060423,0.0,-62467600000.0,-0.1652693939060423,-45025300000.0,-18865700000,-0.04991263958617303,-21.9,-21.9,861447489,861447489,https://find-and-update.company-information.service.gov.uk/,https://find-and-update.company-information.service.gov.uk/,1620597614,18:00:14,20210509
13,2017-09-30,SBID.L,INR,2017-09-30,2017-09-30,Q3,384722900000,0.0,0.0,0.0,0.0,0.0,0.0,0.0,227587100000,0.0,364762300000,0.0,0.0,0.0,0.0,0.03684600006914067,0.0,14175500000.0,0.03684600006914067,-5347500000.0,18404300000,0.047837807419314,21.1,21.1,872241706,872241706,https://find-and-update.company-information.service.gov.uk/,https://find-and-update.company-information.service.gov.uk/,1620597614,18:00:14,20210509
14,2017-06-30,SBID.L,INR,2017-06-30,2017-06-30,Q2,332811200000,0.0,0.0,0.0,0.0,0.0,0.0,0.0,198639500000,0.0,374954100000,7286710750.0,0.0,0.0,0.0,0.1311836861259477,0.0,43659400000.0,0.1311836861259477,12605900000.0,30318800000,0.09109909762652219,37.0,37.0,819427027,819427027,https://find-and-update.company-information.service.gov.uk/,https://find-and-update.company-information.service.gov.uk/,1620597614,18:00:14,20210509
15,2017-03-31,SBID.L,INR,2017-03-31,2017-03-31,Q1,354829059000,0.0,0.0,0.0,0.0,0.0,0.0,0.0,250189710000,0.0,378624140000,7286710750.0,0.0,0.0,0.0,-0.09514779904201702,0.0,-33761204000.0,-0.09514779904201702,73600000.0,-29776975000,-0.0839192119267774,-38.32407353636663,-38.32407353636663,776978339,776978339,https://find-and-update.company-information.service.gov.uk/,https://find-and-update.company-information.service.gov.uk/,1620597614,18:00:14,20210509
16,2016-12-31,SBID.L,INR,2016-12-31,2016-12-31,Q4,374577900000,0.0,0.0,0.0,0.0,0.0,0.0,0.0,222872300000,0.0,380794300000,0.0,0.0,0.0,0.0,0.0825702744342365,0.0,30929000000.0,0.0825702744342365,8507600000.0,21522300000,0.057457474132883976,27.7,27.7,776978339,776978339,https://find-and-update.company-information.service.gov.uk/,https://find-and-update.company-information.service.gov.uk/,1620597614,18:00:14,20210509
17,2016-09-30,SBID.L,INR,2016-09-30,2016-09-30,Q3,361123200000,0.0,0.0,0.0,0.0,0.0,0.0,0.0,212899200000,0.0,368060900000,0.0,0.0,0.0,0.0,-0.005279915552365509,0.0,-1906700000.0,-0.005279915552365509,-740200000.0,207000000,0.0005732115798708031,0.3,0.3,690000000,690000000,https://find-and-update.company-information.service.gov.uk/,https://find-and-update.company-information.service.gov.uk/,1620597614,18:00:14,20210509
18,2016-06-30,SBID.L,INR,2016-06-30,2016-06-30,Q2,330480800000,0.0,0.0,0.0,0.0,0.0,0.0,0.0,184988500000,0.0,363667400000,5630513250.0,0.0,0.0,0.0,0.042928968944640655,0.0,14187200000.0,0.042928968944640655,5514000000.0,10460000000,0.03165085535982726,13.5,13.5,774814815,774814815,https://find-and-update.company-information.service.gov.uk/,https://find-and-update.company-information.service.gov.uk/,1620597614,18:00:14,20210509
19,2016-03-31,SBID.L,INR,2016-03-31,2016-03-31,Q1,378748462000,0.0,0.0,0.0,0.0,0.0,0.0,0.0,208379603000,0.0,364258265000,5630513250.0,0.0,0.0,0.0,0.030539360975675726,0.0,11566736000.0,0.030539360975675726,-2036400000.0,12598350000,0.03326310536938893,16.10441012797109,16.10441012797109,782291925,782291925,https://find-and-update.company-information.service.gov.uk/,https://find-and-update.company-information.service.gov.uk/,1620597614,18:00:14,20210509
20,2015-12-31,SBID.L,INR,2015-12-31,2015-12-31,Q4,316193000000,0.0,0.0,0.0,0.0,0.0,0.0,0.0,188850100000,0.0,359745900000,0.0,0.0,0.0,0.0,0.0706726587875127,0.0,22346200000.0,0.0706726587875127,8606000000.0,12594900000,0.039832950128560723,16.1,16.1,782291925,782291925,https://find-and-update.company-information.service.gov.uk/,https://find-and-update.company-information.service.gov.uk/,1620597614,18:00:14,20210509
21,2015-09-30,SBID.L,INR,2015-09-30,2015-09-30,Q3,309108100000,0.0,0.0,0.0,0.0,0.0,0.0,0.0,174214800000,0.0,356750400000,3953734500.0,0.0,0.0,0.0,0.2506317369231023,0.0,77472300000.0,0.2506317369231023,25918800000.0,49917000000,0.16148719493277594,65.4,65.4,763256881,763256881,https://find-and-update.company-information.service.gov.uk/,https://find-and-update.company-information.service.gov.uk/,1620597614,18:00:14,20210509
22,2015-06-30,SBID.L,INR,2015-06-30,2015-06-30,Q2,279555600000,0.0,0.0,0.0,0.0,0.0,0.0,0.0,156228200000,0.0,349719000000,3953734500.0,0.0,0.0,0.0,0.25176601720731046,0.0,70382600000.0,0.25176601720731046,21846600000.0,47135700000,0.16860939290788665,62.3,62.3,756592295,756592295,https://find-and-update.company-information.service.gov.uk/,https://find-and-update.company-information.service.gov.uk/,1620597614,18:00:14,20210509
23,2015-03-31,SBID.L,INR,2015-03-31,2015-03-31,Q1,368248273000,0.0,0.0,0.0,0.0,0.0,0.0,0.0,211453699000,0.0,343036045000,3953734500.0,0.0,0.0,0.0,0.2129666905457558,0.0,78424616000.0,0.2129666905457558,29296000000.0,46941092000,0.12747131607050333,62.90366278770351,62.90366278770351,746237817,746237817,https://find-and-update.company-information.service.gov.uk/,https://find-and-update.company-information.service.gov.uk/,1620597614,18:00:14,20210509
24,2014-12-31,SBID.L,INR,2014-12-31,2014-12-31,Q4,308337800000,0.0,0.0,0.0,0.0,0.0,0.0,0.0,188205400000,0.0,337708400000,0.0,0.0,0.0,0.0,0.17910454053962893,0.0,55224700000.0,0.17910454053962893,16293900000.0,38282000000,0.12415603925305298,51.3,51.3,746237817,746237817,https://find-and-update.company-information.service.gov.uk/,https://find-and-update.company-information.service.gov.uk/,1620597614,18:00:14,20210509
25,2014-09-30,SBID.L,INR,2014-09-30,2014-09-30,Q3,280142800000,0.0,0.0,0.0,0.0,0.0,0.0,0.0,168527300000,0.0,330843900000,4856063250.0,0.0,0.0,0.0,0.19631595029392152,0.0,54996500000.0,0.19631595029392152,13759400000.0,40238400000,0.14363531741668892,53.9,53.9,746538033,746538033,https://find-and-update.company-information.service.gov.uk/,https://find-and-update.company-information.service.gov.uk/,1620597614,18:00:14,20210509
26,2014-06-30,SBID.L,INR,2014-06-30,2014-06-30,Q2,286011200000,0.0,0.0,0.0,0.0,0.0,0.0,0.0,170565000000,0.0,320198100000,4856063250.0,0.0,0.0,0.0,0.24439532437890543,0.0,69899800000.0,0.24439532437890543,24022700000.0,44481500000,0.15552362984386625,59.58,59.58,746584424,746584424,https://find-and-update.company-information.service.gov.uk/,https://find-and-update.company-information.service.gov.uk/,1620597614,18:00:14,20210509
27,2014-03-31,SBID.L,INR,2014-03-31,2014-03-31,Q1,296758138000,0.0,0.0,0.0,0.0,0.0,0.0,0.0,172243013000,0.0,317537334000,4856063250.0,0.0,0.0,0.0,0.20955837443622186,0.0,62188153000.0,0.20955837443622186,21967100000.0,39638250000,0.1335708946927009,57.950249616589325,57.950249616589325,684004819,684004819,https://find-and-update.company-information.service.gov.uk/,https://find-and-update.company-information.service.gov.uk/,1620597614,18:00:14,20210509
28,2013-12-31,SBID.L,INR,2013-12-31,2013-12-31,Q4,274714800000,0.0,0.0,0.0,0.0,0.0,0.0,0.0,175926200000,0.0,311706800000,0.0,0.0,0.0,0.0,0.16875101013851457,0.0,46358400000.0,0.16875101013851457,17536800000.0,28386200000,0.10332970775509728,41.5,41.5,684004819,684004819,https://find-and-update.company-information.service.gov.uk/,https://find-and-update.company-information.service.gov.uk/,1620597614,18:00:14,20210509
29,2013-09-30,SBID.L,INR,2013-09-30,2013-09-30,Q3,229321200000,0.0,0.0,0.0,0.0,0.0,0.0,0.0,143135400000,0.0,301865100000,3943730750.0,0.0,0.0,0.0,0.18379242739005378,0.0,42147500000.0,0.18379242739005378,10254900000.0,30727700000,0.13399415317903446,44.92,44.92,684053874,684053874,https://find-and-update.company-information.service.gov.uk/,https://find-and-update.company-information.service.gov.uk/,1620597614,18:00:14,20210509
30,2013-06-30,SBID.L,INR,2013-06-30,2013-06-30,Q2,241742800000,0.0,0.0,0.0,0.0,0.0,0.0,0.0,138452800000,0.0,283280100000,3943730750.0,0.0,0.0,0.0,0.2587932298293889,0.0,62561400000.0,0.2587932298293889,18601900000.0,42985600000,0.17781543028375613,62.84,62.84,684048377,684048377,https://find-and-update.company-information.service.gov.uk/,https://find-and-update.company-information.service.gov.uk/,1620597614,18:00:14,20210509
31,2013-03-31,SBID.L,INR,2013-03-31,2013-03-31,Q1,256323607000,0.0,0.0,0.0,0.0,0.0,0.0,0.0,147821261000,0.0,279767429000,3943730750.0,0.0,0.0,0.0,0.174757465862284,0.0,44794464000.0,0.174757465862284,5610000000.0,38277811000,0.14933392771739515,57.040726986596965,57.040726986596965,671061065,671061065,https://find-and-update.company-information.service.gov.uk/,https://find-and-update.company-information.service.gov.uk/,1620597614,18:00:14,20210509
32,2012-12-31,SBID.L,INR,2012-12-31,2012-12-31,Q4,239070800000,0.0,0.0,0.0,0.0,0.0,0.0,0.0,134106600000,0.0,270350600000,0.0,0.0,0.0,0.0,0.2911882170470003,0.0,69614600000.0,0.2911882170470003,22007700000.0,46484400000,0.19443779834258304,69.27,69.27,671061065,671061065,https://find-and-update.company-information.service.gov.uk/,https://find-and-update.company-information.service.gov.uk/,1620597614,18:00:14,20210509
33,2012-09-30,SBID.L,INR,2012-09-30,2012-09-30,Q3,234724100000,0.0,0.0,0.0,0.0,0.0,0.0,0.0,136167500000,0.0,264932900000,3429018500.0,0.0,0.0,0.0,0.298287649201765,0.0,70015300000.0,0.298287649201765,23258800000.0,45753100000,0.19492289032101945,68.18,68.18,671063362,671063362,https://find-and-update.company-information.service.gov.uk/,https://find-and-update.company-information.service.gov.uk/,1620597614,18:00:14,20210509
34,2012-06-30,SBID.L,INR,2012-06-30,2012-06-30,Q2,216113800000,0.0,0.0,0.0,0.0,0.0,0.0,0.0,106843300000,0.0,253128200000,3429018500.0,0.0,0.0,0.0,0.3468621624347913,0.0,74961700000.0,0.3468621624347913,24711800000.0,48747000000,0.22556171794674842,72.64,72.64,671076542,671076542,https://find-and-update.company-information.service.gov.uk/,https://find-and-update.company-information.service.gov.uk/,1620597614,18:00:14,20210509
35,2012-03-31,SBID.L,INR,2012-03-31,2012-03-31,Q1,293312614000,0.0,0.0,0.0,0.0,0.0,0.0,0.0,420503463000,0.0,241957028000,3429018500.0,0.0,0.0,0.0,0.0,0.0,0.0,0.0,0.0,50421396000,0.17190326495811734,79.40230209750523,79.40230209750523,635011765,635011765,https://find-and-update.company-information.service.gov.uk/,https://find-and-update.company-information.service.gov.uk/,1620597614,18:00:14,20210509
36,2011-12-31,SBID.L,INR,2011-12-31,2011-12-31,Q4,201640500000,0.0,0.0,0.0,0.0,0.0,0.0,0.0,102442000000,0.0,229424400000,0.0,0.0,0.0,0.0,0.3229787666664187,0.0,65125600000.0,0.3229787666664187,21341200000.0,43180800000,0.21414745549629166,68.0,68.0,635011765,635011765,https://find-and-update.company-information.service.gov.uk/,https://find-and-update.company-information.service.gov.uk/,1620597614,18:00:14,20210509
37,2011-09-30,SBID.L,INR,2011-09-30,2011-09-30,Q3,193561300000,0.0,0.0,0.0,0.0,0.0,0.0,0.0,105739400000,0.0,218885200000,3451379000.0,0.0,0.0,0.0,0.2646448437781726,0.0,51225000000.0,0.2646448437781726,15861700000.0,34704300000,0.1792935881294453,54.65,54.65,635028362,635028362,https://find-and-update.company-information.service.gov.uk/,https://find-and-update.company-information.service.gov.uk/,1620597614,18:00:14,20210509
38,2011-06-30,SBID.L,INR,2011-06-30,2011-06-30,Q2,188331700000,0.0,0.0,0.0,0.0,0.0,0.0,0.0,111455300000,0.0,202928900000,3451379000.0,0.0,0.0,0.0,0.24589381394635104,0.0,46309600000.0,0.24589381394635104,18606900000.0,25124700000,0.13340664370363567,39.57,39.57,634943139,634943139,https://find-and-update.company-information.service.gov.uk/,https://find-and-update.company-information.service.gov.uk/,1620597614,18:00:14,20210509
39,2011-03-31,SBID.L,INR,2011-03-31,2011-03-31,Q1,215047200000,0.0,0.0,0.0,0.0,0.0,0.0,0.0,121161500000,0.0,186388300000,3451379000.0,0.0,0.0,0.0,0.18610518993039668,0.0,40021400000.0,0.18610518993039668,25329000000.0,12452600000,0.057906357302024855,19.60946881324259,19.60946881324259,635029950,635029950,https://find-and-update.company-information.service.gov.uk/,https://find-and-update.company-information.service.gov.uk/,1620597614,18:00:14,20210509
40,2010-12-31,SBID.L,INR,2010-12-31,2010-12-31,Q4,199399700000,0.0,0.0,0.0,0.0,0.0,0.0,0.0,115078000000,0.0,170269000000,0.0,0.0,0.0,0.0,0.3075205228493323,0.0,61319500000.0,0.3075205228493323,23254600000.0,37104800000,0.18608252670390177,58.43,58.43,635029950,635029950,https://find-and-update.company-information.service.gov.uk/,https://find-and-update.company-information.service.gov.uk/,1620597614,18:00:14,20210509
41,2010-09-30,SBID.L,INR,2010-09-30,2010-09-30,Q3,214667000000,0.0,0.0,0.0,0.0,0.0,0.0,0.0,138019600000,0.0,164587400000,-83846000.0,0.0,0.0,0.0,0.1927827751820261,0.0,41384100000.0,0.1927827751820261,17012900000.0,23639500000,0.11012172341347296,37.23,37.23,634958367,634958367,https://find-and-update.company-information.service.gov.uk/,https://find-and-update.company-information.service.gov.uk/,1620597614,18:00:14,20210509
42,2010-03-31,SBID.L,INR,2010-03-31,2010-03-31,Q1,195855982000,0.0,0.0,0.0,0.0,0.0,0.0,0.0,134278644000,0.0,158004287000,-83846000.0,0.0,0.0,0.0,0.0,0.0,0.0,0.0,0.0,28995284000,0.14804390299398668,45.66994793194956,45.66994793194956,634887608,634887608,https://find-and-update.company-information.service.gov.uk/,https://find-and-update.company-information.service.gov.uk/,1620597614,18:00:14,20210509
43,2009-12-31,SBID.L,INR,2009-12-31,2009-12-31,Q4,160647000000,0.0,0.0,0.0,0.0,0.0,0.0,0.0,100348200000,0.0,161667500000,0.0,0.0,0.0,0.0,0.3136087197395532,0.0,50380300000.0,0.3136087197395532,16830900000.0,33045900000,0.20570505518310334,52.05,52.05,634887608,634887608,https://find-and-update.company-information.service.gov.uk/,https://find-and-update.company-information.service.gov.uk/,1620597614,18:00:14,20210509
44,2009-09-30,SBID.L,INR,2009-09-30,2009-09-30,Q3,159554700000,0.0,0.0,0.0,0.0,0.0,0.0,0.0,96863700000,0.0,171461800000,2311154500.0,0.0,0.0,0.0,0.3047631940644807,0.0,48626400000.0,0.3047631940644807,17294800000.0,30509900000,0.19121906155067822,48.06,48.06,634829380,634829380,https://find-and-update.company-information.service.gov.uk/,https://find-and-update.company-information.service.gov.uk/,1620597614,18:00:14,20210509
