,date,symbol,reportedCurrency,fillingDate,acceptedDate,period,revenue,costOfRevenue,grossProfit,grossProfitRatio,researchAndDevelopmentExpenses,generalAndAdministrativeExpenses,sellingAndMarketingExpenses,otherExpenses,operatingExpenses,costAndExpenses,interestExpense,depreciationAndAmortization,ebitda,ebitdaratio,operatingIncome,operatingIncomeRatio,totalOtherIncomeExpensesNet,incomeBeforeTax,incomeBeforeTaxRatio,incomeTaxExpense,netIncome,netIncomeRatio,eps,epsdiluted,weightedAverageShsOut,weightedAverageShsOutDil,link,finalLink,timestamp,est_time,est_date
0,2020-12-31,SILC,USD,2020-12-31,2020-12-31,Q4,33898000.0,24289000.0,9609000.0,0.28346805121246094,5396000.0,1106000.0,1608000.0,0.0,8110000.0,32399000.0,0.0,0.0,1499000.0,0.044220897988081896,1499000.0,0.044220897988081896,0.0,924000.0,0.027258245324207918,78000.0,846000.0,0.024957224615021534,0.12,0.12,6955000.0,7013000.0,,,1620597929,18:05:29,20210509
1,2020-09-30,SILC,USD,2020-09-30,2020-09-30,Q3,28385000.0,19071000.0,9314000.0,0.32813105513475427,4186000.0,1067000.0,1666000.0,0.0,6919000.0,25990000.0,0.0,0.0,2395000.0,0.08437555046679585,2395000.0,0.08437555046679585,0.0,2764000.0,0.09737537431742117,677000.0,2087000.0,0.07352474898714109,0.3,0.29,7058000.0,7088000.0,,,1620597929,18:05:29,20210509
2,2020-06-30,SILC,USD,2020-07-29 00:00:00,2020-07-29 08:00:16,Q2,23045000.0,15321000.0,7724000.0,0.335170318941202,3862000.0,979000.0,1396000.0,0.0,6237000.0,21558000.0,0.0,0.0,1487000.0,0.06452592753308743,1487000.0,0.06452592753308743,0.0,1696000.0,0.07359513994358863,392000.0,1304000.0,0.05658494250379692,0.18230113239200335,0.18191964285714285,7153000.0,7168000.0,https://www.sec.gov/Archives/edgar/data/916793/000117891320002152/0001178913-20-002152-index.htm,https://www.sec.gov/Archives/edgar/data/916793/000117891320002152/zk2024709.htm,1620597929,18:05:29,20210509
3,2020-03-31,SILC,USD,2020-04-06 00:00:00,2020-04-06 08:15:14,Q1,22070000.0,14951000.0,7119000.0,0.3225645672859085,3800000.0,913000.0,1539000.0,0.0,6252000.0,21203000.0,0.0,0.0,867000.0,0.03928409605799728,867000.0,0.03928409605799728,0.0,1898000.0,0.08599909379247848,410000.0,1488000.0,0.06742183960126868,0.20358462169927485,0.20283533260632497,7309000.0,7336000.0,https://www.sec.gov/Archives/edgar/data/916793/000117891320001030/0001178913-20-001030-index.html,https://www.sec.gov/Archives/edgar/data/916793/000117891320001030/zk2024239.htm,1620597929,18:05:29,20210509
4,2019-12-31,SILC,USD,2020-01-02 00:00:00,2020-01-02 08:15:15,Q4,25507000.0,16651000.0,8856000.0,0.3471988081703062,3723000.0,1087000.0,1751000.0,0.0,6561000.0,23212000.0,0.0,969000.0,3264000.0,0.12796487238797194,2295000.0,0.08997530089779276,0.0,2855000.0,0.11193005841533697,432000.0,2423000.0,0.09499353118751715,0.3274324324324324,0.32514761137949544,7400000.0,7452000.0,https://www.sec.gov/Archives/edgar/data/916793/000117891320000008/0001178913-20-000008-index.html,https://www.sec.gov/Archives/edgar/data/916793/000117891320000008/zk2023784.htm,1620597929,18:05:29,20210509
5,2019-09-30,SILC,USD,2019-10-02 00:00:00,2019-10-02 08:15:18,Q3,24104000.0,15720000.0,8384000.0,0.34782608695652173,3873000.0,995000.0,1575000.0,0.0,6443000.0,22163000.0,0.0,0.0,1941000.0,0.08052605376700962,1941000.0,0.08052605376700962,0.0,2302000.0,0.0955028211085297,407000.0,1895000.0,0.07861765682044473,0.2524646949107381,0.25096013773010195,7506000.0,7551000.0,https://www.sec.gov/Archives/edgar/data/916793/000117891319002455/0001178913-19-002455-index.html,https://www.sec.gov/Archives/edgar/data/916793/000117891319002455/zk1923523.htm,1620597929,18:05:29,20210509
6,2019-06-30,SILC,USD,2019-07-01 00:00:00,2019-07-01 08:00:25,Q2,25402000.0,16728000.0,8674000.0,0.3414691756554602,3659000.0,1054000.0,1692000.0,0.0,6405000.0,23133000.0,0.0,1028000.0,3297000.0,0.12979292969057554,2269000.0,0.0893236753011574,0.0,2699000.0,0.10625147626171168,421000.0,2278000.0,0.08967797811195968,0.3,0.298,7587000.0,7635000.0,https://www.sec.gov/Archives/edgar/data/916793/000117891319001787/0001178913-19-001787-index.html,https://www.sec.gov/Archives/edgar/data/916793/000117891319001787/zk1923230.htm,1620597929,18:05:29,20210509
7,2019-03-31,SILC,USD,2019-04-01 00:00:00,2019-04-01 08:01:16,Q1,30227000.0,20047000.0,10180000.0,0.33678499354881397,3820000.0,1023000.0,1629000.0,0.0,6472000.0,26519000.0,0.0,0.0,3708000.0,0.12267178350481357,3708000.0,0.12267178350481357,0.0,4003000.0,0.13243127005657193,363000.0,3640000.0,0.12042213914712012,0.4798312681254943,0.4755683302848184,7586000.0,7654000.0,https://www.sec.gov/Archives/edgar/data/916793/000117891319001004/0001178913-19-001004-index.html,https://www.sec.gov/Archives/edgar/data/916793/000117891319001004/zk1922872.htm,1620597929,18:05:29,20210509
8,2018-12-31,SILC,USD,2019-01-02 00:00:00,2019-01-02 08:00:22,Q4,45524000.0,27428000.0,18096000.0,0.39750461295141026,4076000.0,1012000.0,1911000.0,0.0,6999000.0,34427000.0,0.0,1843000.0,12940000.0,0.2842456726122485,11097000.0,0.2437615323785256,0.0,11301000.0,0.24824268517704948,1427000.0,9874000.0,0.21689658202266937,1.31,1.29,7556000.0,7652000.0,https://www.sec.gov/Archives/edgar/data/916793/000117891319000012/0001178913-19-000012-index.html,https://www.sec.gov/Archives/edgar/data/916793/000117891319000012/zk1922421.htm,1620597929,18:05:29,20210509
9,2018-09-30,SILC,USD,2018-10-02 00:00:00,2018-10-02 08:14:55,Q3,31104000.0,20583000.0,10521000.0,0.3382523148148148,3666000.0,956000.0,1599000.0,0.0,6221000.0,26804000.0,0.0,0.0,4300000.0,0.13824588477366256,4300000.0,0.13824588477366256,0.0,4535000.0,0.145801183127572,769000.0,3766000.0,0.12107767489711935,0.5,0.49,7553000.0,7641000.0,https://www.sec.gov/Archives/edgar/data/916793/000117891318002606/0001178913-18-002606-index.html,https://www.sec.gov/Archives/edgar/data/916793/000117891318002606/zk1822127.htm,1620597929,18:05:29,20210509
10,2018-06-30,SILC,USD,2018-07-02 00:00:00,2018-07-02 08:15:30,Q2,27603000.0,18714000.0,8889000.0,0.32203021410716226,3647000.0,1068000.0,1596000.0,0.0,6311000.0,25025000.0,0.0,1450000.0,4028000.0,0.14592616744556752,2578000.0,0.09339564540086223,0.0,2778000.0,0.10064123464840778,342000.0,2436000.0,0.08825127703510488,0.323,0.319,7550000.0,7629000.0,https://www.sec.gov/Archives/edgar/data/916793/000117891318002022/0001178913-18-002022-index.html,https://www.sec.gov/Archives/edgar/data/916793/000117891318002022/zk1821857.htm,1620597929,18:05:29,20210509
11,2018-03-31,SILC,USD,2018-04-03 00:00:00,2018-04-03 08:00:25,Q1,29522000.0,24972000.0,4550000.0,0.15412234943432015,3431000.0,907000.0,1536000.0,0.0,5874000.0,30846000.0,0.0,0.0,-1324000.0,-0.04484791003319558,-1324000.0,-0.04484791003319558,0.0,-1040000.0,-0.03522796558498747,399000.0,-1439000.0,-0.048743310073843235,-0.1905960264900662,-0.1868103336362456,7550000.0,7703000.0,https://www.sec.gov/Archives/edgar/data/916793/000117891318001088/0001178913-18-001088-index.html,https://www.sec.gov/Archives/edgar/data/916793/000117891318001088/zk1821451.htm,1620597929,18:05:29,20210509
12,2017-12-31,SILC,USD,2018-01-02 00:00:00,2018-01-02 08:00:58,Q4,37781000.0,24258000.0,13523000.0,0.35793123527699106,3522000.0,1075000.0,1922000.0,0.0,6519000.0,30777000.0,0.0,1910000.0,8914000.0,0.23593869934623224,7004000.0,0.18538418781927424,0.0,11678000.0,0.3090971652417882,1367000.0,10311000.0,0.272914957253646,1.37,1.34,7535000.0,7710000.0,https://www.sec.gov/Archives/edgar/data/916793/000117891318000008/0001178913-18-000008-index.html,https://www.sec.gov/Archives/edgar/data/916793/000117891318000008/zk1820948.htm,1620597929,18:05:29,20210509
13,2017-09-30,SILC,USD,2017-10-02 00:00:00,2017-10-02 08:00:27,Q3,32301000.0,20605000.0,11696000.0,0.3620940528157023,3551000.0,1134000.0,1565000.0,0.0,6250000.0,26855000.0,0.0,0.0,5446000.0,0.16860159128200367,5446000.0,0.16860159128200367,0.0,5527000.0,0.1711092535834804,914000.0,4613000.0,0.14281291600879228,0.62,0.6,7483000.0,7628000.0,https://www.sec.gov/Archives/edgar/data/916793/000117891317002749/0001178913-17-002749-index.html,https://www.sec.gov/Archives/edgar/data/916793/000117891317002749/zk1720588.htm,1620597929,18:05:29,20210509
14,2017-06-30,SILC,USD,2017-07-03 00:00:00,2017-07-03 08:15:16,Q2,30266000.0,19142000.0,11124000.0,0.36754113526729665,3328000.0,1049000.0,1593000.0,0.0,5970000.0,25112000.0,0.0,1890000.0,7044000.0,0.23273640388554814,5154000.0,0.17029009449547347,-60000.0,5107000.0,0.16873719685455627,914000.0,4193000.0,0.1385382937950175,0.565,0.554,7420000.0,7573000.0,https://www.sec.gov/Archives/edgar/data/916793/000117891317001991/0001178913-17-001991-index.html,https://www.sec.gov/Archives/edgar/data/916793/000117891317001991/zk1720223.htm,1620597929,18:05:29,20210509
15,2017-03-31,SILC,USD,2017-04-03 00:00:00,2017-04-03 08:30:14,Q1,25342000.0,15757000.0,9585000.0,0.37822587009707204,3514000.0,1189000.0,1642000.0,0.0,6345000.0,22102000.0,0.0,0.0,3240000.0,0.12785099834267225,3240000.0,0.12785099834267225,0.0,3270000.0,0.12903480388288216,673000.0,2597000.0,0.10247809959750612,0.3518016797615822,0.3463128417122283,7382000.0,7499000.0,https://www.sec.gov/Archives/edgar/data/916793/000117891317001034/0001178913-17-001034-index.html,https://www.sec.gov/Archives/edgar/data/916793/000117891317001034/zk1719781.htm,1620597929,18:05:29,20210509
16,2016-12-31,SILC,USD,2017-01-03 00:00:00,2017-01-03 08:15:25,Q4,28328000.0,17102000.0,11226000.0,0.39628635978537136,3629000.0,884000.0,1626000.0,0.0,6139000.0,23241000.0,0.0,2260000.0,7347000.0,0.2593547020615645,5087000.0,0.1795749788195425,0.0,5491000.0,0.19383648686811636,991000.0,4500000.0,0.15885343123411466,0.61,0.6,7380000.0,7483000.0,https://www.sec.gov/Archives/edgar/data/916793/000117891317000012/0001178913-17-000012-index.html,https://www.sec.gov/Archives/edgar/data/916793/000117891317000012/zk1719342.htm,1620597929,18:05:29,20210509
17,2016-09-30,SILC,USD,2016-10-05 00:00:00,2016-10-05 08:00:16,Q3,24661000.0,15119000.0,9542000.0,0.38692672641012127,3137000.0,1069000.0,1622000.0,0.0,5828000.0,20947000.0,0.0,0.0,3714000.0,0.15060216536231297,3714000.0,0.15060216536231297,0.0,3654000.0,0.1481691739994323,458000.0,3196000.0,0.12959733992944325,0.4341211627275197,0.4287055667337357,7362000.0,7455000.0,https://www.sec.gov/Archives/edgar/data/916793/000117891316006618/0001178913-16-006618-index.html,https://www.sec.gov/Archives/edgar/data/916793/000117891316006618/zk1619060.htm,1620597929,18:05:29,20210509
18,2016-06-30,SILC,USD,2016-07-25 00:00:00,2016-07-25 08:00:17,Q2,26001000.0,16150000.0,9851000.0,0.3788700434598669,2869000.0,986000.0,1648000.0,0.0,5503000.0,21653000.0,0.0,1600000.0,5948000.0,0.22876043229106574,4348000.0,0.1672243375254798,-62000.0,4376000.0,0.16830121918387755,843000.0,3533000.0,0.13587938925425946,0.482,0.477,7335000.0,7414000.0,https://www.sec.gov/Archives/edgar/data/916793/000117891316005944/0001178913-16-005944-index.html,https://www.sec.gov/Archives/edgar/data/916793/000117891316005944/zk1618761.htm,1620597929,18:05:29,20210509
19,2016-03-31,SILC,USD,2016-04-04 00:00:00,2016-04-04 08:16:06,Q1,21357000.0,13425000.0,7932000.0,0.37140047759516787,3028000.0,968000.0,1527000.0,0.0,5523000.0,18948000.0,0.0,0.0,2409000.0,0.11279674111532519,2409000.0,0.11279674111532519,0.0,2344000.0,0.10975324249660533,436000.0,1908000.0,0.08933839022334597,0.26147731944634783,0.25797728501892914,7297000.0,7396000.0,https://www.sec.gov/Archives/edgar/data/916793/000117891316004967/0001178913-16-004967-index.html,https://www.sec.gov/Archives/edgar/data/916793/000117891316004967/zk1618308.htm,1620597929,18:05:29,20210509
20,2015-12-31,SILC,USD,2016-01-04 00:00:00,2016-01-04 08:00:28,Q4,27441000.0,16394000.0,11047000.0,0.40257279253671513,2940000.0,4618000.0,1624000.0,0.0,9182000.0,25576000.0,0.0,1750000.0,3615000.0,0.13173718158959222,1865000.0,0.06796399548121425,0.0,5023000.0,0.18304726504136146,603000.0,4420000.0,0.1610728471994461,0.61,0.6,7278000.0,7374000.0,https://www.sec.gov/Archives/edgar/data/916793/000117891316003855/0001178913-16-003855-index.html,https://www.sec.gov/Archives/edgar/data/916793/000117891316003855/zk1617797.htm,1620597929,18:05:29,20210509
21,2015-09-30,SILC,USD,2015-10-01 00:00:00,2015-10-01 09:45:29,Q3,19413000.0,11298000.0,8115000.0,0.41801885334569616,2181000.0,-2916000.0,1338000.0,0.0,603000.0,11901000.0,0.0,0.0,7512000.0,0.3869571936331324,7512000.0,0.3869571936331324,0.0,7551000.0,0.38896615669911916,492000.0,7059000.0,0.3636223149435945,0.97,0.96,7275000.0,7352000.0,https://www.sec.gov/Archives/edgar/data/916793/000117891315002982/0001178913-15-002982-index.html,https://www.sec.gov/Archives/edgar/data/916793/000117891315002982/zk1517382.htm,1620597929,18:05:29,20210509
22,2015-06-30,SILC,USD,2015-07-06 00:00:00,2015-07-06 08:56:12,Q2,17121000.0,10075000.0,7046000.0,0.41154138192862566,2283000.0,956000.0,1396000.0,0.0,4635000.0,14710000.0,0.0,1020000.0,3431000.0,0.20039717306232113,2411000.0,0.1408212137141522,0.0,2415000.0,0.1410548449272823,360000.0,2055000.0,0.1200280357455756,0.282,0.278,7274000.0,7378000.0,https://www.sec.gov/Archives/edgar/data/916793/000117891315002201/0001178913-15-002201-index.html,https://www.sec.gov/Archives/edgar/data/916793/000117891315002201/zk1517032.htm,1620597929,18:05:29,20210509
23,2015-03-31,SILC,USD,2015-04-01 00:00:00,2015-04-01 08:01:00,Q1,18763000.0,10892000.0,7871000.0,0.4194958162340777,2298000.0,953000.0,1293000.0,0.0,4544000.0,15436000.0,0.0,0.0,3327000.0,0.17731706017161436,3327000.0,0.17731706017161436,0.0,3436000.0,0.18312636571976762,450000.0,2986000.0,0.15914299419069444,0.4120894286502898,0.4053760521314146,7246000.0,7366000.0,https://www.sec.gov/Archives/edgar/data/916793/000117891315001132/0001178913-15-001132-index.html,https://www.sec.gov/Archives/edgar/data/916793/000117891315001132/zk1516545.htm,1620597929,18:05:29,20210509
24,2014-12-31,SILC,USD,2015-03-24 00:00:00,2015-03-24 08:46:39,Q4,22834000.0,13407000.0,9427000.0,0.41284925987562404,1768000.0,885000.0,1322000.0,0.0,3975000.0,17382000.0,0.0,570000.0,6022000.0,0.26372952614522205,5452000.0,0.23876675133572742,0.0,5545000.0,0.24283962512043444,823000.0,4722000.0,0.2067968818428659,0.66,0.65,7195000.0,7307000.0,https://www.sec.gov/Archives/edgar/data/916793/000117891315000993/0001178913-15-000993-index.html,https://www.sec.gov/Archives/edgar/data/916793/000117891315000993/zk1516495.htm,1620597929,18:05:29,20210509
25,2014-09-30,SILC,USD,2014-10-01 00:00:00,2014-10-01 08:00:37,Q3,15866000.0,9432000.0,6434000.0,0.4055212403882516,1668000.0,673000.0,1034000.0,0.0,3375000.0,12807000.0,0.0,0.0,3059000.0,0.19280221858061264,3059000.0,0.19280221858061264,0.0,3066000.0,0.19324341358880626,558000.0,2508000.0,0.15807386864994327,0.35,0.34,7183000.0,7290000.0,https://www.sec.gov/Archives/edgar/data/916793/000117891314003062/0001178913-14-003062-index.html,https://www.sec.gov/Archives/edgar/data/916793/000117891314003062/zk1415604.htm,1620597929,18:05:29,20210509
26,2014-06-30,SILC,USD,2014-07-01 00:00:00,2014-07-01 08:00:25,Q2,17918000.0,10730000.0,7188000.0,0.40116084384417905,1586000.0,619000.0,1082000.0,0.0,3287000.0,14017000.0,0.0,430000.0,4331000.0,0.24171224467016408,3901000.0,0.2177140305837705,0.0,3959000.0,0.2209509989954236,632000.0,3327000.0,0.18567920526844514,0.463,0.453,7183000.0,7337000.0,https://www.sec.gov/Archives/edgar/data/916793/000117891314002196/0001178913-14-002196-index.html,https://www.sec.gov/Archives/edgar/data/916793/000117891314002196/zk1415183.htm,1620597929,18:05:29,20210509
27,2014-03-31,SILC,USD,2014-04-01 00:00:00,2014-04-01 08:00:51,Q1,19004000.0,11266000.0,7738000.0,0.40717743632919384,1458000.0,666000.0,980000.0,0.0,3104000.0,14370000.0,0.0,0.0,4634000.0,0.24384340138918123,4634000.0,0.24384340138918123,0.0,4739000.0,0.24936855398863397,691000.0,4048000.0,0.21300778783414018,0.56,0.55,7176000.0,7343000.0,https://www.sec.gov/Archives/edgar/data/916793/000117891314001164/0001178913-14-001164-index.html,https://www.sec.gov/Archives/edgar/data/916793/000117891314001164/zk1414702.htm,1620597929,18:05:29,20210509
28,2013-12-31,SILC,USD,2014-04-01 00:00:00,2014-04-01 08:00:51,Q4,25353000.0,15267000.0,10086000.0,0.3978227428706662,1571000.0,709000.0,1101000.0,0.0,3381000.0,18648000.0,0.0,350000.0,7055000.0,0.2782708160769929,6705000.0,0.2644657436989705,0.0,6829000.0,0.2693566836271842,164000.0,6665000.0,0.2628880211414823,0.94,0.91,7119000.0,7289000.0,https://www.sec.gov/Archives/edgar/data/916793/000117891314001164/0001178913-14-001164-index.html,https://www.sec.gov/Archives/edgar/data/916793/000117891314001164/zk1414702.htm,1620597929,18:05:29,20210509
29,2013-09-30,SILC,USD,2013-10-01 00:00:00,2013-10-01 08:00:46,Q3,17200000.0,10183000.0,7017000.0,0.4079651162790698,1305000.0,636000.0,1004000.0,0.0,2945000.0,13128000.0,0.0,0.0,4072000.0,0.23674418604651162,4072000.0,0.23674418604651162,0.0,4172000.0,0.24255813953488373,152000.0,4020000.0,0.23372093023255813,0.57,0.55,7115000.0,7276000.0,https://www.sec.gov/Archives/edgar/data/916793/000117891313002771/0001178913-13-002771-index.html,https://www.sec.gov/Archives/edgar/data/916793/000117891313002771/zk1313689.htm,1620597929,18:05:29,20210509
30,2013-06-30,SILC,USD,2013-07-01 00:00:00,2013-07-01 08:00:28,Q2,15715000.0,9414000.0,6301000.0,0.4009545020680878,1345000.0,613000.0,864000.0,0.0,2822000.0,12236000.0,0.0,310000.0,3789000.0,0.24110722239898186,3479000.0,0.22138084632516702,0.0,3541000.0,0.22532612153993,252000.0,3289000.0,0.20929048679605472,0.46,0.45,7115000.0,7263000.0,https://www.sec.gov/Archives/edgar/data/916793/000117891313001941/0001178913-13-001941-index.html,https://www.sec.gov/Archives/edgar/data/916793/000117891313001941/zk1313332.htm,1620597929,18:05:29,20210509
31,2013-03-31,SILC,USD,2013-04-02 00:00:00,2013-04-02 08:29:27,Q1,15030000.0,9001000.0,6029000.0,0.4011310711909514,1244000.0,614000.0,849000.0,0.0,2707000.0,11708000.0,0.0,0.0,3322000.0,0.22102461743180307,3322000.0,0.22102461743180307,0.0,3440000.0,0.22887558216899534,337000.0,3103000.0,0.20645375914836991,0.44,0.43,7063000.0,7166000.0,https://www.sec.gov/Archives/edgar/data/916793/000117891313000970/0001178913-13-000970-index.html,https://www.sec.gov/Archives/edgar/data/916793/000117891313000970/zk1312898.htm,1620597929,18:05:29,20210509
32,2012-12-31,SILC,USD,2013-01-02 00:00:00,2013-01-02 08:01:57,Q4,16693000.0,10407000.0,6286000.0,0.376565027256934,1290000.0,805000.0,1002000.0,0.0,3097000.0,13504000.0,0.0,450000.0,3639000.0,0.21799556700413347,3189000.0,0.1910381597076619,0.0,3317000.0,0.19870604444976936,286000.0,3031000.0,0.181573114479123,0.44,0.43,6947000.0,7006000.0,https://www.sec.gov/Archives/edgar/data/916793/000117891313000014/0001178913-13-000014-index.html,https://www.sec.gov/Archives/edgar/data/916793/000117891313000014/zk1312461.htm,1620597929,18:05:29,20210509
33,2012-09-30,SILC,USD,2012-10-02 00:00:00,2012-10-02 08:03:19,Q3,11522000.0,6515000.0,5007000.0,0.4345599722270439,1028000.0,502000.0,799000.0,0.0,2329000.0,8844000.0,0.0,0.0,2678000.0,0.23242492622808542,2678000.0,0.23242492622808542,0.0,2850000.0,0.2473528901232425,269000.0,2581000.0,0.22400624891511892,0.3723849372384937,0.36766381766381767,6931000.0,7020000.0,https://www.sec.gov/Archives/edgar/data/916793/000117891312002788/0001178913-12-002788-index.html,https://www.sec.gov/Archives/edgar/data/916793/000117891312002788/zk1212084.htm,1620597929,18:05:29,20210509
34,2012-06-30,SILC,USD,2012-07-02 00:00:00,2012-07-02 06:02:58,Q2,10413000.0,5989000.0,4424000.0,0.42485354844905404,992000.0,530000.0,646000.0,0.0,2168000.0,8157000.0,0.0,0.0,2256000.0,0.2166522615960818,2256000.0,0.2166522615960818,0.0,2468000.0,0.23701142802266398,186000.0,2282000.0,0.2191491404974551,0.3292929292929293,0.32507122507122505,6930000.0,7020000.0,https://www.sec.gov/Archives/edgar/data/916793/000117891312001843/0001178913-12-001843-index.html,https://www.sec.gov/Archives/edgar/data/916793/000117891312001843/zk1211652.htm,1620597929,18:05:29,20210509
35,2012-03-31,SILC,USD,2012-03-31,2012-03-31,Q1,10101000.0,5938000.0,4163000.0,0.4121374121374121,1091000.0,532000.0,634000.0,0.0,2257000.0,8195000.0,0.0,0.0,1906000.0,0.1886941886941887,1906000.0,0.1886941886941887,0.0,2146000.0,0.21245421245421245,169000.0,1977000.0,0.19572319572319571,0.29,0.28,6928000.0,7022000.0,,,1620597929,18:05:29,20210509
36,2011-12-31,SILC,USD,2012-01-03 00:00:00,2012-01-03 07:56:03,Q4,11080000.0,6369000.0,4711000.0,0.42518050541516245,1071000.0,443000.0,728000.0,0.0,2242000.0,8611000.0,0.0,380000.0,2849000.0,0.25712996389891696,2469000.0,0.22283393501805054,0.0,2556000.0,0.23068592057761733,156000.0,2400000.0,0.21660649819494585,0.35,0.34,6917000.0,7014000.0,https://www.sec.gov/Archives/edgar/data/916793/000117891312000026/0001178913-12-000026-index.html,https://www.sec.gov/Archives/edgar/data/916793/000117891312000026/zk1210851.htm,1620597929,18:05:29,20210509
37,2011-09-30,SILC,USD,2011-10-03 00:00:00,2011-10-03 08:20:26,Q3,10019000.0,5649000.0,4370000.0,0.43617127457830124,1036000.0,473000.0,619000.0,0.0,2128000.0,7777000.0,0.0,0.0,2242000.0,0.22377482782712846,2242000.0,0.22377482782712846,0.0,2261000.0,0.22567122467312106,157000.0,2104000.0,0.21000099810360315,0.31,0.3,6892000.0,7012000.0,https://www.sec.gov/Archives/edgar/data/916793/000117891311002742/0001178913-11-002742-index.html,https://www.sec.gov/Archives/edgar/data/916793/000117891311002742/zk1110488.htm,1620597929,18:05:29,20210509
38,2011-06-30,SILC,USD,2011-07-05 00:00:00,2011-07-05 08:03:57,Q2,9357000.0,5215000.0,4142000.0,0.4426632467671262,1020000.0,462000.0,669000.0,0.0,2151000.0,7366000.0,0.0,0.0,1991000.0,0.2127818745324356,1991000.0,0.2127818745324356,0.0,2142000.0,0.22891952548893876,168000.0,1974000.0,0.21096505290157103,0.29,0.28,6890000.0,7026000.0,https://www.sec.gov/Archives/edgar/data/916793/000117891311001910/0001178913-11-001910-index.html,https://www.sec.gov/Archives/edgar/data/916793/000117891311001910/zk1110116.htm,1620597929,18:05:29,20210509
39,2011-03-31,SILC,USD,2011-04-06 00:00:00,2011-04-06 08:02:43,Q1,9177000.0,5197000.0,3980000.0,0.4336929279721042,1038000.0,512000.0,661000.0,0.0,2211000.0,7408000.0,0.0,0.0,1769000.0,0.1927645199956413,1769000.0,0.1927645199956413,0.0,1951000.0,0.2125967091642149,186000.0,1765000.0,0.19232864770622207,0.26,0.25,6886000.0,7013000.0,https://www.sec.gov/Archives/edgar/data/916793/000117891311001046/0001178913-11-001046-index.html,https://www.sec.gov/Archives/edgar/data/916793/000117891311001046/zk1109725.htm,1620597929,18:05:29,20210509
40,2010-12-31,SILC,USD,2010-12-31,2010-12-31,Q4,9880000.0,5859000.0,4021000.0,0.4069838056680162,945000.0,469000.0,667000.0,0.0,2081000.0,7940000.0,0.0,420000.0,2360000.0,0.2388663967611336,1940000.0,0.19635627530364372,0.0,2063000.0,0.20880566801619432,109000.0,1954000.0,0.19777327935222672,0.2837641591635202,0.2837641591635202,6886000.0,6886000.0,,,1620597929,18:05:29,20210509
41,2010-09-30,SILC,USD,2010-10-04 00:00:00,2010-10-04 09:24:05,Q3,7380000.0,4155000.0,3225000.0,0.4369918699186992,805000.0,322000.0,547000.0,0.0,1674000.0,5829000.0,0.0,0.0,1551000.0,0.21016260162601627,1551000.0,0.21016260162601627,0.0,1679000.0,0.2275067750677507,239000.0,1440000.0,0.1951219512195122,0.21145374449339208,0.20654044750430292,6810000.0,6972000.0,https://www.sec.gov/Archives/edgar/data/916793/000117891310002565/0001178913-10-002565-index.html,https://www.sec.gov/Archives/edgar/data/916793/000117891310002565/zk1008846.htm,1620597929,18:05:29,20210509
42,2010-06-30,SILC,USD,2010-07-07 00:00:00,2010-07-07 06:51:43,Q2,6739000.0,3778000.0,2961000.0,0.43938269772963345,693000.0,372000.0,495000.0,0.0,1560000.0,5338000.0,0.0,0.0,1401000.0,0.20789434634218726,1401000.0,0.20789434634218726,0.0,1626000.0,0.24128208933076123,243000.0,1383000.0,0.20522332690310136,0.20308370044052865,0.19879258300991806,6810000.0,6957000.0,https://www.sec.gov/Archives/edgar/data/916793/000117891310001754/0001178913-10-001754-index.html,https://www.sec.gov/Archives/edgar/data/916793/000117891310001754/zk1008504.htm,1620597929,18:05:29,20210509
43,2010-03-31,SILC,USD,2010-04-07 00:00:00,2010-04-07 06:57:46,Q1,6400000.0,3698000.0,2702000.0,0.4221875,837000.0,360000.0,498000.0,0.0,1695000.0,5393000.0,0.0,0.0,1007000.0,0.15734375,1007000.0,0.15734375,0.0,1148000.0,0.179375,210000.0,938000.0,0.1465625,0.14,0.13,6809000.0,6964000.0,https://www.sec.gov/Archives/edgar/data/916793/000117891310000966/0001178913-10-000966-index.html,https://www.sec.gov/Archives/edgar/data/916793/000117891310000966/zk1008154.htm,1620597929,18:05:29,20210509
44,2009-12-31,SILC,USD,2010-01-06 00:00:00,2010-01-06 06:02:42,Q4,6822000.0,4121000.0,2701000.0,0.39592494869539724,754000.0,345000.0,521000.0,0.0,1620000.0,5741000.0,0.0,440000.0,1521000.0,0.22295514511873352,1081000.0,0.15845793022574026,0.0,1263000.0,0.1851363236587511,-87000.0,1350000.0,0.19788918205804748,0.19826699955940666,0.19826699955940666,6809000.0,6809000.0,https://www.sec.gov/Archives/edgar/data/916793/000117891310000039/0001178913-10-000039-index.html,https://www.sec.gov/Archives/edgar/data/916793/000117891310000039/zk1007741.htm,1620597929,18:05:29,20210509
45,2009-09-30,SILC,USD,2009-10-07 00:00:00,2009-10-07 06:37:12,Q3,4638000.0,2824000.0,1814000.0,0.3911168607158258,627000.0,376000.0,478000.0,0.0,1481000.0,4305000.0,0.0,0.0,333000.0,0.07179818887451488,333000.0,0.07179818887451488,0.0,524000.0,0.11297973264338076,178000.0,346000.0,0.07460112117291937,0.05166492459310139,0.05040792540792541,6697000.0,6864000.0,https://www.sec.gov/Archives/edgar/data/916793/000117891309002363/0001178913-09-002363-index.html,https://www.sec.gov/Archives/edgar/data/916793/000117891309002363/zk97334.htm,1620597929,18:05:29,20210509
46,2009-06-30,SILC,USD,2009-07-01 00:00:00,2009-07-01 06:19:13,Q2,4048000.0,2438000.0,1610000.0,0.3977272727272727,698000.0,317000.0,443000.0,0.0,1458000.0,3896000.0,0.0,0.0,152000.0,0.037549407114624504,152000.0,0.037549407114624504,0.0,344000.0,0.08498023715415019,88000.0,256000.0,0.06324110671936758,0.038231780167264036,0.03742690058479532,6696000.0,6840000.0,https://www.sec.gov/Archives/edgar/data/916793/000117891309001570/0001178913-09-001570-index.html,https://www.sec.gov/Archives/edgar/data/916793/000117891309001570/zk96964.htm,1620597929,18:05:29,20210509
47,2009-03-31,SILC,USD,2009-04-01 00:00:00,2009-04-01 07:11:06,Q1,5018000.0,3078000.0,1940000.0,0.38660821044240734,637000.0,275000.0,379000.0,0.0,1291000.0,4369000.0,0.0,0.0,649000.0,0.1293343961737744,649000.0,0.1293343961737744,0.0,993000.0,0.19788760462335592,126000.0,867000.0,0.17277799920286968,0.12951897221392292,0.12766897364158444,6694000.0,6791000.0,https://www.sec.gov/Archives/edgar/data/916793/000117891309000767/0001178913-09-000767-index.html,https://www.sec.gov/Archives/edgar/data/916793/000117891309000767/zk96571.htm,1620597929,18:05:29,20210509
48,2008-12-31,SILC,USD,2009-01-07 00:00:00,2009-01-07 06:03:41,Q4,6538000.0,4041000.0,2497000.0,0.38192107678189047,573000.0,0.0,0.0,0.0,1201000.0,5242000.0,0.0,240000.0,1536000.0,0.2349342306515754,1296000.0,0.19822575711226675,0.0,1680000.0,0.2569593147751606,38000.0,1642000.0,0.2511471397981034,0.245294293397072,0.245294293397072,6694000.0,6694000.0,https://www.sec.gov/Archives/edgar/data/916793/000117891309000052/0001178913-09-000052-index.html,https://www.sec.gov/Archives/edgar/data/916793/000117891309000052/zk96243.htm,1620597929,18:05:29,20210509
49,2008-09-30,SILC,USD,2008-10-02 00:00:00,2008-10-02 06:02:31,Q3,6141000.0,3723000.0,2418000.0,0.3937469467513434,791000.0,0.0,0.0,0.0,1719000.0,5442000.0,0.0,0.0,699000.0,0.11382510991695163,699000.0,0.11382510991695163,0.0,994000.0,0.16186288878032892,50000.0,944000.0,0.15372089236280737,0.1410218105766358,0.1401841401841402,6694000.0,6734000.0,https://www.sec.gov/Archives/edgar/data/916793/000117891308002569/0001178913-08-002569-index.html,https://www.sec.gov/Archives/edgar/data/916793/000117891308002569/zk85879.htm,1620597929,18:05:29,20210509
50,2008-06-30,SILC,USD,2008-07-02 00:00:00,2008-07-02 06:16:48,Q2,5172000.0,3196000.0,1976000.0,0.3820572312451663,827000.0,0.0,0.0,0.0,1838000.0,5034000.0,0.0,210000.0,348000.0,0.06728538283062645,138000.0,0.02668213457076566,0.0,400000.0,0.07733952049497293,77000.0,323000.0,0.062451662799690645,0.05,0.04771,6688000.0,6770000.0,https://www.sec.gov/Archives/edgar/data/916793/000117891308001734/0001178913-08-001734-index.html,https://www.sec.gov/Archives/edgar/data/916793/000117891308001734/zk85482.htm,1620597929,18:05:29,20210509
51,2008-03-31,SILC,USD,2008-04-02 00:00:00,2008-04-02 08:23:17,Q1,7703000.0,4445000.0,3258000.0,0.42295209658574584,857000.0,0.0,0.0,0.0,1810000.0,6255000.0,0.0,0.0,1448000.0,0.1879787095936648,1448000.0,0.1879787095936648,0.0,1695000.0,0.22004413864728029,-41000.0,1736000.0,0.2253667402310788,0.2605432988143479,0.25529411764705884,6663000.0,6800000.0,https://www.sec.gov/Archives/edgar/data/916793/000117891308000847/0001178913-08-000847-index.html,https://www.sec.gov/Archives/edgar/data/916793/000117891308000847/zk85070.htm,1620597929,18:05:29,20210509
52,2007-12-31,SILC,USD,2008-03-11 00:00:00,2008-03-11 07:03:40,Q4,7478000.0,4470000.0,3008000.0,0.4022465899973255,621000.0,0.0,0.0,0.0,1342000.0,5812000.0,0.0,170000.0,1836000.0,0.2455201925648569,1666000.0,0.22278684140144422,0.0,1973000.0,0.26384059909066593,153000.0,1820000.0,0.24338058304359456,0.27315023262794536,0.27315023262794536,6663000.0,6663000.0,https://www.sec.gov/Archives/edgar/data/916793/000117891308000610/0001178913-08-000610-index.html,https://www.sec.gov/Archives/edgar/data/916793/000117891308000610/zk84941.htm,1620597929,18:05:29,20210509
53,2007-09-30,SILC,USD,2007-10-03 00:00:00,2007-10-03 06:01:50,Q3,6640000.0,3990000.0,2650000.0,0.3990963855421687,524000.0,0.0,0.0,0.0,1205000.0,5195000.0,0.0,0.0,1445000.0,0.21762048192771086,1445000.0,0.21762048192771086,0.0,1742000.0,0.26234939759036147,96000.0,1646000.0,0.24789156626506023,0.25342571208622017,0.245415237811242,6495000.0,6707000.0,https://www.sec.gov/Archives/edgar/data/916793/000117891307002092/0001178913-07-002092-index.html,https://www.sec.gov/Archives/edgar/data/916793/000117891307002092/zk74284.htm,1620597929,18:05:29,20210509
54,2007-06-30,SILC,USD,2007-07-09 00:00:00,2007-07-09 08:38:28,Q2,6617000.0,3983000.0,2634000.0,0.39806558863533326,524000.0,0.0,0.0,0.0,1195000.0,5178000.0,0.0,110000.0,1549000.0,0.23409400030225178,1439000.0,0.21747015263714675,0.0,1722000.0,0.26023877890282604,153000.0,1569000.0,0.2371165180595436,0.26,0.25,6067000.0,6328000.0,https://www.sec.gov/Archives/edgar/data/916793/000117891307001378/0001178913-07-001378-index.html,https://www.sec.gov/Archives/edgar/data/916793/000117891307001378/zk73947.htm,1620597929,18:05:29,20210509
55,2007-03-31,SILC,USD,2007-04-04 00:00:00,2007-04-04 08:42:09,Q1,6049000.0,3651000.0,2398000.0,0.39642916184493304,539000.0,0.0,0.0,0.0,1192000.0,4843000.0,0.0,0.0,1206000.0,0.19937179699123822,1206000.0,0.19937179699123822,0.0,1275000.0,0.2107786410977021,30000.0,1245000.0,0.20581914366010912,0.23,0.22,5363000.0,5653000.0,https://www.sec.gov/Archives/edgar/data/916793/000117891307000697/0001178913-07-000697-index.html,https://www.sec.gov/Archives/edgar/data/916793/000117891307000697/zk73609.htm,1620597929,18:05:29,20210509
56,2006-12-31,SILC,USD,2006-12-31,2006-12-31,Q4,5017000.0,3022000.0,1995000.0,0.3976479968108431,460000.0,0.0,0.0,0.0,1045000.0,4067000.0,0.0,90000.0,1040000.0,0.2072951963324696,950000.0,0.18935618895754436,0.0,1020000.0,0.20330875024915288,0.0,1066000.0,0.21247757624078134,0.19876934551556966,0.19876934551556966,5363000.0,5363000.0,,,1620597929,18:05:29,20210509
57,2006-09-30,SILC,USD,2006-09-30,2006-09-30,Q3,4179000.0,2520000.0,1659000.0,0.3969849246231156,449000.0,0.0,0.0,0.0,1039000.0,3559000.0,0.0,0.0,620000.0,0.1483608518784398,620000.0,0.1483608518784398,0.0,666000.0,0.15936826992103373,0.0,666000.0,0.15936826992103373,0.13,0.12,5198000.0,5347000.0,,,1620597929,18:05:29,20210509
58,2006-06-30,SILC,USD,2006-06-30,2006-06-30,Q2,3635000.0,2317000.0,1318000.0,0.362585969738652,511000.0,0.0,0.0,0.0,995000.0,3312000.0,0.0,90000.0,413000.0,0.11361760660247593,323000.0,0.08885832187070151,0.0,319000.0,0.08775790921595598,0.0,319000.0,0.08775790921595598,0.06136975759907657,0.05887781469176818,5198000.0,5418000.0,,,1620597929,18:05:29,20210509
59,2006-03-31,SILC,USD,2006-03-31,2006-03-31,Q1,3287000.0,1968000.0,1319000.0,0.4012777608761789,400000.0,0.0,0.0,0.0,826000.0,2794000.0,0.0,0.0,493000.0,0.14998478856099787,493000.0,0.14998478856099787,0.0,0.0,0.0,0.0,548000.0,0.16671737146334042,0.11059535822401614,0.10502108087389804,4955000.0,5218000.0,,,1620597929,18:05:29,20210509
60,2005-12-31,SILC,USD,2006-01-03 00:00:00,2006-01-03 06:50:25,Q4,3126000.0,1855000.0,1271000.0,0.4065898912348049,371000.0,0.0,0.0,0.0,796000.0,2651000.0,0.0,30000.0,505000.0,0.16154830454254637,475000.0,0.15195137555982086,0.0,0.0,0.0,0.0,473000.0,0.15131158029430583,0.09545913218970736,0.09545913218970736,4955000.0,4955000.0,https://www.sec.gov/Archives/edgar/data/916793/000117891306000016/0001178913-06-000016-index.html,https://www.sec.gov/Archives/edgar/data/916793/000117891306000016/zk62102.htm,1620597929,18:05:29,20210509
61,2005-09-30,SILC,USD,2005-09-30,2005-09-30,Q3,2832000.0,1688000.0,1144000.0,0.403954802259887,368000.0,0.0,0.0,0.0,749000.0,2437000.0,0.0,0.0,395000.0,0.1394774011299435,395000.0,0.1394774011299435,0.0,384000.0,0.13559322033898305,0.0,384000.0,0.13559322033898305,0.08980355472404115,0.08723307587460245,4276000.0,4402000.0,,,1620597929,18:05:29,20210509
62,2005-06-30,SILC,USD,2005-06-30,2005-06-30,Q2,2638000.0,1589000.0,1049000.0,0.3976497346474602,356000.0,0.0,0.0,0.0,757000.0,2346000.0,0.0,0.0,292000.0,0.1106899166034875,292000.0,0.1106899166034875,0.0,315000.0,0.11940864291129644,0.0,315000.0,0.11940864291129644,0.07417000235460325,0.07163975437798499,4247000.0,4397000.0,,,1620597929,18:05:29,20210509
63,2005-03-31,SILC,USD,2005-03-31,2005-03-31,Q1,2280000.0,1375000.0,905000.0,0.3969298245614035,368000.0,0.0,0.0,0.0,759000.0,2134000.0,0.0,0.0,146000.0,0.06403508771929825,146000.0,0.06403508771929825,0.0,0.0,0.0,0.0,150000.0,0.06578947368421052,0.036,0.035,4200000.0,4254000.0,,,1620597929,18:05:29,20210509
64,2004-12-31,SILC,USD,2004-12-31,2004-12-31,Q4,1581000.0,954000.0,627000.0,0.396584440227704,332000.0,0.0,0.0,0.0,693000.0,1647000.0,0.0,0.0,-66000.0,-0.04174573055028463,-66000.0,-0.04174573055028463,0.0,0.0,0.0,0.0,-87000.0,-0.05502846299810247,-0.020714285714285713,-0.020714285714285713,4200000.0,4200000.0,,,1620597929,18:05:29,20210509
65,2004-09-30,SILC,USD,2004-09-30,2004-09-30,Q3,1235000.0,770000.0,465000.0,0.3765182186234818,339000.0,0.0,0.0,0.0,671000.0,1441000.0,0.0,120000.0,-86000.0,-0.06963562753036437,-206000.0,-0.16680161943319838,0.0,-207000.0,-0.16761133603238867,0.0,-207000.0,-0.16761133603238867,-0.05,-0.05,4199000.0,4199000.0,,,1620597929,18:05:29,20210509
66,2004-06-30,SILC,USD,2004-06-30,2004-06-30,Q2,895000.0,730000.0,165000.0,0.18435754189944134,401000.0,0.0,0.0,0.0,707000.0,1437000.0,0.0,0.0,-542000.0,-0.605586592178771,-542000.0,-0.605586592178771,0.0,-544000.0,-0.6078212290502794,0.0,-544000.0,-0.6078212290502794,-0.13,-0.13,4199000.0,4199000.0,,,1620597929,18:05:29,20210509
67,2004-03-31,SILC,USD,2004-03-31,2004-03-31,Q1,848000.0,545000.0,303000.0,0.357311320754717,379000.0,0.0,0.0,0.0,712000.0,1257000.0,0.0,0.0,-409000.0,-0.482311320754717,-409000.0,-0.482311320754717,0.0,-402000.0,-0.4740566037735849,0.0,-402000.0,-0.4740566037735849,-0.1,-0.1,4193000.0,4193000.0,,,1620597929,18:05:29,20210509
68,2003-12-31,SILC,USD,2003-12-31,2003-12-31,Q4,1020000.0,569000.0,451000.0,0.442156862745098,359000.0,0.0,0.0,0.0,737000.0,1306000.0,0.0,0.0,-286000.0,-0.2803921568627451,-286000.0,-0.2803921568627451,0.0,-282000.0,-0.27647058823529413,0.0,-282000.0,-0.27647058823529413,-0.06725494872406391,-0.06725494872406391,4193000.0,4193000.0,,,1620597929,18:05:29,20210509
69,2003-09-30,SILC,USD,2003-09-30,2003-09-30,Q3,680000.0,436000.0,244000.0,0.3588235294117647,367000.0,0.0,0.0,0.0,711000.0,1147000.0,0.0,0.0,-467000.0,-0.6867647058823529,-467000.0,-0.6867647058823529,0.0,-460000.0,-0.6764705882352942,0.0,-460000.0,-0.6764705882352942,-0.11,-0.11,4110000.0,4110000.0,,,1620597929,18:05:29,20210509
70,2003-06-30,SILC,USD,2003-06-30,2003-06-30,Q2,700000.0,478000.0,222000.0,0.3171428571428571,372000.0,0.0,0.0,0.0,763000.0,1241000.0,0.0,0.0,-541000.0,-0.7728571428571429,-541000.0,-0.7728571428571429,0.0,-544000.0,-0.7771428571428571,0.0,-544000.0,-0.7771428571428571,-0.13,-0.13,4110000.0,4110000.0,,,1620597929,18:05:29,20210509
71,2003-03-31,SILC,USD,2003-03-31,2003-03-31,Q1,1325000.0,677000.0,648000.0,0.4890566037735849,399000.0,0.0,0.0,0.0,890000.0,1567000.0,0.0,0.0,-242000.0,-0.18264150943396226,-242000.0,-0.18264150943396226,0.0,0.0,0.0,0.0,-223000.0,-0.16830188679245284,-0.05425790754257907,-0.054244709316468014,4110000.0,4111000.0,,,1620597929,18:05:29,20210509
72,2002-12-31,SILC,USD,2002-12-31,2002-12-31,Q4,795000.0,0.0,0.0,0.0,0.0,0.0,0.0,0.0,0.0,0.0,0.0,0.0,-4568000.0,-5.745911949685534,-4568000.0,-5.745911949685534,0.0,0.0,0.0,0.0,-674000.0,-0.8477987421383648,-0.16399026763990268,-0.16399026763990268,4110000.0,4110000.0,,,1620597929,18:05:29,20210509
73,2002-09-30,SILC,USD,2002-09-30,2002-09-30,Q3,512000.0,0.0,0.0,0.0,0.0,0.0,0.0,0.0,0.0,0.0,0.0,0.0,512000.0,1.0,512000.0,1.0,0.0,0.0,0.0,0.0,-676000.0,-1.3203125,-0.16447688564476887,-0.16439688715953307,4110000.0,4112000.0,,,1620597929,18:05:29,20210509
74,2002-06-30,SILC,USD,2002-06-30,2002-06-30,Q2,765000.0,0.0,0.0,0.0,0.0,0.0,0.0,0.0,0.0,0.0,0.0,0.0,765000.0,1.0,765000.0,1.0,0.0,0.0,0.0,0.0,-536000.0,-0.7006535947712418,-0.13,-0.13,4123077.0,4123077.0,,,1620597929,18:05:29,20210509
75,2002-03-31,SILC,USD,2002-03-31,2002-03-31,Q1,654000.0,553000.0,101000.0,0.154434250764526,329000.0,417000.0,0.0,0.0,746000.0,1299000.0,0.0,0.0,-645000.0,-0.9862385321100917,-645000.0,-0.9862385321100917,0.0,0.0,0.0,0.0,-599000.0,-0.9159021406727829,-0.146,-0.146,4110000.0,4110000.0,,,1620597929,18:05:29,20210509
