,date,symbol,reportedCurrency,fillingDate,acceptedDate,period,revenue,costOfRevenue,grossProfit,grossProfitRatio,researchAndDevelopmentExpenses,generalAndAdministrativeExpenses,sellingAndMarketingExpenses,otherExpenses,operatingExpenses,costAndExpenses,interestExpense,depreciationAndAmortization,ebitda,ebitdaratio,operatingIncome,operatingIncomeRatio,totalOtherIncomeExpensesNet,incomeBeforeTax,incomeBeforeTaxRatio,incomeTaxExpense,netIncome,netIncomeRatio,eps,epsdiluted,weightedAverageShsOut,weightedAverageShsOutDil,link,finalLink,timestamp,est_time,est_date
0,2020-12-31,RVP,USD,2021-03-31,2021-03-31 14:17:28,Q4,6189191.0,23691442.0,19506102.0,3.151640012402267,313697.0,4379471.0,2049594.0,0.0,6742762.0,30434204.0,100671.0,207071.0,12970411.0,2.095655312624865,12763340.0,2.062198435950676,2262.758,13815210.0,2.2321511809863357,1984061.0,11831149.0,1.9115824669169201,0.35452884291495573,0.35452884291495573,33371471.0,33984934.0,https://www.sec.gov/Archives/edgar/data/946563/000110465921044616/0001104659-21-044616-index.htm,https://www.sec.gov/Archives/edgar/data/946563/000110465921044616/tm211029d1_10k.htm,1620597476,17:57:56,20210509
1,2020-09-30,RVP,USD,2020-11-16,2020-11-16 15:59:06,Q3,27091064.0,13262559.0,13828505.0,0.5104452523533222,134575.0,2185980.0,1160412.0,0.0,3480967.0,16743526.0,123607.0,205510.0,10553048.0,0.3895398128327481,10347538.0,0.38195391661250366,-87483.0,10223931.0,0.3773912682056342,1598180.0,8625751.0,0.3183983840575623,0.25847679894002873,0.2538110269685973,33371471.0,33984934.0,https://www.sec.gov/Archives/edgar/data/946563/000110465920125758/0001104659-20-125758-index.htm,https://www.sec.gov/Archives/edgar/data/946563/000110465920125758/tm2029583-1_10q.htm,1620597476,17:57:56,20210509
2,2020-06-30,RVP,USD,2020-08-14 00:00:00,2020-08-14 14:01:06,Q2,11573845.0,7900099.0,3673746.0,0.3174179367358039,126255.0,1735718.0,851898.0,0.0,2713871.0,10613970.0,35986.0,209119.0,1168994.0,0.10100308065297228,959875.0,0.08293484144638191,0.0,2034106.0,0.1757502368486877,-1732007.0,3766113.0,0.3253986034891603,0.11485887345246722,0.11417521598431742,32789047.0,32985381.0,https://www.sec.gov/Archives/edgar/data/946563/000110465920095378/0001104659-20-095378-index.htm,https://www.sec.gov/Archives/edgar/data/946563/000110465920095378/tm2020492d1_10q.htm,1620597476,17:57:56,20210509
3,2020-03-31,RVP,USD,2020-05-15,2020-05-15 13:01:36,Q1,11202217.0,7671783.0,3530434.0,0.3151549376342201,138537.0,1775204.0,1135980.0,0.0,3049721.0,10721504.0,175266.0,210369.0,691082.0,0.06169153838030454,480713.0,0.04291230923307413,0.0,305447.0,0.027266656234207924,-17326.0,322773.0,0.028813314364469104,0.004548,0.004539,32681204.0,32745972.0,https://www.sec.gov/Archives/edgar/data/946563/000110465920062347/0001104659-20-062347-index.htm,https://www.sec.gov/Archives/edgar/data/946563/000110465920062347/tm2014504d1_10q.htm,1620597476,17:57:56,20210509
4,2019-12-31,RVP,USD,2020-03-30 00:00:00,2020-03-30 15:42:08,Q4,12629229.0,7680808.0,4948421.0,0.39182288958415434,138214.0,1615944.0,1354872.0,0.0,3109030.0,10789838.0,36812.0,210856.0,2050247.0,0.16234142242570784,1839391.0,0.1456455497006191,0.0,1861269.0,0.14737788031240862,0.0,1861269.0,0.14737788031240862,0.056952277523190396,0.056952277523190396,32681204.0,32681204.0,https://www.sec.gov/Archives/edgar/data/946563/000110465920040309/0001104659-20-040309-index.html,https://www.sec.gov/Archives/edgar/data/946563/000110465920040309/tm2031080d1_10k.htm,1620597476,17:57:56,20210509
5,2019-09-30,RVP,USD,2019-11-14 00:00:00,2019-11-14 16:17:32,Q3,11639586.0,7871727.0,3767859.0,0.32371074022735863,134919.0,1646685.0,1007831.0,0.0,2789435.0,10661162.0,40701.0,214206.0,1192630.0,0.10246326630517615,978424.0,0.08406003443765096,0.0,1028828.0,0.08839042900666742,4394.0,1024434.0,0.08801292417101433,0.03,0.03,32674954.0,32674954.0,https://www.sec.gov/Archives/edgar/data/946563/000110465919064221/0001104659-19-064221-index.html,https://www.sec.gov/Archives/edgar/data/946563/000110465919064221/a19-17612_110q.htm,1620597476,17:57:56,20210509
6,2019-06-30,RVP,USD,2019-08-14,2019-08-14 15:07:19,Q2,9595890.0,6664533.0,2931357.0,0.3054804713267868,115506.0,1507434.0,979614.0,0.0,2602554.0,9267087.0,43509.0,215264.0,544067.0,0.056697919630175,328803.0,0.03426498219550245,0.0,395233.0,0.04118773766685529,3481.0,391752.0,0.04082497819378922,0.01,0.01,32673537.0,32673537.0,https://www.sec.gov/Archives/edgar/data/946563/000110465919045898/a19-10388_110q.htm,https://www.sec.gov/Archives/edgar/data/946563/000110465919045898/a19-10388_110q.htm,1620597476,17:57:56,20210509
7,2019-03-31,RVP,USD,2019-05-15 00:00:00,2019-05-15 14:57:44,Q1,7932474.0,5442155.0,2490319.0,0.31393976204649393,127456.0,1662095.0,875546.0,0.0,2665097.0,8107252.0,45875.0,211754.0,36976.0,0.0046613452499182475,-174778.0,-0.022033226960466556,0.0,-129221.0,-0.016290125880021794,0.0,-129221.0,-0.016290125880021794,-0.01,-0.01,32666454.0,32666454.0,https://www.sec.gov/Archives/edgar/data/946563/000110465919029699/0001104659-19-029699-index.html,https://www.sec.gov/Archives/edgar/data/946563/000110465919029699/a19-7761_110q.htm,1620597476,17:57:56,20210509
8,2018-12-31,RVP,USD,2019-03-28 00:00:00,2019-03-28 14:54:05,Q4,8263636.0,5765584.0,2498052.0,0.30229453475443496,189186.0,1580481.0,1153210.0,0.0,2922877.0,8688461.0,40744.0,217230.0,-207595.0,-0.02512150825617198,-424825.0,-0.05140896815881048,0.0,-163064.0,-0.019732718140053604,-13528.0,-149536.0,-0.018095666362845604,-0.004577662454578021,-0.004577662454578021,32666454.0,32666454.0,https://www.sec.gov/Archives/edgar/data/946563/000110465919018179/0001104659-19-018179-index.html,https://www.sec.gov/Archives/edgar/data/946563/000110465919018179/a19-30100_110k.htm,1620597476,17:57:56,20210509
9,2018-09-30,RVP,USD,2018-11-14 00:00:00,2018-11-14 14:33:56,Q3,9863272.0,7067137.0,2796135.0,0.283489596555788,146487.0,1676579.0,1033295.0,0.0,2856361.0,9923498.0,42481.0,216738.0,156512.0,0.015868162208240836,-60226.0,-0.0061060873105800995,0.0,-63417.0,-0.0064296107823042905,0.0,-63417.0,-0.0064296107823042905,-0.01,-0.01,32666454.0,32666454.0,https://www.sec.gov/Archives/edgar/data/946563/000110465918068411/0001104659-18-068411-index.html,https://www.sec.gov/Archives/edgar/data/946563/000110465918068411/a18-19061_110q.htm,1620597476,17:57:56,20210509
10,2018-06-30,RVP,USD,2018-08-14 00:00:00,2018-08-14 14:47:36,Q2,7474993.0,5406974.0,2068019.0,0.27665831927869367,141465.0,1812764.0,1052475.0,0.0,3006704.0,8413678.0,43573.0,223039.0,-715646.0,-0.09573868497268158,-938685.0,-0.12557670622567807,0.0,-947566.0,-0.1267648009837601,140.0,-947706.0,-0.12678353009828905,-0.03,-0.03,32666454.0,32666454.0,https://www.sec.gov/Archives/edgar/data/946563/000110465918051908/0001104659-18-051908-index.html,https://www.sec.gov/Archives/edgar/data/946563/000110465918051908/a18-14245_110q.htm,1620597476,17:57:56,20210509
11,2018-03-31,RVP,USD,2018-04-02 00:00:00,2018-04-02 14:48:43,Q1,7672801.0,4813205.0,2859596.0,0.37269257993267385,144227.0,1706881.0,1165461.0,0.0,3016569.0,7829774.0,50392.0,229807.0,72834.0,0.009492491724990651,-156973.0,-0.020458369766138858,0.0,-179214.0,-0.02335705044350818,70.0,-179284.0,-0.023366173578592747,-0.01,-0.01,32666454.0,32666454.0,https://www.sec.gov/Archives/edgar/data/946563/000110465918021761/0001104659-18-021761-index.html,https://www.sec.gov/Archives/edgar/data/946563/000110465918021761/a18-1091_110k.htm,1620597476,17:57:56,20210509
12,2017-12-31,RVP,USD,2018-04-02 00:00:00,2018-04-02 14:48:43,Q4,9512005.0,7334746.0,2177259.0,0.22889590575278293,274802.0,2004322.0,1186544.0,0.0,3465668.0,10800414.0,51708.0,231369.0,-1057040.0,-0.11112693906279486,-1288409.0,-0.1354508329211349,0.0,-1318577.0,-0.13862240400420311,-188456.0,-1130121.0,-0.11880996698382727,-0.03459576604182382,-0.03459576604182382,32666454.0,32666454.0,https://www.sec.gov/Archives/edgar/data/946563/000110465918021761/0001104659-18-021761-index.html,https://www.sec.gov/Archives/edgar/data/946563/000110465918021761/a18-1091_110k.htm,1620597476,17:57:56,20210509
13,2017-09-30,RVP,USD,2017-11-14 00:00:00,2017-11-14 13:46:10,Q3,10412036.0,7151698.0,3260338.0,0.3131316487956822,159921.0,1912824.0,1220451.0,0.0,3293196.0,10444894.0,52962.0,198480.0,165622.0,0.015906783265059784,-32858.0,-0.0031557708790096385,0.0,-66343.0,-0.00637176052791212,283.0,-66626.0,-0.006398940610654823,-0.01,-0.01,32166454.0,32166454.0,https://www.sec.gov/Archives/edgar/data/946563/000110465917068421/0001104659-17-068421-index.html,https://www.sec.gov/Archives/edgar/data/946563/000110465917068421/a17-20586_110q.htm,1620597476,17:57:56,20210509
14,2017-06-30,RVP,USD,2017-08-14 00:00:00,2017-08-14 15:58:13,Q2,7646117.0,5437049.0,2209068.0,0.2889137061334531,157395.0,2133040.0,1223842.0,0.0,3514277.0,8951326.0,58028.0,198110.0,-1107099.0,-0.1447923174599604,-1305209.0,-0.17070220086875468,0.0,-1349064.0,-0.17643779188835326,282.0,-1349346.0,-0.1764746733538082,-0.05,-0.05,31666454.0,31666454.0,https://www.sec.gov/Archives/edgar/data/946563/000110465917051770/0001104659-17-051770-index.html,https://www.sec.gov/Archives/edgar/data/946563/000110465917051770/a17-13299_110q.htm,1620597476,17:57:56,20210509
15,2017-03-31,RVP,USD,2017-05-15 00:00:00,2017-05-15 15:49:50,Q1,6923680.0,4598757.0,2324923.0,0.3357929598132785,148449.0,2300867.0,1027711.0,0.0,3477027.0,8075784.0,48063.0,206992.0,-945112.0,-0.13650428673768863,-1152104.0,-0.1664005268874356,0.0,-1189662.0,-0.17182509879139418,283.0,-1189945.0,-0.17186597300857348,-0.04,-0.04,31333121.0,31333121.0,https://www.sec.gov/Archives/edgar/data/946563/000110465917032773/0001104659-17-032773-index.html,https://www.sec.gov/Archives/edgar/data/946563/000110465917032773/a17-8833_110q.htm,1620597476,17:57:56,20210509
16,2016-12-31,RVP,USD,2017-03-31 00:00:00,2017-03-31 16:25:26,Q4,7489467.0,5215838.0,2273629.0,0.3035768766989694,182130.0,2489225.0,1072013.0,0.0,3743368.0,8959206.0,54968.0,200868.0,-1268871.0,-0.169420734479503,-1469739.0,-0.19624080058033502,0.0,-1974126.0,-0.2635869815568985,-308.0,-1973818.0,-0.2635458571350939,-0.06299461837842454,-0.06299461837842454,31333121.0,31333121.0,https://www.sec.gov/Archives/edgar/data/946563/000110465917020709/0001104659-17-020709-index.html,https://www.sec.gov/Archives/edgar/data/946563/000110465917020709/a17-1155_110k.htm,1620597476,17:57:56,20210509
17,2016-09-30,RVP,USD,2016-11-14 00:00:00,2016-11-14 13:48:20,Q3,8840134.0,5580359.0,3259775.0,0.36874723844683804,117939.0,2165246.0,1058029.0,0.0,3341214.0,8921573.0,51994.0,225202.0,143763.0,0.01626253629187069,-81439.0,-0.00921241691585218,0.0,-124824.0,-0.014120147952508412,480.0,-125304.0,-0.014174445771975854,-0.01,-0.01,29649874.0,29649874.0,https://www.sec.gov/Archives/edgar/data/946563/000110465916156770/0001104659-16-156770-index.html,https://www.sec.gov/Archives/edgar/data/946563/000110465916156770/a16-17129_110q.htm,1620597476,17:57:56,20210509
18,2016-06-30,RVP,USD,2016-08-15,2016-08-15 17:04:55,Q2,7575053.0,4956412.0,2618641.0,0.34569276280971234,146854.0,2091151.0,986172.0,0.0,3224177.0,8180589.0,56710.0,242532.0,-363004.0,-0.04792098484327437,-605536.0,-0.07993818657110385,0.0,-656214.0,-0.08662830477885765,480.0,-656694.0,-0.08669167067213919,-0.03,-0.03,29483207.0,29483207.0,https://www.sec.gov/Archives/edgar/data/946563/000110465916139798/0001104659-16-139798-index.htm,https://www.sec.gov/Archives/edgar/data/946563/000110465916139798/a16-11513_110q.htm,1620597476,17:57:56,20210509
19,2016-03-31,RVP,USD,2016-05-16 00:00:00,2016-05-16 15:47:39,Q1,5921982.0,3731972.0,2190010.0,0.3698103101292777,124919.0,2049688.0,909572.0,0.0,3084179.0,6816151.0,49623.0,204266.0,-689903.0,-0.11649866548057727,-894169.0,-0.15099150926159519,0.0,-938611.0,-0.1584960913423918,480.0,-939091.0,-0.15857714528683134,-0.04,-0.04,28624874.0,28624874.0,https://www.sec.gov/Archives/edgar/data/946563/000110465916121349/0001104659-16-121349-index.html,https://www.sec.gov/Archives/edgar/data/946563/000110465916121349/a16-6587_110q.htm,1620597476,17:57:56,20210509
20,2015-12-31,RVP,USD,2016-03-30 00:00:00,2016-03-30 17:10:41,Q4,7175288.0,4833151.0,2342137.0,0.32641714172309183,197763.0,2006182.0,1011267.0,0.0,3215212.0,8048363.0,54403.0,213353.0,-659722.0,-0.09194362651366747,-873075.0,-0.1216780427489461,0.0,-923397.0,-0.12869128040574818,1744.0,-925141.0,-0.12893433685170547,-0.03231947850670015,-0.03231947850670015,28624874.0,28624874.0,https://www.sec.gov/Archives/edgar/data/946563/000110465916108770/0001104659-16-108770-index.html,https://www.sec.gov/Archives/edgar/data/946563/000110465916108770/a15-23361_110k.htm,1620597476,17:57:56,20210509
21,2015-09-30,RVP,USD,2015-11-16 00:00:00,2015-11-16 16:54:04,Q3,9482866.0,6259348.0,3223518.0,0.3399307762020469,125780.0,2342165.0,954955.0,0.0,3422900.0,9682248.0,58316.0,211144.0,11762.0,0.001240342318450983,-199382.0,-0.021025500096700723,0.0,-252782.0,-0.02665670905821088,2044.0,-254826.0,-0.02687225570834809,-0.02,-0.02,27873447.0,27873447.0,https://www.sec.gov/Archives/edgar/data/946563/000110465915079341/0001104659-15-079341-index.html,https://www.sec.gov/Archives/edgar/data/946563/000110465915079341/a15-17969_110q.htm,1620597476,17:57:56,20210509
22,2015-06-30,RVP,USD,2015-08-14 00:00:00,2015-08-14 16:22:17,Q2,6715470.0,4710241.0,2005229.0,0.29859845997376205,167678.0,2661768.0,1012105.0,0.0,3841551.0,8551792.0,53143.0,208060.0,-1628262.0,-0.2424643398004905,-1836322.0,-0.27344653464314483,7724826.0,5844675.0,0.8703299992405595,2045.0,5842630.0,0.8700254784847524,0.2,0.19,27741052.0,29432468.0,https://www.sec.gov/Archives/edgar/data/946563/000110465915060065/0001104659-15-060065-index.html,https://www.sec.gov/Archives/edgar/data/946563/000110465915060065/a15-12071_110q.htm,1620597476,17:57:56,20210509
23,2015-03-31,RVP,USD,2015-05-15 00:00:00,2015-05-15 10:24:17,Q1,6178576.0,3780289.0,2398287.0,0.38816177060863216,116306.0,2317914.0,859164.0,0.0,3293384.0,7073673.0,53810.0,225834.0,-669263.0,-0.10831994297715201,-895097.0,-0.14487108356359135,0.0,-942301.0,-0.15251103166813842,2044.0,-944345.0,-0.152841852232618,-0.04,-0.04,27663500.0,27663500.0,https://www.sec.gov/Archives/edgar/data/946563/000110465915038506/0001104659-15-038506-index.html,https://www.sec.gov/Archives/edgar/data/946563/000110465915038506/a15-7843_110q.htm,1620597476,17:57:56,20210509
24,2014-12-31,RVP,USD,2015-03-31,2015-03-31 16:04:38,Q4,10717210.0,6448501.0,4268709.0,0.398304129526248,110634.0,2518711.0,887720.0,0.0,3517065.0,9965566.0,54420.0,239357.0,991001.0,0.09246818901561134,751644.0,0.07013429801226252,0.0,704735.0,0.06575731930231841,2550.0,702185.0,0.06551938424272735,0.025383086015869288,0.025383086015869288,27663500.0,27663500.0,https://www.sec.gov/Archives/edgar/data/946563/000110465915024669/0001104659-15-024669-index.htm,https://www.sec.gov/Archives/edgar/data/946563/000110465915024669/a14-26201_110k.htm,1620597476,17:57:56,20210509
25,2014-09-30,RVP,USD,2014-11-14 00:00:00,2014-11-14 14:28:19,Q3,10886680.0,7034962.0,3851718.0,0.3538009751365889,129189.0,2381799.0,919842.0,0.0,3430830.0,10465792.0,55185.0,239991.0,660879.0,0.060705283888201,420888.0,0.03866082221577193,0.0,373301.0,0.03428970080869466,1876.0,371425.0,0.034117380137930024,0.01,0.004882,27394061.0,29173359.0,https://www.sec.gov/Archives/edgar/data/946563/000110465914080926/0001104659-14-080926-index.html,https://www.sec.gov/Archives/edgar/data/946563/000110465914080926/a14-19781_110q.htm,1620597476,17:57:56,20210509
26,2014-06-30,RVP,USD,2014-08-14 00:00:00,2014-08-14 15:00:57,Q2,6876362.0,4698438.0,2177924.0,0.31672619911517164,192237.0,2263211.0,1062825.0,0.0,3518273.0,8216711.0,56035.0,268690.0,-1071659.0,-0.15584679805978802,-1340349.0,-0.19492123887602195,0.0,-1387948.0,-0.20184335845029683,1875.0,-1389823.0,-0.2021160317039737,-0.06,-0.06,27332483.0,27332483.0,https://www.sec.gov/Archives/edgar/data/946563/000110465914061017/0001104659-14-061017-index.html,https://www.sec.gov/Archives/edgar/data/946563/000110465914061017/a14-14065_110q.htm,1620597476,17:57:56,20210509
27,2014-03-31,RVP,USD,2014-05-15 00:00:00,2014-05-15 16:09:13,Q1,6040378.0,4317026.0,1723352.0,0.2853053236072312,184724.0,2431678.0,1096694.0,0.0,3713096.0,8030122.0,57168.0,326482.0,-1663262.0,-0.27535727068736426,-1989744.0,-0.3294071993507691,0.0,-2036516.0,-0.3371504233675442,1876.0,-2038392.0,-0.33746099995728746,-0.08,-0.08,27258689.0,27258689.0,https://www.sec.gov/Archives/edgar/data/946563/000110465914039352/0001104659-14-039352-index.html,https://www.sec.gov/Archives/edgar/data/946563/000110465914039352/a14-9638_110q.htm,1620597476,17:57:56,20210509
28,2013-12-31,RVP,USD,2014-03-31,2014-03-31 15:13:56,Q4,7544504.0,5067864.0,2476640.0,0.328270751794949,188849.0,2462495.0,1178811.0,0.0,3830155.0,8898019.0,58342.0,327159.0,-1026356.0,-0.1360402221272598,-1353515.0,-0.1794041066185398,0.0,-1400063.0,-0.18557389591151385,25136.0,-1425199.0,-0.18890559273346533,-0.05228420926626368,-0.05228420926626368,27258689.0,27258689.0,https://www.sec.gov/Archives/edgar/data/946563/000110465914024455/0001104659-14-024455-index.htm,https://www.sec.gov/Archives/edgar/data/946563/000110465914024455/a14-1080_110k.htm,1620597476,17:57:56,20210509
29,2013-09-30,RVP,USD,2013-11-14 00:00:00,2013-11-14 12:05:22,Q3,9160278.0,5842476.0,3317802.0,0.36219446615048145,267991.0,2782623.0,1092505.0,0.0,4143119.0,9985595.0,59533.0,329514.0,-495803.0,-0.05412532239742069,-825317.0,-0.09009737477399703,0.0,-878299.0,-0.09588126037222888,62085.0,-940384.0,-0.10265889310346259,-0.04,-0.04,26719608.0,26719608.0,https://www.sec.gov/Archives/edgar/data/946563/000110465913084655/0001104659-13-084655-index.html,https://www.sec.gov/Archives/edgar/data/946563/000110465913084655/a13-19620_110q.htm,1620597476,17:57:56,20210509
30,2013-06-30,RVP,USD,2013-08-14 00:00:00,2013-08-14 15:27:49,Q2,6907233.0,5167771.0,1739462.0,0.2518319564433399,199385.0,2845720.0,1079736.0,0.0,4124841.0,9292612.0,60640.0,313397.0,-2071982.0,-0.299972796632168,-2385379.0,-0.34534508970524086,0.0,-2436861.0,-0.3527984360741848,1875.0,-2438736.0,-0.3530698906494106,-0.1,-0.1,27042370.0,27042370.0,https://www.sec.gov/Archives/edgar/data/946563/000110465913063917/0001104659-13-063917-index.html,https://www.sec.gov/Archives/edgar/data/946563/000110465913063917/a13-13738_110q.htm,1620597476,17:57:56,20210509
31,2013-03-31,RVP,USD,2013-04-01 00:00:00,2013-04-01 16:44:45,Q1,7173112.0,4397059.0,2776053.0,0.3870081772039806,180848.0,2898952.0,1063287.0,0.0,4143087.0,8540146.0,52063.0,314179.0,-1052855.0,-0.1467779953805266,-1367034.0,-0.19057753454846377,0.0,-1407657.0,-0.19624076690842135,1876.0,-1409533.0,-0.19650229914157202,-0.06,-0.06,27238495.0,27238495.0,https://www.sec.gov/Archives/edgar/data/946563/000110465913026195/0001104659-13-026195-index.html,https://www.sec.gov/Archives/edgar/data/946563/000110465913026195/a13-1359_110k.htm,1620597476,17:57:56,20210509
32,2012-12-31,RVP,USD,2013-04-01 00:00:00,2013-04-01 16:44:45,Q4,8042457.0,6390349.0,1652108.0,0.2054232929066329,270843.0,2649958.0,1281667.0,0.0,4202468.0,10592817.0,19866.0,349097.0,-2201263.0,-0.2737052868296343,-2550360.0,-0.31711204672900334,0.0,-2557426.0,-0.3179906339567622,-16554.0,-2540872.0,-0.31593230775122577,-0.09328239317186944,-0.09328239317186944,27238495.0,27238495.0,https://www.sec.gov/Archives/edgar/data/946563/000110465913026195/0001104659-13-026195-index.html,https://www.sec.gov/Archives/edgar/data/946563/000110465913026195/a13-1359_110k.htm,1620597476,17:57:56,20210509
33,2012-09-30,RVP,USD,2012-11-14 00:00:00,2012-11-14 15:22:50,Q3,9444157.0,6090493.0,3353664.0,0.35510464300837014,244015.0,2286614.0,1034419.0,0.0,3565048.0,9655541.0,68994.0,320690.0,109306.0,0.011573928726513123,-211384.0,-0.0223825165125908,0.0,-269092.0,-0.02849296130930479,3869.0,-272961.0,-0.028902632601300465,-0.02,-0.02,26972818.0,26972818.0,https://www.sec.gov/Archives/edgar/data/946563/000110465912077864/0001104659-12-077864-index.html,https://www.sec.gov/Archives/edgar/data/946563/000110465912077864/a12-19876_110q.htm,1620597476,17:57:56,20210509
34,2012-06-30,RVP,USD,2012-08-14 00:00:00,2012-08-14 14:27:24,Q2,8727905.0,5397391.0,3330514.0,0.3815937501611211,165481.0,2684698.0,1012079.0,0.0,3862258.0,9259649.0,70257.0,336652.0,-195092.0,-0.022352672262129343,-531744.0,-0.06092458614066033,0.0,-590618.0,-0.06767007661059556,14012.0,-604630.0,-0.06927550196753975,-0.03,-0.03,25318700.0,25318700.0,https://www.sec.gov/Archives/edgar/data/946563/000110465912057745/0001104659-12-057745-index.html,https://www.sec.gov/Archives/edgar/data/946563/000110465912057745/a12-13464_110q.htm,1620597476,17:57:56,20210509
35,2012-03-31,RVP,USD,2012-05-15 00:00:00,2012-05-15 12:50:09,Q1,7429984.0,4589852.0,2840132.0,0.3822527747031488,191512.0,2401351.0,892644.0,0.0,3485507.0,8075359.0,72093.0,329419.0,-315956.0,-0.04252445227338309,-645375.0,-0.08686088691442673,0.0,-705938.0,-0.0950120484781663,8491.0,-714429.0,-0.09615485040075457,-0.04,-0.04,25318700.0,25318700.0,https://www.sec.gov/Archives/edgar/data/946563/000110465912037320/0001104659-12-037320-index.html,https://www.sec.gov/Archives/edgar/data/946563/000110465912037320/a12-8901_110q.htm,1620597476,17:57:56,20210509
36,2011-12-31,RVP,USD,2012-03-30 00:00:00,2012-03-30 13:09:08,Q4,6108085.0,5020916.0,1087169.0,0.17798851849638633,275857.0,2834524.0,952399.0,0.0,4062780.0,9083696.0,55573.0,324585.0,-2651026.0,-0.434019172948641,-2975611.0,-0.4871593961118747,0.0,-3017508.0,-0.49401866542459705,-36717.0,-2980791.0,-0.4880074524175744,-0.1177308076639006,-0.1177308076639006,25318700.0,25318700.0,https://www.sec.gov/Archives/edgar/data/946563/000110465912022738/0001104659-12-022738-index.html,https://www.sec.gov/Archives/edgar/data/946563/000110465912022738/a12-3027_110k.htm,1620597476,17:57:56,20210509
37,2011-09-30,RVP,USD,2011-11-18 00:00:00,2011-11-18 11:58:11,Q3,8270608.0,4881077.0,3389531.0,0.4098285156302898,169279.0,2308759.0,937868.0,0.0,3415906.0,8296983.0,62455.0,332495.0,306120.0,0.037012998318866036,-26375.0,-0.003189003758853037,1900000.0,1826492.0,0.22084132146028443,-1952.0,1828444.0,0.22107733796596332,0.07609938680369997,0.07045808677064495,24027053.0,25950804.0,https://www.sec.gov/Archives/edgar/data/946563/000110465911065091/0001104659-11-065091-index.html,https://www.sec.gov/Archives/edgar/data/946563/000110465911065091/a11-25773_110q.htm,1620597476,17:57:56,20210509
38,2011-06-30,RVP,USD,2011-08-12 00:00:00,2011-08-12 14:53:44,Q2,7975971.0,4840348.0,3135623.0,0.3931337012133068,179602.0,3153072.0,790891.0,0.0,4123565.0,8963913.0,65523.0,327089.0,-660853.0,-0.08285549182663779,-987942.0,-0.12386479339004618,1900000.0,864156.0,0.1083449275329612,17284.0,846872.0,0.10617791865090784,0.03528027982531997,0.0323368415136143,24004118.0,26189076.0,https://www.sec.gov/Archives/edgar/data/946563/000110465911046519/0001104659-11-046519-index.html,https://www.sec.gov/Archives/edgar/data/946563/000110465911046519/a11-14004_110q.htm,1620597476,17:57:56,20210509
39,2011-03-31,RVP,USD,2011-05-13 00:00:00,2011-05-13 13:18:56,Q1,9747632.0,6457125.0,3290507.0,0.33756988363943163,190280.0,2441755.0,758377.0,0.0,3390412.0,9847537.0,56933.0,327577.0,227672.0,0.023356647029760664,-99905.0,-0.010249155897555427,1900000.0,1759139.0,0.180468343491014,35182.0,1723957.0,0.1768590566406282,0.06,0.05,23986114.0,26664597.0,https://www.sec.gov/Archives/edgar/data/946563/000110465911028908/0001104659-11-028908-index.html,https://www.sec.gov/Archives/edgar/data/946563/000110465911028908/a11-9390_110q.htm,1620597476,17:57:56,20210509
40,2010-12-31,RVP,USD,2011-03-31,2011-03-31 16:51:45,Q4,8070194.0,7141980.0,928214.0,0.11501755719874887,20150.0,2397644.0,728040.0,0.0,3145834.0,10287814.0,66453.0,346933.0,-1870687.0,-0.23180198642064861,-2217620.0,-0.2747914114580145,1634705.0,-635287.0,-0.07872016459579534,158450.0,-793737.0,-0.09835414117677964,-0.0330915212026425,-0.0330915212026425,23986114.0,23986114.0,https://www.sec.gov/Archives/edgar/data/946563/000110465911017984/0001104659-11-017984-index.htm,https://www.sec.gov/Archives/edgar/data/946563/000110465911017984/a11-2224_110k.htm,1620597476,17:57:56,20210509
41,2010-09-30,RVP,USD,2010-11-15 00:00:00,2010-11-15 16:21:39,Q3,12235018.0,7034655.0,5200363.0,0.42503926026099836,316044.0,2729116.0,1140151.0,0.0,4185311.0,11219966.0,69853.0,380613.0,1395665.0,0.11407134832167799,1015052.0,0.08296285301746184,7275760.0,8231005.0,0.6727415521579126,0.0,8231005.0,0.6727415521579126,0.33,0.29,23887028.0,28767768.0,https://www.sec.gov/Archives/edgar/data/946563/000110465910058477/0001104659-10-058477-index.html,https://www.sec.gov/Archives/edgar/data/946563/000110465910058477/a10-17447_110q.htm,1620597476,17:57:56,20210509
42,2010-06-30,RVP,USD,2010-08-16 00:00:00,2010-08-16 16:52:25,Q2,7448733.0,4623659.0,2825074.0,0.3792690649537311,204004.0,4694151.0,955961.0,0.0,5854116.0,10477775.0,75685.0,359315.0,-2669727.0,-0.35841357181147454,-3029042.0,-0.4066519769201017,0.0,-3102210.0,-0.416474855522409,-337132.0,-2765078.0,-0.37121454078163363,-0.13,-0.13,23825149.0,23825149.0,https://www.sec.gov/Archives/edgar/data/946563/000110465910044648/0001104659-10-044648-index.html,https://www.sec.gov/Archives/edgar/data/946563/000110465910044648/a10-12801_110q.htm,1620597476,17:57:56,20210509
43,2010-03-31,RVP,USD,2010-05-17 00:00:00,2010-05-17 16:50:25,Q1,8465617.0,5014813.0,3450804.0,0.4076258115622287,345247.0,4439240.0,850016.0,0.0,5634503.0,10649316.0,90852.0,429365.0,-1754334.0,-0.2072304948357574,-2183699.0,-0.25794918432997854,0.0,-2268871.0,-0.2680101166873011,2625.0,-2271496.0,-0.2683201944997039,-0.11,-0.11,23825149.0,23825149.0,https://www.sec.gov/Archives/edgar/data/946563/000110465910029109/0001104659-10-029109-index.html,https://www.sec.gov/Archives/edgar/data/946563/000110465910029109/a10-5971_110q.htm,1620597476,17:57:56,20210509
44,2009-12-31,RVP,USD,2010-03-31 00:00:00,2010-03-31 16:06:58,Q4,17218314.0,10206805.0,7011509.0,0.4072122857092744,204143.0,6324939.0,812373.0,0.0,7341455.0,17548260.0,21892.0,316839.0,-13107.0,-0.000761224356809848,-329946.0,-0.019162503367054405,0.0,-2943195.0,-0.1709339834318273,-3632217.0,689022.0,0.04001681000822729,0.028919945054698293,0.028919945054698293,23825149.0,23825149.0,https://www.sec.gov/Archives/edgar/data/946563/000110465910017708/0001104659-10-017708-index.html,https://www.sec.gov/Archives/edgar/data/946563/000110465910017708/a09-36043_110k.htm,1620597476,17:57:56,20210509
45,2009-09-30,RVP,USD,2009-11-16 00:00:00,2009-11-16 15:58:09,Q3,10752445.0,7816719.0,2935726.0,0.2730286925438819,195753.0,5264302.0,1024191.0,0.0,6484246.0,14300965.0,0.0,400968.0,-3147552.0,-0.29272895606534144,-3548520.0,-0.33001982339830616,0.0,-3534344.0,-0.32870142558273957,-100027.0,-3434317.0,-0.3193987042016955,-0.16,-0.16,23803397.0,23803397.0,https://www.sec.gov/Archives/edgar/data/946563/000110465909065222/0001104659-09-065222-index.html,https://www.sec.gov/Archives/edgar/data/946563/000110465909065222/a09-31024_110q.htm,1620597476,17:57:56,20210509
46,2009-06-30,RVP,USD,2009-08-14 00:00:00,2009-08-14 11:55:21,Q2,5752613.0,3412847.0,2339766.0,0.4067309933764013,352365.0,3368279.0,1399932.0,0.0,5120576.0,8533423.0,0.0,336346.0,-2444464.0,-0.42493107045441786,-2780810.0,-0.4833994569076696,0.0,-2769364.0,-0.4814097524029515,0.0,-2769364.0,-0.4814097524029515,-0.13,-0.13,23800064.0,23800064.0,https://www.sec.gov/Archives/edgar/data/946563/000110465909049768/0001104659-09-049768-index.html,https://www.sec.gov/Archives/edgar/data/946563/000110465909049768/a09-18678_110q.htm,1620597476,17:57:56,20210509
47,2009-03-31,RVP,USD,2009-05-15 00:00:00,2009-05-15 16:34:05,Q1,5258465.0,4029289.0,1229176.0,0.23375186485029376,278361.0,3856872.0,1135667.0,0.0,5270900.0,9300189.0,0.0,342640.0,-3699084.0,-0.7034531940404661,-4041724.0,-0.7686128936866558,0.0,-4012987.0,-0.7631479909060914,-105346.0,-3907641.0,-0.7431143879440103,-0.18,-0.18,23800064.0,23800064.0,https://www.sec.gov/Archives/edgar/data/946563/000110465909033036/0001104659-09-033036-index.html,https://www.sec.gov/Archives/edgar/data/946563/000110465909033036/a09-11306_110q.htm,1620597476,17:57:56,20210509
48,2008-12-31,RVP,USD,2009-03-31 00:00:00,2009-03-31 17:13:52,Q4,7112898.0,5274287.0,1838611.0,0.2584897182554846,262062.0,5712446.0,0.0,0.0,5974508.0,11248795.0,-22802.0,348560.0,-3787337.0,-0.5324604682929518,-4135897.0,-0.5814644045226011,0.0,-3911192.0,-0.5498732021744162,0.0,-3911192.0,-0.5498732021744162,-0.1643353564091256,-0.1643353564091256,23800064.0,23800064.0,https://www.sec.gov/Archives/edgar/data/946563/000110465909021812/0001104659-09-021812-index.html,https://www.sec.gov/Archives/edgar/data/946563/000110465909021812/a09-1634_110k.htm,1620597476,17:57:56,20210509
49,2008-09-30,RVP,USD,2008-11-14 00:00:00,2008-11-14 14:34:35,Q3,8997038.0,6871116.0,2125922.0,0.23629132165497133,271174.0,4035257.0,0.0,0.0,4306431.0,11177547.0,13893.0,348234.0,-1832275.0,-0.20365313562085655,-2180509.0,-0.24235854066638376,0.0,-2035738.0,-0.22626757828520896,0.0,-2035738.0,-0.22626757828520896,-0.1,-0.1,23800064.0,23800064.0,https://www.sec.gov/Archives/edgar/data/946563/000110465908070935/0001104659-08-070935-index.html,https://www.sec.gov/Archives/edgar/data/946563/000110465908070935/a08-25636_110q.htm,1620597476,17:57:56,20210509
50,2008-06-30,RVP,USD,2008-08-08 00:00:00,2008-08-08 16:26:18,Q2,6474227.0,3498283.0,2975944.0,0.45966012622047386,267324.0,3760855.0,0.0,0.0,4028179.0,7526462.0,22269.0,349804.0,-702431.0,-0.10849650467924588,-1052235.0,-0.162526738713363,0.0,-833055.0,-0.12867250406882552,0.0,-833055.0,-0.12867250406882552,-0.05,-0.05,23800064.0,23800064.0,https://www.sec.gov/Archives/edgar/data/946563/000110465908051382/0001104659-08-051382-index.html,https://www.sec.gov/Archives/edgar/data/946563/000110465908051382/a08-18962_110q.htm,1620597476,17:57:56,20210509
51,2008-03-31,RVP,USD,2008-05-15 00:00:00,2008-05-15 12:25:46,Q1,5315155.0,4029424.0,1285731.0,0.24189906032843822,265508.0,4096488.0,0.0,0.0,4361996.0,8391420.0,40999.0,350735.0,-2725530.0,-0.5127846694969385,-3076265.0,-0.578772397042043,0.0,0.0,0.0,0.0,-2863595.0,-0.5387603936291604,-0.13,-0.13,23778072.0,23778072.0,https://www.sec.gov/Archives/edgar/data/946563/000110465908033502/0001104659-08-033502-index.html,https://www.sec.gov/Archives/edgar/data/946563/000110465908033502/a08-11620_110q.htm,1620597476,17:57:56,20210509
52,2007-12-31,RVP,USD,2008-03-31,2008-03-31 16:52:38,Q4,7200788.0,4800363.0,2400425.0,0.3333558771623328,274164.0,4944109.0,0.0,0.0,5218273.0,10018636.0,68877.0,352702.0,-2465146.0,-0.3423439212486189,-2817848.0,-0.3913249494360895,0.0,-2527334.0,-0.3509801982782995,-47257.0,-2480077.0,-0.34441744431303906,-0.10430101313512719,-0.10430101313512719,23778072.0,23778072.0,https://www.sec.gov/Archives/edgar/data/946563/000110465908021273/0001104659-08-021273-index.htm,https://www.sec.gov/Archives/edgar/data/946563/000110465908021273/a08-2956_110k.htm,1620597476,17:57:56,20210509
53,2007-09-30,RVP,USD,2007-11-14 00:00:00,2007-11-14 16:37:01,Q3,8040127.0,5853516.0,2186611.0,0.2719622463675014,375264.0,4240836.0,0.0,0.0,4616100.0,10469616.0,86235.0,355481.0,-2074008.0,-0.2579571193340603,-2429489.0,-0.302170475665372,0.0,-1994498.0,-0.24806797206064032,-1406360.0,-588138.0,-0.07315033705313362,-0.04,-0.04,23745206.0,23745206.0,https://www.sec.gov/Archives/edgar/data/946563/000110465907083156/0001104659-07-083156-index.html,https://www.sec.gov/Archives/edgar/data/946563/000110465907083156/a07-25933_110q.htm,1620597476,17:57:56,20210509
54,2007-06-30,RVP,USD,2007-08-14 00:00:00,2007-08-14 16:12:47,Q2,5274982.0,3132012.0,2142970.0,0.4062516232282878,239680.0,3861396.0,0.0,0.0,4101076.0,7233088.0,94398.0,358459.0,-1599647.0,-0.30325165090610734,-1958106.0,-0.37120619558512236,0.0,-1603806.0,-0.3040400896154717,0.0,-1603806.0,-0.3040400896154717,-0.08,-0.08,23731664.0,23731664.0,https://www.sec.gov/Archives/edgar/data/946563/000110465907062471/0001104659-07-062471-index.html,https://www.sec.gov/Archives/edgar/data/946563/000110465907062471/a07-19303_110q.htm,1620597476,17:57:56,20210509
55,2007-03-31,RVP,USD,2007-04-02 00:00:00,2007-04-02 16:41:13,Q1,5773823.0,4514314.0,1259509.0,0.21814125580226482,182035.0,3817960.0,0.0,0.0,3999995.0,8514309.0,0.0,363430.0,-2377056.0,-0.4116953360018137,-2740486.0,-0.4746397664078029,0.0,-2276083.0,-0.3942072696028264,0.0,-2276083.0,-0.3942072696028264,-0.11,-0.11,23676664.0,23676664.0,https://www.sec.gov/Archives/edgar/data/946563/000110465907024925/0001104659-07-024925-index.html,https://www.sec.gov/Archives/edgar/data/946563/000110465907024925/a07-8608_110k.htm,1620597476,17:57:56,20210509
56,2006-12-31,RVP,USD,2007-04-02 00:00:00,2007-04-02 16:41:13,Q4,6382210.0,4804655.0,1577555.0,0.24718005205093532,213191.0,3935059.0,0.0,0.0,4148250.0,8952905.0,44512.0,337094.0,-2233601.0,-0.34997297174489717,-2570695.0,-0.4027907260964462,0.0,-2102705.0,-0.32946346171623936,-259176.0,-1843529.0,-0.28885433102326624,-0.0778627005899142,-0.0778627005899142,23676664.0,23676664.0,https://www.sec.gov/Archives/edgar/data/946563/000110465907024925/0001104659-07-024925-index.html,https://www.sec.gov/Archives/edgar/data/946563/000110465907024925/a07-8608_110k.htm,1620597476,17:57:56,20210509
57,2006-09-30,RVP,USD,2006-11-14 00:00:00,2006-11-14 16:27:28,Q3,5982973.0,4649625.0,1333348.0,0.22285709796784978,249204.0,3222319.0,0.0,0.0,3471523.0,8121148.0,127950.0,335184.0,-1802991.0,-0.3013536915510065,-2138175.0,-0.35737667544212554,0.0,-1753297.0,-0.2930477874461409,-530587.0,-1222710.0,-0.20436495367771174,-0.07,-0.07,23618164.0,23618164.0,https://www.sec.gov/Archives/edgar/data/946563/000119312506234901/0001193125-06-234901-index.html,https://www.sec.gov/Archives/edgar/data/946563/000119312506234901/d10q.htm,1620597476,17:57:56,20210509
58,2006-06-30,RVP,USD,2006-08-14,2006-08-14 14:52:31,Q2,7436606.0,4712802.0,2723804.0,0.36626977414159095,181208.0,3307993.0,0.0,0.0,3489201.0,8202003.0,127984.0,407702.0,-357695.0,-0.04809922698607402,-765397.0,-0.10292289251306308,0.0,-404503.0,-0.05439349617285089,-201195.0,-203308.0,-0.027338815583345413,-0.02,-0.02,23594117.0,23594117.0,https://www.sec.gov/Archives/edgar/data/946563/000119312506172433/0001193125-06-172433-index.htm,https://www.sec.gov/Archives/edgar/data/946563/000119312506172433/d10q.htm,1620597476,17:57:56,20210509
59,2006-03-31,RVP,USD,2006-05-15,2006-05-15 16:07:48,Q1,5522730.0,3611190.0,1911540.0,0.34612229821121077,315195.0,2836777.0,0.0,0.0,3151972.0,6763162.0,110707.0,346768.0,-893664.0,-0.16181562379475367,-1240432.0,-0.22460486027743526,0.0,-888942.0,-0.16096061187130278,-289004.0,-599938.0,-0.1086306953264056,-0.04,-0.04,23521551.0,23521551.0,https://www.sec.gov/Archives/edgar/data/946563/000119312506112692/0001193125-06-112692-index.htm,https://www.sec.gov/Archives/edgar/data/946563/000119312506112692/d10q.htm,1620597476,17:57:56,20210509
60,2005-12-31,RVP,USD,2006-03-31,2006-03-31 16:43:03,Q4,7936007.0,4586662.0,3349345.0,0.4220441085800454,427399.0,2810124.0,0.0,0.0,3237523.0,7824185.0,101339.0,348593.0,460415.0,0.05801595185084892,111822.0,0.01409046136174023,0.0,427180.0,0.05382807752059694,109695.0,317485.0,0.04000563507567471,0.013497621819241426,0.013497621819241426,23521551.0,23521551.0,https://www.sec.gov/Archives/edgar/data/946563/000119312506070729/0001193125-06-070729-index.htm,https://www.sec.gov/Archives/edgar/data/946563/000119312506070729/d10k.htm,1620597476,17:57:56,20210509
61,2005-09-30,RVP,USD,2005-11-14,2005-11-14 14:38:11,Q3,7039017.0,4106425.0,2932592.0,0.4166195365063048,182867.0,2921055.0,0.0,0.0,3103922.0,7210347.0,0.0,354745.0,183415.0,0.02605690538892007,-171330.0,-0.0243400463445393,0.0,83256.0,0.011827787885723248,55635.0,27621.0,0.0039239854087580696,-0.01,-0.01,23371562.0,23371562.0,https://www.sec.gov/Archives/edgar/data/946563/000119312505225546/0001193125-05-225546-index.htm,https://www.sec.gov/Archives/edgar/data/946563/000119312505225546/d10q.htm,1620597476,17:57:56,20210509
62,2005-06-30,RVP,USD,2005-08-15,2005-08-15 16:13:07,Q2,5015818.0,4003978.0,1011840.0,0.20172980758073758,204849.0,2621478.0,0.0,0.0,2826327.0,6830305.0,60689.0,333024.0,-1481463.0,-0.2953582047833474,-1814487.0,-0.3617529583409924,0.0,-1541131.0,-0.3072541707055559,-480634.0,-1060497.0,-0.21143051841195196,-0.06,-0.06,23251998.0,23251998.0,https://www.sec.gov/Archives/edgar/data/946563/000119312505168572/0001193125-05-168572-index.htm,https://www.sec.gov/Archives/edgar/data/946563/000119312505168572/d10q.htm,1620597476,17:57:56,20210509
63,2005-03-31,RVP,USD,2005-05-13,2005-05-13 17:09:21,Q1,4244174.0,2731635.0,1512539.0,0.3563800635883449,119094.0,2396165.0,0.0,0.0,2515259.0,5246894.0,62413.0,330545.0,-672175.0,-0.1583759289793491,-1002720.0,-0.23625798565280312,0.0,-812994.0,-0.19155529438708216,-290059.0,-522935.0,-0.12321243191254647,-0.04,-0.04,23203665.0,23203665.0,https://www.sec.gov/Archives/edgar/data/946563/000119312505107383/0001193125-05-107383-index.htm,https://www.sec.gov/Archives/edgar/data/946563/000119312505107383/d10q.htm,1620597476,17:57:56,20210509
64,2004-12-31,RVP,USD,2005-03-31,2005-03-31 16:17:09,Q4,5712912.0,4946481.0,766431.0,0.1341576765054319,247322.0,2738646.0,0.0,0.0,2985968.0,7932449.0,41795.0,318698.0,-1900839.0,-0.33272681252573116,-2219537.0,-0.38851237337455924,433808.0,-1584366.0,-0.27733072030516137,-1162070.0,-422296.0,-0.07391957026469163,-0.018199538736660782,-0.018199538736660782,23203665.0,23203665.0,https://www.sec.gov/Archives/edgar/data/946563/000119312505067078/0001193125-05-067078-index.htm,https://www.sec.gov/Archives/edgar/data/946563/000119312505067078/d10ksb.htm,1620597476,17:57:56,20210509
65,2004-09-30,RVP,USD,2004-11-15,2004-11-15 16:04:12,Q3,7176805.0,5557957.0,1618848.0,0.22556666929086133,135572.0,2644536.0,0.0,0.0,2780108.0,8338065.0,0.0,326048.0,-835212.0,-0.11637657704229111,-1161260.0,-0.16180737807422663,65150304.0,64124494.0,8.934963956802505,13275982.0,50848512.0,7.085118238547655,2.21,1.91,22803452.0,26371216.0,https://www.sec.gov/Archives/edgar/data/946563/000119312504197290/0001193125-04-197290-index.htm,https://www.sec.gov/Archives/edgar/data/946563/000119312504197290/d10qsb.htm,1620597476,17:57:56,20210509
66,2004-06-30,RVP,USD,2004-08-16,2004-08-16 15:09:28,Q2,4293537.0,2697456.0,1596081.0,0.3717403623166634,120960.0,4048214.0,0.0,0.0,4169174.0,6866630.0,66529.0,325431.0,-2247662.0,-0.5234989240805424,-2573093.0,-0.5992944744624303,9051250.0,6434503.0,1.4986485501347724,62433.0,6372070.0,1.4841073921105141,0.26,0.22,22226454.0,26406800.0,https://www.sec.gov/Archives/edgar/data/946563/000119312504141665/0001193125-04-141665-index.htm,https://www.sec.gov/Archives/edgar/data/946563/000119312504141665/d10qsb.htm,1620597476,17:57:56,20210509
67,2004-03-31,RVP,USD,2004-05-17,2004-05-17 16:06:56,Q1,4338446.0,3208705.0,1129741.0,0.260402226972515,123087.0,3051585.0,0.0,0.0,3174672.0,6383377.0,71059.0,324120.0,-1720811.0,-0.39664225393147684,-2044931.0,-0.4713510321437676,0.0,0.0,0.0,0.0,-2106891.0,-0.48563264357790786,-0.12,-0.12,22167797.0,22167797.0,https://www.sec.gov/Archives/edgar/data/946563/000119312504090020/0001193125-04-090020-index.htm,https://www.sec.gov/Archives/edgar/data/946563/000119312504090020/d10qsb.htm,1620597476,17:57:56,20210509
68,2003-12-31,RVP,USD,2004-09-24,2004-09-24 16:10:48,Q4,6019217.0,4815122.0,1204095.0,0.2000417994566403,175596.0,2282508.0,0.0,0.0,2458104.0,7273226.0,72075.0,327307.0,-926702.0,-0.15395723397245856,-1254009.0,-0.20833424015116916,0.0,0.0,0.0,0.0,-1578164.0,-0.2621875901799188,-0.07119173817768179,-0.07119173817768179,22167797.0,22167797.0,https://www.sec.gov/Archives/edgar/data/946563/000119312504161507/0001193125-04-161507-index.htm,https://www.sec.gov/Archives/edgar/data/946563/000119312504161507/d10ksba.htm,1620597476,17:57:56,20210509
69,2003-09-30,RVP,USD,2003-11-14,2003-11-14 15:01:34,Q3,4143807.0,3487691.0,656116.0,0.15833652484297653,125309.0,2409853.0,0.0,0.0,2535162.0,6022853.0,68073.0,322771.0,-1556275.0,-0.37556647787891667,-1879046.0,-0.45345886041507244,0.0,0.0,0.0,0.0,-1930911.0,-0.46597512866791335,-0.12,-0.12,21504353.0,21504353.0,https://www.sec.gov/Archives/edgar/data/946563/000119312503081829/0001193125-03-081829-index.htm,https://www.sec.gov/Archives/edgar/data/946563/000119312503081829/d10qsb.htm,1620597476,17:57:56,20210509
70,2003-06-30,RVP,USD,2003-08-14,2003-08-14 12:56:16,Q2,4437600.0,3538758.0,898842.0,0.20255137912385074,157436.0,2930510.0,0.0,0.0,3087946.0,6626704.0,0.0,329536.0,-1859568.0,-0.4190481341265549,-2189104.0,-0.49330809446547685,13879511.0,0.0,0.0,0.0,11614814.0,2.6173638903912027,0.53,0.43,20516683.0,25475740.0,https://www.sec.gov/Archives/edgar/data/946563/000119312503037515/0001193125-03-037515-index.htm,https://www.sec.gov/Archives/edgar/data/946563/000119312503037515/d10qsb.htm,1620597476,17:57:56,20210509
71,2003-03-31,RVP,USD,2003-05-15,2003-05-15 16:26:44,Q1,4477708.0,2812436.0,1665272.0,0.37190276811261475,102794.0,2143271.0,0.0,0.0,2246065.0,5058501.0,0.0,329010.0,-251783.0,-0.05623033033864647,-580793.0,-0.1297076540051294,0.0,0.0,0.0,0.0,-657240.0,-0.14678045107005638,-0.07,-0.07,20323100.0,20323100.0,https://www.sec.gov/Archives/edgar/data/946563/000119312503005710/0001193125-03-005710-index.htm,https://www.sec.gov/Archives/edgar/data/946563/000119312503005710/d10qsb.htm,1620597476,17:57:56,20210509
72,2002-12-31,RVP,USD,2003-03-31,2003-03-31 16:28:49,Q4,6932946.0,4200883.0,2732063.0,0.3940695629246211,91370.0,277914.0,0.0,0.0,2688357.0,6889240.0,51474.0,328553.0,372259.0,0.05369420157029926,43706.0,0.0063041021810930015,0.0,0.0,0.0,0.0,-486312.0,-0.07014507252760947,-0.02392902657567005,-0.02392902657567005,20323100.0,20323100.0,https://www.sec.gov/Archives/edgar/data/946563/000093066103001405/0000930661-03-001405-index.htm,https://www.sec.gov/Archives/edgar/data/946563/000093066103001405/d10ksb.htm,1620597476,17:57:56,20210509
73,2002-09-30,RVP,USD,2002-09-30,2002-09-30,Q3,4399356.0,3778294.0,621062.0,0.1411711168634682,81988.0,0.0,0.0,0.0,2128976.0,5907270.0,93162.0,273350.0,-1234564.0,-0.28062380039260293,-1507914.0,-0.34275789456456807,0.0,0.0,0.0,0.0,-1598911.0,-0.36344205833762944,-0.11,-0.11,20311017.0,20311017.0,,,1620597476,17:57:56,20210509
74,2002-06-30,RVP,USD,2002-06-30,2002-06-30,Q2,4867634.0,3856649.0,1010985.0,0.2076953608262248,71071.0,0.0,0.0,0.0,4263422.0,8120071.0,139219.0,390463.0,-2861974.0,-0.5879599822007981,-3252437.0,-0.6681761611493386,-2800710.0,0.0,0.0,0.0,-3871405.0,-0.7953360914152543,-0.22,-0.22,20303433.0,20303433.0,,,1620597476,17:57:56,20210509
75,2002-03-31,RVP,USD,2002-05-13,2002-05-13,Q1,4116363.0,2673469.0,1442894.0,0.3505264234471061,93501.0,0.0,0.0,0.0,2152543.0,4826012.0,162541.0,336334.0,-373315.0,-0.09069049546893702,-709649.0,-0.17239708937234155,0.0,0.0,0.0,0.0,-869301.0,-0.21118181268270073,-0.07,-0.07,20269267.0,20269267.0,https://www.sec.gov/Archives/edgar/data/946563/000093066102001629/0000930661-02-001629-index.htm,https://www.sec.gov/Archives/edgar/data/946563/000093066102001629/d10qsb.txt,1620597476,17:57:56,20210509
76,2001-12-31,RVP,USD,2001-12-31,2001-12-31,Q4,3383210.0,2908060.0,475150.0,0.14044354326216818,104758.0,0.0,0.0,0.0,1712532.0,4620592.0,162780.0,352158.0,-885224.0,-0.2616520996331886,-1237382.0,-0.3657420024178221,0.0,0.0,0.0,0.0,-1394050.0,-0.41204950328238565,0.0,0.0,0.0,0.0,,,1620597476,17:57:56,20210509
77,2001-09-30,RVP,USD,2001-09-30,2001-09-30,Q3,4542481.0,4413057.0,129424.0,0.028491918843469022,127598.0,0.0,0.0,0.0,2710840.0,7123897.0,150781.0,330364.0,-2251052.0,-0.49555562257717756,-2581416.0,-0.5682832795558198,-540273.0,0.0,0.0,0.0,-2723631.0,-0.5995910604799448,-0.16,-0.16,19975350.0,19975350.0,,,1620597476,17:57:56,20210509
78,2001-06-30,RVP,USD,2001-06-30,2001-06-30,Q2,4788930.0,3149316.0,1639614.0,0.3423758543140117,179131.0,0.0,0.0,0.0,2513633.0,5662949.0,119785.0,284820.0,-589199.0,-0.12303353776313289,-874019.0,-0.1825082012056973,0.0,0.0,0.0,0.0,-984744.0,-0.2056292324172623,-0.08,-0.08,19523725.0,19523725.0,,,1620597476,17:57:56,20210509
79,2001-03-31,RVP,USD,2001-03-31,2001-03-31,Q1,3431014.0,2852532.0,578482.0,0.16860380050912063,345055.0,0.0,0.0,0.0,2599271.0,5451803.0,120271.0,228778.0,-1792011.0,-0.5222977813555992,-2020789.0,-0.5889771944970205,0.0,0.0,0.0,0.0,-2112855.0,-0.6158106612214348,-0.14,-0.14,19365850.0,19365850.0,,,1620597476,17:57:56,20210509
80,2000-12-31,RVP,USD,2000-12-31,2000-12-31,Q4,3532034.0,2095082.0,1436952.0,0.4068341357982398,431363.0,0.0,0.0,0.0,4169275.0,6264357.0,88299.0,222476.0,-2509847.0,-0.7105953679947589,-2732323.0,-0.7735834366260348,0.0,0.0,0.0,0.0,-3705410.0,-1.049086730195689,0.0,0.0,0.0,0.0,,,1620597476,17:57:56,20210509
81,2000-09-30,RVP,USD,2000-11-14,2000-11-14,Q3,3753110.0,3445697.0,307413.0,0.08190887024361129,207186.0,1221776.0,1543914.0,0.0,2972876.0,6418573.0,72580.0,220000.0,-2445463.0,-0.6515830870931041,-2665463.0,-0.7102011398546805,0.0,0.0,0.0,0.0,-2662956.0,-0.7095331604988929,-0.137508,-0.137508,19365850.0,19365850.0,https://www.sec.gov/Archives/edgar/data/946563/000093066100002957/0000930661-00-002957-index.htm,https://www.sec.gov/Archives/edgar/data/946563/000093066100002957/0000930661-00-002957-0001.txt,1620597476,17:57:56,20210509
