,date,symbol,reportedCurrency,fillingDate,acceptedDate,period,revenue,costOfRevenue,grossProfit,grossProfitRatio,researchAndDevelopmentExpenses,generalAndAdministrativeExpenses,sellingAndMarketingExpenses,otherExpenses,operatingExpenses,costAndExpenses,interestExpense,depreciationAndAmortization,ebitda,ebitdaratio,operatingIncome,operatingIncomeRatio,totalOtherIncomeExpensesNet,incomeBeforeTax,incomeBeforeTaxRatio,incomeTaxExpense,netIncome,netIncomeRatio,eps,epsdiluted,weightedAverageShsOut,weightedAverageShsOutDil,link,finalLink,timestamp,est_time,est_date
0,2021-03-31,WRI,USD,2021-05-05,2021-05-05 10:50:11,Q1,121371000,16735000.0,104636000.0,0.8621169801682445,0.0,9474000.0,0.0,0.0,71317000.0,88052000.0,15800000.0,38556000.0,71875000.0,0.5921925336365359,33319000.0,0.21446638818169084,8806000.0,26030000.0,0.21446638818169084,238000.0,28037000.0,0.23100246352093992,0.22,0.22,126518000,129100000,https://www.sec.gov/Archives/edgar/data/828916/000155837021005830/0001558370-21-005830-index.htm,https://www.sec.gov/Archives/edgar/data/828916/000155837021005830/wri-20210331x10q.htm,1620599922,18:38:42,20210509
1,2020-12-31,WRI,USD,2021-02-26,2021-02-26 15:36:38,Q4,112075000,47220000.0,64855000.0,0.5786749944233772,0.0,11916000.0,0.0,327722.0,161455000.0,114235000.0,11983000.0,37701000.0,46938000.0,0.41880883337051084,9237000.0,0.08241802364488066,-24555000.0,20747000.0,0.1851171090787419,-1161000.0,29880000.0,0.2666071826901628,0.23819203635059188,0.23819203635059188,125445000,125445000,https://www.sec.gov/Archives/edgar/data/828916/000155837021001992/0001558370-21-001992-index.htm,https://www.sec.gov/Archives/edgar/data/828916/000155837021001992/wri-20201231x10k.htm,1620599922,18:38:42,20210509
2,2020-09-30,WRI,USD,2020-11-04,2020-11-04 11:06:27,Q3,112355000,16479000.0,95876000.0,0.8533309599038761,0.0,10245000.0,0.0,77241.0,71007000.0,87486000.0,14351000.0,37946000.0,62815000.0,0.5590761425837747,24869000.0,0.22134306439410797,10268000.0,22842000.0,0.20330203373236616,195000.0,25089000.0,0.2233011436963197,0.2,0.2,125445000,125445000,https://www.sec.gov/Archives/edgar/data/828916/000155837020012509/0001558370-20-012509-index.htm,https://www.sec.gov/Archives/edgar/data/828916/000155837020012509/wri-20200930x10q.htm,1620599922,18:38:42,20210509
3,2020-06-30,WRI,USD,2020-08-05,2020-08-05 11:33:24,Q2,98135000,15733000.0,82402000.0,0.8396800326081418,0.0,12920000.0,0.0,0.0,70525000.0,86258000.0,15093000.0,37627000.0,49504000.0,0.5044479543486015,11877000.0,0.12102715646813064,7898000.0,9292000.0,0.09468589188362969,343000.0,11368000.0,0.115840423905844,0.09,0.09,126311111,126311111,https://www.sec.gov/Archives/edgar/data/828916/000155837020009311/0001558370-20-009311-index.htm,https://www.sec.gov/Archives/edgar/data/828916/000155837020009311/wri-20200630x10q.htm,1620599922,18:38:42,20210509
4,2020-03-31,WRI,USD,2020-05-11 00:00:00,2020-05-11 11:06:43,Q1,111352000,15008000.0,96344000.0,0.8652202026007616,0.0,2307000.0,0.0,0.0,62123000.0,77131000.0,19721000.0,36656000.0,70877000.0,0.6365130397298656,34221000.0,0.30732272433364466,13532000.0,27323000.0,0.24537502694159063,172000.0,52622000.0,0.4725734607371219,0.4100000014803694,0.4059270001285001,128346341,129634146,https://www.sec.gov/Archives/edgar/data/828916/000155837020006153/0001558370-20-006153-index.html,https://www.sec.gov/Archives/edgar/data/828916/000155837020006153/wri-20200511x10q.htm,1620599922,18:38:42,20210509
5,2019-12-31,WRI,USD,2020-02-27 00:00:00,2020-02-27 17:29:24,Q4,119465000,13741000.0,105724000.0,0.8849788641024567,0.0,9021000.0,0.0,0.0,67069000.0,80810000.0,12782000.0,33355000.0,72010000.0,0.6027706859749717,38655000.0,0.32356757209224457,45951000.0,74661000.0,0.6249612857322229,358000.0,75218000.0,0.6296237391704683,0.59,0.58,127488136,130596552,https://www.sec.gov/Archives/edgar/data/828916/000082891620000010/0000828916-20-000010-index.html,https://www.sec.gov/Archives/edgar/data/828916/000082891620000010/wri-20191231x10k.htm,1620599922,18:38:42,20210509
6,2019-09-30,WRI,USD,2019-11-05 00:00:00,2019-11-05 14:27:54,Q3,121362000,15205000.0,106157000.0,0.8747136665513093,0.0,8432000.0,0.0,0.0,64724000.0,79929000.0,13010000.0,33380000.0,74813000.0,0.6164450157380399,41433000.0,0.34140010876551147,74115000.0,102832000.0,0.8473162934032069,21000.0,106742000.0,0.8795339562630807,0.83,0.82,128604819,130817073,https://www.sec.gov/Archives/edgar/data/828916/000082891619000054/0000828916-19-000054-index.html,https://www.sec.gov/Archives/edgar/data/828916/000082891619000054/wri-20190930x10q.htm,1620599922,18:38:42,20210509
7,2019-06-30,WRI,USD,2019-08-07 00:00:00,2019-08-07 14:42:18,Q2,122660000,15736000.0,106924000.0,0.8717104190445133,0.0,8880000.0,0.0,0.0,66614000.0,82350000.0,14146000.0,34967000.0,75277000.0,0.6137045491602805,40310000.0,0.32863199086906897,52061000.0,79339000.0,0.646820479373879,484000.0,83809000.0,0.6832626773194196,0.66,0.65,126983333,128936923,https://www.sec.gov/Archives/edgar/data/828916/000082891619000045/0000828916-19-000045-index.html,https://www.sec.gov/Archives/edgar/data/828916/000082891619000045/wri-20190630x10q.htm,1620599922,18:38:42,20210509
8,2019-03-31,WRI,USD,2019-05-03 00:00:00,2019-05-03 14:25:02,Q1,123138000,16131000.0,107007000.0,0.8690006334356576,0.0,9581000.0,0.0,0.0,67801000.0,83932000.0,14469000.0,33972000.0,73178000.0,0.5942763403660933,39206000.0,0.3183907485910117,17713000.0,46014000.0,0.3736783121376017,177000.0,49666000.0,0.4033360944631227,0.39,0.39,127348718,127348718,https://www.sec.gov/Archives/edgar/data/828916/000082891619000033/0000828916-19-000033-index.html,https://www.sec.gov/Archives/edgar/data/828916/000082891619000033/wri-20190331x10q.htm,1620599922,18:38:42,20210509
9,2018-12-31,WRI,USD,2019-02-28 00:00:00,2019-02-28 16:34:11,Q4,127819000,16562000.0,111257000.0,0.8704261494769948,0.0,7325000.0,0.0,29000.0,63230000.0,79792000.0,14871000.0,35280000.0,83307000.0,0.6517575634295371,48027000.0,0.37574226054029525,200143000.0,230579000.0,1.8039493346059663,10000.0,59507000.0,0.46555676386139777,0.47,0.46,126610638,129363043,https://www.sec.gov/Archives/edgar/data/828916/000082891619000013/0000828916-19-000013-index.html,https://www.sec.gov/Archives/edgar/data/828916/000082891619000013/wri-20181231x10k.htm,1620599922,18:38:42,20210509
10,2018-09-30,WRI,USD,2018-10-31 00:00:00,2018-10-31 15:32:34,Q3,128790000,17601000.0,111189000.0,0.8633356627067319,0.0,5971000.0,0.0,1119000.0,66568000.0,84169000.0,15208000.0,38042000.0,82663000.0,0.6418433108160572,44621000.0,0.3464632347231928,-2398000.0,28074000.0,0.21798276263685068,-99000.0,42981000.0,0.3337293268110878,0.34,0.34,126414706,126414706,https://www.sec.gov/Archives/edgar/data/828916/000082891618000078/0000828916-18-000078-index.html,https://www.sec.gov/Archives/edgar/data/828916/000082891618000078/wri-20180930x10q.htm,1620599922,18:38:42,20210509
11,2018-06-30,WRI,USD,2018-08-01 00:00:00,2018-08-01 14:52:23,Q2,142086000,17466000.0,124620000.0,0.8770744478696001,0.0,6149000.0,0.0,383000.0,80674000.0,98140000.0,16233000.0,50421000.0,94367000.0,0.6641541038525963,43946000.0,0.3092915558183072,1000.0,28284000.0,0.1990625395886998,684000.0,78289000.0,0.5509972833354447,0.6099999997662506,0.6059135706382467,128342623,129208197,https://www.sec.gov/Archives/edgar/data/828916/000082891618000068/0000828916-18-000068-index.html,https://www.sec.gov/Archives/edgar/data/828916/000082891618000068/wri-20180630x10q.htm,1620599922,18:38:42,20210509
12,2018-03-31,WRI,USD,2018-05-02 00:00:00,2018-05-02 14:32:48,Q1,132452000,17639000.0,114813000.0,0.8668272279769275,0.0,5595000.0,0.0,544000.0,66960000.0,84599000.0,17649000.0,38095000.0,85948000.0,0.6488992238697793,47853000.0,0.3612855978014677,3758000.0,34714000.0,0.26208739769878897,783000.0,146824000.0,1.1085072328088665,1.15,1.13,127673043,129932743,https://www.sec.gov/Archives/edgar/data/828916/000082891618000034/0000828916-18-000034-index.html,https://www.sec.gov/Archives/edgar/data/828916/000082891618000034/wri-20180331x10q.htm,1620599922,18:38:42,20210509
13,2017-12-31,WRI,USD,2018-02-28 00:00:00,2018-02-28 17:22:37,Q4,139367000,17853000.0,121514000.0,0.871899373596332,0.0,7868000.0,0.0,0.0,74220000.0,92073000.0,16131000.0,40986000.0,88280000.0,0.6334354617664153,47294000.0,0.3393486262888632,-245000.0,31518000.0,0.22615109746209647,2018000.0,167967000.0,1.2052135727970037,1.31,1.3,128219084,129205385,https://www.sec.gov/Archives/edgar/data/828916/000082891618000015/0000828916-18-000015-index.html,https://www.sec.gov/Archives/edgar/data/828916/000082891618000015/wri-20171231x10k.htm,1620599922,18:38:42,20210509
14,2017-09-30,WRI,USD,2017-11-01 00:00:00,2017-11-01 17:08:06,Q3,144110000,18634000.0,125476000.0,0.8706959961140796,0.0,6537000.0,0.0,0.0,75859000.0,94493000.0,19166000.0,41509000.0,91126000.0,0.6323364096870446,49617000.0,0.3442994934425092,-985000.0,31252000.0,0.21686211921448892,577000.0,72629000.0,0.5039830684893484,0.57,0.56,127419298,129694643,https://www.sec.gov/Archives/edgar/data/828916/000082891617000044/0000828916-17-000044-index.html,https://www.sec.gov/Archives/edgar/data/828916/000082891617000044/wri-20170930x10q.htm,1620599922,18:38:42,20210509
15,2017-06-30,WRI,USD,2017-08-02 00:00:00,2017-08-02 12:13:44,Q2,146023000,21632000.0,124391000.0,0.8518589537264677,0.0,6514000.0,0.0,0.0,74892000.0,96524000.0,19820000.0,42157000.0,91656000.0,0.6276819405162201,49499000.0,0.3389808454832458,-26000.0,30286000.0,0.20740568266642925,747000.0,63852000.0,0.4372735801894222,0.5,0.49,127704000,130310204,https://www.sec.gov/Archives/edgar/data/828916/000082891617000033/0000828916-17-000033-index.html,https://www.sec.gov/Archives/edgar/data/828916/000082891617000033/wri-20170630x10q.htm,1620599922,18:38:42,20210509
16,2017-03-31,WRI,USD,2017-05-03 00:00:00,2017-05-03 13:03:40,Q1,143663000,17517000.0,126146000.0,0.8780688138212344,0.0,7516000.0,0.0,0.0,79875000.0,97392000.0,21082000.0,42449000.0,88720000.0,0.6175563645475871,46271000.0,0.3220801458969951,-14986000.0,11957000.0,0.08322950237709083,-3359000.0,30826000.0,0.21457160159540034,0.24,0.24,128441667,128441667,https://www.sec.gov/Archives/edgar/data/828916/000082891617000022/0000828916-17-000022-index.html,https://www.sec.gov/Archives/edgar/data/828916/000082891617000022/wri-20170331x10q.htm,1620599922,18:38:42,20210509
17,2016-12-31,WRI,USD,2017-02-28 00:00:00,2017-02-28 16:48:45,Q4,142863000,16213000.0,126650000.0,0.8865136529402294,0.0,7193000.0,0.0,191000.0,76463000.0,92676000.0,21101000.0,43374000.0,93561000.0,0.6549001490938872,50187000.0,0.3512945969215262,1860000.0,31065000.0,0.21744608471052687,-164000.0,44142000.0,0.3089813317653976,0.35,0.34,126120000,129829412,https://www.sec.gov/Archives/edgar/data/828916/000082891617000008/0000828916-17-000008-index.html,https://www.sec.gov/Archives/edgar/data/828916/000082891617000008/wri-20161231x10k.htm,1620599922,18:38:42,20210509
18,2016-09-30,WRI,USD,2016-11-09 00:00:00,2016-11-09 12:39:25,Q3,138599000,17067000.0,121532000.0,0.8768605834096928,0.0,7187000.0,0.0,99000.0,74011000.0,91078000.0,21195000.0,42064000.0,89585000.0,0.646361084856312,47521000.0,0.342866831651022,9015000.0,35961000.0,0.25946074647003226,1105000.0,51901000.0,0.3744687912611202,0.41,0.4,126587805,129752500,https://www.sec.gov/Archives/edgar/data/828916/000082891616000109/0000828916-16-000109-index.html,https://www.sec.gov/Archives/edgar/data/828916/000082891616000109/wri-20160930x10q.htm,1620599922,18:38:42,20210509
19,2016-06-30,WRI,USD,2016-08-01,2016-08-01 11:38:51,Q2,135676000,17221000.0,118455000.0,0.8730726141690498,0.0,6388000.0,0.0,113000.0,70269000.0,87490000.0,19990000.0,39218000.0,87404000.0,0.6442112090568708,48186000.0,0.355154927916507,2037000.0,29989000.0,0.22103393378342523,16000.0,35816000.0,0.26398183908723727,0.28,0.28,127914286,127914286,https://www.sec.gov/Archives/edgar/data/828916/000082891616000103/wri-20160630x10q.htm,https://www.sec.gov/Archives/edgar/data/828916/000082891616000103/wri-20160630x10q.htm,1620599922,18:38:42,20210509
20,2016-03-31,WRI,USD,2016-05-02 00:00:00,2016-05-02 16:06:17,Q1,132417000,15857000.0,116560000.0,0.880249514790397,0.0,6498000.0,0.0,171000.0,67913000.0,83770000.0,20192000.0,37879000.0,86526000.0,0.653435737103242,48647000.0,0.36737730049767026,37349000.0,65316000.0,0.4932599288610979,5899000.0,107074000.0,0.8086121872569232,0.87,0.85,123073563,125969412,https://www.sec.gov/Archives/edgar/data/828916/000082891616000091/0000828916-16-000091-index.html,https://www.sec.gov/Archives/edgar/data/828916/000082891616000091/wri-20160331x10q.htm,1620599922,18:38:42,20210509
21,2015-12-31,WRI,USD,2016-02-24 00:00:00,2016-02-24 17:07:02,Q4,129654000,14394000.0,115260000.0,0.888981442917303,0.0,7503000.0,0.0,1300000.0,69682000.0,84076000.0,19750000.0,37011000.0,82589000.0,0.6369953877242507,45578000.0,0.3515356255881037,0.0,27463000.0,0.21181760686133863,-239000.0,47275000.0,0.3646243077729958,0.38,0.38,124407895,124407895,https://www.sec.gov/Archives/edgar/data/828916/000082891616000068/0000828916-16-000068-index.html,https://www.sec.gov/Archives/edgar/data/828916/000082891616000068/wri-20151231x10k.htm,1620599922,18:38:42,20210509
22,2015-09-30,WRI,USD,2015-11-02 00:00:00,2015-11-02 12:39:10,Q3,130787000,15770000.0,115017000.0,0.879422266739049,0.0,6188000.0,0.0,387000.0,66806000.0,82576000.0,20833000.0,36327000.0,84538000.0,0.6463792272932325,48211000.0,0.36862226368064105,-888000.0,26716000.0,0.20427106669623127,-144000.0,43401000.0,0.3318449081330713,0.35,0.35,124002857,124002857,https://www.sec.gov/Archives/edgar/data/828916/000082891615000054/0000828916-15-000054-index.html,https://www.sec.gov/Archives/edgar/data/828916/000082891615000054/wri-20150930x10q.htm,1620599922,18:38:42,20210509
23,2015-06-30,WRI,USD,2015-08-03 00:00:00,2015-08-03 12:23:31,Q2,126804000,15498000.0,111306000.0,0.8777798807608593,0.0,6461000.0,0.0,203000.0,65112000.0,80610000.0,19637000.0,36451000.0,82645000.0,0.6517538878899719,46194000.0,0.3642945017507334,-135000.0,26185000.0,0.20649979495914955,-226000.0,36029000.0,0.284131415412763,0.2,0.2,126110000,126110000,https://www.sec.gov/Archives/edgar/data/828916/000082891615000045/0000828916-15-000045-index.html,https://www.sec.gov/Archives/edgar/data/828916/000082891615000045/wri-20150630x10q.htm,1620599922,18:38:42,20210509
24,2015-03-31,WRI,USD,2015-05-04 00:00:00,2015-05-04 16:23:52,Q1,125599000,14627000.0,110972000.0,0.8835420664177263,0.0,7372000.0,0.0,250000.0,66108000.0,80735000.0,19801000.0,36151000.0,81015000.0,0.6450290209316953,44864000.0,0.3572002961807021,-5239000.0,21989000.0,0.17507304994466516,661000.0,47647000.0,0.37935811590856616,0.37,0.36,121451351,124825000,https://www.sec.gov/Archives/edgar/data/828916/000082891615000033/0000828916-15-000033-index.html,https://www.sec.gov/Archives/edgar/data/828916/000082891615000033/wri-20150331x10q.htm,1620599922,18:38:42,20210509
25,2014-12-31,WRI,USD,2015-02-19,2015-02-19 16:20:22,Q4,126102000,14349000.0,111753000.0,0.8862111623923491,0.0,7023000.0,0.0,117000.0,66760000.0,81109000.0,21643000.0,36408000.0,81401000.0,0.6455171210607287,44993000.0,0.3567984647348971,-1024000.0,23370000.0,0.1853261645334729,624000.0,88980000.0,0.7056192605985631,0.71,0.7,121507042,123242857,https://www.sec.gov/Archives/edgar/data/828916/000082891615000009/wri-20141231x10k.htm,https://www.sec.gov/Archives/edgar/data/828916/000082891615000009/wri-20141231x10k.htm,1620599922,18:38:42,20210509
26,2014-09-30,WRI,USD,2014-11-06 00:00:00,2014-11-06 09:53:44,Q3,130521000,15412000.0,115109000.0,0.8819193846200994,0.0,6146000.0,0.0,75000.0,66294000.0,81706000.0,24557000.0,36694000.0,85509000.0,0.6551359551336566,48815000.0,0.37400111859394275,80000.0,24538000.0,0.18800039840332208,-284000.0,100329000.0,0.7686809019238283,0.8,0.79,122023750,123568354,https://www.sec.gov/Archives/edgar/data/828916/000082891614000063/0000828916-14-000063-index.html,https://www.sec.gov/Archives/edgar/data/828916/000082891614000063/wri-20140930x10q.htm,1620599922,18:38:42,20210509
27,2014-06-30,WRI,USD,2014-08-07 00:00:00,2014-08-07 11:00:52,Q2,130191000,16358000.0,113833000.0,0.8743538339823798,0.0,5820000.0,0.0,72000.0,66370000.0,82728000.0,24494000.0,36630000.0,84093000.0,0.6459202249003387,47463000.0,0.3645643708090421,1718000.0,25674000.0,0.19720257160633223,-2081000.0,35396000.0,0.27187747232911647,0.27,0.27,121059259,121059259,https://www.sec.gov/Archives/edgar/data/828916/000082891614000054/0000828916-14-000054-index.html,https://www.sec.gov/Archives/edgar/data/828916/000082891614000054/wri-20140630x10q.htm,1620599922,18:38:42,20210509
28,2014-03-31,WRI,USD,2014-05-08 00:00:00,2014-05-08 11:20:13,Q1,127592000,14649000.0,112943000.0,0.885188726565929,0.0,5913000.0,0.0,1644000.0,71152000.0,85801000.0,24978000.0,40884000.0,82675000.0,0.647963822183209,41791000.0,0.32753620916671894,1940000.0,19205000.0,0.15051884130666499,480000.0,63303000.0,0.4961361213869208,0.5,0.49,121186000,123659184,https://www.sec.gov/Archives/edgar/data/828916/000082891614000042/0000828916-14-000042-index.html,https://www.sec.gov/Archives/edgar/data/828916/000082891614000042/wri-20140331x10q.htm,1620599922,18:38:42,20210509
29,2013-12-31,WRI,USD,2014-02-26,2014-02-26 17:18:12,Q4,113973000,13260000.0,100713000.0,0.8836566555236767,0.0,6553000.0,0.0,181000.0,67866000.0,81126000.0,23945000.0,41449000.0,74296000.0,0.6518736893825731,32847000.0,0.28819983680345346,22071000.0,33060000.0,0.29006870048169303,7265000.0,49934000.0,0.43812130943293587,0.39,0.38,121087179,124273684,https://www.sec.gov/Archives/edgar/data/828916/000082891614000008/wri-20131231x10k.htm,https://www.sec.gov/Archives/edgar/data/828916/000082891614000008/wri-20131231x10k.htm,1620599922,18:38:42,20210509
30,2013-09-30,WRI,USD,2013-11-06 00:00:00,2013-11-06 10:42:46,Q3,130667000,15624000.0,115043000.0,0.8804288764569478,0.0,5966000.0,0.0,199000.0,68618000.0,84242000.0,27660000.0,37609000.0,84034000.0,0.6431157063374838,46425000.0,0.35529246098861994,-2351000.0,18278000.0,0.1398822962186321,-215000.0,60542000.0,0.4633304506876258,0.48,0.47,120483333,123046809,https://www.sec.gov/Archives/edgar/data/828916/000082891613000049/0000828916-13-000049-index.html,https://www.sec.gov/Archives/edgar/data/828916/000082891613000049/wri-20130930x10q.htm,1620599922,18:38:42,20210509
31,2013-06-30,WRI,USD,2013-08-07 00:00:00,2013-08-07 14:22:59,Q2,131577000,15444000.0,116133000.0,0.88262386283317,0.0,6194000.0,0.0,1137000.0,69387000.0,84831000.0,28772000.0,38876000.0,85622000.0,0.6507368309050974,46746000.0,0.3552748580678994,-82000.0,19990000.0,0.1519262485084779,197000.0,66436000.0,0.5049210728318779,0.37,0.37,122759459,122759459,https://www.sec.gov/Archives/edgar/data/828916/000082891613000038/0000828916-13-000038-index.html,https://www.sec.gov/Archives/edgar/data/828916/000082891613000038/wri-20130630x10q.htm,1620599922,18:38:42,20210509
32,2013-03-31,WRI,USD,2013-05-07 00:00:00,2013-05-07 11:03:56,Q1,131681000,15202000.0,116479000.0,0.8845543396541642,0.0,6667000.0,0.0,236000.0,71742000.0,86944000.0,27815000.0,39731000.0,84468000.0,0.6414592841791906,44737000.0,0.33973769944031407,11453000.0,40064000.0,0.30425042337163294,-153000.0,43350000.0,0.3292046688588331,0.28,0.28,120242857,120242857,https://www.sec.gov/Archives/edgar/data/828916/000082891613000023/0000828916-13-000023-index.html,https://www.sec.gov/Archives/edgar/data/828916/000082891613000023/wri-20130331x10q.htm,1620599922,18:38:42,20210509
33,2012-12-31,WRI,USD,2013-02-25 00:00:00,2013-02-25 13:14:11,Q4,131324000,-58568000.0,189892000.0,1.4459809326551125,0.0,7449000.0,0.0,188000.0,142949000.0,84381000.0,-92412000.0,38113000.0,85056000.0,0.6476805458255916,46943000.0,0.357459413359325,-107012000.0,36262000.0,0.27612622216807287,-383000.0,53751000.0,0.4093006609606774,0.36,0.35,119244444,122651429,https://www.sec.gov/Archives/edgar/data/828916/000082891613000007/0000828916-13-000007-index.html,https://www.sec.gov/Archives/edgar/data/828916/000082891613000007/wri-20121231x10k.htm,1620599922,18:38:42,20210509
34,2012-09-30,WRI,USD,2012-11-08 00:00:00,2012-11-08 10:16:11,Q3,129545000,41842000.0,87703000.0,0.6770079895017176,0.0,6421000.0,0.0,0.0,43044000.0,84886000.0,28109000.0,36941000.0,81600000.0,0.6298969470068316,44659000.0,0.3447373499556139,6615000.0,24983000.0,0.19285190474352543,733000.0,40273000.0,0.3108803890539967,0.33347962174784296,0.3305292012737599,120766000,121844000,https://www.sec.gov/Archives/edgar/data/828916/000082891612000013/0000828916-12-000013-index.html,https://www.sec.gov/Archives/edgar/data/828916/000082891612000013/wri-20120930x10q.htm,1620599922,18:38:42,20210509
35,2012-06-30,WRI,USD,2012-08-09 00:00:00,2012-08-09 11:12:33,Q2,125620000,39059000.0,86561000.0,0.6890702117497214,0.0,6378000.0,0.0,0.0,40710000.0,79769000.0,29311000.0,34509000.0,80360000.0,0.6397070530170355,45851000.0,0.3649976118452476,-19988000.0,-2866000.0,-0.02281483840152842,-220000.0,31419000.0,0.25011144722177997,0.2603906813303387,0.2581782324664119,120661000,121695000,https://www.sec.gov/Archives/edgar/data/828916/000082891612000007/0000828916-12-000007-index.html,https://www.sec.gov/Archives/edgar/data/828916/000082891612000007/wri-20120630x10q.htm,1620599922,18:38:42,20210509
36,2012-03-31,WRI,USD,2012-05-10,2012-05-10 15:24:49,Q1,122471000,37178000.0,85293000.0,0.6964342579059533,0.0,8307000.0,0.0,0.0,42684000.0,79862000.0,31429000.0,38850000.0,81459000.0,0.6651288876550367,42609000.0,0.3479109340170326,2785000.0,16351000.0,0.1335091572698843,-22000.0,21197000.0,0.17307770819214344,0.17593645471070127,0.17454566414966938,120481000,121441000,https://www.sec.gov/Archives/edgar/data/828916/000119312512089583/d264875d10k.htm,https://www.sec.gov/Archives/edgar/data/828916/000119312512089583/d264875d10k.htm,1620599922,18:38:42,20210509
37,2011-12-31,WRI,USD,2012-02-29 00:00:00,2012-02-29 17:17:27,Q4,135944000,41764000.0,94180000.0,0.692785264520685,0.0,6589000.0,0.0,0.0,45073000.0,86837000.0,32118000.0,38457000.0,87564000.0,0.6441181663037722,49107000.0,0.3612296239628082,3419000.0,18251000.0,0.13425381039251458,166000.0,31042000.0,0.22834402400988643,0.2576505839094961,0.2576505839094961,120481000,120481000,https://www.sec.gov/Archives/edgar/data/828916/000119312512089583/0001193125-12-089583-index.html,https://www.sec.gov/Archives/edgar/data/828916/000119312512089583/d264875d10k.htm,1620599922,18:38:42,20210509
38,2011-09-30,WRI,USD,2011-11-09 00:00:00,2011-11-09 10:34:07,Q3,138565000,42635000.0,95930000.0,0.6923104680114026,0.0,5777000.0,0.0,0.0,44649000.0,87284000.0,35814000.0,40271000.0,91552000.0,0.6607151878179915,51281000.0,0.3700862411142785,-38489000.0,-23022000.0,-0.16614585212716054,471000.0,-33220000.0,-0.23974308086457619,-0.35,-0.35,120413000,120413000,https://www.sec.gov/Archives/edgar/data/828916/000119312511303622/0001193125-11-303622-index.html,https://www.sec.gov/Archives/edgar/data/828916/000119312511303622/d231734d10q.htm,1620599922,18:38:42,20210509
39,2011-06-30,WRI,USD,2011-08-09 00:00:00,2011-08-09 11:45:18,Q2,141225000,43166000.0,98059000.0,0.694345901929545,0.0,6612000.0,0.0,0.0,46221000.0,89387000.0,37324000.0,39813000.0,91651000.0,0.6489714993804213,51838000.0,0.3670596565763852,-10753000.0,5184000.0,0.036707381837493364,119000.0,1703000.0,0.012058771463975925,-0.06,-0.06,120345000,120345000,https://www.sec.gov/Archives/edgar/data/828916/000119312511215798/0001193125-11-215798-index.html,https://www.sec.gov/Archives/edgar/data/828916/000119312511215798/d10q.htm,1620599922,18:38:42,20210509
40,2011-03-31,WRI,USD,2011-05-09 00:00:00,2011-05-09 15:39:56,Q1,135126000,41376000.0,93750000.0,0.6937969006704853,0.0,6556000.0,0.0,0.0,45291000.0,86667000.0,36846000.0,38749000.0,87208000.0,0.6453828278791647,48459000.0,0.35862084276897116,3589000.0,17257000.0,0.12771043322528602,-316000.0,16096000.0,0.11911845240738274,0.1339747964908192,0.13291384877086068,120142000,121101000,https://www.sec.gov/Archives/edgar/data/828916/000082891611000022/0000828916-11-000022-index.html,https://www.sec.gov/Archives/edgar/data/828916/000082891611000022/form10q_1q2011.htm,1620599922,18:38:42,20210509
41,2010-12-31,WRI,USD,2011-03-01 00:00:00,2011-03-01 14:44:47,Q4,139731000,93512000.0,46219000.0,0.3307712676499846,0.0,5897000.0,0.0,0.0,75000000.0,90094000.0,37032000.0,39661000.0,89298000.0,0.6390707860102626,49637000.0,0.3552325539787162,-9715000.0,6778000.0,0.04850748939032856,85000.0,6266000.0,0.044843306066656645,0.0521549499758619,0.0521549499758619,120142000,120142000,https://www.sec.gov/Archives/edgar/data/828916/000082891611000008/0000828916-11-000008-index.html,https://www.sec.gov/Archives/edgar/data/828916/000082891611000008/form10k_12312010.htm,1620599922,18:38:42,20210509
42,2010-09-30,WRI,USD,2010-11-05 00:00:00,2010-11-05 16:49:16,Q3,139039000,25456000.0,113583000.0,0.8169146786153525,0.0,6443000.0,0.0,0.0,59393000.0,84849000.0,36679000.0,37297000.0,91487000.0,0.6579952387459633,54190000.0,0.3897467616999547,-1360000.0,19095000.0,0.13733556771840993,-20000.0,17529000.0,0.1260725407979056,0.14610178532731,0.14508719799365982,119978000,120817000,https://www.sec.gov/Archives/edgar/data/828916/000082891610000103/0000828916-10-000103-index.html,https://www.sec.gov/Archives/edgar/data/828916/000082891610000103/form10q_3q2010.htm,1620599922,18:38:42,20210509
43,2010-06-30,WRI,USD,2010-08-09 00:00:00,2010-08-09 15:03:13,Q2,138761000,25719000.0,113042000.0,0.814652532051513,0.0,6069000.0,0.0,0.0,60464000.0,86183000.0,37466000.0,37996000.0,90574000.0,0.6527338373174019,52578000.0,0.37891050078912664,-13330000.0,2754000.0,0.019847075186832035,-301000.0,3303000.0,0.023803518279631886,-0.05,-0.05,119936000,119936000,https://www.sec.gov/Archives/edgar/data/828916/000082891610000086/0000828916-10-000086-index.html,https://www.sec.gov/Archives/edgar/data/828916/000082891610000086/form10q_2q2010.htm,1620599922,18:38:42,20210509
44,2010-03-31,WRI,USD,2010-05-07 00:00:00,2010-05-07 17:23:55,Q1,137159000,25986000.0,111173000.0,0.810541050897134,0.0,6591000.0,0.0,0.0,59669000.0,85655000.0,37617000.0,36153000.0,87657000.0,0.6390903987343156,51504000.0,0.375505799838144,3848000.0,19750000.0,0.14399346743560393,476000.0,19108000.0,0.1393127683928871,0.09,0.08,119779000,120547000,https://www.sec.gov/Archives/edgar/data/828916/000082891610000044/0000828916-10-000044-index.html,https://www.sec.gov/Archives/edgar/data/828916/000082891610000044/form10q_1q2010.htm,1620599922,18:38:42,20210509
45,2009-12-31,WRI,USD,2010-03-01 00:00:00,2010-03-01 17:06:56,Q4,137681000,26952000.0,110729000.0,0.8042431417552167,0.0,6732000.0,0.0,0.0,57457000.0,84409000.0,37960000.0,36597000.0,89869000.0,0.652733492638781,53272000.0,0.3869233953849841,25891000.0,18860000.0,0.13698331650699805,-733000.0,81495000.0,0.5919117380030651,0.680378029537732,0.680378029537732,119779000,119779000,https://www.sec.gov/Archives/edgar/data/828916/000082891610000013/0000828916-10-000013-index.html,https://www.sec.gov/Archives/edgar/data/828916/000082891610000013/form10k_12312009.htm,1620599922,18:38:42,20210509
46,2009-09-30,WRI,USD,2009-11-06 00:00:00,2009-11-06 16:22:38,Q3,144544000,25733000.0,118811000.0,0.8219711644897055,0.0,6178000.0,0.0,0.0,61612000.0,87345000.0,36431000.0,37779000.0,94978000.0,0.6570871153420412,57199000.0,0.3957203342926721,-20593000.0,3771000.0,0.026088941775514723,4364000.0,-515000.0,-0.0035629289351339385,-0.08,-0.08,119384000,119384000,https://www.sec.gov/Archives/edgar/data/828916/000082891609000079/0000828916-09-000079-index.html,https://www.sec.gov/Archives/edgar/data/828916/000082891609000079/form10q_3q2009.htm,1620599922,18:38:42,20210509
47,2009-06-30,WRI,USD,2009-08-07 00:00:00,2009-08-07 07:55:46,Q2,146940000,27569000.0,119371000.0,0.8123792023955356,0.0,7020000.0,0.0,0.0,64236000.0,91805000.0,39496000.0,38600000.0,93735000.0,0.6379134340547162,55135000.0,0.37522117871239963,16748000.0,36032000.0,0.24521573431332516,-2257000.0,48107000.0,0.3273921328433374,0.4301412732474964,0.42041283601915613,111840000,114428000,https://www.sec.gov/Archives/edgar/data/828916/000082891609000069/0000828916-09-000069-index.html,https://www.sec.gov/Archives/edgar/data/828916/000082891609000069/form10q_2q2009.htm,1620599922,18:38:42,20210509
48,2009-03-31,WRI,USD,2009-05-08 00:00:00,2009-05-08 15:45:07,Q1,149261000,24084000.0,125177000.0,0.8386450579856761,0.0,6000000.0,0.0,0.0,63307000.0,87391000.0,39557000.0,38912000.0,100782000.0,0.6752065174426005,61870000.0,0.4145088134207864,17784000.0,41361000.0,0.27710520497651764,4964000.0,42015000.0,0.2814867915932494,0.48304763218707963,0.4811006400934376,86979000,87331000,https://www.sec.gov/Archives/edgar/data/828916/000082891609000034/0000828916-09-000034-index.html,https://www.sec.gov/Archives/edgar/data/828916/000082891609000034/form10q_1q2009.htm,1620599922,18:38:42,20210509
49,2008-12-31,WRI,USD,2009-03-02 00:00:00,2009-03-02 16:33:56,Q4,148976000,38423000.0,110553000.0,0.742085973579637,0.0,5987000.0,0.0,0.0,59940000.0,98363000.0,35637000.0,37761000.0,88374000.0,0.5932096445064977,50613000.0,0.3397392868649984,-45198000.0,-29808000.0,-0.20008591987971217,-13139000.0,-839000.0,-0.005631779615508538,-0.009646006507317858,-0.009646006507317858,86979000,86979000,https://www.sec.gov/Archives/edgar/data/828916/000082891609000007/0000828916-09-000007-index.html,https://www.sec.gov/Archives/edgar/data/828916/000082891609000007/form10k_12312008.htm,1620599922,18:38:42,20210509
50,2008-09-30,WRI,USD,2008-11-07 00:00:00,2008-11-07 12:40:02,Q3,158747000,26999000.0,131748000.0,0.8299243450269926,0.0,5816000.0,0.0,0.0,62939000.0,89938000.0,38884000.0,36613000.0,105422000.0,0.6640881402483196,68809000.0,0.43345071087957565,4011000.0,35108000.0,0.22115693524917007,701000.0,39027000.0,0.2458440159499077,0.35,0.34,83795000,84316000,https://www.sec.gov/Archives/edgar/data/828916/000082891608000098/0000828916-08-000098-index.html,https://www.sec.gov/Archives/edgar/data/828916/000082891608000098/form10q_3q2008.htm,1620599922,18:38:42,20210509
51,2008-06-30,WRI,USD,2008-08-08 00:00:00,2008-08-08 13:28:08,Q2,154624000,26666000.0,127958000.0,0.8275429428807947,0.0,7104000.0,0.0,0.0,64264000.0,90930000.0,38474000.0,40015000.0,103709000.0,0.6707173530629139,63694000.0,0.4119282905629139,8947000.0,35866000.0,0.23195622930463577,1543000.0,76099000.0,0.49215516349337746,0.8,0.79,83742000,86766000,https://www.sec.gov/Archives/edgar/data/828916/000082891608000084/0000828916-08-000084-index.html,https://www.sec.gov/Archives/edgar/data/828916/000082891608000084/form10q-2q2008.htm,1620599922,18:38:42,20210509
52,2008-03-31,WRI,USD,2008-05-09 00:00:00,2008-05-09 16:10:39,Q1,155160000,0.0,0.0,0.0,0.0,6854000.0,0.0,0.0,95175000.0,95175000.0,35480000.0,43505000.0,103490000.0,0.666988914668729,59985000.0,0.38660092807424595,5766000.0,29506000.0,0.19016499097705594,747000.0,37394000.0,0.24100283578241816,0.34,0.34,84635294,84635294,https://www.sec.gov/Archives/edgar/data/828916/000082891608000053/0000828916-08-000053-index.html,https://www.sec.gov/Archives/edgar/data/828916/000082891608000053/form10q-1q2008.htm,1620599922,18:38:42,20210509
53,2007-12-31,WRI,USD,2008-02-29,2008-02-29 17:29:18,Q4,152935000,0.0,0.0,0.0,0.0,7329000.0,0.0,0.0,86085000.0,86085000.0,38445000.0,33973000.0,100823000.0,0.6592539314087684,66850000.0,0.4371138065191094,20243000.0,44145000.0,0.2886520417170693,2140000.0,66592000.0,0.43542681531369537,0.7868112326755786,0.7868112326755786,84635294,84635294,https://www.sec.gov/Archives/edgar/data/828916/000082891608000031/form10k_12312007.htm,https://www.sec.gov/Archives/edgar/data/828916/000082891608000031/form10k_12312007.htm,1620599922,18:38:42,20210509
54,2007-09-30,WRI,USD,2007-11-09 00:00:00,2007-11-09 17:13:45,Q3,156610000,0.0,0.0,0.0,0.0,6537000.0,0.0,0.0,88738000.0,88738000.0,38536000.0,34227000.0,102099000.0,0.6519315497094694,67872000.0,0.43338228721026756,7075000.0,38493000.0,0.24578890236894196,930000.0,44263000.0,0.28263201583551495,0.45,0.44,85068889,87002273,https://www.sec.gov/Archives/edgar/data/828916/000082891607000101/0000828916-07-000101-index.html,https://www.sec.gov/Archives/edgar/data/828916/000082891607000101/form10-q3q2007.htm,1620599922,18:38:42,20210509
55,2007-06-30,WRI,USD,2007-08-09 00:00:00,2007-08-09 17:09:25,Q2,146462000,0.0,0.0,0.0,0.0,6504000.0,0.0,0.0,81215000.0,81215000.0,35653000.0,33092000.0,98339000.0,0.6714301320479032,65247000.0,0.4454875667408611,7040000.0,36634000.0,0.2501263126271661,1012000.0,75777000.0,0.5173833485818847,0.81,0.79,86422222,88610127,https://www.sec.gov/Archives/edgar/data/828916/000082891607000078/0000828916-07-000078-index.html,https://www.sec.gov/Archives/edgar/data/828916/000082891607000078/form10q-2q2007.htm,1620599922,18:38:42,20210509
56,2007-03-31,WRI,USD,2007-05-10 00:00:00,2007-05-09 17:35:51,Q1,146598000,0.0,0.0,0.0,0.0,6609000.0,0.0,0.0,79756000.0,79756000.0,0.0,33384000.0,100226000.0,0.6836791770692643,66842000.0,0.45595437864090915,4894000.0,36976000.0,0.2522271790883914,-9000.0,51385000.0,0.3505163781224846,0.54,0.53,86401852,88032075,https://www.sec.gov/Archives/edgar/data/828916/000082891607000051/0000828916-07-000051-index.html,https://www.sec.gov/Archives/edgar/data/828916/000082891607000051/form10q-1q2007.htm,1620599922,18:38:42,20210509
57,2006-12-31,WRI,USD,2007-03-01,2007-03-01 17:24:03,Q4,144099000,0.0,0.0,0.0,0.0,7301000.0,0.0,0.0,80942000.0,80942000.0,40056000.0,33655000.0,96812000.0,0.6718436630372174,63157000.0,0.438288954121819,-1203000.0,26124000.0,0.18129202839714362,-35000.0,54386000.0,0.3774210785640428,0.6294541001273908,0.6294541001273908,86401852,86401852,https://www.sec.gov/Archives/edgar/data/828916/000082891607000016/form10k-2006.htm,https://www.sec.gov/Archives/edgar/data/828916/000082891607000016/form10k-2006.htm,1620599922,18:38:42,20210509
58,2006-09-30,WRI,USD,2006-11-09,2006-11-09 17:22:17,Q3,145288000,0.0,0.0,0.0,0.0,5497000.0,0.0,0.0,81720000.0,81720000.0,37709000.0,32802000.0,96370000.0,0.66330323220087,63568000.0,0.4375309729640438,31952000.0,60599000.0,0.41709569957601456,1253000.0,105749000.0,0.7278577721491107,1.19,1.15,86742017,89759130,https://www.sec.gov/Archives/edgar/data/828916/000082891606000157/form10q-3q2006.htm,https://www.sec.gov/Archives/edgar/data/828916/000082891606000157/form10q-3q2006.htm,1620599922,18:38:42,20210509
59,2006-06-30,WRI,USD,2006-08-09,2006-08-09 17:12:50,Q2,139601000,0.0,0.0,0.0,0.0,5648000.0,0.0,0.0,75943000.0,75943000.0,34741000.0,32863000.0,96521000.0,0.6914062220184669,63658000.0,0.45599959885674174,2950000.0,32446000.0,0.23241953854198752,-371000.0,90266000.0,0.6465999527224017,0.98,0.95,89531633,92358947,https://www.sec.gov/Archives/edgar/data/828916/000082891606000102/form10q-2q2006.htm,https://www.sec.gov/Archives/edgar/data/828916/000082891606000102/form10q-2q2006.htm,1620599922,18:38:42,20210509
60,2006-03-31,WRI,USD,2006-05-10,2006-05-10 15:39:02,Q1,140929000,0.0,0.0,0.0,0.0,5355000.0,0.0,0.0,74412000.0,74412000.0,34437000.0,32672000.0,99189000.0,0.7038224921769117,66517000.0,0.47198944149181504,4175000.0,37722000.0,0.26766669741501037,519000.0,54609000.0,0.3874929929255157,0.58,0.57,89800000,91375439,https://www.sec.gov/Archives/edgar/data/828916/000082891606000036/form10k2005.htm,https://www.sec.gov/Archives/edgar/data/828916/000082891606000036/form10k2005.htm,1620599922,18:38:42,20210509
61,2005-12-31,WRI,USD,2006-03-16,2006-03-16 11:38:40,Q4,135995000,0.0,0.0,0.0,0.0,4256000.0,0.0,0.0,72350000.0,72350000.0,35476000.0,33643000.0,97288000.0,0.7153792418838928,63645000.0,0.4679951468804,999000.0,0.0,0.0,0.0,51403000.0,0.3779771315121879,0.5724164810690423,0.5724164810690423,89800000,89800000,https://www.sec.gov/Archives/edgar/data/828916/000082891606000036/form10k2005.htm,https://www.sec.gov/Archives/edgar/data/828916/000082891606000036/form10k2005.htm,1620599922,18:38:42,20210509
62,2005-09-30,WRI,USD,2005-11-09,2005-11-09 15:28:53,Q3,140084000,0.0,0.0,0.0,0.0,4354000.0,0.0,0.0,74407000.0,74407000.0,0.0,32349000.0,98026000.0,0.6997658547728506,65677000.0,0.4688401244967305,264000.0,0.0,0.0,0.0,61483000.0,0.4389009451471974,0.66,0.65,89330303,90704615,https://www.sec.gov/Archives/edgar/data/828916/000082891605000143/form10q-3q2005.htm,https://www.sec.gov/Archives/edgar/data/828916/000082891605000143/form10q-3q2005.htm,1620599922,18:38:42,20210509
63,2005-06-30,WRI,USD,2005-08-09,2005-08-09 17:07:39,Q2,136732000,0.0,0.0,0.0,0.0,4522000.0,0.0,0.0,71225000.0,71225000.0,31887000.0,31828000.0,97335000.0,0.7118670099172103,65507000.0,0.4790904835737062,22006000.0,0.0,0.0,0.0,70205000.0,0.5134496679636077,0.76,0.74,89051316,91458108,https://www.sec.gov/Archives/edgar/data/828916/000082891605000107/form10q-2q2005.htm,https://www.sec.gov/Archives/edgar/data/828916/000082891605000107/form10q-2q2005.htm,1620599922,18:38:42,20210509
64,2005-03-31,WRI,USD,2005-05-10,2005-05-10 16:16:37,Q1,133330000,0.0,0.0,0.0,0.0,4247000.0,0.0,0.0,70324000.0,70324000.0,30603000.0,30753000.0,93759000.0,0.7032100802520063,63006000.0,0.472556813920348,1345000.0,0.0,0.0,0.0,36562000.0,0.27422185554638867,0.38,0.38,89571053,89571053,https://www.sec.gov/Archives/edgar/data/828916/000082891605000092/form10q-1q2005.htm,https://www.sec.gov/Archives/edgar/data/828916/000082891605000092/form10q-1q2005.htm,1620599922,18:38:42,20210509
65,2004-12-31,WRI,USD,2004-12-31,2004-12-31,Q4,131622000,0.0,0.0,0.0,0.0,4075000.0,0.0,0.0,104786000.0,104786000.0,29807000.0,30587000.0,57423000.0,0.43627205178465606,26836000.0,0.20388688821017764,26060000.0,0.0,0.0,0.0,44552000.0,0.33848444788865084,0.49739283516070754,0.49739283516070754,89571053,89571053,,,1620599922,18:38:42,20210509
66,2004-09-30,WRI,USD,2004-09-30,2004-09-30,Q3,129886000,0.0,0.0,0.0,0.0,4085000.0,0.0,0.0,99673000.0,99673000.0,0.0,30421000.0,60634000.0,0.46682475401505935,30213000.0,0.23261167485333292,1656000.0,0.0,0.0,0.0,31238000.0,0.24050321050767595,0.33,0.33,87303030,87303030,,,1620599922,18:38:42,20210509
67,2004-06-30,WRI,USD,2004-08-06 00:00:00,2004-08-06 16:43:40,Q2,123752000,0.0,0.0,0.0,0.0,3936000.0,0.0,0.0,92174000.0,92174000.0,28140000.0,29382000.0,60960000.0,0.49259809942465577,31578000.0,0.25517163358976014,-4615000.0,0.0,0.0,0.0,37182000.0,0.3004557502100976,0.42,0.42,85516667,85516667,https://www.sec.gov/Archives/edgar/data/828916/000082891604000089/0000828916-04-000089-index.html,https://www.sec.gov/Archives/edgar/data/828916/000082891604000089/wri2q2004_10q.txt,1620599922,18:38:42,20210509
68,2004-03-31,WRI,USD,2004-03-31,2004-03-31,Q1,117848000,0.0,0.0,0.0,0.0,4026000.0,0.0,0.0,90163000.0,90163000.0,27733000.0,26663000.0,54348000.0,0.4611703210915756,27685000.0,0.23492125449731857,1286000.0,0.0,0.0,0.0,28409000.0,0.24106476138755006,0.33,0.32,82251515,84821875,,,1620599922,18:38:42,20210509
69,2003-12-31,WRI,USD,2003-12-31,2003-12-31,Q4,111565000,0.0,0.0,0.0,0.0,3694000.0,0.0,0.0,87455000.0,87455000.0,26176000.0,27304000.0,51414000.0,0.46084345448841485,24110000.0,0.21610720207950523,1207000.0,0.0,0.0,0.0,24736000.0,0.2217182808228387,0.3007361019429247,0.3007361019429247,82251515,82251515,,,1620599922,18:38:42,20210509
70,2003-09-30,WRI,USD,2003-09-30,2003-09-30,Q3,107145000,0.0,0.0,0.0,0.0,3655000.0,0.0,0.0,78373000.0,78373000.0,22220000.0,23292000.0,52064000.0,0.4859209482477017,28772000.0,0.26853329600074666,1485000.0,0.0,0.0,0.0,33185000.0,0.30972047225722155,0.36,0.36,78836111,78836111,,,1620599922,18:38:42,20210509
71,2003-06-30,WRI,USD,2003-06-30,2003-06-30,Q2,102953000,0.0,0.0,0.0,0.0,3414000.0,0.0,0.0,74664000.0,74664000.0,0.0,22660000.0,50949000.0,0.49487630277893796,28289000.0,0.27477586860023506,998000.0,0.0,0.0,0.0,28468000.0,0.27651452604586557,0.266667,0.266667,78975000,78975000,,,1620599922,18:38:42,20210509
72,2003-03-31,WRI,USD,2003-03-31,2003-03-31,Q1,98185000,0.0,0.0,0.0,0.0,3057000.0,0.0,0.0,49893000.0,49893000.0,0.0,21199000.0,69491000.0,0.707755767174212,48292000.0,0.49184702347609105,1038000.0,0.0,0.0,0.0,29891000.0,0.3044355044049498,0.32,0.32,78028125,78028125,,,1620599922,18:38:42,20210509
73,2002-12-31,WRI,USD,2003-03-17,2003-03-17,Q4,95722000,0.0,0.0,0.0,0.0,2498000.0,0.0,0.0,116770000.0,116770000.0,17273000.0,22284000.0,1236000.0,0.012912392135559224,-21048000.0,-0.21988675539583377,16820000.0,0.0,0.0,0.0,31691000.0,0.33107331647897037,0.4061484240458168,0.4061484240458168,78028125,78028125,https://www.sec.gov/Archives/edgar/data/828916/000082891603000019/0000828916-03-000019-index.htm,https://www.sec.gov/Archives/edgar/data/828916/000082891603000019/doc1.txt,1620599922,18:38:42,20210509
74,2002-09-30,WRI,USD,2002-11-14,2002-11-14,Q3,93819000,0.0,0.0,0.0,0.0,2576000.0,0.0,0.0,48759000.0,48759000.0,17062000.0,19472000.0,64532000.0,0.6878350867095151,45060000.0,0.48028650912928084,989000.0,0.0,0.0,0.0,39425000.0,0.42022404843368616,0.44,0.433333,78377273,79583077,https://www.sec.gov/Archives/edgar/data/828916/000082891602000051/0000828916-02-000051-index.htm,https://www.sec.gov/Archives/edgar/data/828916/000082891602000051/doc1.txt,1620599922,18:38:42,20210509
75,2002-06-30,WRI,USD,2002-08-13,2002-08-13,Q2,91826000,0.0,0.0,0.0,0.0,3398000.0,0.0,0.0,47172000.0,47172000.0,16532000.0,19485000.0,64139000.0,0.6984840894735695,44654000.0,0.4862892862587938,965000.0,0.0,0.0,0.0,31334000.0,0.34123233071243436,0.34,0.34,77632353,77632353,https://www.sec.gov/Archives/edgar/data/828916/000082891602000041/0000828916-02-000041-index.htm,https://www.sec.gov/Archives/edgar/data/828916/000082891602000041/doc1.txt,1620599922,18:38:42,20210509
76,2002-03-31,WRI,USD,2002-03-31,2002-03-31,Q1,85909000,0.0,0.0,0.0,0.0,2676000.0,0.0,0.0,43700000.0,43700000.0,14996000.0,18103000.0,60312000.0,0.7020451873494046,42209000.0,0.4913222130393789,1074000.0,0.0,0.0,0.0,29417000.0,0.3424204681698076,0.208889,0.208889,77802099,77802099,,,1620599922,18:38:42,20210509
77,2001-12-31,WRI,USD,2002-03-19,2002-03-19,Q4,84098000,0.0,0.0,0.0,0.0,2081000.0,0.0,0.0,100838000.0,100838000.0,14401000.0,18765000.0,2025000.0,0.024079050631406217,-16740000.0,-0.19905348521962474,976000.0,0.0,0.0,0.0,29770000.0,0.3539917715046731,0.3826374915669049,0.3826374915669049,77802099,77802099,https://www.sec.gov/Archives/edgar/data/828916/000082891602000016/0000828916-02-000016-index.htm,https://www.sec.gov/Archives/edgar/data/828916/000082891602000016/doc1.txt,1620599922,18:38:42,20210509
78,2001-09-30,WRI,USD,2001-11-14 00:00:00,2001-11-14 00:00:00,Q3,83013000,0.0,0.0,0.0,0.0,2385000.0,0.0,0.0,42248000.0,42248000.0,14677000.0,14838000.0,55603000.0,0.6698107525327358,40765000.0,0.4910676641008035,2517000.0,0.0,0.0,0.0,27389000.0,0.3299362750412586,0.306667,0.306667,72975000,72975000,https://www.sec.gov/Archives/edgar/data/828916/000082891601500070/0000828916-01-500070-index.html,https://www.sec.gov/Archives/edgar/data/828916/000082891601500070/doc1.txt,1620599922,18:38:42,20210509
79,2001-06-30,WRI,USD,2001-08-14 00:00:00,2001-08-14 00:00:00,Q2,85996000,0.0,0.0,0.0,0.0,2740000.0,0.0,0.0,42738000.0,42738000.0,16072000.0,17858000.0,61116000.0,0.7106842178705987,43258000.0,0.5030233964370436,674000.0,0.0,0.0,0.0,25981000.0,0.30211870319549744,0.288889,0.288889,72591923,72591923,https://www.sec.gov/Archives/edgar/data/828916/000082891601500044/0000828916-01-500044-index.html,https://www.sec.gov/Archives/edgar/data/828916/000082891601500044/doc1.txt,1620599922,18:38:42,20210509
80,2001-03-31,WRI,USD,2001-05-15 00:00:00,2001-05-15 00:00:00,Q1,74499000,0.0,0.0,0.0,0.0,2377000.0,0.0,0.0,39214000.0,39214000.0,12421000.0,16855000.0,52140000.0,0.6998751661096122,35285000.0,0.4736305185304501,0.0,0.0,0.0,0.0,25402000.0,0.3409710197452315,0.302222,0.302222,67473529,67473529,https://www.sec.gov/Archives/edgar/data/828916/000082891601500016/0000828916-01-500016-index.html,https://www.sec.gov/Archives/edgar/data/828916/000082891601500016/doc1.txt,1620599922,18:38:42,20210509
81,2000-12-31,WRI,USD,2000-12-31,2000-12-31,Q4,82604000,0.0,0.0,0.0,0.0,2193000.0,0.0,0.0,55235000.0,55235000.0,13057000.0,17947000.0,45316000.0,0.5485932884606073,27369000.0,0.3313277807370103,0.0,0.0,0.0,0.0,19710000.0,0.23860829984020143,0.29211455651000556,0.29211455651000556,67473529,67473529,,,1620599922,18:38:42,20210509
82,2000-09-30,WRI,USD,2000-10-24 00:00:00,2000-10-24 00:00:00,Q3,65986000,0.0,0.0,0.0,0.0,2107000.0,0.0,0.0,46124000.0,46124000.0,11626000.0,14141000.0,34003000.0,0.5153062770890795,19862000.0,0.3010032431121753,0.0,0.0,0.0,0.0,19862000.0,0.3010032431121753,0.244444,0.244444,60758182,60758182,https://www.sec.gov/Archives/edgar/data/828916/000082891600000047/0000828916-00-000047-index.html,https://www.sec.gov/Archives/edgar/data/828916/000082891600000047/0000828916-00-000047-0001.txt,1620599922,18:38:42,20210509
83,2000-06-30,WRI,USD,2000-08-04 00:00:00,2000-08-04 00:00:00,Q2,63583000,0.0,0.0,0.0,0.0,2046000.0,0.0,0.0,43605000.0,43605000.0,0.0,13231000.0,33209000.0,0.5222936948555431,19978000.0,0.3142034820628155,0.0,0.0,0.0,0.0,19978000.0,0.3142034820628155,0.248889,0.248889,60139286,60139286,https://www.sec.gov/Archives/edgar/data/828916/000082891600000041/0000828916-00-000041-index.html,https://www.sec.gov/Archives/edgar/data/828916/000082891600000041/0000828916-00-000041-0001.txt,1620599922,18:38:42,20210509
84,2000-03-31,WRI,USD,2000-04-25 00:00:00,2000-04-25 00:00:00,Q1,61201000,0.0,0.0,0.0,0.0,1867000.0,0.0,0.0,31556000.0,31556000.0,10194000.0,13199000.0,42844000.0,0.7000539206875704,29645000.0,0.4843875100080064,0.0,0.0,0.0,0.0,19451000.0,0.3178216042221532,0.24,0.24,60170833,60170833,https://www.sec.gov/Archives/edgar/data/828916/000082891600000022/0000828916-00-000022-index.html,https://www.sec.gov/Archives/edgar/data/828916/0000828916-00-000022.txt,1620599922,18:38:42,20210509
85,1999-12-31,WRI,USD,1999-12-31,1999-12-31,Q4,60969000,0.0,0.0,0.0,0.0,1912000.0,0.0,0.0,237845000.0,237845000.0,0.0,13812000.0,-163064000.0,-2.674539520083977,-176876000.0,-2.901080877167085,0.0,0.0,0.0,0.0,39130000.0,0.6418015712903279,0.6503150787359051,0.6503150787359051,60170833,60170833,,,1620599922,18:38:42,20210509
86,1999-09-30,WRI,USD,1999-09-30,1999-09-30,Q3,58400000,0.0,0.0,0.0,0.0,1800000.0,0.0,0.0,-28800000.0,-28800000.0,8200000.0,12600000.0,99800000.0,1.7089041095890412,87200000.0,1.4931506849315068,0.0,0.0,0.0,0.0,19600000.0,0.3356164383561644,0.108751,0.106773,59996988,59996988,,,1620599922,18:38:42,20210509
87,1999-06-30,WRI,USD,1999-06-30,1999-06-30,Q2,56300000,0.0,0.0,0.0,0.0,1900000.0,0.0,0.0,-27700000.0,-27700000.0,0.0,11600000.0,95600000.0,1.6980461811722913,84000000.0,1.492007104795737,0.0,0.0,0.0,0.0,19200000.0,0.3410301953818828,0.104796,0.104796,59999235,59999235,,,1620599922,18:38:42,20210509
88,1999-03-31,WRI,USD,1999-04-29,1999-04-29,Q1,54800000,0.0,0.0,0.0,0.0,1900000.0,0.0,0.0,-26600000.0,-26600000.0,8000000.0,11600000.0,93000000.0,1.697080291970803,81400000.0,1.4854014598540146,0.0,0.0,0.0,0.0,18100000.0,0.3302919708029197,0.100841,0.098864,59992492,59992492,https://www.sec.gov/Archives/edgar/data/828916/0000828916-99-000010-index.html,https://www.sec.gov/Archives/edgar/data/828916/,1620599922,18:38:42,20210509
89,1998-12-31,WRI,USD,1998-12-31,1998-12-31,Q4,52367000,0.0,0.0,0.0,0.0,2046000.0,0.0,0.0,178195000.0,178195000.0,8754000.0,10646000.0,-115182000.0,-2.199514961712529,-125828000.0,-2.402810930547864,-9100000.0,0.0,0.0,0.0,16665000.0,0.3182347661695342,0.27778476013298464,0.27778476013298464,59992492,59992492,,,1620599922,18:38:42,20210509
90,1998-09-30,WRI,USD,1998-09-30,1998-09-30,Q3,50300000,0.0,0.0,0.0,0.0,1700000.0,0.0,0.0,-24400000.0,-24400000.0,8500000.0,10700000.0,85400000.0,1.6978131212723657,74700000.0,1.485089463220676,-7100000.0,0.0,0.0,0.0,15700000.0,0.3121272365805169,0.106773,0.104796,59940794,59940794,,,1620599922,18:38:42,20210509
91,1998-06-30,WRI,USD,1998-06-30,1998-06-30,Q2,48900000,0.0,0.0,0.0,0.0,1900000.0,0.0,0.0,-23700000.0,-23700000.0,0.0,10400000.0,83000000.0,1.6973415132924334,72600000.0,1.4846625766871167,0.0,0.0,0.0,0.0,15100000.0,0.30879345603271985,0.100841,0.100841,59940794,59940794,,,1620599922,18:38:42,20210509
92,1998-03-31,WRI,USD,1998-03-31,1998-03-31,Q1,47100000,0.0,0.0,0.0,0.0,1500000.0,0.0,0.0,-22900000.0,-22900000.0,0.0,10200000.0,80200000.0,1.70276008492569,70000000.0,1.4861995753715498,0.0,0.0,0.0,0.0,15700000.0,0.3333333333333333,0.090955,0.090955,59940794,59940794,,,1620599922,18:38:42,20210509
93,1997-12-31,WRI,USD,1997-12-31,1997-12-31,Q4,43112000,0.0,0.0,0.0,0.0,1647000.0,0.0,0.0,159773000.0,159773000.0,0.0,9935000.0,-106726000.0,-2.475552050473186,-116661000.0,-2.7059983299313415,-10700000.0,0.0,0.0,0.0,13266000.0,0.30771015030617926,0.22131838960958708,0.22131838960958708,59940794,59940794,,,1620599922,18:38:42,20210509
94,1997-09-30,WRI,USD,1997-09-30,1997-09-30,Q3,46800000,0.0,0.0,0.0,0.0,1400000.0,0.0,0.0,-21700000.0,-21700000.0,0.0,9500000.0,78000000.0,1.6666666666666667,68500000.0,1.4636752136752136,-3800000.0,0.0,0.0,0.0,16200000.0,0.34615384615384615,0.120614,0.120614,59922812,59922812,,,1620599922,18:38:42,20210509
95,1997-06-30,WRI,USD,1997-07-25 00:00:00,1997-07-25 00:00:00,Q2,42900000,0.0,0.0,0.0,0.0,1200000.0,0.0,0.0,-21700000.0,-21700000.0,7200000.0,9600000.0,74200000.0,1.7296037296037297,64600000.0,1.505827505827506,-6600000.0,0.0,0.0,0.0,12800000.0,0.29836829836829837,0.09491,0.09491,59893591,59893591,https://www.sec.gov/Archives/edgar/data/828916/000101540297000131/0001015402-97-000131-index.html,https://www.sec.gov/Archives/edgar/data/828916/0001015402-97-000131.txt,1620599922,18:38:42,20210509
96,1997-03-31,WRI,USD,1997-03-31,1997-03-31,Q1,41800000,0.0,0.0,0.0,0.0,1400000.0,0.0,0.0,-20600000.0,-20600000.0,6900000.0,9600000.0,72000000.0,1.722488038277512,62400000.0,1.492822966507177,-6000000.0,0.0,0.0,0.0,12800000.0,0.3062200956937799,0.09491,0.09491,59866618,59866618,,,1620599922,18:38:42,20210509
97,1996-12-31,WRI,USD,1996-12-31,1996-12-31,Q4,33723000,0.0,0.0,0.0,0.0,1309000.0,0.0,0.0,135548000.0,135548000.0,6100000.0,8969000.0,-92856000.0,-2.7534916822346767,-101825000.0,-3.01945259911633,-11700000.0,0.0,0.0,0.0,12038000.0,0.35696705512558197,0.20108034163546704,0.20108034163546704,59866618,59866618,,,1620599922,18:38:42,20210509
98,1996-09-30,WRI,USD,1996-10-29 00:00:00,1996-10-29 00:00:00,Q3,42100000,0.0,0.0,0.0,0.0,1200000.0,0.0,0.0,-18800000.0,-18800000.0,5600000.0,8200000.0,69100000.0,1.6413301662707838,60900000.0,1.4465558194774346,-1600000.0,0.0,0.0,0.0,16300000.0,0.38717339667458434,0.120614,0.120614,59729505,59729505,https://www.sec.gov/Archives/edgar/data/828916/000082891696000003/0000828916-96-000003-index.html,https://www.sec.gov/Archives/edgar/data/828916/0000828916-96-000003.txt,1620599922,18:38:42,20210509
99,1996-06-30,WRI,USD,1996-08-07 00:00:00,1996-08-07 00:00:00,Q2,38100000,0.0,0.0,0.0,0.0,1200000.0,0.0,0.0,-18600000.0,-18600000.0,5300000.0,8300000.0,65000000.0,1.7060367454068242,56700000.0,1.4881889763779528,-4800000.0,0.0,0.0,0.0,12900000.0,0.33858267716535434,0.09491,0.09491,59666568,59666568,https://www.sec.gov/Archives/edgar/data/828916/000089924396000988/0000899243-96-000988-index.html,https://www.sec.gov/Archives/edgar/data/828916/0000899243-96-000988.txt,1620599922,18:38:42,20210509
100,1996-03-31,WRI,USD,1996-05-09 00:00:00,1996-05-09 00:00:00,Q1,37200000,0.0,0.0,0.0,0.0,1400000.0,0.0,0.0,-18300000.0,-18300000.0,5000000.0,8300000.0,63800000.0,1.7150537634408602,55500000.0,1.4919354838709677,-5000000.0,0.0,0.0,0.0,12600000.0,0.3387096774193548,0.09491,0.09491,59671064,59671064,https://www.sec.gov/Archives/edgar/data/828916/000089924396000451/0000899243-96-000451-index.html,https://www.sec.gov/Archives/edgar/data/828916/0000899243-96-000451.txt,1620599922,18:38:42,20210509
101,1995-12-31,WRI,USD,1995-12-31,1995-12-31,Q4,35497000,0.0,0.0,0.0,0.0,1248000.0,0.0,0.0,118081000.0,118081000.0,4807000.0,8124000.0,-74460000.0,-2.0976420542581065,-82584000.0,-2.3265064653350986,-6000000.0,0.0,0.0,0.0,11202000.0,0.3155759641659859,0.1877291814337348,0.1877291814337348,59671064,59671064,,,1620599922,18:38:42,20210509
102,1995-09-30,WRI,USD,1995-11-09 00:00:00,1995-11-09 00:00:00,Q3,33900000,0.0,0.0,0.0,0.0,1200000.0,0.0,0.0,-16800000.0,-16800000.0,4500000.0,7800000.0,58500000.0,1.7256637168141593,50700000.0,1.4955752212389382,-5000000.0,0.0,0.0,0.0,11300000.0,0.3333333333333333,0.083046,0.083046,59632852,59632852,https://www.sec.gov/Archives/edgar/data/828916/000089924395000742/0000899243-95-000742-index.html,https://www.sec.gov/Archives/edgar/data/828916/0000899243-95-000742.txt,1620599922,18:38:42,20210509
103,1995-06-30,WRI,USD,1995-08-10 00:00:00,1995-08-10 00:00:00,Q2,30300000,0.0,0.0,0.0,0.0,0.0,0.0,0.0,0.0,0.0,0.0,7300000.0,37600000.0,1.2409240924092408,30300000.0,1.0,0.0,0.0,0.0,0.0,10900000.0,0.35973597359735976,0.081068,0.081068,59392343,59392343,https://www.sec.gov/Archives/edgar/data/828916/000089924395000483/0000899243-95-000483-index.html,https://www.sec.gov/Archives/edgar/data/828916/0000899243-95-000483.txt,1620599922,18:38:42,20210509
104,1995-03-31,WRI,USD,1995-05-12 00:00:00,1995-05-12 00:00:00,Q1,32200000,0.0,0.0,0.0,0.0,1300000.0,0.0,0.0,-16200000.0,-16200000.0,3400000.0,7200000.0,55600000.0,1.7267080745341614,48400000.0,1.5031055900621118,-4800000.0,0.0,0.0,0.0,11400000.0,0.35403726708074534,0.085023,0.085023,59268717,59268717,https://www.sec.gov/Archives/edgar/data/828916/000089924395000267/0000899243-95-000267-index.html,https://www.sec.gov/Archives/edgar/data/828916/0000899243-95-000267.txt,1620599922,18:38:42,20210509
105,1994-12-31,WRI,USD,1995-03-24,1995-03-24,Q4,31693000,0.0,0.0,0.0,0.0,1234000.0,0.0,0.0,103171000.0,103171000.0,3200000.0,6742000.0,-64736000.0,-2.042596156880068,-71478000.0,-2.2553245196100087,-5000000.0,0.0,0.0,0.0,11088000.0,0.3498564351749598,0.18708014212624174,0.18708014212624174,59268717,59268717,https://www.sec.gov/Archives/edgar/data/828916/0000899243-95-000107-index.html,https://www.sec.gov/Archives/edgar/data/828916/,1620599922,18:38:42,20210509
106,1994-09-30,WRI,USD,1994-11-10 00:00:00,1994-11-10 00:00:00,Q3,31100000,0.0,0.0,0.0,0.0,700000.0,0.0,0.0,-15900000.0,-15900000.0,2700000.0,7000000.0,54000000.0,1.7363344051446945,47000000.0,1.5112540192926045,-4800000.0,0.0,0.0,0.0,11900000.0,0.38263665594855306,0.088978,0.088978,59264220,59264220,https://www.sec.gov/Archives/edgar/data/828916/000095012994000779/0000950129-94-000779-index.html,https://www.sec.gov/Archives/edgar/data/828916/0000950129-94-000779.txt,1620599922,18:38:42,20210509
107,1994-06-30,WRI,USD,1994-08-12 00:00:00,1994-08-12 00:00:00,Q2,29400000,0.0,0.0,0.0,0.0,1200000.0,0.0,0.0,-15500000.0,-15500000.0,2600000.0,6700000.0,51600000.0,1.7551020408163265,44900000.0,1.5272108843537415,-5000000.0,0.0,0.0,0.0,10200000.0,0.3469387755102041,0.077114,0.077114,59205780,59205780,https://www.sec.gov/Archives/edgar/data/828916/000095012994000650/0000950129-94-000650-index.html,https://www.sec.gov/Archives/edgar/data/828916/0000950129-94-000650.txt,1620599922,18:38:42,20210509
108,1994-03-31,WRI,USD,1994-05-13 00:00:00,1994-05-13 00:00:00,Q1,28600000,0.0,0.0,0.0,0.0,1300000.0,0.0,0.0,-14500000.0,-14500000.0,2300000.0,6400000.0,49500000.0,1.7307692307692308,43100000.0,1.506993006993007,-4800000.0,0.0,0.0,0.0,10600000.0,0.3706293706293706,0.081068,0.081068,58389846,58389846,https://www.sec.gov/Archives/edgar/data/828916/000095012994000403/0000950129-94-000403-index.html,https://www.sec.gov/Archives/edgar/data/828916/0000950129-94-000403.txt,1620599922,18:38:42,20210509
