,date,symbol,reportedCurrency,fillingDate,acceptedDate,period,revenue,costOfRevenue,grossProfit,grossProfitRatio,researchAndDevelopmentExpenses,generalAndAdministrativeExpenses,sellingAndMarketingExpenses,otherExpenses,operatingExpenses,costAndExpenses,interestExpense,depreciationAndAmortization,ebitda,ebitdaratio,operatingIncome,operatingIncomeRatio,totalOtherIncomeExpensesNet,incomeBeforeTax,incomeBeforeTaxRatio,incomeTaxExpense,netIncome,netIncomeRatio,eps,epsdiluted,weightedAverageShsOut,weightedAverageShsOutDil,link,finalLink,timestamp,est_time,est_date
0,2019-06-30,ARBB.L,GBP,2019-06-30,2019-06-30,Q2,19141000.0,0.0,0.0,0.0,0.0,2681250.0,0.0,0.0,57000.0,0.0,4558250.0,862250.0,0.0,0.0,0.0,0.0,0.0,1752750.0,0.09157045086463612,208750.0,1544000.0,0.08066454208244084,0.103,0.103,14979812,14979812,https://find-and-update.company-information.service.gov.uk/search/companies?q=Arbuthnot+Banking+Group+PLC,https://find-and-update.company-information.service.gov.uk/search/companies?q=Arbuthnot+Banking+Group+PLC,1620588679,15:31:19,20210509
1,2019-03-31,ARBB.L,GBP,2019-03-31,2019-03-31,Q1,19141000.0,0.0,0.0,0.0,0.0,2681250.0,0.0,0.0,57000.0,0.0,4558250.0,862250.0,0.0,0.0,0.0,0.0,0.0,1752750.0,0.09157045086463612,208750.0,1544000.0,0.08066454208244084,0.103,0.103,14979812,14979812,https://find-and-update.company-information.service.gov.uk/search/companies?q=Arbuthnot+Banking+Group+PLC,https://find-and-update.company-information.service.gov.uk/search/companies?q=Arbuthnot+Banking+Group+PLC,1620588679,15:31:19,20210509
2,2019-01-31,ARBB.L,GBP,2019-01-31,2019-01-31,Q1,19141000.0,0.0,0.0,0.0,0.0,2681250.0,0.0,0.0,57000.0,0.0,4558250.0,862250.0,0.0,0.0,0.0,0.0,0.0,1752750.0,0.09157045086463612,208750.0,1544000.0,0.08066454208244084,0.103,0.103,14979812,14979812,https://find-and-update.company-information.service.gov.uk/search/companies?q=Arbuthnot+Banking+Group+PLC,https://find-and-update.company-information.service.gov.uk/search/companies?q=Arbuthnot+Banking+Group+PLC,1620588679,15:31:19,20210509
3,2018-06-30,ARBB.L,GBP,2018-06-30,2018-06-30,Q2,18622600.0,0.0,0.0,0.0,0.0,3860250.0,0.0,0.0,28250.0,0.0,2526750.0,718500.0,0.0,0.0,0.0,0.0,0.0,1695000.0,0.09101843996004855,280250.0,-5008250.0,-0.2689339834394768,-0.33625,-0.33625,14889048,14889048,https://find-and-update.company-information.service.gov.uk/search/companies?q=Arbuthnot+Banking+Group+PLC,https://find-and-update.company-information.service.gov.uk/search/companies?q=Arbuthnot+Banking+Group+PLC,1620588679,15:31:19,20210509
4,2018-03-31,ARBB.L,GBP,2018-03-31,2018-03-31,Q1,18622600.0,0.0,0.0,0.0,0.0,3860250.0,0.0,0.0,28250.0,0.0,2526750.0,718500.0,0.0,0.0,0.0,0.0,0.0,1695000.0,0.09101843996004855,280250.0,-5008250.0,-0.2689339834394768,-0.33625,-0.33625,14889048,14889048,https://find-and-update.company-information.service.gov.uk/search/companies?q=Arbuthnot+Banking+Group+PLC,https://find-and-update.company-information.service.gov.uk/search/companies?q=Arbuthnot+Banking+Group+PLC,1620588679,15:31:19,20210509
5,2018-01-31,ARBB.L,GBP,2018-01-31,2018-01-31,Q1,18622600.0,0.0,0.0,0.0,0.0,3860250.0,0.0,0.0,28250.0,0.0,2526750.0,718500.0,0.0,0.0,0.0,0.0,0.0,1695000.0,0.09101843996004855,280250.0,-5008250.0,-0.2689339834394768,-0.33625,-0.33625,14889048,14889048,https://find-and-update.company-information.service.gov.uk/search/companies?q=Arbuthnot+Banking+Group+PLC,https://find-and-update.company-information.service.gov.uk/search/companies?q=Arbuthnot+Banking+Group+PLC,1620588679,15:31:19,20210509
6,2017-06-30,ARBB.L,GBP,2017-06-30,2017-06-30,Q2,14313750.0,0.0,0.0,0.0,0.0,3075500.0,0.0,0.0,47500.0,0.0,1583500.0,636000.0,0.0,0.0,0.0,0.0,0.0,1742750.0,0.12175355864116671,112000.0,1630750.0,0.11392891450528338,0.10975,0.10975,14852763,14852763,https://find-and-update.company-information.service.gov.uk/search/companies?q=Arbuthnot+Banking+Group+PLC,https://find-and-update.company-information.service.gov.uk/search/companies?q=Arbuthnot+Banking+Group+PLC,1620588679,15:31:19,20210509
7,2017-03-31,ARBB.L,GBP,2017-03-31,2017-03-31,Q1,14313750.0,0.0,0.0,0.0,0.0,3075500.0,0.0,0.0,47500.0,0.0,1583500.0,636000.0,0.0,0.0,0.0,0.0,0.0,1742750.0,0.12175355864116671,112000.0,1630750.0,0.11392891450528338,0.10975,0.10975,14852763,14852763,https://find-and-update.company-information.service.gov.uk/search/companies?q=Arbuthnot+Banking+Group+PLC,https://find-and-update.company-information.service.gov.uk/search/companies?q=Arbuthnot+Banking+Group+PLC,1620588679,15:31:19,20210509
8,2017-01-31,ARBB.L,GBP,2017-01-31,2017-01-31,Q1,14313750.0,0.0,0.0,0.0,0.0,3075500.0,0.0,0.0,47500.0,0.0,1583500.0,636000.0,0.0,0.0,0.0,0.0,0.0,1742750.0,0.12175355864116671,112000.0,1630750.0,0.11392891450528338,0.10975,0.10975,14852763,14852763,https://find-and-update.company-information.service.gov.uk/search/companies?q=Arbuthnot+Banking+Group+PLC,https://find-and-update.company-information.service.gov.uk/search/companies?q=Arbuthnot+Banking+Group+PLC,1620588679,15:31:19,20210509
9,2016-06-30,ARBB.L,GBP,2016-06-30,2016-06-30,Q2,11143000.0,0.0,0.0,0.0,0.0,2441000.0,0.0,0.0,58250.0,0.0,1906500.0,416750.0,0.0,0.0,0.0,0.0,0.0,44750.0,0.0040159741541775104,180000.0,41535750.0,3.7275195189805257,2.818,2.81675,14738548,14745984,https://find-and-update.company-information.service.gov.uk/search/companies?q=Arbuthnot+Banking+Group+PLC,https://find-and-update.company-information.service.gov.uk/search/companies?q=Arbuthnot+Banking+Group+PLC,1620588679,15:31:19,20210509
10,2016-03-31,ARBB.L,GBP,2016-03-31,2016-03-31,Q1,11143000.0,0.0,0.0,0.0,0.0,2441000.0,0.0,0.0,58250.0,0.0,1906500.0,416750.0,0.0,0.0,0.0,0.0,0.0,44750.0,0.0040159741541775104,180000.0,41535750.0,3.7275195189805257,2.818,2.81675,14738548,14745984,https://find-and-update.company-information.service.gov.uk/search/companies?q=Arbuthnot+Banking+Group+PLC,https://find-and-update.company-information.service.gov.uk/search/companies?q=Arbuthnot+Banking+Group+PLC,1620588679,15:31:19,20210509
11,2016-01-31,ARBB.L,GBP,2016-01-31,2016-01-31,Q1,11143000.0,0.0,0.0,0.0,0.0,2441000.0,0.0,0.0,58250.0,0.0,1906500.0,416750.0,0.0,0.0,0.0,0.0,0.0,44750.0,0.0040159741541775104,180000.0,41535750.0,3.7275195189805257,2.818,2.81675,14738548,14745984,https://find-and-update.company-information.service.gov.uk/search/companies?q=Arbuthnot+Banking+Group+PLC,https://find-and-update.company-information.service.gov.uk/search/companies?q=Arbuthnot+Banking+Group+PLC,1620588679,15:31:19,20210509
12,2015-09-30,ARBB.L,GBP,2015-09-30,2015-09-30,Q3,31664750.0,0.0,0.0,0.0,0.0,7080500.0,0.0,0.0,40000.0,0.0,7334750.0,786750.0,0.0,0.0,0.0,0.0,0.0,5642000.0,0.17817920558349584,1359000.0,3181500.0,0.10047450240409288,0.21575,0.20825,14738548,15277311,https://find-and-update.company-information.service.gov.uk/search/companies?q=Arbuthnot+Banking+Group+PLC,https://find-and-update.company-information.service.gov.uk/search/companies?q=Arbuthnot+Banking+Group+PLC,1620588679,15:31:19,20210509
13,2015-06-30,ARBB.L,GBP,2015-06-30,2015-06-30,Q2,31664750.0,0.0,0.0,0.0,0.0,7080500.0,0.0,0.0,40000.0,0.0,7334750.0,786750.0,0.0,0.0,0.0,0.0,0.0,5642000.0,0.17817920558349584,1359000.0,3181500.0,0.10047450240409288,0.21575,0.20825,14738548,15277311,https://find-and-update.company-information.service.gov.uk/search/companies?q=Arbuthnot+Banking+Group+PLC,https://find-and-update.company-information.service.gov.uk/search/companies?q=Arbuthnot+Banking+Group+PLC,1620588679,15:31:19,20210509
14,2015-03-31,ARBB.L,GBP,2015-03-31,2015-03-31,Q1,31664750.0,0.0,0.0,0.0,0.0,7080500.0,0.0,0.0,40000.0,0.0,7334750.0,786750.0,0.0,0.0,0.0,0.0,0.0,5642000.0,0.17817920558349584,1359000.0,3181500.0,0.10047450240409288,0.21575,0.20825,14738548,15277311,https://find-and-update.company-information.service.gov.uk/search/companies?q=Arbuthnot+Banking+Group+PLC,https://find-and-update.company-information.service.gov.uk/search/companies?q=Arbuthnot+Banking+Group+PLC,1620588679,15:31:19,20210509
15,2015-01-31,ARBB.L,GBP,2015-01-31,2015-01-31,Q1,31664750.0,0.0,0.0,0.0,0.0,7080500.0,0.0,0.0,40000.0,0.0,7334750.0,786750.0,0.0,0.0,0.0,0.0,0.0,5642000.0,0.17817920558349584,1359000.0,3181500.0,0.10047450240409288,0.21575,0.20825,14738548,15277311,https://find-and-update.company-information.service.gov.uk/search/companies?q=Arbuthnot+Banking+Group+PLC,https://find-and-update.company-information.service.gov.uk/search/companies?q=Arbuthnot+Banking+Group+PLC,1620588679,15:31:19,20210509
16,2014-09-30,ARBB.L,GBP,2014-09-30,2014-09-30,Q3,31484750.0,0.0,0.0,0.0,0.0,6867000.0,0.0,0.0,0.0,0.0,4842750.0,952000.0,0.0,0.0,0.0,0.0,0.0,5628750.0,0.178777026973376,1374750.0,2158500.0,0.0685569998173719,0.14125,0.1395,15279322,15473118,https://find-and-update.company-information.service.gov.uk/search/companies?q=Arbuthnot+Banking+Group+PLC,https://find-and-update.company-information.service.gov.uk/search/companies?q=Arbuthnot+Banking+Group+PLC,1620588679,15:31:19,20210509
17,2014-06-30,ARBB.L,GBP,2014-06-30,2014-06-30,Q2,31484750.0,0.0,0.0,0.0,0.0,6867000.0,0.0,0.0,0.0,0.0,4842750.0,952000.0,0.0,0.0,0.0,0.0,0.0,5628750.0,0.178777026973376,1374750.0,2158500.0,0.0685569998173719,0.14125,0.1395,15279322,15473118,https://find-and-update.company-information.service.gov.uk/search/companies?q=Arbuthnot+Banking+Group+PLC,https://find-and-update.company-information.service.gov.uk/search/companies?q=Arbuthnot+Banking+Group+PLC,1620588679,15:31:19,20210509
18,2014-03-31,ARBB.L,GBP,2014-03-31,2014-03-31,Q1,31484750.0,0.0,0.0,0.0,0.0,6867000.0,0.0,0.0,0.0,0.0,4842750.0,952000.0,0.0,0.0,0.0,0.0,0.0,5628750.0,0.178777026973376,1374750.0,2158500.0,0.0685569998173719,0.14125,0.1395,15279322,15473118,https://find-and-update.company-information.service.gov.uk/search/companies?q=Arbuthnot+Banking+Group+PLC,https://find-and-update.company-information.service.gov.uk/search/companies?q=Arbuthnot+Banking+Group+PLC,1620588679,15:31:19,20210509
19,2014-01-31,ARBB.L,GBP,2014-01-31,2014-01-31,Q1,31484750.0,0.0,0.0,0.0,0.0,6867000.0,0.0,0.0,0.0,0.0,4842750.0,952000.0,0.0,0.0,0.0,0.0,0.0,5628750.0,0.178777026973376,1374750.0,2158500.0,0.0685569998173719,0.14125,0.1395,15279322,15473118,https://find-and-update.company-information.service.gov.uk/search/companies?q=Arbuthnot+Banking+Group+PLC,https://find-and-update.company-information.service.gov.uk/search/companies?q=Arbuthnot+Banking+Group+PLC,1620588679,15:31:19,20210509
20,2013-09-30,ARBB.L,GBP,2013-09-30,2013-09-30,Q3,25032500.0,0.0,0.0,0.0,0.0,6022000.0,0.0,0.0,0.0,0.0,5069750.0,954500.0,0.0,0.0,0.0,0.0,0.0,3928250.0,0.15692599620493358,1049500.0,1982500.0,0.07919704384300409,0.12975,0.12975,15279322,15279322,https://find-and-update.company-information.service.gov.uk/search/companies?q=Arbuthnot+Banking+Group+PLC,https://find-and-update.company-information.service.gov.uk/search/companies?q=Arbuthnot+Banking+Group+PLC,1620588679,15:31:19,20210509
21,2013-06-30,ARBB.L,GBP,2013-06-30,2013-06-30,Q2,25032500.0,0.0,0.0,0.0,0.0,6022000.0,0.0,0.0,0.0,0.0,5069750.0,954500.0,0.0,0.0,0.0,0.0,0.0,3928250.0,0.15692599620493358,1049500.0,1982500.0,0.07919704384300409,0.12975,0.12975,15279322,15279322,https://find-and-update.company-information.service.gov.uk/search/companies?q=Arbuthnot+Banking+Group+PLC,https://find-and-update.company-information.service.gov.uk/search/companies?q=Arbuthnot+Banking+Group+PLC,1620588679,15:31:19,20210509
22,2013-03-31,ARBB.L,GBP,2013-03-31,2013-03-31,Q1,25032500.0,0.0,0.0,0.0,0.0,6022000.0,0.0,0.0,0.0,0.0,5069750.0,954500.0,0.0,0.0,0.0,0.0,0.0,3928250.0,0.15692599620493358,1049500.0,1982500.0,0.07919704384300409,0.12975,0.12975,15279322,15279322,https://find-and-update.company-information.service.gov.uk/search/companies?q=Arbuthnot+Banking+Group+PLC,https://find-and-update.company-information.service.gov.uk/search/companies?q=Arbuthnot+Banking+Group+PLC,1620588679,15:31:19,20210509
23,2013-01-31,ARBB.L,GBP,2013-01-31,2013-01-31,Q1,25032500.0,0.0,0.0,0.0,0.0,6022000.0,0.0,0.0,0.0,0.0,5069750.0,954500.0,0.0,0.0,0.0,0.0,0.0,3928250.0,0.15692599620493358,1049500.0,1982500.0,0.07919704384300409,0.12975,0.12975,15279322,15279322,https://find-and-update.company-information.service.gov.uk/search/companies?q=Arbuthnot+Banking+Group+PLC,https://find-and-update.company-information.service.gov.uk/search/companies?q=Arbuthnot+Banking+Group+PLC,1620588679,15:31:19,20210509
24,2012-09-30,ARBB.L,GBP,2012-09-30,2012-09-30,Q3,16487750.0,0.0,0.0,0.0,0.0,4185750.0,0.0,0.0,20750.0,0.0,4378500.0,490250.0,0.0,0.0,0.0,0.0,0.0,3148250.0,0.1909447923458325,282000.0,2010250.0,0.12192385255720156,0.1315,0.1315,15279322,15279322,https://find-and-update.company-information.service.gov.uk/search/companies?q=Arbuthnot+Banking+Group+PLC,https://find-and-update.company-information.service.gov.uk/search/companies?q=Arbuthnot+Banking+Group+PLC,1620588679,15:31:19,20210509
25,2012-06-30,ARBB.L,GBP,2012-06-30,2012-06-30,Q2,16487750.0,0.0,0.0,0.0,0.0,4185750.0,0.0,0.0,20750.0,0.0,4378500.0,490250.0,0.0,0.0,0.0,0.0,0.0,3148250.0,0.1909447923458325,282000.0,2010250.0,0.12192385255720156,0.1315,0.1315,15279322,15279322,https://find-and-update.company-information.service.gov.uk/search/companies?q=Arbuthnot+Banking+Group+PLC,https://find-and-update.company-information.service.gov.uk/search/companies?q=Arbuthnot+Banking+Group+PLC,1620588679,15:31:19,20210509
26,2012-03-31,ARBB.L,GBP,2012-03-31,2012-03-31,Q1,16487750.0,0.0,0.0,0.0,0.0,4185750.0,0.0,0.0,20750.0,0.0,4378500.0,490250.0,0.0,0.0,0.0,0.0,0.0,3148250.0,0.1909447923458325,282000.0,2010250.0,0.12192385255720156,0.1315,0.1315,15279322,15279322,https://find-and-update.company-information.service.gov.uk/search/companies?q=Arbuthnot+Banking+Group+PLC,https://find-and-update.company-information.service.gov.uk/search/companies?q=Arbuthnot+Banking+Group+PLC,1620588679,15:31:19,20210509
27,2012-01-31,ARBB.L,GBP,2012-01-31,2012-01-31,Q1,16487750.0,0.0,0.0,0.0,0.0,4185750.0,0.0,0.0,20750.0,0.0,4378500.0,490250.0,0.0,0.0,0.0,0.0,0.0,3148250.0,0.1909447923458325,282000.0,2010250.0,0.12192385255720156,0.1315,0.1315,15279322,15279322,https://find-and-update.company-information.service.gov.uk/search/companies?q=Arbuthnot+Banking+Group+PLC,https://find-and-update.company-information.service.gov.uk/search/companies?q=Arbuthnot+Banking+Group+PLC,1620588679,15:31:19,20210509
28,2011-09-30,ARBB.L,GBP,2011-09-30,2011-09-30,Q3,13434750.0,0.0,0.0,0.0,0.0,3327750.0,0.0,0.0,6605750.0,0.0,2997500.0,0.0,0.0,0.0,0.0,0.0,0.0,1279000.0,0.09520087831928395,454250.0,-1253500.0,-0.09330281545990808,-0.08325,-0.08325,15046000,15046000,https://find-and-update.company-information.service.gov.uk/search/companies?q=Arbuthnot+Banking+Group+PLC,https://find-and-update.company-information.service.gov.uk/search/companies?q=Arbuthnot+Banking+Group+PLC,1620588679,15:31:19,20210509
29,2011-06-30,ARBB.L,GBP,2011-06-30,2011-06-30,Q2,13434750.0,0.0,0.0,0.0,0.0,3327750.0,0.0,0.0,6605750.0,0.0,2997500.0,0.0,0.0,0.0,0.0,0.0,0.0,1279000.0,0.09520087831928395,454250.0,-1253500.0,-0.09330281545990808,-0.08325,-0.08325,15046000,15046000,https://find-and-update.company-information.service.gov.uk/search/companies?q=Arbuthnot+Banking+Group+PLC,https://find-and-update.company-information.service.gov.uk/search/companies?q=Arbuthnot+Banking+Group+PLC,1620588679,15:31:19,20210509
30,2011-03-31,ARBB.L,GBP,2011-03-31,2011-03-31,Q1,13434750.0,0.0,0.0,0.0,0.0,3327750.0,0.0,0.0,6605750.0,0.0,2997500.0,0.0,0.0,0.0,0.0,0.0,0.0,1279000.0,0.09520087831928395,454250.0,-1253500.0,-0.09330281545990808,-0.08325,-0.08325,15046000,15046000,https://find-and-update.company-information.service.gov.uk/search/companies?q=Arbuthnot+Banking+Group+PLC,https://find-and-update.company-information.service.gov.uk/search/companies?q=Arbuthnot+Banking+Group+PLC,1620588679,15:31:19,20210509
31,2011-01-31,ARBB.L,GBP,2011-01-31,2011-01-31,Q1,13434750.0,0.0,0.0,0.0,0.0,3327750.0,0.0,0.0,6605750.0,0.0,2997500.0,0.0,0.0,0.0,0.0,0.0,0.0,1279000.0,0.09520087831928395,454250.0,-1253500.0,-0.09330281545990808,-0.08325,-0.08325,15046000,15046000,https://find-and-update.company-information.service.gov.uk/search/companies?q=Arbuthnot+Banking+Group+PLC,https://find-and-update.company-information.service.gov.uk/search/companies?q=Arbuthnot+Banking+Group+PLC,1620588679,15:31:19,20210509
32,2010-09-30,ARBB.L,GBP,2010-09-30,2010-09-30,Q3,10558000.0,0.0,0.0,0.0,0.0,2312500.0,0.0,0.0,5784750.0,0.0,1988750.0,0.0,0.0,0.0,0.0,0.0,0.0,1016250.0,0.09625402538359538,309500.0,936750.0,0.08872419018753552,0.0625,0.0625,15000000,15000000,https://find-and-update.company-information.service.gov.uk/search/companies?q=Arbuthnot+Banking+Group+PLC,https://find-and-update.company-information.service.gov.uk/search/companies?q=Arbuthnot+Banking+Group+PLC,1620588679,15:31:19,20210509
33,2010-06-30,ARBB.L,GBP,2010-06-30,2010-06-30,Q2,10558000.0,0.0,0.0,0.0,0.0,2312500.0,0.0,0.0,5784750.0,0.0,1988750.0,0.0,0.0,0.0,0.0,0.0,0.0,1016250.0,0.09625402538359538,309500.0,936750.0,0.08872419018753552,0.0625,0.0625,15000000,15000000,https://find-and-update.company-information.service.gov.uk/search/companies?q=Arbuthnot+Banking+Group+PLC,https://find-and-update.company-information.service.gov.uk/search/companies?q=Arbuthnot+Banking+Group+PLC,1620588679,15:31:19,20210509
34,2010-03-31,ARBB.L,GBP,2010-03-31,2010-03-31,Q1,10558000.0,0.0,0.0,0.0,0.0,2312500.0,0.0,0.0,5784750.0,0.0,1988750.0,0.0,0.0,0.0,0.0,0.0,0.0,1016250.0,0.09625402538359538,309500.0,936750.0,0.08872419018753552,0.0625,0.0625,15000000,15000000,https://find-and-update.company-information.service.gov.uk/search/companies?q=Arbuthnot+Banking+Group+PLC,https://find-and-update.company-information.service.gov.uk/search/companies?q=Arbuthnot+Banking+Group+PLC,1620588679,15:31:19,20210509
35,2010-01-31,ARBB.L,GBP,2010-01-31,2010-01-31,Q1,10558000.0,0.0,0.0,0.0,0.0,2312500.0,0.0,0.0,5784750.0,0.0,1988750.0,0.0,0.0,0.0,0.0,0.0,0.0,1016250.0,0.09625402538359538,309500.0,936750.0,0.08872419018753552,0.0625,0.0625,15000000,15000000,https://find-and-update.company-information.service.gov.uk/search/companies?q=Arbuthnot+Banking+Group+PLC,https://find-and-update.company-information.service.gov.uk/search/companies?q=Arbuthnot+Banking+Group+PLC,1620588679,15:31:19,20210509
36,2009-09-30,ARBB.L,GBP,2009-09-30,2009-09-30,Q3,14046500.0,0.0,0.0,0.0,0.0,3867500.0,0.0,0.0,7755250.0,0.0,1387000.0,0.0,0.0,0.0,0.0,0.0,0.0,1262500.0,0.0898800412914249,419750.0,876750.0,0.062417684120599434,0.0585,0.0585,15000000,15000000,https://find-and-update.company-information.service.gov.uk/search/companies?q=Arbuthnot+Banking+Group+PLC,https://find-and-update.company-information.service.gov.uk/search/companies?q=Arbuthnot+Banking+Group+PLC,1620588679,15:31:19,20210509
37,2009-06-30,ARBB.L,GBP,2009-06-30,2009-06-30,Q2,14046500.0,0.0,0.0,0.0,0.0,3867500.0,0.0,0.0,7755250.0,0.0,1387000.0,0.0,0.0,0.0,0.0,0.0,0.0,1262500.0,0.0898800412914249,419750.0,876750.0,0.062417684120599434,0.0585,0.0585,15000000,15000000,https://find-and-update.company-information.service.gov.uk/search/companies?q=Arbuthnot+Banking+Group+PLC,https://find-and-update.company-information.service.gov.uk/search/companies?q=Arbuthnot+Banking+Group+PLC,1620588679,15:31:19,20210509
38,2009-03-31,ARBB.L,GBP,2009-03-31,2009-03-31,Q1,14046500.0,0.0,0.0,0.0,0.0,3867500.0,0.0,0.0,7755250.0,0.0,1387000.0,0.0,0.0,0.0,0.0,0.0,0.0,1262500.0,0.0898800412914249,419750.0,876750.0,0.062417684120599434,0.0585,0.0585,15000000,15000000,https://find-and-update.company-information.service.gov.uk/search/companies?q=Arbuthnot+Banking+Group+PLC,https://find-and-update.company-information.service.gov.uk/search/companies?q=Arbuthnot+Banking+Group+PLC,1620588679,15:31:19,20210509
39,2009-01-31,ARBB.L,GBP,2009-01-31,2009-01-31,Q1,14046500.0,0.0,0.0,0.0,0.0,3867500.0,0.0,0.0,7755250.0,0.0,1387000.0,0.0,0.0,0.0,0.0,0.0,0.0,1262500.0,0.0898800412914249,419750.0,876750.0,0.062417684120599434,0.0585,0.0585,15000000,15000000,https://find-and-update.company-information.service.gov.uk/search/companies?q=Arbuthnot+Banking+Group+PLC,https://find-and-update.company-information.service.gov.uk/search/companies?q=Arbuthnot+Banking+Group+PLC,1620588679,15:31:19,20210509
40,2008-09-30,ARBB.L,GBP,2008-09-30,2008-09-30,Q3,10710750.0,0.0,0.0,0.0,0.0,4105000.0,0.0,0.0,7149750.0,0.0,3098750.0,0.0,0.0,0.0,0.0,0.0,0.0,-537500.0,-0.0501832271316201,-288000.0,129750.0,0.012113997619214341,0.00875,0.00875,14976000,14976000,https://find-and-update.company-information.service.gov.uk/search/companies?q=Arbuthnot+Banking+Group+PLC,https://find-and-update.company-information.service.gov.uk/search/companies?q=Arbuthnot+Banking+Group+PLC,1620588679,15:31:19,20210509
41,2008-06-30,ARBB.L,GBP,2008-06-30,2008-06-30,Q2,10710750.0,0.0,0.0,0.0,0.0,4105000.0,0.0,0.0,7149750.0,0.0,3098750.0,0.0,0.0,0.0,0.0,0.0,0.0,-537500.0,-0.0501832271316201,-288000.0,129750.0,0.012113997619214341,0.00875,0.00875,14976000,14976000,https://find-and-update.company-information.service.gov.uk/search/companies?q=Arbuthnot+Banking+Group+PLC,https://find-and-update.company-information.service.gov.uk/search/companies?q=Arbuthnot+Banking+Group+PLC,1620588679,15:31:19,20210509
42,2008-03-31,ARBB.L,GBP,2008-03-31,2008-03-31,Q1,10710750.0,0.0,0.0,0.0,0.0,4105000.0,0.0,0.0,7149750.0,0.0,3098750.0,0.0,0.0,0.0,0.0,0.0,0.0,-537500.0,-0.0501832271316201,-288000.0,129750.0,0.012113997619214341,0.00875,0.00875,14976000,14976000,https://find-and-update.company-information.service.gov.uk/search/companies?q=Arbuthnot+Banking+Group+PLC,https://find-and-update.company-information.service.gov.uk/search/companies?q=Arbuthnot+Banking+Group+PLC,1620588679,15:31:19,20210509
43,2008-01-31,ARBB.L,GBP,2008-01-31,2008-01-31,Q1,10710750.0,0.0,0.0,0.0,0.0,4105000.0,0.0,0.0,7149750.0,0.0,3098750.0,0.0,0.0,0.0,0.0,0.0,0.0,-537500.0,-0.0501832271316201,-288000.0,129750.0,0.012113997619214341,0.00875,0.00875,14976000,14976000,https://find-and-update.company-information.service.gov.uk/search/companies?q=Arbuthnot+Banking+Group+PLC,https://find-and-update.company-information.service.gov.uk/search/companies?q=Arbuthnot+Banking+Group+PLC,1620588679,15:31:19,20210509
44,2007-09-30,ARBB.L,GBP,2007-09-30,2007-09-30,Q3,17757500.0,0.0,0.0,0.0,0.0,4813500.0,0.0,0.0,9670250.0,0.0,3078500.0,0.0,0.0,0.0,0.0,0.0,0.0,2144750.0,0.12077995213290159,698000.0,888750.0,0.05004927495424469,0.0595,0.0595,14944000,14944000,https://find-and-update.company-information.service.gov.uk/search/companies?q=Arbuthnot+Banking+Group+PLC,https://find-and-update.company-information.service.gov.uk/search/companies?q=Arbuthnot+Banking+Group+PLC,1620588679,15:31:19,20210509
45,2007-06-30,ARBB.L,GBP,2007-06-30,2007-06-30,Q2,17757500.0,0.0,0.0,0.0,0.0,4813500.0,0.0,0.0,9670250.0,0.0,3078500.0,0.0,0.0,0.0,0.0,0.0,0.0,2144750.0,0.12077995213290159,698000.0,888750.0,0.05004927495424469,0.0595,0.0595,14944000,14944000,https://find-and-update.company-information.service.gov.uk/search/companies?q=Arbuthnot+Banking+Group+PLC,https://find-and-update.company-information.service.gov.uk/search/companies?q=Arbuthnot+Banking+Group+PLC,1620588679,15:31:19,20210509
46,2007-03-31,ARBB.L,GBP,2007-03-31,2007-03-31,Q1,17757500.0,0.0,0.0,0.0,0.0,4813500.0,0.0,0.0,9670250.0,0.0,3078500.0,0.0,0.0,0.0,0.0,0.0,0.0,2144750.0,0.12077995213290159,698000.0,888750.0,0.05004927495424469,0.0595,0.0595,14944000,14944000,https://find-and-update.company-information.service.gov.uk/search/companies?q=Arbuthnot+Banking+Group+PLC,https://find-and-update.company-information.service.gov.uk/search/companies?q=Arbuthnot+Banking+Group+PLC,1620588679,15:31:19,20210509
47,2007-01-31,ARBB.L,GBP,2007-01-31,2007-01-31,Q1,17757500.0,0.0,0.0,0.0,0.0,4813500.0,0.0,0.0,9670250.0,0.0,3078500.0,0.0,0.0,0.0,0.0,0.0,0.0,2144750.0,0.12077995213290159,698000.0,888750.0,0.05004927495424469,0.0595,0.0595,14944000,14944000,https://find-and-update.company-information.service.gov.uk/search/companies?q=Arbuthnot+Banking+Group+PLC,https://find-and-update.company-information.service.gov.uk/search/companies?q=Arbuthnot+Banking+Group+PLC,1620588679,15:31:19,20210509
48,2006-09-30,ARBB.L,GBP,2006-09-30,2006-09-30,Q3,15773750.0,0.0,0.0,0.0,0.0,3858000.0,0.0,0.0,9445000.0,0.0,2260500.0,0.0,0.0,0.0,0.0,0.0,0.0,3515500.0,0.22287027498216974,871000.0,2318500.0,0.14698470560266266,0.1575,0.1575,14716000,14716000,https://find-and-update.company-information.service.gov.uk/search/companies?q=Arbuthnot+Banking+Group+PLC,https://find-and-update.company-information.service.gov.uk/search/companies?q=Arbuthnot+Banking+Group+PLC,1620588679,15:31:19,20210509
49,2006-06-30,ARBB.L,GBP,2006-06-30,2006-06-30,Q2,15773750.0,0.0,0.0,0.0,0.0,3858000.0,0.0,0.0,9445000.0,0.0,2260500.0,0.0,0.0,0.0,0.0,0.0,0.0,3515500.0,0.22287027498216974,871000.0,2318500.0,0.14698470560266266,0.1575,0.1575,14716000,14716000,https://find-and-update.company-information.service.gov.uk/search/companies?q=Arbuthnot+Banking+Group+PLC,https://find-and-update.company-information.service.gov.uk/search/companies?q=Arbuthnot+Banking+Group+PLC,1620588679,15:31:19,20210509
50,2006-03-31,ARBB.L,GBP,2006-03-31,2006-03-31,Q1,15773750.0,0.0,0.0,0.0,0.0,3858000.0,0.0,0.0,9445000.0,0.0,2260500.0,0.0,0.0,0.0,0.0,0.0,0.0,3515500.0,0.22287027498216974,871000.0,2318500.0,0.14698470560266266,0.1575,0.1575,14716000,14716000,https://find-and-update.company-information.service.gov.uk/search/companies?q=Arbuthnot+Banking+Group+PLC,https://find-and-update.company-information.service.gov.uk/search/companies?q=Arbuthnot+Banking+Group+PLC,1620588679,15:31:19,20210509
51,2006-01-31,ARBB.L,GBP,2006-01-31,2006-01-31,Q1,15773750.0,0.0,0.0,0.0,0.0,3858000.0,0.0,0.0,9445000.0,0.0,2260500.0,0.0,0.0,0.0,0.0,0.0,0.0,3515500.0,0.22287027498216974,871000.0,2318500.0,0.14698470560266266,0.1575,0.1575,14716000,14716000,https://find-and-update.company-information.service.gov.uk/search/companies?q=Arbuthnot+Banking+Group+PLC,https://find-and-update.company-information.service.gov.uk/search/companies?q=Arbuthnot+Banking+Group+PLC,1620588679,15:31:19,20210509
52,2005-09-30,ARBB.L,GBP,2005-09-30,2005-09-30,Q3,14497000.0,0.0,0.0,0.0,0.0,0.0,0.0,0.0,12339500.0,0.0,2143250.0,0.0,0.0,0.0,0.0,0.0,0.0,1919000.0,0.13237221494102228,549250.0,1622250.0,0.1119024625784645,0.1145,0.1145,14167000,14167000,https://find-and-update.company-information.service.gov.uk/search/companies?q=Arbuthnot+Banking+Group+PLC,https://find-and-update.company-information.service.gov.uk/search/companies?q=Arbuthnot+Banking+Group+PLC,1620588679,15:31:19,20210509
53,2005-06-30,ARBB.L,GBP,2005-06-30,2005-06-30,Q2,14497000.0,0.0,0.0,0.0,0.0,0.0,0.0,0.0,12339500.0,0.0,2143250.0,0.0,0.0,0.0,0.0,0.0,0.0,1919000.0,0.13237221494102228,549250.0,1622250.0,0.1119024625784645,0.1145,0.1145,14167000,14167000,https://find-and-update.company-information.service.gov.uk/search/companies?q=Arbuthnot+Banking+Group+PLC,https://find-and-update.company-information.service.gov.uk/search/companies?q=Arbuthnot+Banking+Group+PLC,1620588679,15:31:19,20210509
54,2005-03-31,ARBB.L,GBP,2005-03-31,2005-03-31,Q1,14497000.0,0.0,0.0,0.0,0.0,0.0,0.0,0.0,12339500.0,0.0,2143250.0,0.0,0.0,0.0,0.0,0.0,0.0,1919000.0,0.13237221494102228,549250.0,1622250.0,0.1119024625784645,0.1145,0.1145,14167000,14167000,https://find-and-update.company-information.service.gov.uk/search/companies?q=Arbuthnot+Banking+Group+PLC,https://find-and-update.company-information.service.gov.uk/search/companies?q=Arbuthnot+Banking+Group+PLC,1620588679,15:31:19,20210509
55,2005-01-31,ARBB.L,GBP,2005-01-31,2005-01-31,Q1,14497000.0,0.0,0.0,0.0,0.0,0.0,0.0,0.0,12339500.0,0.0,2143250.0,0.0,0.0,0.0,0.0,0.0,0.0,1919000.0,0.13237221494102228,549250.0,1622250.0,0.1119024625784645,0.1145,0.1145,14167000,14167000,https://find-and-update.company-information.service.gov.uk/search/companies?q=Arbuthnot+Banking+Group+PLC,https://find-and-update.company-information.service.gov.uk/search/companies?q=Arbuthnot+Banking+Group+PLC,1620588679,15:31:19,20210509
56,2004-09-30,ARBB.L,GBP,2004-09-30,2004-09-30,Q3,12306000.0,0.0,0.0,0.0,0.0,0.0,0.0,0.0,11248250.0,0.0,1571250.0,0.0,0.0,0.0,0.0,0.0,0.0,749000.0,0.0608646188850967,105250.0,713000.0,0.057939216642288315,0.05437,0.05437,13102048,13102048,https://find-and-update.company-information.service.gov.uk/search/companies?q=Arbuthnot+Banking+Group+PLC,https://find-and-update.company-information.service.gov.uk/search/companies?q=Arbuthnot+Banking+Group+PLC,1620588679,15:31:19,20210509
57,2004-06-30,ARBB.L,GBP,2004-06-30,2004-06-30,Q2,12306000.0,0.0,0.0,0.0,0.0,0.0,0.0,0.0,11248250.0,0.0,1571250.0,0.0,0.0,0.0,0.0,0.0,0.0,749000.0,0.0608646188850967,105250.0,713000.0,0.057939216642288315,0.05437,0.05437,13102048,13102048,https://find-and-update.company-information.service.gov.uk/search/companies?q=Arbuthnot+Banking+Group+PLC,https://find-and-update.company-information.service.gov.uk/search/companies?q=Arbuthnot+Banking+Group+PLC,1620588679,15:31:19,20210509
58,2004-03-31,ARBB.L,GBP,2004-03-31,2004-03-31,Q1,12306000.0,0.0,0.0,0.0,0.0,0.0,0.0,0.0,11248250.0,0.0,1571250.0,0.0,0.0,0.0,0.0,0.0,0.0,749000.0,0.0608646188850967,105250.0,713000.0,0.057939216642288315,0.05437,0.05437,13102048,13102048,https://find-and-update.company-information.service.gov.uk/search/companies?q=Arbuthnot+Banking+Group+PLC,https://find-and-update.company-information.service.gov.uk/search/companies?q=Arbuthnot+Banking+Group+PLC,1620588679,15:31:19,20210509
59,2004-01-31,ARBB.L,GBP,2004-01-31,2004-01-31,Q1,12306000.0,0.0,0.0,0.0,0.0,0.0,0.0,0.0,11248250.0,0.0,1571250.0,0.0,0.0,0.0,0.0,0.0,0.0,749000.0,0.0608646188850967,105250.0,713000.0,0.057939216642288315,0.05437,0.05437,13102048,13102048,https://find-and-update.company-information.service.gov.uk/search/companies?q=Arbuthnot+Banking+Group+PLC,https://find-and-update.company-information.service.gov.uk/search/companies?q=Arbuthnot+Banking+Group+PLC,1620588679,15:31:19,20210509
60,2003-09-30,ARBB.L,GBP,2003-09-30,2003-09-30,Q3,10671500.0,0.0,0.0,0.0,0.0,0.0,0.0,0.0,8949500.0,0.0,1184750.0,416500.0,0.0,0.0,0.0,0.0,0.0,919750.0,0.08618750878508176,312500.0,604750.0,0.0566696340720611,0.0496745,0.0496745,13178236,13178236,https://find-and-update.company-information.service.gov.uk/search/companies?q=Arbuthnot+Banking+Group+PLC,https://find-and-update.company-information.service.gov.uk/search/companies?q=Arbuthnot+Banking+Group+PLC,1620588679,15:31:19,20210509
61,2003-06-30,ARBB.L,GBP,2003-06-30,2003-06-30,Q2,10671500.0,0.0,0.0,0.0,0.0,0.0,0.0,0.0,8949500.0,0.0,1184750.0,416500.0,0.0,0.0,0.0,0.0,0.0,919750.0,0.08618750878508176,312500.0,604750.0,0.0566696340720611,0.0496745,0.0496745,13178236,13178236,https://find-and-update.company-information.service.gov.uk/search/companies?q=Arbuthnot+Banking+Group+PLC,https://find-and-update.company-information.service.gov.uk/search/companies?q=Arbuthnot+Banking+Group+PLC,1620588679,15:31:19,20210509
62,2003-03-31,ARBB.L,GBP,2003-03-31,2003-03-31,Q1,10671500.0,0.0,0.0,0.0,0.0,0.0,0.0,0.0,8949500.0,0.0,1184750.0,416500.0,0.0,0.0,0.0,0.0,0.0,919750.0,0.08618750878508176,312500.0,604750.0,0.0566696340720611,0.0496745,0.0496745,13178236,13178236,https://find-and-update.company-information.service.gov.uk/search/companies?q=Arbuthnot+Banking+Group+PLC,https://find-and-update.company-information.service.gov.uk/search/companies?q=Arbuthnot+Banking+Group+PLC,1620588679,15:31:19,20210509
63,2003-01-31,ARBB.L,GBP,2003-01-31,2003-01-31,Q1,10671500.0,0.0,0.0,0.0,0.0,0.0,0.0,0.0,8949500.0,0.0,1184750.0,416500.0,0.0,0.0,0.0,0.0,0.0,919750.0,0.08618750878508176,312500.0,604750.0,0.0566696340720611,0.0496745,0.0496745,13178236,13178236,https://find-and-update.company-information.service.gov.uk/search/companies?q=Arbuthnot+Banking+Group+PLC,https://find-and-update.company-information.service.gov.uk/search/companies?q=Arbuthnot+Banking+Group+PLC,1620588679,15:31:19,20210509
64,2002-09-30,ARBB.L,GBP,2002-09-30,2002-09-30,Q3,-138500.0,0.0,0.0,0.0,0.0,0.0,0.0,0.0,-2087500.0,0.0,0.0,0.0,0.0,0.0,0.0,0.0,0.0,1949000.0,-14.072202166064981,610500.0,1336250.0,-9.648014440433213,0.0968775,0.0968775,13782872,13782872,https://find-and-update.company-information.service.gov.uk/search/companies?q=Arbuthnot+Banking+Group+PLC,https://find-and-update.company-information.service.gov.uk/search/companies?q=Arbuthnot+Banking+Group+PLC,1620588679,15:31:19,20210509
65,2002-06-30,ARBB.L,GBP,2002-06-30,2002-06-30,Q2,-138500.0,0.0,0.0,0.0,0.0,0.0,0.0,0.0,-2087500.0,0.0,0.0,0.0,0.0,0.0,0.0,0.0,0.0,1949000.0,-14.072202166064981,610500.0,1336250.0,-9.648014440433213,0.0968775,0.0968775,13782872,13782872,https://find-and-update.company-information.service.gov.uk/search/companies?q=Arbuthnot+Banking+Group+PLC,https://find-and-update.company-information.service.gov.uk/search/companies?q=Arbuthnot+Banking+Group+PLC,1620588679,15:31:19,20210509
66,2002-03-31,ARBB.L,GBP,2002-03-31,2002-03-31,Q1,-138500.0,0.0,0.0,0.0,0.0,0.0,0.0,0.0,-2087500.0,0.0,0.0,0.0,0.0,0.0,0.0,0.0,0.0,1949000.0,-14.072202166064981,610500.0,1336250.0,-9.648014440433213,0.0968775,0.0968775,13782872,13782872,https://find-and-update.company-information.service.gov.uk/search/companies?q=Arbuthnot+Banking+Group+PLC,https://find-and-update.company-information.service.gov.uk/search/companies?q=Arbuthnot+Banking+Group+PLC,1620588679,15:31:19,20210509
67,2002-01-31,ARBB.L,GBP,2002-01-31,2002-01-31,Q1,-138500.0,0.0,0.0,0.0,0.0,0.0,0.0,0.0,-2087500.0,0.0,0.0,0.0,0.0,0.0,0.0,0.0,0.0,1949000.0,-14.072202166064981,610500.0,1336250.0,-9.648014440433213,0.0968775,0.0968775,13782872,13782872,https://find-and-update.company-information.service.gov.uk/search/companies?q=Arbuthnot+Banking+Group+PLC,https://find-and-update.company-information.service.gov.uk/search/companies?q=Arbuthnot+Banking+Group+PLC,1620588679,15:31:19,20210509
68,2001-09-30,ARBB.L,GBP,2001-09-30,2001-09-30,Q3,7250.0,0.0,0.0,0.0,0.0,0.0,0.0,0.0,0.0,0.0,0.0,309750.0,0.0,0.0,0.0,0.0,0.0,2037500.0,281.0344827586207,612500.0,1420750.0,195.9655172413793,0.10083175,0.10083175,14077244,14077244,https://find-and-update.company-information.service.gov.uk/search/companies?q=Arbuthnot+Banking+Group+PLC,https://find-and-update.company-information.service.gov.uk/search/companies?q=Arbuthnot+Banking+Group+PLC,1620588679,15:31:19,20210509
69,2001-06-30,ARBB.L,GBP,2001-06-30,2001-06-30,Q2,7250.0,0.0,0.0,0.0,0.0,0.0,0.0,0.0,0.0,0.0,0.0,309750.0,0.0,0.0,0.0,0.0,0.0,2037500.0,281.0344827586207,612500.0,1420750.0,195.9655172413793,0.10083175,0.10083175,14077244,14077244,https://find-and-update.company-information.service.gov.uk/search/companies?q=Arbuthnot+Banking+Group+PLC,https://find-and-update.company-information.service.gov.uk/search/companies?q=Arbuthnot+Banking+Group+PLC,1620588679,15:31:19,20210509
70,2001-03-31,ARBB.L,GBP,2001-03-31,2001-03-31,Q1,7250.0,0.0,0.0,0.0,0.0,0.0,0.0,0.0,0.0,0.0,0.0,309750.0,0.0,0.0,0.0,0.0,0.0,2037500.0,281.0344827586207,612500.0,1420750.0,195.9655172413793,0.10083175,0.10083175,14077244,14077244,https://find-and-update.company-information.service.gov.uk/search/companies?q=Arbuthnot+Banking+Group+PLC,https://find-and-update.company-information.service.gov.uk/search/companies?q=Arbuthnot+Banking+Group+PLC,1620588679,15:31:19,20210509
71,2001-01-31,ARBB.L,GBP,2001-01-31,2001-01-31,Q1,7250.0,0.0,0.0,0.0,0.0,0.0,0.0,0.0,0.0,0.0,0.0,309750.0,0.0,0.0,0.0,0.0,0.0,2037500.0,281.0344827586207,612500.0,1420750.0,195.9655172413793,0.10083175,0.10083175,14077244,14077244,https://find-and-update.company-information.service.gov.uk/search/companies?q=Arbuthnot+Banking+Group+PLC,https://find-and-update.company-information.service.gov.uk/search/companies?q=Arbuthnot+Banking+Group+PLC,1620588679,15:31:19,20210509
72,2000-09-30,ARBB.L,GBP,2000-09-30,2000-09-30,Q3,9500.0,0.0,0.0,0.0,0.0,0.0,0.0,0.0,0.0,0.0,0.0,283750.0,0.0,0.0,0.0,0.0,0.0,2375500.0,250.05263157894737,661250.0,1710250.0,180.02631578947367,0.11911975,0.11911975,14358465,14358465,https://find-and-update.company-information.service.gov.uk/search/companies?q=Arbuthnot+Banking+Group+PLC,https://find-and-update.company-information.service.gov.uk/search/companies?q=Arbuthnot+Banking+Group+PLC,1620588679,15:31:19,20210509
73,2000-06-30,ARBB.L,GBP,2000-06-30,2000-06-30,Q2,9500.0,0.0,0.0,0.0,0.0,0.0,0.0,0.0,0.0,0.0,0.0,283750.0,0.0,0.0,0.0,0.0,0.0,2375500.0,250.05263157894737,661250.0,1710250.0,180.02631578947367,0.11911975,0.11911975,14358465,14358465,https://find-and-update.company-information.service.gov.uk/search/companies?q=Arbuthnot+Banking+Group+PLC,https://find-and-update.company-information.service.gov.uk/search/companies?q=Arbuthnot+Banking+Group+PLC,1620588679,15:31:19,20210509
74,2000-03-31,ARBB.L,GBP,2000-03-31,2000-03-31,Q1,9500.0,0.0,0.0,0.0,0.0,0.0,0.0,0.0,0.0,0.0,0.0,283750.0,0.0,0.0,0.0,0.0,0.0,2375500.0,250.05263157894737,661250.0,1710250.0,180.02631578947367,0.11911975,0.11911975,14358465,14358465,https://find-and-update.company-information.service.gov.uk/search/companies?q=Arbuthnot+Banking+Group+PLC,https://find-and-update.company-information.service.gov.uk/search/companies?q=Arbuthnot+Banking+Group+PLC,1620588679,15:31:19,20210509
75,2000-01-31,ARBB.L,GBP,2000-01-31,2000-01-31,Q1,9500.0,0.0,0.0,0.0,0.0,0.0,0.0,0.0,0.0,0.0,0.0,283750.0,0.0,0.0,0.0,0.0,0.0,2375500.0,250.05263157894737,661250.0,1710250.0,180.02631578947367,0.11911975,0.11911975,14358465,14358465,https://find-and-update.company-information.service.gov.uk/search/companies?q=Arbuthnot+Banking+Group+PLC,https://find-and-update.company-information.service.gov.uk/search/companies?q=Arbuthnot+Banking+Group+PLC,1620588679,15:31:19,20210509
76,1999-09-30,ARBB.L,GBP,1999-09-30,1999-09-30,Q3,32250.0,0.0,0.0,0.0,0.0,0.0,0.0,0.0,0.0,0.0,0.0,276250.0,0.0,0.0,0.0,0.0,0.0,1897500.0,58.83720930232558,692250.0,1173250.0,36.37984496124031,0.07736201241326487,0.07733106614180629,15165712,15171781,https://find-and-update.company-information.service.gov.uk/search/companies?q=Arbuthnot+Banking+Group+PLC,https://find-and-update.company-information.service.gov.uk/search/companies?q=Arbuthnot+Banking+Group+PLC,1620588679,15:31:19,20210509
77,1999-06-30,ARBB.L,GBP,1999-06-30,1999-06-30,Q2,32250.0,0.0,0.0,0.0,0.0,0.0,0.0,0.0,0.0,0.0,0.0,276250.0,0.0,0.0,0.0,0.0,0.0,1897500.0,58.83720930232558,692250.0,1173250.0,36.37984496124031,0.07736201241326487,0.07733106614180629,15165712,15171781,https://find-and-update.company-information.service.gov.uk/search/companies?q=Arbuthnot+Banking+Group+PLC,https://find-and-update.company-information.service.gov.uk/search/companies?q=Arbuthnot+Banking+Group+PLC,1620588679,15:31:19,20210509
78,1999-03-31,ARBB.L,GBP,1999-03-31,1999-03-31,Q1,32250.0,0.0,0.0,0.0,0.0,0.0,0.0,0.0,0.0,0.0,0.0,276250.0,0.0,0.0,0.0,0.0,0.0,1897500.0,58.83720930232558,692250.0,1173250.0,36.37984496124031,0.07736201241326487,0.07733106614180629,15165712,15171781,https://find-and-update.company-information.service.gov.uk/search/companies?q=Arbuthnot+Banking+Group+PLC,https://find-and-update.company-information.service.gov.uk/search/companies?q=Arbuthnot+Banking+Group+PLC,1620588679,15:31:19,20210509
79,1999-01-31,ARBB.L,GBP,1999-01-31,1999-01-31,Q1,32250.0,0.0,0.0,0.0,0.0,0.0,0.0,0.0,0.0,0.0,0.0,276250.0,0.0,0.0,0.0,0.0,0.0,1897500.0,58.83720930232558,692250.0,1173250.0,36.37984496124031,0.07736201241326487,0.07733106614180629,15165712,15171781,https://find-and-update.company-information.service.gov.uk/search/companies?q=Arbuthnot+Banking+Group+PLC,https://find-and-update.company-information.service.gov.uk/search/companies?q=Arbuthnot+Banking+Group+PLC,1620588679,15:31:19,20210509
80,1998-09-30,ARBB.L,GBP,1998-09-30,1998-09-30,Q3,28500.0,0.0,0.0,0.0,0.0,0.0,0.0,0.0,0.0,0.0,0.0,217250.0,0.0,0.0,0.0,0.0,0.0,2851750.0,100.06140350877193,861250.0,1963750.0,68.90350877192982,0.12925225,0.12826375,15208198,15316438,https://find-and-update.company-information.service.gov.uk/search/companies?q=Arbuthnot+Banking+Group+PLC,https://find-and-update.company-information.service.gov.uk/search/companies?q=Arbuthnot+Banking+Group+PLC,1620588679,15:31:19,20210509
81,1998-06-30,ARBB.L,GBP,1998-06-30,1998-06-30,Q2,28500.0,0.0,0.0,0.0,0.0,0.0,0.0,0.0,0.0,0.0,0.0,217250.0,0.0,0.0,0.0,0.0,0.0,2851750.0,100.06140350877193,861250.0,1963750.0,68.90350877192982,0.12925225,0.12826375,15208198,15316438,https://find-and-update.company-information.service.gov.uk/search/companies?q=Arbuthnot+Banking+Group+PLC,https://find-and-update.company-information.service.gov.uk/search/companies?q=Arbuthnot+Banking+Group+PLC,1620588679,15:31:19,20210509
82,1998-03-31,ARBB.L,GBP,1998-03-31,1998-03-31,Q1,28500.0,0.0,0.0,0.0,0.0,0.0,0.0,0.0,0.0,0.0,0.0,217250.0,0.0,0.0,0.0,0.0,0.0,2851750.0,100.06140350877193,861250.0,1963750.0,68.90350877192982,0.12925225,0.12826375,15208198,15316438,https://find-and-update.company-information.service.gov.uk/search/companies?q=Arbuthnot+Banking+Group+PLC,https://find-and-update.company-information.service.gov.uk/search/companies?q=Arbuthnot+Banking+Group+PLC,1620588679,15:31:19,20210509
83,1998-01-31,ARBB.L,GBP,1998-01-31,1998-01-31,Q1,28500.0,0.0,0.0,0.0,0.0,0.0,0.0,0.0,0.0,0.0,0.0,217250.0,0.0,0.0,0.0,0.0,0.0,2851750.0,100.06140350877193,861250.0,1963750.0,68.90350877192982,0.12925225,0.12826375,15208198,15316438,https://find-and-update.company-information.service.gov.uk/search/companies?q=Arbuthnot+Banking+Group+PLC,https://find-and-update.company-information.service.gov.uk/search/companies?q=Arbuthnot+Banking+Group+PLC,1620588679,15:31:19,20210509
84,1997-09-30,ARBB.L,GBP,1997-09-30,1997-09-30,Q3,6000.0,0.0,0.0,0.0,0.0,0.0,0.0,0.0,0.0,0.0,0.0,231000.0,0.0,0.0,0.0,0.0,0.0,2665750.0,444.2916666666667,769000.0,1873750.0,312.2916666666667,0.12356825,0.123074,15172793,15222361,https://find-and-update.company-information.service.gov.uk/search/companies?q=Arbuthnot+Banking+Group+PLC,https://find-and-update.company-information.service.gov.uk/search/companies?q=Arbuthnot+Banking+Group+PLC,1620588679,15:31:19,20210509
85,1997-06-30,ARBB.L,GBP,1997-06-30,1997-06-30,Q2,6000.0,0.0,0.0,0.0,0.0,0.0,0.0,0.0,0.0,0.0,0.0,231000.0,0.0,0.0,0.0,0.0,0.0,2665750.0,444.2916666666667,769000.0,1873750.0,312.2916666666667,0.12356825,0.123074,15172793,15222361,https://find-and-update.company-information.service.gov.uk/search/companies?q=Arbuthnot+Banking+Group+PLC,https://find-and-update.company-information.service.gov.uk/search/companies?q=Arbuthnot+Banking+Group+PLC,1620588679,15:31:19,20210509
86,1997-03-31,ARBB.L,GBP,1997-03-31,1997-03-31,Q1,6000.0,0.0,0.0,0.0,0.0,0.0,0.0,0.0,0.0,0.0,0.0,231000.0,0.0,0.0,0.0,0.0,0.0,2665750.0,444.2916666666667,769000.0,1873750.0,312.2916666666667,0.12356825,0.123074,15172793,15222361,https://find-and-update.company-information.service.gov.uk/search/companies?q=Arbuthnot+Banking+Group+PLC,https://find-and-update.company-information.service.gov.uk/search/companies?q=Arbuthnot+Banking+Group+PLC,1620588679,15:31:19,20210509
87,1997-01-31,ARBB.L,GBP,1997-01-31,1997-01-31,Q1,6000.0,0.0,0.0,0.0,0.0,0.0,0.0,0.0,0.0,0.0,0.0,231000.0,0.0,0.0,0.0,0.0,0.0,2665750.0,444.2916666666667,769000.0,1873750.0,312.2916666666667,0.12356825,0.123074,15172793,15222361,https://find-and-update.company-information.service.gov.uk/search/companies?q=Arbuthnot+Banking+Group+PLC,https://find-and-update.company-information.service.gov.uk/search/companies?q=Arbuthnot+Banking+Group+PLC,1620588679,15:31:19,20210509
88,1996-09-30,ARBB.L,GBP,1996-09-30,1996-09-30,Q3,8500.0,0.0,0.0,0.0,0.0,0.0,0.0,0.0,0.0,0.0,0.0,242750.0,0.0,0.0,0.0,0.0,0.0,2356750.0,277.2647058823529,680000.0,1655250.0,194.73529411764707,0.10923425,0.10923425,15140422,15140422,https://find-and-update.company-information.service.gov.uk/search/companies?q=Arbuthnot+Banking+Group+PLC,https://find-and-update.company-information.service.gov.uk/search/companies?q=Arbuthnot+Banking+Group+PLC,1620588679,15:31:19,20210509
89,1996-06-30,ARBB.L,GBP,1996-06-30,1996-06-30,Q2,8500.0,0.0,0.0,0.0,0.0,0.0,0.0,0.0,0.0,0.0,0.0,242750.0,0.0,0.0,0.0,0.0,0.0,2356750.0,277.2647058823529,680000.0,1655250.0,194.73529411764707,0.10923425,0.10923425,15140422,15140422,https://find-and-update.company-information.service.gov.uk/search/companies?q=Arbuthnot+Banking+Group+PLC,https://find-and-update.company-information.service.gov.uk/search/companies?q=Arbuthnot+Banking+Group+PLC,1620588679,15:31:19,20210509
90,1996-03-31,ARBB.L,GBP,1996-03-31,1996-03-31,Q1,8500.0,0.0,0.0,0.0,0.0,0.0,0.0,0.0,0.0,0.0,0.0,242750.0,0.0,0.0,0.0,0.0,0.0,2356750.0,277.2647058823529,680000.0,1655250.0,194.73529411764707,0.10923425,0.10923425,15140422,15140422,https://find-and-update.company-information.service.gov.uk/search/companies?q=Arbuthnot+Banking+Group+PLC,https://find-and-update.company-information.service.gov.uk/search/companies?q=Arbuthnot+Banking+Group+PLC,1620588679,15:31:19,20210509
91,1996-01-31,ARBB.L,GBP,1996-01-31,1996-01-31,Q1,8500.0,0.0,0.0,0.0,0.0,0.0,0.0,0.0,0.0,0.0,0.0,242750.0,0.0,0.0,0.0,0.0,0.0,2356750.0,277.2647058823529,680000.0,1655250.0,194.73529411764707,0.10923425,0.10923425,15140422,15140422,https://find-and-update.company-information.service.gov.uk/search/companies?q=Arbuthnot+Banking+Group+PLC,https://find-and-update.company-information.service.gov.uk/search/companies?q=Arbuthnot+Banking+Group+PLC,1620588679,15:31:19,20210509
92,1995-09-30,ARBB.L,GBP,1995-09-30,1995-09-30,Q3,7000.0,0.0,0.0,0.0,0.0,0.0,0.0,0.0,0.0,0.0,0.0,210750.0,0.0,0.0,0.0,0.0,0.0,2296750.0,328.10714285714283,679500.0,1617250.0,231.03571428571428,0.10725725,0.10725725,15078715,15078715,https://find-and-update.company-information.service.gov.uk/search/companies?q=Arbuthnot+Banking+Group+PLC,https://find-and-update.company-information.service.gov.uk/search/companies?q=Arbuthnot+Banking+Group+PLC,1620588679,15:31:19,20210509
93,1995-06-30,ARBB.L,GBP,1995-06-30,1995-06-30,Q2,7000.0,0.0,0.0,0.0,0.0,0.0,0.0,0.0,0.0,0.0,0.0,210750.0,0.0,0.0,0.0,0.0,0.0,2296750.0,328.10714285714283,679500.0,1617250.0,231.03571428571428,0.10725725,0.10725725,15078715,15078715,https://find-and-update.company-information.service.gov.uk/search/companies?q=Arbuthnot+Banking+Group+PLC,https://find-and-update.company-information.service.gov.uk/search/companies?q=Arbuthnot+Banking+Group+PLC,1620588679,15:31:19,20210509
94,1995-03-31,ARBB.L,GBP,1995-03-31,1995-03-31,Q1,7000.0,0.0,0.0,0.0,0.0,0.0,0.0,0.0,0.0,0.0,0.0,210750.0,0.0,0.0,0.0,0.0,0.0,2296750.0,328.10714285714283,679500.0,1617250.0,231.03571428571428,0.10725725,0.10725725,15078715,15078715,https://find-and-update.company-information.service.gov.uk/search/companies?q=Arbuthnot+Banking+Group+PLC,https://find-and-update.company-information.service.gov.uk/search/companies?q=Arbuthnot+Banking+Group+PLC,1620588679,15:31:19,20210509
95,1995-01-31,ARBB.L,GBP,1995-01-31,1995-01-31,Q1,7000.0,0.0,0.0,0.0,0.0,0.0,0.0,0.0,0.0,0.0,0.0,210750.0,0.0,0.0,0.0,0.0,0.0,2296750.0,328.10714285714283,679500.0,1617250.0,231.03571428571428,0.10725725,0.10725725,15078715,15078715,https://find-and-update.company-information.service.gov.uk/search/companies?q=Arbuthnot+Banking+Group+PLC,https://find-and-update.company-information.service.gov.uk/search/companies?q=Arbuthnot+Banking+Group+PLC,1620588679,15:31:19,20210509
96,1994-09-30,ARBB.L,GBP,1994-09-30,1994-09-30,Q3,7500.0,0.0,0.0,0.0,0.0,0.0,0.0,0.0,0.0,0.0,0.0,162000.0,0.0,0.0,0.0,0.0,0.0,2103500.0,280.46666666666664,602500.0,1501000.0,200.13333333333333,0.10107875,0.10107875,14861224,14861224,https://find-and-update.company-information.service.gov.uk/search/companies?q=Arbuthnot+Banking+Group+PLC,https://find-and-update.company-information.service.gov.uk/search/companies?q=Arbuthnot+Banking+Group+PLC,1620588679,15:31:19,20210509
97,1994-06-30,ARBB.L,GBP,1994-06-30,1994-06-30,Q2,7500.0,0.0,0.0,0.0,0.0,0.0,0.0,0.0,0.0,0.0,0.0,162000.0,0.0,0.0,0.0,0.0,0.0,2103500.0,280.46666666666664,602500.0,1501000.0,200.13333333333333,0.10107875,0.10107875,14861224,14861224,https://find-and-update.company-information.service.gov.uk/search/companies?q=Arbuthnot+Banking+Group+PLC,https://find-and-update.company-information.service.gov.uk/search/companies?q=Arbuthnot+Banking+Group+PLC,1620588679,15:31:19,20210509
98,1994-03-31,ARBB.L,GBP,1994-03-31,1994-03-31,Q1,7500.0,0.0,0.0,0.0,0.0,0.0,0.0,0.0,0.0,0.0,0.0,162000.0,0.0,0.0,0.0,0.0,0.0,2103500.0,280.46666666666664,602500.0,1501000.0,200.13333333333333,0.10107875,0.10107875,14861224,14861224,https://find-and-update.company-information.service.gov.uk/search/companies?q=Arbuthnot+Banking+Group+PLC,https://find-and-update.company-information.service.gov.uk/search/companies?q=Arbuthnot+Banking+Group+PLC,1620588679,15:31:19,20210509
99,1994-01-31,ARBB.L,GBP,1994-01-31,1994-01-31,Q1,7500.0,0.0,0.0,0.0,0.0,0.0,0.0,0.0,0.0,0.0,0.0,162000.0,0.0,0.0,0.0,0.0,0.0,2103500.0,280.46666666666664,602500.0,1501000.0,200.13333333333333,0.10107875,0.10107875,14861224,14861224,https://find-and-update.company-information.service.gov.uk/search/companies?q=Arbuthnot+Banking+Group+PLC,https://find-and-update.company-information.service.gov.uk/search/companies?q=Arbuthnot+Banking+Group+PLC,1620588679,15:31:19,20210509
100,1993-09-30,ARBB.L,GBP,1993-09-30,1993-09-30,Q3,5250.0,0.0,0.0,0.0,0.0,0.0,0.0,0.0,0.0,0.0,0.0,117000.0,0.0,0.0,0.0,0.0,0.0,1902750.0,362.42857142857144,615250.0,1278250.0,243.47619047619048,0.08847475,0.08847475,14430288,14430288,https://find-and-update.company-information.service.gov.uk/search/companies?q=Arbuthnot+Banking+Group+PLC,https://find-and-update.company-information.service.gov.uk/search/companies?q=Arbuthnot+Banking+Group+PLC,1620588679,15:31:19,20210509
101,1993-06-30,ARBB.L,GBP,1993-06-30,1993-06-30,Q2,5250.0,0.0,0.0,0.0,0.0,0.0,0.0,0.0,0.0,0.0,0.0,117000.0,0.0,0.0,0.0,0.0,0.0,1902750.0,362.42857142857144,615250.0,1278250.0,243.47619047619048,0.08847475,0.08847475,14430288,14430288,https://find-and-update.company-information.service.gov.uk/search/companies?q=Arbuthnot+Banking+Group+PLC,https://find-and-update.company-information.service.gov.uk/search/companies?q=Arbuthnot+Banking+Group+PLC,1620588679,15:31:19,20210509
102,1993-03-31,ARBB.L,GBP,1993-03-31,1993-03-31,Q1,5250.0,0.0,0.0,0.0,0.0,0.0,0.0,0.0,0.0,0.0,0.0,117000.0,0.0,0.0,0.0,0.0,0.0,1902750.0,362.42857142857144,615250.0,1278250.0,243.47619047619048,0.08847475,0.08847475,14430288,14430288,https://find-and-update.company-information.service.gov.uk/search/companies?q=Arbuthnot+Banking+Group+PLC,https://find-and-update.company-information.service.gov.uk/search/companies?q=Arbuthnot+Banking+Group+PLC,1620588679,15:31:19,20210509
103,1993-01-31,ARBB.L,GBP,1993-01-31,1993-01-31,Q1,5250.0,0.0,0.0,0.0,0.0,0.0,0.0,0.0,0.0,0.0,0.0,117000.0,0.0,0.0,0.0,0.0,0.0,1902750.0,362.42857142857144,615250.0,1278250.0,243.47619047619048,0.08847475,0.08847475,14430288,14430288,https://find-and-update.company-information.service.gov.uk/search/companies?q=Arbuthnot+Banking+Group+PLC,https://find-and-update.company-information.service.gov.uk/search/companies?q=Arbuthnot+Banking+Group+PLC,1620588679,15:31:19,20210509
104,1992-09-30,ARBB.L,GBP,1992-09-30,1992-09-30,Q3,3750.0,0.0,0.0,0.0,0.0,0.0,0.0,0.0,0.0,0.0,0.0,100250.0,0.0,0.0,0.0,0.0,0.0,1828750.0,487.6666666666667,604250.0,1220750.0,325.53333333333336,0.08476775,0.08476775,14387801,14387801,https://find-and-update.company-information.service.gov.uk/search/companies?q=Arbuthnot+Banking+Group+PLC,https://find-and-update.company-information.service.gov.uk/search/companies?q=Arbuthnot+Banking+Group+PLC,1620588679,15:31:19,20210509
105,1992-06-30,ARBB.L,GBP,1992-06-30,1992-06-30,Q2,3750.0,0.0,0.0,0.0,0.0,0.0,0.0,0.0,0.0,0.0,0.0,100250.0,0.0,0.0,0.0,0.0,0.0,1828750.0,487.6666666666667,604250.0,1220750.0,325.53333333333336,0.08476775,0.08476775,14387801,14387801,https://find-and-update.company-information.service.gov.uk/search/companies?q=Arbuthnot+Banking+Group+PLC,https://find-and-update.company-information.service.gov.uk/search/companies?q=Arbuthnot+Banking+Group+PLC,1620588679,15:31:19,20210509
106,1992-03-31,ARBB.L,GBP,1992-03-31,1992-03-31,Q1,3750.0,0.0,0.0,0.0,0.0,0.0,0.0,0.0,0.0,0.0,0.0,100250.0,0.0,0.0,0.0,0.0,0.0,1828750.0,487.6666666666667,604250.0,1220750.0,325.53333333333336,0.08476775,0.08476775,14387801,14387801,https://find-and-update.company-information.service.gov.uk/search/companies?q=Arbuthnot+Banking+Group+PLC,https://find-and-update.company-information.service.gov.uk/search/companies?q=Arbuthnot+Banking+Group+PLC,1620588679,15:31:19,20210509
107,1992-01-31,ARBB.L,GBP,1992-01-31,1992-01-31,Q1,3750.0,0.0,0.0,0.0,0.0,0.0,0.0,0.0,0.0,0.0,0.0,100250.0,0.0,0.0,0.0,0.0,0.0,1828750.0,487.6666666666667,604250.0,1220750.0,325.53333333333336,0.08476775,0.08476775,14387801,14387801,https://find-and-update.company-information.service.gov.uk/search/companies?q=Arbuthnot+Banking+Group+PLC,https://find-and-update.company-information.service.gov.uk/search/companies?q=Arbuthnot+Banking+Group+PLC,1620588679,15:31:19,20210509
108,1991-09-30,ARBB.L,GBP,1991-09-30,1991-09-30,Q3,3750.0,0.0,0.0,0.0,0.0,0.0,0.0,0.0,0.0,0.0,0.0,77250.0,0.0,0.0,0.0,0.0,0.0,1677500.0,447.3333333333333,0.0,0.0,0.0,0.0,0.0,14351384,14351384,https://find-and-update.company-information.service.gov.uk/search/companies?q=Arbuthnot+Banking+Group+PLC,https://find-and-update.company-information.service.gov.uk/search/companies?q=Arbuthnot+Banking+Group+PLC,1620588679,15:31:19,20210509
109,1991-06-30,ARBB.L,GBP,1991-06-30,1991-06-30,Q2,3750.0,0.0,0.0,0.0,0.0,0.0,0.0,0.0,0.0,0.0,0.0,77250.0,0.0,0.0,0.0,0.0,0.0,1677500.0,447.3333333333333,0.0,0.0,0.0,0.0,0.0,14351384,14351384,https://find-and-update.company-information.service.gov.uk/search/companies?q=Arbuthnot+Banking+Group+PLC,https://find-and-update.company-information.service.gov.uk/search/companies?q=Arbuthnot+Banking+Group+PLC,1620588679,15:31:19,20210509
110,1991-03-31,ARBB.L,GBP,1991-03-31,1991-03-31,Q1,3750.0,0.0,0.0,0.0,0.0,0.0,0.0,0.0,0.0,0.0,0.0,77250.0,0.0,0.0,0.0,0.0,0.0,1677500.0,447.3333333333333,0.0,0.0,0.0,0.0,0.0,14351384,14351384,https://find-and-update.company-information.service.gov.uk/search/companies?q=Arbuthnot+Banking+Group+PLC,https://find-and-update.company-information.service.gov.uk/search/companies?q=Arbuthnot+Banking+Group+PLC,1620588679,15:31:19,20210509
111,1991-01-31,ARBB.L,GBP,1991-01-31,1991-01-31,Q1,3750.0,0.0,0.0,0.0,0.0,0.0,0.0,0.0,0.0,0.0,0.0,77250.0,0.0,0.0,0.0,0.0,0.0,1677500.0,447.3333333333333,0.0,0.0,0.0,0.0,0.0,14351384,14351384,https://find-and-update.company-information.service.gov.uk/search/companies?q=Arbuthnot+Banking+Group+PLC,https://find-and-update.company-information.service.gov.uk/search/companies?q=Arbuthnot+Banking+Group+PLC,1620588679,15:31:19,20210509
112,1990-09-30,ARBB.L,GBP,1990-09-30,1990-09-30,Q3,1500.0,0.0,0.0,0.0,0.0,0.0,0.0,0.0,0.0,0.0,0.0,56750.0,0.0,0.0,0.0,0.0,0.0,1507500.0,1005.0,0.0,0.0,0.0,0.0,0.0,14367570,14367570,https://find-and-update.company-information.service.gov.uk/search/companies?q=Arbuthnot+Banking+Group+PLC,https://find-and-update.company-information.service.gov.uk/search/companies?q=Arbuthnot+Banking+Group+PLC,1620588679,15:31:19,20210509
113,1990-06-30,ARBB.L,GBP,1990-06-30,1990-06-30,Q2,1500.0,0.0,0.0,0.0,0.0,0.0,0.0,0.0,0.0,0.0,0.0,56750.0,0.0,0.0,0.0,0.0,0.0,1507500.0,1005.0,0.0,0.0,0.0,0.0,0.0,14367570,14367570,https://find-and-update.company-information.service.gov.uk/search/companies?q=Arbuthnot+Banking+Group+PLC,https://find-and-update.company-information.service.gov.uk/search/companies?q=Arbuthnot+Banking+Group+PLC,1620588679,15:31:19,20210509
114,1990-03-31,ARBB.L,GBP,1990-03-31,1990-03-31,Q1,1500.0,0.0,0.0,0.0,0.0,0.0,0.0,0.0,0.0,0.0,0.0,56750.0,0.0,0.0,0.0,0.0,0.0,1507500.0,1005.0,0.0,0.0,0.0,0.0,0.0,14367570,14367570,https://find-and-update.company-information.service.gov.uk/search/companies?q=Arbuthnot+Banking+Group+PLC,https://find-and-update.company-information.service.gov.uk/search/companies?q=Arbuthnot+Banking+Group+PLC,1620588679,15:31:19,20210509
115,1990-01-31,ARBB.L,GBP,1990-01-31,1990-01-31,Q1,1500.0,0.0,0.0,0.0,0.0,0.0,0.0,0.0,0.0,0.0,0.0,56750.0,0.0,0.0,0.0,0.0,0.0,1507500.0,1005.0,0.0,0.0,0.0,0.0,0.0,14367570,14367570,https://find-and-update.company-information.service.gov.uk/search/companies?q=Arbuthnot+Banking+Group+PLC,https://find-and-update.company-information.service.gov.uk/search/companies?q=Arbuthnot+Banking+Group+PLC,1620588679,15:31:19,20210509
116,1989-09-30,ARBB.L,GBP,1989-09-30,1989-09-30,Q3,1000.0,0.0,0.0,0.0,0.0,0.0,0.0,0.0,0.0,0.0,0.0,49250.0,0.0,0.0,0.0,0.0,0.0,1127750.0,1127.75,0.0,0.0,0.0,0.0,0.0,14367570,14367570,https://find-and-update.company-information.service.gov.uk/search/companies?q=Arbuthnot+Banking+Group+PLC,https://find-and-update.company-information.service.gov.uk/search/companies?q=Arbuthnot+Banking+Group+PLC,1620588679,15:31:19,20210509
117,1989-06-30,ARBB.L,GBP,1989-06-30,1989-06-30,Q2,1000.0,0.0,0.0,0.0,0.0,0.0,0.0,0.0,0.0,0.0,0.0,49250.0,0.0,0.0,0.0,0.0,0.0,1127750.0,1127.75,0.0,0.0,0.0,0.0,0.0,14367570,14367570,https://find-and-update.company-information.service.gov.uk/search/companies?q=Arbuthnot+Banking+Group+PLC,https://find-and-update.company-information.service.gov.uk/search/companies?q=Arbuthnot+Banking+Group+PLC,1620588679,15:31:19,20210509
118,1989-03-31,ARBB.L,GBP,1989-03-31,1989-03-31,Q1,1000.0,0.0,0.0,0.0,0.0,0.0,0.0,0.0,0.0,0.0,0.0,49250.0,0.0,0.0,0.0,0.0,0.0,1127750.0,1127.75,0.0,0.0,0.0,0.0,0.0,14367570,14367570,https://find-and-update.company-information.service.gov.uk/search/companies?q=Arbuthnot+Banking+Group+PLC,https://find-and-update.company-information.service.gov.uk/search/companies?q=Arbuthnot+Banking+Group+PLC,1620588679,15:31:19,20210509
119,1989-01-31,ARBB.L,GBP,1989-01-31,1989-01-31,Q1,1000.0,0.0,0.0,0.0,0.0,0.0,0.0,0.0,0.0,0.0,0.0,49250.0,0.0,0.0,0.0,0.0,0.0,1127750.0,1127.75,0.0,0.0,0.0,0.0,0.0,14367570,14367570,https://find-and-update.company-information.service.gov.uk/search/companies?q=Arbuthnot+Banking+Group+PLC,https://find-and-update.company-information.service.gov.uk/search/companies?q=Arbuthnot+Banking+Group+PLC,1620588679,15:31:19,20210509
120,1988-09-30,ARBB.L,GBP,1988-09-30,1988-09-30,Q3,750.0,0.0,0.0,0.0,0.0,0.0,0.0,0.0,0.0,0.0,0.0,42000.0,0.0,0.0,0.0,0.0,0.0,776250.0,1035.0,0.0,0.0,0.0,0.0,0.0,14367570,14367570,https://find-and-update.company-information.service.gov.uk/search/companies?q=Arbuthnot+Banking+Group+PLC,https://find-and-update.company-information.service.gov.uk/search/companies?q=Arbuthnot+Banking+Group+PLC,1620588679,15:31:19,20210509
121,1988-06-30,ARBB.L,GBP,1988-06-30,1988-06-30,Q2,750.0,0.0,0.0,0.0,0.0,0.0,0.0,0.0,0.0,0.0,0.0,42000.0,0.0,0.0,0.0,0.0,0.0,776250.0,1035.0,0.0,0.0,0.0,0.0,0.0,14367570,14367570,https://find-and-update.company-information.service.gov.uk/search/companies?q=Arbuthnot+Banking+Group+PLC,https://find-and-update.company-information.service.gov.uk/search/companies?q=Arbuthnot+Banking+Group+PLC,1620588679,15:31:19,20210509
122,1988-03-31,ARBB.L,GBP,1988-03-31,1988-03-31,Q1,750.0,0.0,0.0,0.0,0.0,0.0,0.0,0.0,0.0,0.0,0.0,42000.0,0.0,0.0,0.0,0.0,0.0,776250.0,1035.0,0.0,0.0,0.0,0.0,0.0,14367570,14367570,https://find-and-update.company-information.service.gov.uk/search/companies?q=Arbuthnot+Banking+Group+PLC,https://find-and-update.company-information.service.gov.uk/search/companies?q=Arbuthnot+Banking+Group+PLC,1620588679,15:31:19,20210509
123,1988-01-31,ARBB.L,GBP,1988-01-31,1988-01-31,Q1,750.0,0.0,0.0,0.0,0.0,0.0,0.0,0.0,0.0,0.0,0.0,42000.0,0.0,0.0,0.0,0.0,0.0,776250.0,1035.0,0.0,0.0,0.0,0.0,0.0,14367570,14367570,https://find-and-update.company-information.service.gov.uk/search/companies?q=Arbuthnot+Banking+Group+PLC,https://find-and-update.company-information.service.gov.uk/search/companies?q=Arbuthnot+Banking+Group+PLC,1620588679,15:31:19,20210509
124,1987-09-30,ARBB.L,GBP,1987-09-30,1987-09-30,Q3,250.0,0.0,0.0,0.0,0.0,0.0,0.0,0.0,0.0,0.0,0.0,37750.0,0.0,0.0,0.0,0.0,0.0,576000.0,2304.0,0.0,0.0,0.0,0.0,0.0,14979812,14979812,https://find-and-update.company-information.service.gov.uk/search/companies?q=Arbuthnot+Banking+Group+PLC,https://find-and-update.company-information.service.gov.uk/search/companies?q=Arbuthnot+Banking+Group+PLC,1620588679,15:31:19,20210509
125,1987-06-30,ARBB.L,GBP,1987-06-30,1987-06-30,Q2,250.0,0.0,0.0,0.0,0.0,0.0,0.0,0.0,0.0,0.0,0.0,37750.0,0.0,0.0,0.0,0.0,0.0,576000.0,2304.0,0.0,0.0,0.0,0.0,0.0,14979812,14979812,https://find-and-update.company-information.service.gov.uk/search/companies?q=Arbuthnot+Banking+Group+PLC,https://find-and-update.company-information.service.gov.uk/search/companies?q=Arbuthnot+Banking+Group+PLC,1620588679,15:31:19,20210509
126,1987-03-31,ARBB.L,GBP,1987-03-31,1987-03-31,Q1,250.0,0.0,0.0,0.0,0.0,0.0,0.0,0.0,0.0,0.0,0.0,37750.0,0.0,0.0,0.0,0.0,0.0,576000.0,2304.0,0.0,0.0,0.0,0.0,0.0,14979812,14979812,https://find-and-update.company-information.service.gov.uk/search/companies?q=Arbuthnot+Banking+Group+PLC,https://find-and-update.company-information.service.gov.uk/search/companies?q=Arbuthnot+Banking+Group+PLC,1620588679,15:31:19,20210509
127,1987-01-31,ARBB.L,GBP,1987-01-31,1987-01-31,Q1,250.0,0.0,0.0,0.0,0.0,0.0,0.0,0.0,0.0,0.0,0.0,37750.0,0.0,0.0,0.0,0.0,0.0,576000.0,2304.0,0.0,0.0,0.0,0.0,0.0,14979812,14979812,https://find-and-update.company-information.service.gov.uk/search/companies?q=Arbuthnot+Banking+Group+PLC,https://find-and-update.company-information.service.gov.uk/search/companies?q=Arbuthnot+Banking+Group+PLC,1620588679,15:31:19,20210509
128,1986-09-30,ARBB.L,GBP,1986-09-30,1986-09-30,Q3,0.0,0.0,0.0,0.0,0.0,0.0,0.0,0.0,0.0,0.0,0.0,29750.0,0.0,0.0,0.0,0.0,0.0,423250.0,0.0,0.0,0.0,0.0,0.0,0.0,14979812,14979812,https://find-and-update.company-information.service.gov.uk/search/companies?q=Arbuthnot+Banking+Group+PLC,https://find-and-update.company-information.service.gov.uk/search/companies?q=Arbuthnot+Banking+Group+PLC,1620588679,15:31:19,20210509
129,1986-06-30,ARBB.L,GBP,1986-06-30,1986-06-30,Q2,0.0,0.0,0.0,0.0,0.0,0.0,0.0,0.0,0.0,0.0,0.0,29750.0,0.0,0.0,0.0,0.0,0.0,423250.0,0.0,0.0,0.0,0.0,0.0,0.0,14979812,14979812,https://find-and-update.company-information.service.gov.uk/search/companies?q=Arbuthnot+Banking+Group+PLC,https://find-and-update.company-information.service.gov.uk/search/companies?q=Arbuthnot+Banking+Group+PLC,1620588679,15:31:19,20210509
130,1986-03-31,ARBB.L,GBP,1986-03-31,1986-03-31,Q1,0.0,0.0,0.0,0.0,0.0,0.0,0.0,0.0,0.0,0.0,0.0,29750.0,0.0,0.0,0.0,0.0,0.0,423250.0,0.0,0.0,0.0,0.0,0.0,0.0,14979812,14979812,https://find-and-update.company-information.service.gov.uk/search/companies?q=Arbuthnot+Banking+Group+PLC,https://find-and-update.company-information.service.gov.uk/search/companies?q=Arbuthnot+Banking+Group+PLC,1620588679,15:31:19,20210509
131,1986-01-31,ARBB.L,GBP,1986-01-31,1986-01-31,Q1,0.0,0.0,0.0,0.0,0.0,0.0,0.0,0.0,0.0,0.0,0.0,29750.0,0.0,0.0,0.0,0.0,0.0,423250.0,0.0,0.0,0.0,0.0,0.0,0.0,14979812,14979812,https://find-and-update.company-information.service.gov.uk/search/companies?q=Arbuthnot+Banking+Group+PLC,https://find-and-update.company-information.service.gov.uk/search/companies?q=Arbuthnot+Banking+Group+PLC,1620588679,15:31:19,20210509
132,1985-09-30,ARBB.L,GBP,1985-09-30,1985-09-30,Q3,0.0,0.0,0.0,0.0,0.0,0.0,0.0,0.0,0.0,0.0,0.0,25000.0,0.0,0.0,0.0,0.0,0.0,603750.0,0.0,0.0,0.0,0.0,0.0,0.0,14979812,14979812,https://find-and-update.company-information.service.gov.uk/search/companies?q=Arbuthnot+Banking+Group+PLC,https://find-and-update.company-information.service.gov.uk/search/companies?q=Arbuthnot+Banking+Group+PLC,1620588679,15:31:19,20210509
133,1985-06-30,ARBB.L,GBP,1985-06-30,1985-06-30,Q2,0.0,0.0,0.0,0.0,0.0,0.0,0.0,0.0,0.0,0.0,0.0,25000.0,0.0,0.0,0.0,0.0,0.0,603750.0,0.0,0.0,0.0,0.0,0.0,0.0,14979812,14979812,https://find-and-update.company-information.service.gov.uk/search/companies?q=Arbuthnot+Banking+Group+PLC,https://find-and-update.company-information.service.gov.uk/search/companies?q=Arbuthnot+Banking+Group+PLC,1620588679,15:31:19,20210509
134,1985-03-31,ARBB.L,GBP,1985-03-31,1985-03-31,Q1,0.0,0.0,0.0,0.0,0.0,0.0,0.0,0.0,0.0,0.0,0.0,25000.0,0.0,0.0,0.0,0.0,0.0,603750.0,0.0,0.0,0.0,0.0,0.0,0.0,14979812,14979812,https://find-and-update.company-information.service.gov.uk/search/companies?q=Arbuthnot+Banking+Group+PLC,https://find-and-update.company-information.service.gov.uk/search/companies?q=Arbuthnot+Banking+Group+PLC,1620588679,15:31:19,20210509
135,1985-01-31,ARBB.L,GBP,1985-01-31,1985-01-31,Q1,0.0,0.0,0.0,0.0,0.0,0.0,0.0,0.0,0.0,0.0,0.0,25000.0,0.0,0.0,0.0,0.0,0.0,603750.0,0.0,0.0,0.0,0.0,0.0,0.0,14979812,14979812,https://find-and-update.company-information.service.gov.uk/search/companies?q=Arbuthnot+Banking+Group+PLC,https://find-and-update.company-information.service.gov.uk/search/companies?q=Arbuthnot+Banking+Group+PLC,1620588679,15:31:19,20210509
