,date,symbol,reportedCurrency,fillingDate,acceptedDate,period,revenue,costOfRevenue,grossProfit,grossProfitRatio,researchAndDevelopmentExpenses,generalAndAdministrativeExpenses,sellingAndMarketingExpenses,otherExpenses,operatingExpenses,costAndExpenses,interestExpense,depreciationAndAmortization,ebitda,ebitdaratio,operatingIncome,operatingIncomeRatio,totalOtherIncomeExpensesNet,incomeBeforeTax,incomeBeforeTaxRatio,incomeTaxExpense,netIncome,netIncomeRatio,eps,epsdiluted,weightedAverageShsOut,weightedAverageShsOutDil,link,finalLink,timestamp,est_time,est_date
0,2020-03-31,TLP,USD,2020-05-08 00:00:00,2020-05-08 17:14:34,Q1,68841000.0,0.0,68841000.0,1.0,0.0,6317000.0,0.0,11976000.0,18293000.0,48714000.0,0.0,14284000.0,36564000.0,0.5311369677953545,22280000.0,0.3236443398556093,0.0,12423000.0,0.18045931930099796,0.0,12423000.0,0.18045931930099796,0.7613998529051238,0.7613998529051238,16316000.0,16316000.0,https://www.sec.gov/Archives/edgar/data/1319229/000155837020006053/0001558370-20-006053-index.html,https://www.sec.gov/Archives/edgar/data/1319229/000155837020006053/tlp-20200331x10q.htm,1620598865,18:21:05,20210509
1,2019-12-31,TLP,USD,2020-03-13 00:00:00,2020-03-13 17:30:06,Q4,70232000.0,26838000.0,43394000.0,0.6178664996013213,0.0,5681000.0,0.0,40868000.0,46549000.0,47948000.0,-29675000.0,14053000.0,37390000.0,0.5323784030071762,23337000.0,0.33228442875042713,0.0,14159000.0,0.20160325777423396,0.0,14159000.0,0.20160325777423396,0.8677984800196127,0.8677984800196127,16316000.0,16316000.0,https://www.sec.gov/Archives/edgar/data/1319229/000155837020002693/0001558370-20-002693-index.html,https://www.sec.gov/Archives/edgar/data/1319229/000155837020002693/tlp-20191231x10k.htm,1620598865,18:21:05,20210509
2,2019-09-30,TLP,USD,2019-11-08 00:00:00,2019-11-08 17:12:34,Q3,66573000.0,24395000.0,42178000.0,0.6335601520135791,0.0,4603000.0,0.0,1616000.0,6219000.0,43976000.0,9743000.0,13998000.0,38071000.0,0.5718684752076668,24073000.0,0.3616030522884653,0.0,14330000.0,0.21525242966367747,0.0,14330000.0,0.21525242966367747,0.8782789899485168,0.8782789899485168,16316000.0,16316000.0,https://www.sec.gov/Archives/edgar/data/1319229/000155837019010626/0001558370-19-010626-index.html,https://www.sec.gov/Archives/edgar/data/1319229/000155837019010626/ntra-20190930x10q.htm,1620598865,18:21:05,20210509
3,2019-06-30,TLP,USD,2019-08-09 00:00:00,2019-08-09 17:03:11,Q2,67593000.0,31989000.0,35604000.0,0.5267409347121743,0.0,5706000.0,0.0,-10341000.0,6424000.0,52387000.0,11090000.0,13813000.0,33595000.0,0.49701892207772996,19782000.0,0.2926634414806267,0.0,9441000.0,0.13967422662109982,0.0,9441000.0,0.13967422662109982,0.578634469232655,0.578634469232655,16316000.0,16316000.0,https://www.sec.gov/Archives/edgar/data/1319229/000155837019007919/0001558370-19-007919-index.html,https://www.sec.gov/Archives/edgar/data/1319229/000155837019007919/tlp-20190630x10q.htm,1620598865,18:21:05,20210509
4,2019-03-31,TLP,USD,2019-05-10 00:00:00,2019-05-10 13:57:57,Q1,58644000.0,19800000.0,38844000.0,0.6623695518723143,0.0,7670000.0,0.0,11751000.0,19421000.0,42209000.0,8842000.0,13328000.0,30903000.0,0.5269592797217106,17575000.0,0.2996896528204079,0.0,7984000.0,0.1361435099924971,0.0,7984000.0,0.1361435099924971,0.4893356214758519,0.4893356214758519,16316000.0,16316000.0,https://www.sec.gov/Archives/edgar/data/1319229/000155837019004819/0001558370-19-004819-index.html,https://www.sec.gov/Archives/edgar/data/1319229/000155837019004819/tlp-20190331x10q.htm,1620598865,18:21:05,20210509
5,2018-12-31,TLP,USD,2019-03-15 00:00:00,2019-03-15 17:19:30,Q4,59155000.0,22698000.0,36457000.0,0.6162961710759868,0.0,7058000.0,0.0,10952000.0,18010000.0,44683000.0,8558000.0,12882000.0,29011000.0,0.49042346378159074,16129000.0,0.2726565801707379,0.0,6946000.0,0.11742033640436142,0.0,6946000.0,0.11742033640436142,0.42572,0.42572,16316000.0,16316000.0,https://www.sec.gov/Archives/edgar/data/1319229/000155837019002173/0001558370-19-002173-index.html,https://www.sec.gov/Archives/edgar/data/1319229/000155837019002173/tlp-20181231x10k.htm,1620598865,18:21:05,20210509
6,2018-09-30,TLP,USD,2018-11-08 00:00:00,2018-11-08 08:16:24,Q3,57150000.0,19910000.0,37240000.0,0.6516185476815398,0.0,4957000.0,0.0,10940000.0,15897000.0,38887000.0,8608000.0,12932000.0,33057000.0,0.5784251968503937,20125000.0,0.3521434820647419,0.0,10895000.0,0.19063867016622923,0.0,10895000.0,0.19063867016622923,0.66791,0.66791,16312000.0,16312000.0,https://www.sec.gov/Archives/edgar/data/1319229/000155837018008901/0001558370-18-008901-index.html,https://www.sec.gov/Archives/edgar/data/1319229/000155837018008901/tlp-20180930x10q.htm,1620598865,18:21:05,20210509
7,2018-06-30,TLP,USD,2018-08-09 00:00:00,2018-08-09 08:17:31,Q2,55344000.0,19275000.0,36069000.0,0.6517237640936687,0.0,4619000.0,0.0,11274000.0,15893000.0,38766000.0,8273000.0,14449000.0,33471000.0,0.6047810060711188,19022000.0,0.34370482798496677,0.0,9460000.0,0.17093090488580515,0.0,9460000.0,0.17093090488580515,0.58001,0.58001,16310000.0,16310000.0,https://www.sec.gov/Archives/edgar/data/1319229/000155837018006837/0001558370-18-006837-index.html,https://www.sec.gov/Archives/edgar/data/1319229/000155837018006837/tlp-20180630x10q.htm,1620598865,18:21:05,20210509
8,2018-03-31,TLP,USD,2018-05-09 00:00:00,2018-05-09 08:30:10,Q1,56444000.0,20145000.0,36299000.0,0.6430975834455389,0.0,4981000.0,0.0,10225000.0,15206000.0,40197000.0,6461000.0,12309000.0,31445000.0,0.5571008433137269,19136000.0,0.3390262915456027,0.0,12174000.0,0.21568280065197365,0.0,12174000.0,0.21568280065197365,0.52,0.52,16310000.0,16310000.0,https://www.sec.gov/Archives/edgar/data/1319229/000155837018004414/0001558370-18-004414-index.html,https://www.sec.gov/Archives/edgar/data/1319229/000155837018004414/tlp-20180331x10q.htm,1620598865,18:21:05,20210509
9,2017-12-31,TLP,USD,2018-03-15 00:00:00,2018-03-15 08:55:58,Q4,47609000.0,17486000.0,30123000.0,0.6327165031821714,0.0,6135000.0,0.0,7826000.0,13961000.0,34038000.0,3140000.0,9917000.0,23488000.0,0.4933520972925287,13571000.0,0.28505114579176205,0.0,10095000.0,0.21203974038522128,0.0,10095000.0,0.21203974038522128,0.62093,0.62093,16258000.0,16258000.0,https://www.sec.gov/Archives/edgar/data/1319229/000155837018002091/0001558370-18-002091-index.html,https://www.sec.gov/Archives/edgar/data/1319229/000155837018002091/tlp-20171231x10k.htm,1620598865,18:21:05,20210509
10,2017-09-30,TLP,USD,2017-11-08 00:00:00,2017-11-08 16:29:49,Q3,45449000.0,17719000.0,27730000.0,0.610134436401241,0.0,5247000.0,0.0,3520000.0,8767000.0,31507000.0,2656000.0,9202000.0,23144000.0,0.5092301260753812,13942000.0,0.30676142489383706,0.0,10966000.0,0.24128143633523289,0.0,10966000.0,0.24128143633523289,0.67454,0.67454,16257000.0,16257000.0,https://www.sec.gov/Archives/edgar/data/1319229/000155837017008560/0001558370-17-008560-index.html,https://www.sec.gov/Archives/edgar/data/1319229/000155837017008560/tlp-20170930x10q.htm,1620598865,18:21:05,20210509
11,2017-06-30,TLP,USD,2017-08-08 00:00:00,2017-08-08 08:13:49,Q2,45364000.0,15984000.0,29380000.0,0.647650119037122,0.0,4080000.0,0.0,3148000.0,7228000.0,28090000.0,2525000.0,9063000.0,26337000.0,0.5805704964288864,17274000.0,0.38078652676130853,0.0,14478000.0,0.31915175028657083,0.0,14478000.0,0.31915175028657083,0.89079,0.89079,16253000.0,16253000.0,https://www.sec.gov/Archives/edgar/data/1319229/000155837017006216/0001558370-17-006216-index.html,https://www.sec.gov/Archives/edgar/data/1319229/000155837017006216/tlp-20170630x10q.htm,1620598865,18:21:05,20210509
12,2017-03-31,TLP,USD,2017-05-09 00:00:00,2017-05-09 08:19:49,Q1,44850000.0,16511000.0,28339000.0,0.6318617614269788,0.0,3971000.0,0.0,4263000.0,8234000.0,29450000.0,2152000.0,8999000.0,24399000.0,0.5440133779264215,15400000.0,0.3433667781493868,0.0,12954000.0,0.2888294314381271,0.0,12954000.0,0.2888294314381271,0.62,0.62,16253000.0,16253000.0,https://www.sec.gov/Archives/edgar/data/1319229/000155837017003887/0001558370-17-003887-index.html,https://www.sec.gov/Archives/edgar/data/1319229/000155837017003887/tlp-20170331x10q.htm,1620598865,18:21:05,20210509
13,2016-12-31,TLP,USD,2017-03-14 00:00:00,2017-03-14 08:41:58,Q4,42524000.0,17758000.0,24766000.0,0.5824005267613583,0.0,11898000.0,0.0,-27959000.0,4738000.0,27959000.0,1160000.0,8419000.0,22984000.0,0.5404947794186812,14565000.0,0.3425124635499953,0.0,13201000.0,0.31043645941115605,0.0,13201000.0,0.31043645941115605,0.81437,0.81437,16210000.0,16210000.0,https://www.sec.gov/Archives/edgar/data/1319229/000155837017001734/0001558370-17-001734-index.html,https://www.sec.gov/Archives/edgar/data/1319229/000155837017001734/tlp-20161231x10k.htm,1620598865,18:21:05,20210509
14,2016-09-30,TLP,USD,2016-11-08 00:00:00,2016-11-08 08:29:12,Q3,40638000.0,17048000.0,23590000.0,0.5804911659038339,0.0,764000.0,0.0,4512000.0,5276000.0,27082000.0,1467000.0,8373000.0,21929000.0,0.539618091441508,13556000.0,0.3335794084354545,0.0,11885000.0,0.2924602588710074,0.0,11885000.0,0.2924602588710074,0.73346,0.73346,16204000.0,16204000.0,https://www.sec.gov/Archives/edgar/data/1319229/000155837016009621/0001558370-16-009621-index.html,https://www.sec.gov/Archives/edgar/data/1319229/000155837016009621/tlp-20160930x10q.htm,1620598865,18:21:05,20210509
15,2016-06-30,TLP,USD,2016-08-09 00:00:00,2016-08-09 08:19:01,Q2,45490000.0,22057000.0,23433000.0,0.5151242031215651,0.0,604000.0,0.0,8256000.0,8860000.0,28253000.0,2368000.0,8269000.0,21152000.0,0.46498131457463177,12883000.0,0.28320510002198285,0.0,10310000.0,0.226643218289734,0.0,10310000.0,0.226643218289734,0.6365,0.6365,16198000.0,16198000.0,https://www.sec.gov/Archives/edgar/data/1319229/000155837016007717/0001558370-16-007717-index.html,https://www.sec.gov/Archives/edgar/data/1319229/000155837016007717/tlp-20160630x10q.htm,1620598865,18:21:05,20210509
16,2016-03-31,TLP,USD,2016-05-05 00:00:00,2016-05-05 08:02:25,Q1,36272000.0,11552000.0,24720000.0,0.6815174239082488,0.0,1557000.0,0.0,2997000.0,4554000.0,28919000.0,2792000.0,8140000.0,19847000.0,0.5471713718570799,11707000.0,0.3227558447287164,0.0,8710000.0,0.24013012792236435,0.0,8710000.0,0.24013012792236435,0.41,0.41,16198000.0,16198000.0,https://www.sec.gov/Archives/edgar/data/1319229/000155837016005351/0001558370-16-005351-index.html,https://www.sec.gov/Archives/edgar/data/1319229/000155837016005351/tlp-20160331x10q.htm,1620598865,18:21:05,20210509
17,2015-12-31,TLP,USD,2016-03-10 00:00:00,2016-03-10 08:13:53,Q4,30361000.0,6603000.0,23758000.0,0.7825170448931195,0.0,763000.0,0.0,1480000.0,2243000.0,27163000.0,1313000.0,8293000.0,21440000.0,0.7061690985145417,13147000.0,0.43302262771318467,0.0,11667000.0,0.38427588024109877,0.0,11667000.0,0.38427588024109877,722.99684,722.99684,16137.0,16137.0,https://www.sec.gov/Archives/edgar/data/1319229/000155837016003961/0001558370-16-003961-index.html,https://www.sec.gov/Archives/edgar/data/1319229/000155837016003961/tlp-20151231x10k.htm,1620598865,18:21:05,20210509
18,2015-09-30,TLP,USD,2015-11-05 00:00:00,2015-11-05 08:07:00,Q3,27143000.0,6529000.0,20614000.0,0.7594591607412593,0.0,1117000.0,0.0,2365000.0,3482000.0,27192000.0,2198000.0,7878000.0,22280000.0,0.8208377850642892,14402000.0,0.530597207383119,0.0,7712000.0,0.28412482039568215,0.0,7712000.0,0.28412482039568215,0.478,0.478,16134000.0,16134000.0,https://www.sec.gov/Archives/edgar/data/1319229/000155837015002306/0001558370-15-002306-index.html,https://www.sec.gov/Archives/edgar/data/1319229/000155837015002306/tlp-20150930x10q.htm,1620598865,18:21:05,20210509
19,2015-06-30,TLP,USD,2015-08-06 00:00:00,2015-08-06 08:08:57,Q2,26754000.0,5592000.0,21162000.0,0.7909845256784033,0.0,672000.0,0.0,4325000.0,4997000.0,22778000.0,1943000.0,7601000.0,17532000.0,0.6553038797936757,9931000.0,0.37119683038050383,2257000.0,12188000.0,0.45555804739478206,0.0,12188000.0,0.45555804739478206,0.75533,0.75533,16136000.0,16136000.0,https://www.sec.gov/Archives/edgar/data/1319229/000155837015001448/0001558370-15-001448-index.html,https://www.sec.gov/Archives/edgar/data/1319229/000155837015001448/tlp-20150630x10q.htm,1620598865,18:21:05,20210509
20,2015-03-31,TLP,USD,2015-05-07 00:00:00,2015-05-07 07:58:54,Q1,25299000.0,2356000.0,22943000.0,0.906873789477845,0.0,1021000.0,0.0,-25518000.0,1021000.0,25518000.0,1942000.0,7652000.0,20031000.0,0.7917704257085261,12379000.0,0.4893078777817305,-2257000.0,10122000.0,0.40009486540969996,0.0,10122000.0,0.40009486540969996,0.62772,0.62772,16125000.0,16125000.0,https://www.sec.gov/Archives/edgar/data/1319229/000155837015000781/0001558370-15-000781-index.html,https://www.sec.gov/Archives/edgar/data/1319229/000155837015000781/tlp-20150331x10q.htm,1620598865,18:21:05,20210509
21,2014-12-31,TLP,USD,2015-03-12,2015-03-12 08:13:45,Q4,24682000.0,5616000.0,19066000.0,0.7724657645247549,0.0,1069000.0,0.0,-29022000.0,1069000.0,29022000.0,1817000.0,7569000.0,15494000.0,0.6277449153229073,7925000.0,0.32108419090835427,-2060000.0,5865000.0,0.237622558949842,0.0,5865000.0,0.237622558949842,0.36372,0.36372,16125000.0,16125000.0,https://www.sec.gov/Archives/edgar/data/1319229/000155837015000324/0001558370-15-000324-index.htm,https://www.sec.gov/Archives/edgar/data/1319229/000155837015000324/tlp-20141231x10k.htm,1620598865,18:21:05,20210509
22,2014-09-30,TLP,USD,2014-11-07 00:00:00,2014-11-07 07:56:12,Q3,22130000.0,2941000.0,19189000.0,0.8671034794396747,0.0,1086000.0,0.0,-27446000.0,1086000.0,27446000.0,1493000.0,7644000.0,15901000.0,0.7185268865793041,8257000.0,0.37311342069588793,-1737000.0,6520000.0,0.2946226841391776,0.0,6520000.0,0.2946226841391776,0.40434,0.40434,16125000.0,16125000.0,https://www.sec.gov/Archives/edgar/data/1319229/000155837014000345/0001558370-14-000345-index.html,https://www.sec.gov/Archives/edgar/data/1319229/000155837014000345/tlp-20140930x10q.htm,1620598865,18:21:05,20210509
23,2014-06-30,TLP,USD,2014-08-07 00:00:00,2014-08-07 08:02:22,Q2,15474000.0,7489000.0,7985000.0,0.5160268838050924,0.0,462000.0,0.0,-27049000.0,-16396000.0,27049000.0,1226000.0,7640000.0,19950000.0,1.2892594028693292,12310000.0,0.7955279824221274,-1470000.0,10840000.0,0.7005299211580716,0.0,10840000.0,0.7005299211580716,0.67225,0.67225,16125000.0,16125000.0,https://www.sec.gov/Archives/edgar/data/1319229/000155837014000108/0001558370-14-000108-index.html,https://www.sec.gov/Archives/edgar/data/1319229/000155837014000108/tlp-20140630x10q.htm,1620598865,18:21:05,20210509
24,2014-03-31,TLP,USD,2014-05-06 00:00:00,2014-05-06 08:04:22,Q1,13623000.0,9038000.0,4585000.0,0.3365631652352639,0.0,918000.0,0.0,3696000.0,4614000.0,27618000.0,953000.0,7644000.0,18079000.0,1.3270938853409675,10435000.0,0.7659839976510313,-1197000.0,9238000.0,0.6781178888644205,0.0,9238000.0,0.6781178888644205,0.5729,0.5729,16125000.0,16125000.0,https://www.sec.gov/Archives/edgar/data/1319229/000104746914004621/0001047469-14-004621-index.html,https://www.sec.gov/Archives/edgar/data/1319229/000104746914004621/a2219991z10-q.htm,1620598865,18:21:05,20210509
25,2013-12-31,TLP,USD,2014-03-11,2014-03-11 07:55:24,Q4,14829000.0,7862000.0,6967000.0,0.4698226448175872,0.0,959000.0,0.0,3676000.0,4635000.0,30336000.0,677000.0,7620000.0,17500000.0,1.1801200350664238,9880000.0,0.6662620540832154,-920000.0,8960000.0,0.6042214579540091,0.0,8960000.0,0.6042214579540091,0.55566,0.55566,16125000.0,16125000.0,https://www.sec.gov/Archives/edgar/data/1319229/000104746914002098/0001047469-14-002098-index.htm,https://www.sec.gov/Archives/edgar/data/1319229/000104746914002098/a2218768z10-k.htm,1620598865,18:21:05,20210509
26,2013-09-30,TLP,USD,2013-11-05 00:00:00,2013-11-05 08:02:16,Q3,12645000.0,7886000.0,4759000.0,0.3763542902332938,0.0,1201000.0,0.0,3676000.0,4877000.0,31589000.0,532000.0,7636000.0,14421000.0,1.1404507710557532,6785000.0,0.5365757216291024,81000.0,6004000.0,0.47481217872676945,0.0,6004000.0,0.47481217872676945,0.37234,0.37234,16125000.0,16125000.0,https://www.sec.gov/Archives/edgar/data/1319229/000104746913010249/0001047469-13-010249-index.html,https://www.sec.gov/Archives/edgar/data/1319229/000104746913010249/a2217235z10-q.htm,1620598865,18:21:05,20210509
27,2013-06-30,TLP,USD,2013-08-06 00:00:00,2013-08-06 08:03:57,Q2,12283000.0,9121000.0,3162000.0,0.25742896686477246,0.0,651000.0,0.0,3676000.0,4327000.0,29397000.0,784000.0,7704000.0,17005000.0,1.3844337702515672,9301000.0,0.7572254335260116,-172000.0,8224000.0,0.6695432711878205,0.0,8224000.0,0.6695432711878205,0.51002,0.51002,16125000.0,16125000.0,https://www.sec.gov/Archives/edgar/data/1319229/000104746913008105/0001047469-13-008105-index.html,https://www.sec.gov/Archives/edgar/data/1319229/000104746913008105/a2216158z10-q.htm,1620598865,18:21:05,20210509
28,2013-03-31,TLP,USD,2013-05-07 00:00:00,2013-05-07 07:55:09,Q1,14288000.0,10582000.0,3706000.0,0.25937849944008956,0.0,1100000.0,0.0,3698000.0,4798000.0,29138000.0,719000.0,7583000.0,20043000.0,1.4027855543113101,12460000.0,0.8720604703247481,174000.0,11538000.0,0.8075307950727884,0.0,11538000.0,0.8075307950727884,0.71553,0.71553,16125000.0,16125000.0,https://www.sec.gov/Archives/edgar/data/1319229/000104746913005611/0001047469-13-005611-index.html,https://www.sec.gov/Archives/edgar/data/1319229/000104746913005611/a2214882z10-q.htm,1620598865,18:21:05,20210509
29,2012-12-31,TLP,USD,2013-03-12 00:00:00,2013-03-12 08:04:59,Q4,11647000.0,8802000.0,2845000.0,0.24426891044904267,0.0,1203000.0,0.0,3593000.0,4796000.0,32121000.0,856000.0,7483000.0,15452000.0,1.3266935691594401,7969000.0,0.6842105263157895,-32000.0,6923000.0,0.5944019919292521,0.0,6923000.0,0.5944019919292521,0.42933,0.42933,16125000.0,16125000.0,https://www.sec.gov/Archives/edgar/data/1319229/000104746913002567/0001047469-13-002567-index.html,https://www.sec.gov/Archives/edgar/data/1319229/000104746913002567/a2213369z10-k.htm,1620598865,18:21:05,20210509
30,2012-09-30,TLP,USD,2012-11-06 00:00:00,2012-11-06 08:01:49,Q3,11292000.0,11412000.0,-120000.0,-0.010626992561105207,0.0,1204000.0,0.0,3592000.0,4796000.0,28174000.0,692000.0,7299000.0,17999000.0,1.5939603258944386,10700000.0,0.9475735033652143,130000.0,9853000.0,0.87256464753808,0.0,9853000.0,0.87256464753808,0.61104,0.61104,16125000.0,16125000.0,https://www.sec.gov/Archives/edgar/data/1319229/000104746912010095/0001047469-12-010095-index.html,https://www.sec.gov/Archives/edgar/data/1319229/000104746912010095/a2211601z10-q.htm,1620598865,18:21:05,20210509
31,2012-06-30,TLP,USD,2012-08-07 00:00:00,2012-08-07 07:55:55,Q2,11502000.0,24312000.0,-12810000.0,-1.1137193531559728,0.0,785000.0,0.0,3593000.0,2808000.0,25916000.0,648000.0,7127000.0,19653000.0,1.708659363588941,12526000.0,1.0890279951312816,-145000.0,11654000.0,1.0132150930272996,0.0,11654000.0,1.0132150930272996,0.72273,0.72273,16125000.0,16125000.0,https://www.sec.gov/Archives/edgar/data/1319229/000104746912007843/0001047469-12-007843-index.html,https://www.sec.gov/Archives/edgar/data/1319229/000104746912007843/a2210460z10-q.htm,1620598865,18:21:05,20210509
32,2012-03-31,TLP,USD,2012-05-08,2012-05-08 07:55:10,Q1,11308000.0,0.0,11308000.0,1.0,0.0,3188000.0,0.0,3592000.0,6780000.0,27885000.0,681000.0,7118000.0,18066000.0,1.5976299964626812,10948000.0,0.9681641315882561,238000.0,10142000.0,0.896887159533074,0.0,10142000.0,0.896887159533074,0.62896,0.62896,16125000.0,16125000.0,https://www.sec.gov/Archives/edgar/data/1319229/000104746912005507/0001047469-12-005507-index.htm,https://www.sec.gov/Archives/edgar/data/1319229/000104746912005507/a2209417z10-q.htm,1620598865,18:21:05,20210509
33,2011-12-31,TLP,USD,2012-03-13 00:00:00,2012-03-13 08:12:22,Q4,11042000.0,0.0,11042000.0,1.0,0.0,4703000.0,0.0,13756000.0,18459000.0,102172000.0,-486000.0,10481000.0,21955000.0,1.9883173338163376,11474000.0,1.0391233472197066,-974000.0,10500000.0,0.9509146893678682,0.0,10500000.0,0.9509146893678682,0.65116,0.65116,16125000.0,16125000.0,https://www.sec.gov/Archives/edgar/data/1319229/000104746912002508/0001047469-12-002508-index.html,https://www.sec.gov/Archives/edgar/data/1319229/000104746912002508/a2208046z10-k.htm,1620598865,18:21:05,20210509
34,2011-09-30,TLP,USD,2011-11-08 00:00:00,2011-11-08 07:48:41,Q3,10802000.0,0.0,10802000.0,1.0,0.0,-1060000.0,0.0,-959000.0,-16490000.0,-16490000.0,670000.0,5926000.0,14551000.0,1.3470653582669876,8625000.0,0.7984632475467506,-959000.0,7533000.0,0.6973708572486577,0.0,7666000.0,0.7096833919644511,0.47541,0.47541,16125000.0,16125000.0,https://www.sec.gov/Archives/edgar/data/1319229/000104746911009179/0001047469-11-009179-index.html,https://www.sec.gov/Archives/edgar/data/1319229/000104746911009179/a2206120z10-q.htm,1620598865,18:21:05,20210509
35,2011-06-30,TLP,USD,2011-08-08 00:00:00,2011-08-08 08:01:05,Q2,23732000.0,0.0,23732000.0,1.0,0.0,-815000.0,0.0,-689000.0,-17636000.0,-5381000.0,-2881254.0,12197970.0,65801247.0,2.772680220798921,53603277.0,2.258691934940165,-1667000.0,57250390.0,2.4123710601719197,2317000.0,54800390.0,2.3091349233102982,3.39847,3.39847,16125000.0,16125000.0,https://www.sec.gov/Archives/edgar/data/1319229/000104746911007060/0001047469-11-007060-index.html,https://www.sec.gov/Archives/edgar/data/1319229/000104746911007060/a2205105z10-q.htm,1620598865,18:21:05,20210509
36,2011-03-31,TLP,USD,2011-05-09 00:00:00,2011-05-09 08:06:55,Q1,39136000.0,0.0,39136000.0,1.0,0.0,-1365000.0,0.0,-978000.0,-14577000.0,-26832000.0,1199000.0,7138000.0,19442000.0,0.49678045789043335,12304000.0,0.3143908421913328,0.0,0.0,0.0,0.0,0.0,0.0,0.0,0.0,14441.0,14441.0,https://www.sec.gov/Archives/edgar/data/1319229/000104746911004754/0001047469-11-004754-index.html,https://www.sec.gov/Archives/edgar/data/1319229/000104746911004754/a2203846z10-q.htm,1620598865,18:21:05,20210509
37,2010-12-31,TLP,USD,2011-03-10,2011-03-10 08:10:25,Q4,39464000.0,0.0,39464000.0,1.0,0.0,-963000.0,0.0,-573000.0,-20761000.0,-41676000.0,1146000.0,7037000.0,4825000.0,0.12226332860328401,-2212000.0,-0.0560510845327387,0.0,0.0,0.0,0.0,0.0,0.0,0.0,0.0,14363.0,14363.0,https://www.sec.gov/Archives/edgar/data/1319229/000104746911001934/0001047469-11-001934-index.htm,https://www.sec.gov/Archives/edgar/data/1319229/000104746911001934/a2202519z10-k.htm,1620598865,18:21:05,20210509
38,2010-09-30,TLP,USD,2010-11-08 00:00:00,2010-11-08 07:35:01,Q3,37499000.0,0.0,37499000.0,1.0,0.0,-622000.0,0.0,-977000.0,-14838000.0,-26153000.0,1189000.0,7006000.0,18352000.0,0.48939971732579535,11346000.0,0.30256806848182616,0.0,0.0,0.0,0.0,0.0,0.0,0.0,0.0,14344.0,14344.0,https://www.sec.gov/Archives/edgar/data/1319229/000104746910009359/0001047469-10-009359-index.html,https://www.sec.gov/Archives/edgar/data/1319229/000104746910009359/a2200822z10-q.htm,1620598865,18:21:05,20210509
39,2010-06-30,TLP,USD,2010-08-09 00:00:00,2010-08-09 07:31:43,Q2,36782000.0,0.0,36782000.0,1.0,0.0,-543000.0,0.0,-877000.0,-14529000.0,-25721000.0,1233000.0,6962000.0,18023000.0,0.48999510630199555,11061000.0,0.3007177423739873,0.0,0.0,0.0,0.0,0.0,0.0,0.0,0.0,14281.0,14281.0,https://www.sec.gov/Archives/edgar/data/1319229/000104746910007191/0001047469-10-007191-index.html,https://www.sec.gov/Archives/edgar/data/1319229/000104746910007191/a2199717z10-q.htm,1620598865,18:21:05,20210509
40,2010-03-31,TLP,USD,2010-05-10 00:00:00,2010-05-10 07:45:45,Q1,37154000.0,0.0,37154000.0,1.0,0.0,-1031000.0,0.0,-1530000.0,-14568000.0,-26150000.0,1277000.0,6864000.0,17868000.0,0.4809172632825537,11004000.0,0.2961726866555418,0.0,0.0,0.0,0.0,0.0,0.0,0.0,0.0,14111.0,14111.0,https://www.sec.gov/Archives/edgar/data/1319229/000104746910005001/0001047469-10-005001-index.html,https://www.sec.gov/Archives/edgar/data/1319229/000104746910005001/a2198629z10-q.htm,1620598865,18:21:05,20210509
41,2009-12-31,TLP,USD,2010-03-08 00:00:00,2010-03-08 07:45:34,Q4,0.0,0.0,0.0,0.0,0.0,-3242000.0,0.0,-6603000.0,-64968000.0,-64968000.0,5486000.0,6960000.0,40815000.0,0.0,33855000.0,0.0,-6603000.0,0.0,0.0,0.0,0.0,0.0,0.0,0.0,12438.0,12438.0,https://www.sec.gov/Archives/edgar/data/1319229/000104746910001852/0001047469-10-001852-index.html,https://www.sec.gov/Archives/edgar/data/1319229/000104746910001852/a2197078z10-k.htm,1620598865,18:21:05,20210509
42,2009-09-30,TLP,USD,2009-11-09 00:00:00,2009-11-09 07:45:33,Q3,35370000.0,0.0,35370000.0,1.0,0.0,-606000.0,0.0,-2065000.0,-16915000.0,-27606000.0,1350000.0,6541000.0,14305000.0,0.4044387899349731,7764000.0,0.2195080576759966,0.0,0.0,0.0,0.0,0.0,0.0,0.0,0.0,12439.0,12439.0,https://www.sec.gov/Archives/edgar/data/1319229/000104746909009785/0001047469-09-009785-index.html,https://www.sec.gov/Archives/edgar/data/1319229/000104746909009785/a2195318z10-q.htm,1620598865,18:21:05,20210509
43,2009-06-30,TLP,USD,2009-08-10 00:00:00,2009-08-07 21:56:36,Q2,70251000.0,0.0,70251000.0,1.0,0.0,-705000.0,0.0,-1812000.0,-15430000.0,-26128000.0,1440000.0,6450000.0,16171000.0,0.23018889410826893,9721000.0,0.13837525444477658,1438000.0,0.0,0.0,0.0,0.0,0.0,0.0,0.0,12439.0,12439.0,https://www.sec.gov/Archives/edgar/data/1319229/000104746909007426/0001047469-09-007426-index.html,https://www.sec.gov/Archives/edgar/data/1319229/000104746909007426/a2194061z10-q.htm,1620598865,18:21:05,20210509
44,2009-03-31,TLP,USD,2009-05-07 00:00:00,2009-05-07 07:49:21,Q1,0.0,0.0,0.0,0.0,0.0,-1099000.0,0.0,-1438000.0,-15544000.0,-26542000.0,1278000.0,6355000.0,14215000.0,0.0,7860000.0,0.0,-1438000.0,0.0,0.0,0.0,0.0,0.0,0.0,0.0,12438.0,12438.0,https://www.sec.gov/Archives/edgar/data/1319229/000104746909005144/0001047469-09-005144-index.html,https://www.sec.gov/Archives/edgar/data/1319229/000104746909005144/a2192854z10-q.htm,1620598865,18:21:05,20210509
45,2008-12-31,TLP,USD,2009-03-09 00:00:00,2009-03-09 16:31:44,Q4,0.0,0.0,0.0,0.0,0.0,-4138000.0,0.0,-8875000.0,-61850000.0,-61850000.0,6007000.0,6017000.0,40490000.0,0.0,34473000.0,0.0,-8875000.0,0.0,0.0,0.0,0.0,0.0,0.0,0.0,12442.0,12442.0,https://www.sec.gov/Archives/edgar/data/1319229/000104746909002373/0001047469-09-002373-index.html,https://www.sec.gov/Archives/edgar/data/1319229/000104746909002373/a2191352z10-k.htm,1620598865,18:21:05,20210509
46,2008-09-30,TLP,USD,2008-11-07 00:00:00,2008-11-06 18:05:32,Q3,35204000.0,0.0,35204000.0,1.0,0.0,-705000.0,0.0,-1819000.0,-16331000.0,-26421000.0,1468000.0,5794000.0,14577000.0,0.41407226451539597,8783000.0,0.2494886944665379,0.0,0.0,0.0,0.0,0.0,0.0,0.0,0.0,12442.0,12442.0,https://www.sec.gov/Archives/edgar/data/1319229/000104746908011750/0001047469-08-011750-index.html,https://www.sec.gov/Archives/edgar/data/1319229/000104746908011750/a2188947z10-q.htm,1620598865,18:21:05,20210509
47,2008-06-30,TLP,USD,2008-08-08 00:00:00,2008-08-08 07:45:22,Q2,68916000.0,0.0,68916000.0,1.0,0.0,-1317000.0,0.0,-1471000.0,-15320000.0,-25996000.0,1489000.0,5772000.0,14868000.0,0.21574090196761275,9096000.0,0.13198676649834581,0.0,0.0,0.0,0.0,0.0,0.0,0.0,0.0,12443.0,12443.0,https://www.sec.gov/Archives/edgar/data/1319229/000104746908008959/0001047469-08-008959-index.html,https://www.sec.gov/Archives/edgar/data/1319229/000104746908008959/a2187295z10-q.htm,1620598865,18:21:05,20210509
48,2008-03-31,TLP,USD,2008-05-08 00:00:00,2008-05-08 16:00:21,Q1,0.0,0.0,0.0,0.0,0.0,-1073000.0,0.0,-1754000.0,-15467000.0,-25868000.0,1626000.0,5733000.0,13689000.0,0.0,7956000.0,0.0,0.0,0.0,0.0,0.0,0.0,0.0,0.0,0.0,12443.0,12443.0,https://www.sec.gov/Archives/edgar/data/1319229/000104746908006213/0001047469-08-006213-index.html,https://www.sec.gov/Archives/edgar/data/1319229/000104746908006213/a2185489z10-q.htm,1620598865,18:21:05,20210509
49,2007-12-31,TLP,USD,2008-03-10,2008-03-10 07:37:54,Q4,0.0,0.0,0.0,0.0,0.0,-2991000.0,0.0,-7537000.0,-60686000.0,-60686000.0,6515000.0,17959000.0,50638000.0,0.0,32679000.0,0.0,-7537000.0,0.0,0.0,0.0,0.0,0.0,0.0,0.0,10400.0,10400.0,https://www.sec.gov/Archives/edgar/data/1319229/000104746908002389/0001047469-08-002389-index.htm,https://www.sec.gov/Archives/edgar/data/1319229/000104746908002389/a2183479z10-k.htm,1620598865,18:21:05,20210509
50,2007-09-30,TLP,USD,2007-11-07 00:00:00,2007-11-07 08:49:58,Q3,20706000.0,0.0,20706000.0,1.0,0.0,-288000.0,0.0,-242000.0,-8954000.0,-15261000.0,193000.0,53000.0,5498000.0,0.26552690041533855,5445000.0,0.2629672558678644,0.0,0.0,0.0,0.0,0.0,0.0,0.0,0.0,12444.0,12444.0,https://www.sec.gov/Archives/edgar/data/1319229/000104746907008555/0001047469-07-008555-index.html,https://www.sec.gov/Archives/edgar/data/1319229/000104746907008555/a2180743z10-q.htm,1620598865,18:21:05,20210509
51,2007-06-30,TLP,USD,2007-08-09 00:00:00,2007-08-09 14:12:29,Q2,20907000.0,0.0,20907000.0,1.0,0.0,-461000.0,0.0,-3279000.0,-9762000.0,-16166000.0,2384000.0,430000.0,5171000.0,0.2473334289950734,4741000.0,0.2267661548763572,0.0,0.0,0.0,0.0,0.0,0.0,0.0,0.0,9394.0,9394.0,https://www.sec.gov/Archives/edgar/data/1319229/000104746907006236/0001047469-07-006236-index.html,https://www.sec.gov/Archives/edgar/data/1319229/000104746907006236/a2179260z10-q.htm,1620598865,18:21:05,20210509
52,2007-03-31,TLP,USD,2007-05-07 00:00:00,2007-05-07 16:32:40,Q1,21196000.0,0.0,21196000.0,1.0,0.0,-893000.0,0.0,-3912000.0,-8804000.0,-14825000.0,3788000.0,2990000.0,9361000.0,0.44163993206265334,6371000.0,0.30057558029816944,0.0,0.0,0.0,0.0,0.0,0.0,0.0,0.0,7295.0,7295.0,https://www.sec.gov/Archives/edgar/data/1319229/000104746907003771/0001047469-07-003771-index.html,https://www.sec.gov/Archives/edgar/data/1319229/000104746907003771/a2177716z10-q.htm,1620598865,18:21:05,20210509
53,2006-12-31,TLP,USD,2007-03-16,2007-03-16 16:01:36,Q4,21712000.0,0.0,21712000.0,1.0,0.0,-920000.0,0.0,-1607000.0,-10231000.0,3564000.0,954000.0,3650000.0,7583000.0,0.34925386882829773,3933000.0,0.18114406779661016,-4129000.0,0.0,0.0,0.0,0.0,0.0,0.0,0.0,7283.0,7283.0,https://www.sec.gov/Archives/edgar/data/1319229/000104746907001856/0001047469-07-001856-index.htm,https://www.sec.gov/Archives/edgar/data/1319229/000104746907001856/a2176702z10-k.htm,1620598865,18:21:05,20210509
54,2006-09-30,TLP,USD,2006-11-08,2006-11-08 16:38:11,Q3,11420000.0,0.0,11420000.0,1.0,0.0,-3761000.0,0.0,-937000.0,-5442000.0,-11943000.0,901000.0,1806000.0,1283000.0,0.11234676007005254,-523000.0,-0.04579684763572679,0.0,0.0,0.0,0.0,0.0,0.0,0.0,0.0,7279.0,7279.0,https://www.sec.gov/Archives/edgar/data/1319229/000110465906072835/0001104659-06-072835-index.htm,https://www.sec.gov/Archives/edgar/data/1319229/000110465906072835/a06-21993_110q.htm,1620598865,18:21:05,20210509
55,2006-06-30,TLP,USD,2006-08-09,2006-08-08 18:24:44,Q2,11563000.0,0.0,11563000.0,1.0,0.0,-672000.0,0.0,-845000.0,-5823000.0,-9181000.0,804000.0,1790000.0,4172000.0,0.36080601919916977,2382000.0,0.20600190262042722,0.0,0.0,0.0,0.0,0.0,0.0,0.0,0.0,7282.0,7282.0,https://www.sec.gov/Archives/edgar/data/1319229/000110465906052627/0001104659-06-052627-index.htm,https://www.sec.gov/Archives/edgar/data/1319229/000110465906052627/a06-15692_110q.htm,1620598865,18:21:05,20210509
56,2006-03-31,TLP,USD,2006-05-09,2006-05-09 16:58:28,Q1,12090000.0,0.0,12090000.0,1.0,0.0,-1100000.0,0.0,-740000.0,-4695000.0,-8631000.0,697000.0,1942000.0,5401000.0,0.4467328370554177,3459000.0,0.2861042183622829,0.0,0.0,0.0,0.0,0.0,0.0,0.0,0.0,7292.0,7292.0,https://www.sec.gov/Archives/edgar/data/1319229/000110465906032702/0001104659-06-032702-index.htm,https://www.sec.gov/Archives/edgar/data/1319229/000110465906032702/a06-9896_110q.htm,1620598865,18:21:05,20210509
57,2005-12-31,TLP,USD,2006-03-02,2006-03-02 15:40:30,Q4,11102000.0,0.0,11102000.0,1.0,0.0,-672000.0,0.0,509000.0,-3934000.0,-4841000.0,505000.0,1626000.0,5715000.0,0.5147721131327688,4089000.0,0.36831201585299944,0.0,0.0,0.0,0.0,0.0,0.0,0.0,0.0,7295.0,7295.0,https://www.sec.gov/Archives/edgar/data/1319229/000104746906002757/0001047469-06-002757-index.htm,https://www.sec.gov/Archives/edgar/data/1319229/000104746906002757/a2167968z10-kt.htm,1620598865,18:21:05,20210509
58,2005-09-30,TLP,USD,2005-11-09,2005-11-09 14:33:31,Q1,10400000.0,0.0,10400000.0,1.0,0.0,-595000.0,0.0,-509000.0,-3836000.0,-2929000.0,464000.0,1567000.0,5202000.0,0.5001923076923077,3635000.0,0.34951923076923075,0.0,0.0,0.0,0.0,0.0,0.0,0.0,0.0,7295.0,7295.0,https://www.sec.gov/Archives/edgar/data/1319229/000110465905053984/0001104659-05-053984-index.htm,https://www.sec.gov/Archives/edgar/data/1319229/000110465905053984/a05-19963_110q.htm,1620598865,18:21:05,20210509
