,date,symbol,reportedCurrency,fillingDate,acceptedDate,period,revenue,costOfRevenue,grossProfit,grossProfitRatio,researchAndDevelopmentExpenses,generalAndAdministrativeExpenses,sellingAndMarketingExpenses,otherExpenses,operatingExpenses,costAndExpenses,interestExpense,depreciationAndAmortization,ebitda,ebitdaratio,operatingIncome,operatingIncomeRatio,totalOtherIncomeExpensesNet,incomeBeforeTax,incomeBeforeTaxRatio,incomeTaxExpense,netIncome,netIncomeRatio,eps,epsdiluted,weightedAverageShsOut,weightedAverageShsOutDil,link,finalLink,timestamp,est_time,est_date
0,2021-01-03,SFM,USD,2021-02-25,2021-02-25 16:11:27,Q4,1601834000,1013805000,588029000,0.3670973396743982,0.0,463635000,0.0,0.0,495122000.0,1508927000.0,3106000.0,59270000.0,152177000.0,0.09500172926782675,92907000,0.058000392050611985,25000.0,89826000.0,0.05607697177110737,21429000.0,68397000.0,0.042699181063705724,0.58074294205052,0.58074294205052,117775000,117775000,https://www.sec.gov/Archives/edgar/data/1575515/000156459021008832/0001564590-21-008832-index.htm,https://www.sec.gov/Archives/edgar/data/1575515/000156459021008832/sfm-10k_20210103.htm,1620597792,18:03:12,20210509
1,2020-09-27,SFM,USD,2020-10-28,2020-10-28,Q3,1577598000,1023896000,553702000,0.3509778790287513,0.0,475053000,0.0,0.0,475053000.0,1498949000.0,-3117000.0,31820000.0,110201000.0,0.06985366360758571,78381000,0.04968375974107472,0.0,75264000.0,0.04770797123221505,15023000.0,60241000.0,0.0381852664620518,0.5114922521757589,0.5098386045684978,117775000,118157000,https://www.sec.gov/Archives/edgar/data/1575515/000156459020048383/0001564590-20-048383-index.htm,https://www.sec.gov/Archives/edgar/data/1575515/000156459020048383/sfm-10q_20200927.htm,1620597792,18:03:12,20210509
2,2020-06-28,SFM,USD,2020-07-29,2020-07-29 16:11:36,Q2,1642788000,1030129000,612659000,0.3729385654144053,0.0,489347000,0.0,0.0,519896000.0000002,1550025000.0000002,-3737000.0,31327999.999999996,124091000.0,0.0755368312892473,92763000,0.05646681129884075,0.0,89026000.0,0.05419201990762046,22024000.0,67002000.0,0.04078554262631575,0.56691,0.56691,118189000,118189000,https://www.sec.gov/Archives/edgar/data/1575515/000156459020034285/0001564590-20-034285-index.htm,https://www.sec.gov/Archives/edgar/data/1575515/000156459020034285/sfm-10q_20200628.htm,1620597792,18:03:12,20210509
3,2020-03-29,SFM,USD,2020-05-05 00:00:00,2020-05-05 16:13:12,Q1,1646539000,1052707000,593832000,0.3606546823367075,0.0,435222000,0.0,0.0,466242999.99999994,1518950000.0,-4827000.0,31600000.0,159189000.0,0.09668097749278942,127589000,0.07748920614695431,0.0,122762000.0,0.07455760234042437,30952000.0,91810000.0,0.05575938377408613,0.77972,0.77972,117748000,117748000,https://www.sec.gov/Archives/edgar/data/1575515/000156459020021260/0001564590-20-021260-index.html,https://www.sec.gov/Archives/edgar/data/1575515/000156459020021260/sfm-10q_20200329.htm,1620597792,18:03:12,20210509
4,2019-12-29,SFM,USD,2020-02-20 00:00:00,2020-02-20 16:07:47,Q4,1364991000,896028000,468963000,0.3435649026257316,0.0,391345000,0.0,0.0,422048000.0,1318076000.0,-37189000.0,31257999.999999996,78173000.0,0.05726997467382569,46915000,0.034370189986600644,0.0,41720000.0,0.030564304086986654,10086000.0,31634000.0,0.023175244378900665,0.26743,0.26743,118287000,118287000,https://www.sec.gov/Archives/edgar/data/1575515/000156459020005552/0001564590-20-005552-index.html,https://www.sec.gov/Archives/edgar/data/1575515/000156459020005552/sfm-10k_20191229.htm,1620597792,18:03:12,20210509
5,2019-09-29,SFM,USD,2019-10-31 00:00:00,2019-10-31 09:02:21,Q3,1440222000,963497000,476725000,0.331007997378182,0.0,406404000,0.0,0.0,437168000.0,1400665000.0,-5557000.0,31335000.000000007,70892000.0,0.04922296701480744,39557000,0.02746590456193559,0.0,34000000.0,0.023607471625902116,7740000.0,26260000.0,0.018233300144005576,0.22221,0.22221,118174000,118174000,https://www.sec.gov/Archives/edgar/data/1575515/000156459019038972/0001564590-19-038972-index.html,https://www.sec.gov/Archives/edgar/data/1575515/000156459019038972/sfm-10q_20190929.htm,1620597792,18:03:12,20210509
6,2019-06-30,SFM,USD,2019-08-01,2019-08-01 09:06:58,Q2,1415736000,950954000,464782000,0.3282970836370623,0.0,383116000,0.0,0.0,412681000.0,1363635000.0,5438000.0,49962000.0,102063000.0,0.07209183068029633,52101000,0.03680135279458882,-769000.0,45894000.0,0.03241706080794724,10551000.0,35343000.0,0.02496440014239943,0.29907593886980216,0.29907593886980216,118174000,118174000,https://www.sec.gov/Archives/edgar/data/1575515/000156459019027716/sfm-10q_20190630.htm,https://www.sec.gov/Archives/edgar/data/1575515/000156459019027716/sfm-10q_20190630.htm,1620597792,18:03:12,20210509
7,2019-03-31,SFM,USD,2019-05-02 00:00:00,2019-05-02 09:07:19,Q1,1413887000,929538000,484349000,0.3425655657064532,0.0,374826000,0.0,0.0,404285000.0,1333823000.0,5002000.0,50726000.0,130790000.0,0.09250385639022071,80064000,0.05662687329326884,-508000.0,74554000.0,0.05272981504179613,18162000.0,56392000.0,0.039884375484037976,0.4771946451842199,0.4771946451842199,118174000,118174000,https://www.sec.gov/Archives/edgar/data/1575515/000156459019015058/0001564590-19-015058-index.html,https://www.sec.gov/Archives/edgar/data/1575515/000156459019015058/sfm-10q_20190331.htm,1620597792,18:03:12,20210509
8,2018-12-30,SFM,USD,2019-02-21 00:00:00,2019-02-21 09:08:07,Q4,5207336000,3459861000,1747475000,0.33557945943952916,0.0,1416519000,0.0,0.0,1524564000.0000002,4984425000.0,7407000.0,28789999.999999993,251701000.0,0.04833584773481105,222911000,0.04280710904769733,320000.0,195796000.0,0.03760003195491898,37260000.0,158536000.0,0.03044474180271832,1.22161,1.22161,129776000,129776000,https://www.sec.gov/Archives/edgar/data/1575515/000156459019003562/0001564590-19-003562-index.html,https://www.sec.gov/Archives/edgar/data/1575515/000156459019003562/sfm-10k_20181230.htm,1620597792,18:03:12,20210509
9,2018-09-30,SFM,USD,2018-11-01 00:00:00,2018-11-01 09:06:30,Q3,1329109000,946734000,382375000,0.2876927324997423,0.0,43944000,0.0,0.0,329128000.0,1275862000.0,7419000.0,28130000.0,81377000.0,0.061226731592367516,53247000,0.04006217699225571,-461000.0,45367000.0,0.03413339312276119,7867000.0,37500000.0,0.02821439024188385,0.28846153846153844,0.28846153846153844,130000000,130000000,https://www.sec.gov/Archives/edgar/data/1575515/000156459018026023/0001564590-18-026023-index.html,https://www.sec.gov/Archives/edgar/data/1575515/000156459018026023/sfm-10q_20180930.htm,1620597792,18:03:12,20210509
10,2018-07-01,SFM,USD,2018-08-02 00:00:00,2018-08-02 09:08:28,Q2,1321700000,883200000,438500000,0.3317696905500492,0.0,350400000,0.0,0.0,376799999.99999994,1260000000.0,-6500000.0,26900000.0,88600000.0,0.0670348793220852,61700000,0.04668230309449951,100000.0,55300000.0,0.04184005447529696,13600000.0,41700000.0,0.03155027615949156,0.32077,0.32077,130000000,130000000,https://www.sec.gov/Archives/edgar/data/1575515/000156459018018707/0001564590-18-018707-index.html,https://www.sec.gov/Archives/edgar/data/1575515/000156459018018707/sfm-10q_20180701.htm,1620597792,18:03:12,20210509
11,2018-04-01,SFM,USD,2018-05-03 00:00:00,2018-05-03 09:09:17,Q1,1287200000,842600000,444600000,0.3454008701056557,0.0,338800000,0.0,0.0,364900000.0,1207500000.0,-6100000.0,26900000.0,106600000.0,0.08281541330018645,79700000,0.06191733996270976,200000.0,73800000.0,0.05733374766935985,7200000.0,66600000.0,0.051740211311373525,0.49776,0.49776,133800000,133800000,https://www.sec.gov/Archives/edgar/data/1575515/000156459018010515/0001564590-18-010515-index.html,https://www.sec.gov/Archives/edgar/data/1575515/000156459018010515/sfm-10q_20180401.htm,1620597792,18:03:12,20210509
12,2017-12-31,SFM,USD,2018-02-22 00:00:00,2018-02-22 09:08:47,Q4,1143933000,819489000,324444000,0.28362150580497286,0.0,38096000,0.0,237000.0,287226000.0,1106715000.0,5730000.0,25869000.0,63087000.0,0.05514920891345909,37218000,0.03253512224929257,103000.0,31591000.0,0.027616127867628612,-8108000.0,39699000.0,0.0347039555638311,0.29019736842105265,0.29019736842105265,136800000,136800000,https://www.sec.gov/Archives/edgar/data/1575515/000156459018002782/0001564590-18-002782-index.html,https://www.sec.gov/Archives/edgar/data/1575515/000156459018002782/sfm-10k_20171231.htm,1620597792,18:03:12,20210509
13,2017-10-01,SFM,USD,2017-11-02 00:00:00,2017-11-02 09:06:17,Q3,1206100000,859700000,346400000,0.28720669927866677,0.0,293400000,0.0,0.0,293399999.9999999,1153099999.9999998,-5600000.0,24800000.000000004,77800000.0,0.06450543072713705,53000000,0.04394328828455352,200000.0,47600000.0,0.03946604759141033,16100000.0,31500000.0,0.0261172373766686,0.23026,0.23026,136800000,136800000,https://www.sec.gov/Archives/edgar/data/1575515/000156459017020998/0001564590-17-020998-index.html,https://www.sec.gov/Archives/edgar/data/1575515/000156459017020998/sfm-10q_20171001.htm,1620597792,18:03:12,20210509
14,2017-07-02,SFM,USD,2017-08-03 00:00:00,2017-08-03 09:06:23,Q2,1184000000,842000000,342000000,0.28885135135135137,0.0,278500000,0.0,0.0,278500000.0,1120500000.0,-5100000.0,23500000.0,87000000.0,0.07347972972972973,63500000,0.05363175675675676,100000.0,58500000.0,0.049408783783783786,17500000.0,41000000.0,0.03462837837837838,0.29391,0.29391,139500000,139500000,https://www.sec.gov/Archives/edgar/data/1575515/000156459017015136/0001564590-17-015136-index.html,https://www.sec.gov/Archives/edgar/data/1575515/000156459017015136/sfm-10q_20170702.htm,1620597792,18:03:12,20210509
15,2017-04-02,SFM,USD,2017-05-04 00:00:00,2017-05-04 09:11:28,Q1,1130600000,793400000,337300000,0.29833716610649214,0.0,264800000,0.0,0.0,264699999.99999994,1058099999.9999999,-4700000.0,22600000.0,95100000.0,0.08411462940031841,72500000,0.06412524323368123,100000.0,67900000.0,0.060056607111268354,21600000.0,46300000.0,0.040951707058199185,0.33048,0.33048,140100000,140100000,https://www.sec.gov/Archives/edgar/data/1575515/000156459017008590/0001564590-17-008590-index.html,https://www.sec.gov/Archives/edgar/data/1575515/000156459017008590/sfm-10q_20170402.htm,1620597792,18:03:12,20210509
16,2017-01-01,SFM,USD,2017-02-23 00:00:00,2017-02-23 09:11:46,Q4,985700000,526100000,459600000,0.46626762706705893,0.0,351100000,0.0,0.0,429400000.0,955500000.0,-3800000.0,20400000.000000007,50600000.00000001,0.051334077305468205,30200000,0.030638125190220147,100000.0,26500000.0,0.026884447600689865,9500000.0,17000000.0,0.017246626762706704,0.11814,0.11814,143900000,143900000,https://www.sec.gov/Archives/edgar/data/1575515/000156459017002108/0001564590-17-002108-index.html,https://www.sec.gov/Archives/edgar/data/1575515/000156459017002108/sfm-10k_20170101.htm,1620597792,18:03:12,20210509
17,2016-10-02,SFM,USD,2016-11-03 00:00:00,2016-11-03 09:11:15,Q3,1035800000,744300000,291500000,0.28142498551843986,0.0,250100000,0.0,0.0,250100000.00000003,994400000.0,-3700000.0,21200000.000000004,62600000.0,0.060436377679088625,41400000,0.03996910600502027,100000.0,37900000.0,0.03659007530411276,14000000.0,23900000.0,0.02307395250048272,0.15933,0.15933,150000000,150000000,https://www.sec.gov/Archives/edgar/data/1575515/000156459016027193/0001564590-16-027193-index.html,https://www.sec.gov/Archives/edgar/data/1575515/000156459016027193/sfm-10q_20161002.htm,1620597792,18:03:12,20210509
18,2016-07-03,SFM,USD,2016-08-04,2016-08-04 09:11:14,Q2,1031600000,725800000,305800000,0.2964327258627375,0.0,242300000,0.0,0.0,242400000.0000001,968200000.0000001,-3700000.0,19999999.999999996,83500000.0,0.0809422256688639,63500000,0.061554866227219854,100000.0,59900000.0,0.05806514152772392,22700000.0,37200000.0,0.03606048856145793,0.24554,0.24554,151500000,151500000,https://www.sec.gov/Archives/edgar/data/1575515/000156459016022522/sfm-10q_20160703.htm,https://www.sec.gov/Archives/edgar/data/1575515/000156459016022522/sfm-10q_20160703.htm,1620597792,18:03:12,20210509
19,2016-04-03,SFM,USD,2016-05-05 00:00:00,2016-05-05 09:16:15,Q1,993200000,686700000,306500000,0.308598469593234,0.0,228700000,0.0,0.0,228699999.99999994,915399999.9999999,-3600000.0,18800000.0,96600000.0,0.0972613773660894,77800000,0.07833266210229561,100000.0,74300000.0,0.0748086991542489,28100000.0,46200000.0,0.04651631091421667,0.30176,0.30176,153100000,153100000,https://www.sec.gov/Archives/edgar/data/1575515/000156459016017821/0001564590-16-017821-index.html,https://www.sec.gov/Archives/edgar/data/1575515/000156459016017821/sfm-10q_20160403.htm,1620597792,18:03:12,20210509
20,2016-01-03,SFM,USD,2016-02-25 00:00:00,2016-02-25 09:27:04,Q4,930300000,661600000,268700000,0.28883155971192087,0.0,221000000,0.0,0.0,221000000.0,882600000.0,-3700000.0,18500000.0,66200000.0,0.07115984091153392,47700000,0.05127378265075782,100000.0,44100000.0,0.04740406320541761,15900000.0,28200000.0,0.03031280232183167,0.18077,0.18077,156000000,156000000,https://www.sec.gov/Archives/edgar/data/1575515/000156459016013299/0001564590-16-013299-index.html,https://www.sec.gov/Archives/edgar/data/1575515/000156459016013299/sfm-10k_20160103.htm,1620597792,18:03:12,20210509
21,2015-09-27,SFM,USD,2015-11-05 00:00:00,2015-11-05 09:01:10,Q3,903100000,641600000,261500000,0.28955818846196435,0.0,207100000,0.0,0.0,207100000.00000003,848700000.0,-3700000.0,17900000.000000007,72300000.0,0.08005757944856605,54400000,0.06023696157679105,200000.0,50900000.0,0.05636142176946075,18900000.0,32000000.0,0.03543350680987709,0.20513,0.20513,156000000,156000000,https://www.sec.gov/Archives/edgar/data/1575515/000156459015009519/0001564590-15-009519-index.html,https://www.sec.gov/Archives/edgar/data/1575515/000156459015009519/sfm-10q_20150927.htm,1620597792,18:03:12,20210509
22,2015-06-28,SFM,USD,2015-08-06 00:00:00,2015-08-06 16:20:35,Q2,902200000,638500000,263600000,0.29217468410551983,0.0,203600000,0.0,0.0,209100000.00000003,847600000.0,-4400000.0,16900000.0,71500000.0,0.0792507204610951,54600000,0.06051873198847262,100000.0,50200000.0,0.05564176457548215,18900000.0,31300000.0,0.034692972733318554,0.20077,0.20077,155900000,155900000,https://www.sec.gov/Archives/edgar/data/1575515/000119312515281086/0001193125-15-281086-index.html,https://www.sec.gov/Archives/edgar/data/1575515/000119312515281086/d939811d10q.htm,1620597792,18:03:12,20210509
23,2015-03-29,SFM,USD,2015-05-07 00:00:00,2015-05-07 16:21:01,Q1,857500000,599700000,257800000,0.3006413994169096,0.0,191200000,0.0,0.0,191199999.99999994,790899999.9999999,-5900000.0,15900000.0,82500000.0,0.09620991253644315,66600000,0.07766763848396502,100000.0,60800000.0,0.07090379008746356,23300000.0,37500000.0,0.043731778425655975,0.24116,0.24116,155500000,155500000,https://www.sec.gov/Archives/edgar/data/1575515/000119312515177151/0001193125-15-177151-index.html,https://www.sec.gov/Archives/edgar/data/1575515/000119312515177151/d907343d10q.htm,1620597792,18:03:12,20210509
24,2014-12-28,SFM,USD,2015-02-26,2015-02-26 17:06:42,Q4,734600000,523300000,211200000,0.28750340321263274,0.0,178400000,0.0,0.0,178500000.0,701800000.0,-5900000.0,19799999.999999996,52600000.0,0.07160359379254015,32800000,0.04465014974135584,100000.0,27000000.0,0.03675469643343316,9300000.0,17700000.0,0.024094745439695073,0.11368,0.11368,155700000,155700000,https://www.sec.gov/Archives/edgar/data/1575515/000119312515065978/d854295d10k.htm,https://www.sec.gov/Archives/edgar/data/1575515/000119312515065978/d854295d10k.htm,1620597792,18:03:12,20210509
25,2014-09-28,SFM,USD,2014-11-06 00:00:00,2014-11-06 16:32:20,Q3,766400000,540400000,226000000,0.2948851774530271,0.0,176400000,0.0,0.0,177500000.0,717900000.0,-6200000.0,14500000.0,63000000.0,0.08220250521920668,48500000,0.06328288100208768,300000.0,42600000.0,0.05558455114822547,16600000.0,26100000.0,0.034055323590814195,0.16915,0.16915,154300000,154300000,https://www.sec.gov/Archives/edgar/data/1575515/000119312514401112/0001193125-14-401112-index.html,https://www.sec.gov/Archives/edgar/data/1575515/000119312514401112/d791363d10q.htm,1620597792,18:03:12,20210509
26,2014-06-29,SFM,USD,2014-08-07 00:00:00,2014-08-07 16:32:27,Q2,743800000,519800000,224000000,0.30115622479161064,0.0,168500000,0.0,0.0,168400000.0000001,688200000.0000001,-6500000.0,13100000.000000002,68700000.0,0.09236353858564131,55600000,0.0747512772250605,100000.0,49200000.0,0.06614681365958591,19000000.0,30200000.0,0.04060231244958322,0.1961,0.1961,154000000,154000000,https://www.sec.gov/Archives/edgar/data/1575515/000119312514300800/0001193125-14-300800-index.html,https://www.sec.gov/Archives/edgar/data/1575515/000119312514300800/d747978d10q.htm,1620597792,18:03:12,20210509
27,2014-03-30,SFM,USD,2014-05-07 00:00:00,2014-05-07 16:33:55,Q1,722600000,498700000,223900000,0.30985330750069195,0.0,162200000,0.0,0.0,162200000.0,660900000.0,-6500000.0,13000000.0,74700000.0,0.10337669526709106,61700000,0.08538610572931082,100000.0,55300000.0,0.07652920011071132,21600000.0,33700000.0,0.046637143647938,0.21983,0.21983,153300000,153300000,https://www.sec.gov/Archives/edgar/data/1575515/000119312514187573/0001193125-14-187573-index.html,https://www.sec.gov/Archives/edgar/data/1575515/000119312514187573/d704472d10q.htm,1620597792,18:03:12,20210509
28,2013-12-29,SFM,USD,2014-02-27,2014-02-27 16:28:43,Q4,608200000,434000000,174200000,0.2864189411377836,0.0,151500000,0.0,0.0,152600000.00000003,586600000.0,-6900000.0,12300000.000000004,34000000.0,0.055902663597500825,21700000,0.03567905294311082,0.0,14800000.0,0.024334100624794474,5600000.0,9300000.0,0.015291022689904636,0.05981,0.05981,155500000,155500000,https://www.sec.gov/Archives/edgar/data/1575515/000119312514073116/d660433d10k.htm,https://www.sec.gov/Archives/edgar/data/1575515/000119312514073116/d660433d10k.htm,1620597792,18:03:12,20210509
29,2013-09-29,SFM,USD,2013-11-07 00:00:00,2013-11-07 16:17:20,Q3,633600000,443500000,190100000,0.30003156565656564,0.0,153400000,0.0,0.0,162899999.99999997,606400000.0,-8800000.0,12299999.999999996,39500000.0,0.06234217171717172,27200000,0.04292929292929293,200000.0,18600000.0,0.029356060606060608,7100000.0,11500000.0,0.018150252525252524,0.07947,0.07947,144700000,144700000,https://www.sec.gov/Archives/edgar/data/1575515/000119312513432854/0001193125-13-432854-index.html,https://www.sec.gov/Archives/edgar/data/1575515/000119312513432854/d606562d10q.htm,1620597792,18:03:12,20210509
30,2013-06-30,SFM,USD,2013-06-30,2013-06-30,Q2,622367000,435340000,187027000,0.3005091850949681,0.0,20728000,0.0,111000.0,146016000.0,581356000.0,11391000.0,11575000.0,52586000.0,0.08449355444617083,41011000,0.06589520331251496,-8997000.0,20623000.0,0.03313639701333779,8155000.0,12468000.0,0.020033195847466205,0.086789,0.086789,143658944,143658944,,,1620597792,18:03:12,20210509
31,2013-03-31,SFM,USD,2013-03-31,2013-03-31,Q1,573694000,399774000,173920000,0.30315812959521976,0.0,16724000,0.0,133000.0,133099000.0,532873000.0,10165000.0,11064000.0,51885000.0,0.09044019982778276,40821000,0.07115465736089274,-642000.0,30014000.0,0.05231708890105178,11897000.0,18117000.0,0.03157955286267592,0.1286581685189788,0.1259428158302688,140815000,143851000,,,1620597792,18:03:12,20210509
32,2012-12-31,SFM,USD,2012-12-31,2012-12-31,Q4,478941000,342559000,136382000,0.28475741270845467,0.0,21518000,0.0,361000.0,122274000.0,464833000.0,10074000.0,9985000.0,24093000.0,0.05030473482119927,14108000,0.02945665541267087,1758000.0,5792000.0,0.01209334761484191,2451000.0,3341000.0,0.006975807040950764,0.02372616553634201,0.02372616553634201,140815000,140815000,,,1620597792,18:03:12,20210509
33,2012-09-30,SFM,USD,2012-09-30,2012-09-30,Q3,510050000,363641000,146409000,0.28704832859523577,0.0,25175000,0.0,133000.0,130841000.0,494482000.0,9951000.0,10372000.0,25940000.0,0.05085775904323105,15568000,0.03052249779433389,-3132000.0,2485000.0,0.004872071365552397,1178000.0,1307000.0,0.0025624938731496913,0.009282,0.009086,140815000,143851000,,,1620597792,18:03:12,20210509
34,2012-06-30,SFM,USD,2012-06-30,2012-06-30,Q2,430112000,299381000,130731000,0.3039464139572948,0.0,22584000,0.0,44000.0,111923000.0,411304000.0,8365000.0,7790000.0,26598000.0,0.06183970686704858,18808000,0.043728145227289635,-1112000.0,9331000.0,0.02169434937876646,4025000.0,5306000.0,0.012336321702254297,0.037681,0.036885,140815000,143851000,,,1620597792,18:03:12,20210509
35,2012-03-31,SFM,USD,2012-03-31,2012-03-31,Q1,375720000,258933000,116787000,0.3108351964228681,0.0,17087000,0.0,24000.0,92431000.0,351364000.0,7098000.0,7626000.0,31982000.0,0.08512189928670287,24356000,0.06482486958373257,-99000.0,17159000.0,0.04566964760992228,7613000.0,9546000.0,0.025407218141168957,0.067791,0.06636,140815000,143851000,,,1620597792,18:03:12,20210509
