,date,symbol,reportedCurrency,fillingDate,acceptedDate,period,revenue,costOfRevenue,grossProfit,grossProfitRatio,researchAndDevelopmentExpenses,generalAndAdministrativeExpenses,sellingAndMarketingExpenses,otherExpenses,operatingExpenses,costAndExpenses,interestExpense,depreciationAndAmortization,ebitda,ebitdaratio,operatingIncome,operatingIncomeRatio,totalOtherIncomeExpensesNet,incomeBeforeTax,incomeBeforeTaxRatio,incomeTaxExpense,netIncome,netIncomeRatio,eps,epsdiluted,weightedAverageShsOut,weightedAverageShsOutDil,link,finalLink,timestamp,est_time,est_date
0,2017-09-30,RPRXW,USD,2017-11-13,2017-11-13 09:01:32,Q3,144000.0,0.0,144000.0,1.0,978000.0,940000.0,0.0,0.0,1918000.0,1758000.0,0.0,1000.0,-1613000.0,-11.20138888888889,-1614000.0,-11.208333333333334,0.0,-1614000.0,-11.208333333333334,0.0,-1614000.0,-11.208333333333334,-0.05240770204890087,-52.407702048900866,30797000.0,30797.0,https://www.sec.gov/Archives/edgar/data/897075/000114420417057993/0001144204-17-057993-index.htm,https://www.sec.gov/Archives/edgar/data/897075/000114420417057993/tv478357_10q.htm,1620597405,17:56:45,20210509
1,2017-06-30,RPRXW,USD,2017-08-14,2017-08-14 16:18:26,Q2,7000.0,0.0,7000.0,1.0,1140000.0,906000.0,0.0,0.0,2046000.0,2206000.0,0.0,1000.0,-2198000.0,-314.0,-2199000.0,-314.14285714285717,0.0,-2199000.0,-314.14285714285717,0.0,-2199000.0,-314.14285714285717,-0.08043160204828091,-80.43160204828091,27340000.0,27340.0,https://www.sec.gov/Archives/edgar/data/897075/000114420417043168/0001144204-17-043168-index.htm,https://www.sec.gov/Archives/edgar/data/897075/000114420417043168/v471941_10q.htm,1620597405,17:56:45,20210509
2,2017-03-31,RPRXW,USD,2017-05-09,2017-05-09 16:24:53,Q1,7000.0,0.0,7000.0,1.0,2074000.0,3843000.0,0.0,0.0,5917000.0,5917000.0,0.0,1000.0,-5909000.0,-844.1428571428571,-5910000.0,-844.2857142857143,0.0,-5910000.0,-844.2857142857143,0.0,-5910000.0,-844.2857142857143,-0.224971450323563,-224.971450323563,26270000.0,26270.0,https://www.sec.gov/Archives/edgar/data/897075/000114420417025638/0001144204-17-025638-index.htm,https://www.sec.gov/Archives/edgar/data/897075/000114420417025638/v465639_10q.htm,1620597405,17:56:45,20210509
3,2016-12-31,RPRXW,USD,2017-03-31,2017-03-31 09:20:17,Q4,6000.0,0.0,6000.0,1.0,2562000.0,1423000.0,0.0,0.0,3985000.0,3985000.0,0.0,1000.0,-3978000.0,-663.0,-3979000.0,-663.1666666666666,0.0,-3979000.0,-663.1666666666666,0.0,-3979000.0,-663.1666666666666,-0.16135,-0.16135,24660000.0,24660000.0,https://www.sec.gov/Archives/edgar/data/897075/000114420417017919/0001144204-17-017919-index.htm,https://www.sec.gov/Archives/edgar/data/897075/000114420417017919/v462270_10k.htm,1620597405,17:56:45,20210509
4,2016-09-30,RPRXW,USD,2016-11-09,2016-11-09 11:09:28,Q3,10000.0,0.0,10000.0,1.0,3182000.0,997000.0,0.0,0.0,4179000.0,4179000.0,0.0,1000.0,-4168000.0,-416.8,-4169000.0,-416.9,0.0,-4169000.0,-416.9,0.0,-4169000.0,-416.9,-0.17106,-0.17106,24372000.0,24372000.0,https://www.sec.gov/Archives/edgar/data/897075/000114420416132628/0001144204-16-132628-index.htm,https://www.sec.gov/Archives/edgar/data/897075/000114420416132628/v451302_10q.htm,1620597405,17:56:45,20210509
5,2016-06-30,RPRXW,USD,2016-08-09,2016-08-09 10:17:40,Q2,14000.0,0.0,14000.0,1.0,3244000.0,1051000.0,0.0,0.0,4295000.0,4295000.0,0.0,1000.0,-4280000.0,-305.7142857142857,-4281000.0,-305.7857142857143,0.0,-4281000.0,-305.7857142857143,0.0,-4281000.0,-305.7857142857143,-0.17604,-0.17604,24319000.0,24319000.0,https://www.sec.gov/Archives/edgar/data/897075/000114420416117498/0001144204-16-117498-index.htm,https://www.sec.gov/Archives/edgar/data/897075/000114420416117498/v445169_10q.htm,1620597405,17:56:45,20210509
6,2016-03-31,RPRXW,USD,2016-05-10,2016-05-10 11:02:08,Q1,17000.0,0.0,17000.0,1.0,3765000.0,1096000.0,0.0,0.0,4861000.0,4861000.0,0.0,2000.0,-4842000.0,-284.8235294117647,-4844000.0,-284.94117647058823,0.0,-4844000.0,-284.94117647058823,0.0,-4844000.0,-284.94117647058823,-0.19919,-0.19919,24318000.0,24318000.0,https://www.sec.gov/Archives/edgar/data/897075/000114420416100235/0001144204-16-100235-index.htm,https://www.sec.gov/Archives/edgar/data/897075/000114420416100235/v437931_10q.htm,1620597405,17:56:45,20210509
7,2015-12-31,RPRXW,USD,2016-03-14,2016-03-14 11:12:28,Q4,8000.0,0.0,8000.0,1.0,4839000.0,1440000.0,0.0,0.0,6279000.0,6279000.0,0.0,3000.0,-6268000.0,-783.5,-6271000.0,-783.875,0.0,-6271000.0,-783.875,0.0,-6271000.0,-783.875,-0.25809,-0.25809,24298000.0,24298000.0,https://www.sec.gov/Archives/edgar/data/897075/000114420416087730/0001144204-16-087730-index.htm,https://www.sec.gov/Archives/edgar/data/897075/000114420416087730/v432873_10k.htm,1620597405,17:56:45,20210509
8,2015-09-30,RPRXW,USD,2015-11-09,2015-11-09 12:34:32,Q3,1000.0,0.0,1000.0,1.0,5506000.0,1100000.0,0.0,0.0,6606000.0,6606000.0,0.0,3000.0,-6602000.0,-6602.0,-6605000.0,-6605.0,0.0,-6605000.0,-6605.0,0.0,-6605000.0,-6605.0,-0.27191,-0.27191,24291000.0,24291000.0,https://www.sec.gov/Archives/edgar/data/897075/000114420415063607/0001144204-15-063607-index.htm,https://www.sec.gov/Archives/edgar/data/897075/000114420415063607/v422340_10q.htm,1620597405,17:56:45,20210509
9,2015-06-30,RPRXW,USD,2015-08-10,2015-08-10 11:02:49,Q2,1000.0,0.0,1000.0,1.0,6450000.0,1342000.0,0.0,0.0,7792000.0,7792000.0,0.0,8000.0,-7783000.0,-7783.0,-7791000.0,-7791.0,0.0,-7791000.0,-7791.0,0.0,-7791000.0,-7791.0,-0.32092,-0.32092,24277000.0,24277000.0,https://www.sec.gov/Archives/edgar/data/897075/000114420415047586/0001144204-15-047586-index.htm,https://www.sec.gov/Archives/edgar/data/897075/000114420415047586/v416367_10q.htm,1620597405,17:56:45,20210509
10,2015-03-31,RPRXW,USD,2015-05-07,2015-05-07 12:23:51,Q1,1000.0,0.0,1000.0,1.0,7321000.0,1205000.0,0.0,0.0,8526000.0,8526000.0,0.0,10000.0,-8515000.0,-8515.0,-8525000.0,-8525.0,0.0,-8525000.0,-8525.0,0.0,-8525000.0,-8525.0,-0.35117,-0.35117,24276000.0,24276000.0,https://www.sec.gov/Archives/edgar/data/897075/000114420415028236/0001144204-15-028236-index.htm,https://www.sec.gov/Archives/edgar/data/897075/000114420415028236/v408247_10q.htm,1620597405,17:56:45,20210509
11,2014-12-31,RPRXW,USD,2015-03-16,2015-03-16 12:45:49,Q4,2000.0,0.0,2000.0,1.0,6225000.0,1678000.0,0.0,0.0,7903000.0,7903000.0,0.0,-227000.0,-8128000.0,-4064.0,-7901000.0,-3950.5,0.0,-7901000.0,-3950.5,0.0,-7901000.0,-3950.5,-0.33719,-0.33719,23432000.0,23432000.0,https://www.sec.gov/Archives/edgar/data/897075/000114420415016200/0001144204-15-016200-index.htm,https://www.sec.gov/Archives/edgar/data/897075/000114420415016200/v403265_10k.htm,1620597405,17:56:45,20210509
12,2014-09-30,RPRXW,USD,2014-11-10,2014-11-10 11:33:57,Q3,2000.0,0.0,2000.0,1.0,6107000.0,1277000.0,0.0,0.0,7384000.0,7384000.0,0.0,90000.0,-7292000.0,-3646.0,-7382000.0,-3691.0,0.0,-7382000.0,-3691.0,0.0,-7382000.0,-3691.0,-318.71168,-318.71168,23162.0,23162.0,https://www.sec.gov/Archives/edgar/data/897075/000114420414066307/0001144204-14-066307-index.htm,https://www.sec.gov/Archives/edgar/data/897075/000114420414066307/v392520_10q.htm,1620597405,17:56:45,20210509
13,2014-06-30,RPRXW,USD,2014-08-11,2014-08-11 10:07:28,Q2,3000.0,0.0,3000.0,1.0,7450000.0,1256000.0,0.0,0.0,8706000.0,8706000.0,0.0,122000.0,-8581000.0,-2860.3333333333335,-8703000.0,-2901.0,0.0,-8703000.0,-2901.0,0.0,-8703000.0,-2901.0,-0.37728,-0.37728,23068000.0,23068000.0,https://www.sec.gov/Archives/edgar/data/897075/000114420414048263/0001144204-14-048263-index.htm,https://www.sec.gov/Archives/edgar/data/897075/000114420414048263/v384801_10q.htm,1620597405,17:56:45,20210509
14,2014-03-31,RPRXW,USD,2014-05-12,2014-05-12 10:13:58,Q1,2000.0,0.0,2000.0,1.0,7325000.0,1226000.0,0.0,0.0,8551000.0,8551000.0,0.0,58000.0,-8491000.0,-4245.5,-8549000.0,-4274.5,0.0,-8549000.0,-4274.5,0.0,-8549000.0,-4274.5,-371.16311,-371.16311,23033.0,23033.0,https://www.sec.gov/Archives/edgar/data/897075/000114420414029339/0001144204-14-029339-index.htm,https://www.sec.gov/Archives/edgar/data/897075/000114420414029339/v376532_10q.htm,1620597405,17:56:45,20210509
15,2013-12-31,RPRXW,USD,2014-03-14,2014-03-14 10:33:18,Q4,3000.0,0.0,3000.0,1.0,5780000.0,1365000.0,0.0,0.0,7145000.0,7145000.0,0.0,80000.0,-7062000.0,-2354.0,-7142000.0,-2380.6666666666665,0.0,-7142000.0,-2380.6666666666665,0.0,-7142000.0,-2380.6666666666665,-0.34323,-0.34323,20808000.0,20808000.0,https://www.sec.gov/Archives/edgar/data/897075/000114420414015649/0001144204-14-015649-index.htm,https://www.sec.gov/Archives/edgar/data/897075/000114420414015649/v370284_10k.htm,1620597405,17:56:45,20210509
16,2013-09-30,RPRXW,USD,2013-11-07,2013-11-07 09:42:42,Q3,4000.0,0.0,4000.0,1.0,4787000.0,1215000.0,0.0,0.0,6002000.0,6002000.0,0.0,62000.0,-5936000.0,-1484.0,-5998000.0,-1499.5,0.0,-5998000.0,-1499.5,0.0,-5998000.0,-1499.5,-298.91359,-298.91359,20066.0,20066.0,https://www.sec.gov/Archives/edgar/data/897075/000114420413059444/0001144204-13-059444-index.htm,https://www.sec.gov/Archives/edgar/data/897075/000114420413059444/v358180_10q.htm,1620597405,17:56:45,20210509
17,2013-06-30,RPRXW,USD,2013-08-07,2013-08-07 10:33:26,Q2,1000.0,0.0,1000.0,1.0,6037000.0,1171000.0,0.0,0.0,7208000.0,7208000.0,0.0,62000.0,-7145000.0,-7145.0,-7207000.0,-7207.0,0.0,-7207000.0,-7207.0,0.0,-7207000.0,-7207.0,-388.0572905449063,-0.3880572905449063,18572.0,18572000.0,https://www.sec.gov/Archives/edgar/data/897075/000114420413043497/0001144204-13-043497-index.htm,https://www.sec.gov/Archives/edgar/data/897075/000114420413043497/v350675_10q.htm,1620597405,17:56:45,20210509
18,2013-03-31,RPRXW,USD,2013-05-10,2013-05-10 12:08:04,Q1,1000.0,0.0,1000.0,1.0,6308000.0,1067000.0,0.0,0.0,7375000.0,7375000.0,0.0,53000.0,-7321000.0,-7321.0,-7374000.0,-7374.0,0.0,-7374000.0,-7374.0,0.0,-7374000.0,-7374.0,-405.56594,-405.56594,18182.0,18182.0,https://www.sec.gov/Archives/edgar/data/897075/000114420413027766/0001144204-13-027766-index.htm,https://www.sec.gov/Archives/edgar/data/897075/000114420413027766/v342576_10q.htm,1620597405,17:56:45,20210509
19,2012-12-31,RPRXW,USD,2013-03-18,2013-03-18 12:18:50,Q4,1000.0,0.0,1000.0,1.0,1906000.0,463000.0,0.0,0.0,2369000.0,2369000.0,0.0,9000.0,-8035000.0,-8035.0,-8044000.0,-8044.0,0.0,-8044000.0,-8044.0,0.0,-8044000.0,-8044.0,-672.5190201488169,-652.922077922078,11961.0,12320.0,https://www.sec.gov/Archives/edgar/data/897075/000114420413015663/0001144204-13-015663-index.htm,https://www.sec.gov/Archives/edgar/data/897075/000114420413015663/v335447_10k.htm,1620597405,17:56:45,20210509
20,2012-09-30,RPRXW,USD,2012-11-14,2012-11-14 12:18:02,Q3,1000.0,0.0,1000.0,1.0,3132000.0,1452000.0,0.0,0.0,4584000.0,4584000.0,0.0,38000.0,-10085000.0,-10085.0,-10123000.0,-10123.0,0.0,-10123000.0,-10123.0,0.0,-10123000.0,-10123.0,-686.4912518649126,-0.6864912518649126,14746.0,14746000.0,https://www.sec.gov/Archives/edgar/data/897075/000114420412062136/0001144204-12-062136-index.htm,https://www.sec.gov/Archives/edgar/data/897075/000114420412062136/v326064_10q.htm,1620597405,17:56:45,20210509
21,2012-06-30,RPRXW,USD,2012-08-13,2012-08-13 14:48:46,Q2,1000.0,0.0,1000.0,1.0,2178000.0,923000.0,0.0,0.0,3101000.0,3101000.0,0.0,37000.0,-3063000.0,-3063.0,-3100000.0,-3100.0,0.0,-3100000.0,-3100.0,0.0,-3100000.0,-3100.0,-0.21522,-0.21522,14404000.0,14404000.0,https://www.sec.gov/Archives/edgar/data/897075/000114420412044807/0001144204-12-044807-index.htm,https://www.sec.gov/Archives/edgar/data/897075/000114420412044807/v318240_10q.htm,1620597405,17:56:45,20210509
22,2012-03-31,RPRXW,USD,2012-05-15,2012-05-15 11:39:30,Q1,0.0,0.0,0.0,0.0,1466000.0,973000.0,0.0,0.0,2439000.0,2439000.0,0.0,31000.0,-2408000.0,0.0,-2439000.0,0.0,0.0,-2439000.0,0.0,0.0,-2439000.0,0.0,-0.17443,-0.17443,13983000.0,13983000.0,https://www.sec.gov/Archives/edgar/data/897075/000114420412029142/0001144204-12-029142-index.htm,https://www.sec.gov/Archives/edgar/data/897075/000114420412029142/v312357_10-q.htm,1620597405,17:56:45,20210509
23,2011-12-31,RPRXW,USD,2012-03-27,2012-03-27 13:09:05,Q4,1000.0,0.0,1000.0,1.0,1702000.0,1031000.0,0.0,0.0,2733000.0,2733000.0,0.0,31000.0,-2701000.0,-2701.0,-2732000.0,-2732.0,0.0,-2732000.0,-2732.0,0.0,-2732000.0,-2732.0,-0.22841,-0.22841,11961000.0,11961000.0,https://www.sec.gov/Archives/edgar/data/897075/000114420412017347/0001144204-12-017347-index.htm,https://www.sec.gov/Archives/edgar/data/897075/000114420412017347/v306345_10k.htm,1620597405,17:56:45,20210509
24,2011-09-30,RPRXW,USD,2011-11-10,2011-11-10 10:25:06,Q3,1000.0,0.0,1000.0,1.0,3233000.0,727000.0,0.0,0.0,3960000.0,3960000.0,0.0,30000.0,-9729000.0,-9729.0,-9759000.0,-9759.0,0.0,-9759000.0,-9759.0,0.0,-9759000.0,-9759.0,-0.82424,-0.82424,11840000.0,11840000.0,https://www.sec.gov/Archives/edgar/data/897075/000114420411062794/0001144204-11-062794-index.htm,https://www.sec.gov/Archives/edgar/data/897075/000114420411062794/v239155_10q.htm,1620597405,17:56:45,20210509
25,2011-06-30,RPRXW,USD,2011-08-09,2011-08-09 10:56:45,Q2,1000.0,2509133000.0,-2509132000.0,-2509132.0,3747000.0,1418000.0,0.0,0.0,3685000.0,3685000.0,-78630000.0,-35785000.0,-39469000.0,-39469.0,-3684000.0,-3684.0,0.0,-3684000.0,-3684.0,-65002000.0,-3684000.0,-3684.0,-0.31764,-0.31764,11598000.0,11598000.0,https://www.sec.gov/Archives/edgar/data/897075/000114420411044757/0001144204-11-044757-index.htm,https://www.sec.gov/Archives/edgar/data/897075/000114420411044757/v229838_10q.htm,1620597405,17:56:45,20210509
26,2011-03-31,RPRXW,USD,2011-05-16,2011-05-16 13:03:45,Q1,0.0,0.0,0.0,0.0,1480000.0,635000.0,0.0,0.0,2115000.0,2115000.0,0.0,26000.0,-2089000.0,0.0,-2115000.0,0.0,0.0,-2115000.0,0.0,0.0,-2115000.0,0.0,-0.19601,-0.19601,10790000.0,10790000.0,https://www.sec.gov/Archives/edgar/data/897075/000114420411029661/0001144204-11-029661-index.htm,https://www.sec.gov/Archives/edgar/data/897075/000114420411029661/v222083_10q.htm,1620597405,17:56:45,20210509
27,2010-12-31,RPRXW,USD,2011-03-28,2011-03-28 16:58:14,Q4,283000.0,0.0,283000.0,1.0,954000.0,513000.0,0.0,0.0,1467000.0,1467000.0,0.0,27000.0,-1157000.0,-4.088339222614841,-1184000.0,-4.18374558303887,283000.0,-1184000.0,-4.18374558303887,0.0,-1184000.0,-4.18374558303887,-0.14695,-0.14695,8057000.0,8057000.0,https://www.sec.gov/Archives/edgar/data/897075/000114420411017629/0001144204-11-017629-index.htm,https://www.sec.gov/Archives/edgar/data/897075/000114420411017629/v215630_10k.htm,1620597405,17:56:45,20210509
28,2010-09-30,RPRXW,USD,2010-11-10,2010-11-10 13:44:07,Q3,85000.0,0.0,85000.0,1.0,736000.0,533000.0,0.0,0.0,1269000.0,1269000.0,0.0,23000.0,-1161000.0,-13.658823529411764,-1184000.0,-13.929411764705883,85000.0,-1184000.0,-13.929411764705883,0.0,-1184000.0,-13.929411764705883,-0.15252,-0.15252,7763000.0,7763000.0,https://www.sec.gov/Archives/edgar/data/897075/000114420410058930/0001144204-10-058930-index.htm,https://www.sec.gov/Archives/edgar/data/897075/000114420410058930/v201298_10q.htm,1620597405,17:56:45,20210509
29,2010-06-30,RPRXW,USD,2010-08-09,2010-08-09 15:17:56,Q2,53000.0,0.0,53000.0,1.0,756000.0,570000.0,0.0,0.0,1326000.0,1326000.0,0.0,19000.0,-1254000.0,-23.660377358490567,-1273000.0,-24.0188679245283,53000.0,-1273000.0,-24.0188679245283,0.0,-1273000.0,-24.0188679245283,-0.04421,-0.04421,28792000.0,28792000.0,https://www.sec.gov/Archives/edgar/data/897075/000114420410042187/0001144204-10-042187-index.htm,https://www.sec.gov/Archives/edgar/data/897075/000114420410042187/v192721_10q.htm,1620597405,17:56:45,20210509
30,2010-03-31,RPRXW,USD,2010-05-10,2010-05-10 14:04:37,Q1,0.0,0.0,0.0,0.0,458000.0,669000.0,0.0,0.0,1127000.0,1127000.0,0.0,18000.0,-1109000.0,0.0,-1127000.0,0.0,0.0,-1127000.0,0.0,0.0,-1127000.0,0.0,-0.04364,-0.04364,25827000.0,25827000.0,https://www.sec.gov/Archives/edgar/data/897075/000114420410025643/0001144204-10-025643-index.htm,https://www.sec.gov/Archives/edgar/data/897075/000114420410025643/v183878_10q.htm,1620597405,17:56:45,20210509
31,2009-12-31,RPRXW,USD,2010-03-15,2010-03-15 15:52:01,Q4,547000.0,0.0,547000.0,1.0,1297000.0,597000.0,0.0,0.0,1894000.0,1894000.0,0.0,21000.0,-1326000.0,-2.424131627056673,-1347000.0,-2.4625228519195614,547000.0,-1347000.0,-2.4625228519195614,0.0,-1347000.0,-2.4625228519195614,-0.07766,-0.07766,17344000.0,17344000.0,https://www.sec.gov/Archives/edgar/data/897075/000114420410013427/0001144204-10-013427-index.htm,https://www.sec.gov/Archives/edgar/data/897075/000114420410013427/v176970_10k.htm,1620597405,17:56:45,20210509
32,2009-09-30,RPRXW,USD,2009-11-09,2009-11-09 14:40:57,Q3,4000.0,0.0,4000.0,1.0,21765000.0,4126000.0,0.0,0.0,25891000.0,25891000.0,0.0,17000.0,-25870000.0,-6467.5,-25887000.0,-6471.75,0.0,-25887000.0,-6471.75,0.0,-25887000.0,-6471.75,-1.69351,-1.69351,15286000.0,15286000.0,https://www.sec.gov/Archives/edgar/data/897075/000114420409057400/0001144204-09-057400-index.htm,https://www.sec.gov/Archives/edgar/data/897075/000114420409057400/v164885_10q.htm,1620597405,17:56:45,20210509
33,2009-06-30,RPRXW,USD,2009-08-17,2009-08-17 16:57:23,Q2,1000.0,0.0,1000.0,1.0,7784000.0,1105000.0,0.0,0.0,8889000.0,8889000.0,0.0,17000.0,-8871000.0,-8871.0,-8888000.0,-8888.0,0.0,-8888000.0,-8888.0,0.0,-8888000.0,-8888.0,-0.5857,-0.5857,15175000.0,15175000.0,https://www.sec.gov/Archives/edgar/data/897075/000114420409044224/0001144204-09-044224-index.htm,https://www.sec.gov/Archives/edgar/data/897075/000114420409044224/v158227_10q.htm,1620597405,17:56:45,20210509
34,2009-03-31,RPRXW,USD,2009-05-11,2009-05-11 11:40:55,Q1,3000.0,0.0,3000.0,1.0,5698000.0,1060000.0,0.0,0.0,6758000.0,6758000.0,0.0,17000.0,-6738000.0,-2246.0,-6755000.0,-2251.6666666666665,0.0,-6755000.0,-2251.6666666666665,0.0,-6755000.0,-2251.6666666666665,-0.44514,-0.44514,15175000.0,15175000.0,https://www.sec.gov/Archives/edgar/data/897075/000095012909001580/0000950129-09-001580-index.htm,https://www.sec.gov/Archives/edgar/data/897075/000095012909001580/h66718e10vq.htm,1620597405,17:56:45,20210509
35,2008-12-31,RPRXW,USD,2009-03-16,2009-03-16 16:58:53,Q4,28000.0,0.0,28000.0,1.0,5061000.0,824000.0,0.0,0.0,5885000.0,5885000.0,0.0,18000.0,-5839000.0,-208.53571428571428,-5857000.0,-209.17857142857142,0.0,-5857000.0,-209.17857142857142,0.0,-5857000.0,-209.17857142857142,-0.438,-0.438,13372000.0,13372000.0,https://www.sec.gov/Archives/edgar/data/897075/000095012909000882/0000950129-09-000882-index.htm,https://www.sec.gov/Archives/edgar/data/897075/000095012909000882/h66123e10vk.htm,1620597405,17:56:45,20210509
36,2008-09-30,RPRXW,USD,2008-11-10,2008-11-10 13:04:24,Q3,46000.0,0.0,46000.0,1.0,5874000.0,751000.0,0.0,0.0,6625000.0,6625000.0,0.0,12000.0,-6567000.0,-142.7608695652174,-6579000.0,-143.02173913043478,0.0,-6579000.0,-143.02173913043478,0.0,-6579000.0,-143.02173913043478,-0.51499,-0.51499,12775000.0,12775000.0,https://www.sec.gov/Archives/edgar/data/897075/000095012908005540/0000950129-08-005540-index.htm,https://www.sec.gov/Archives/edgar/data/897075/000095012908005540/h64803e10vq.htm,1620597405,17:56:45,20210509
37,2008-06-30,RPRXW,USD,2008-08-11,2008-08-11 10:30:04,Q2,90000.0,0.0,90000.0,1.0,5474000.0,688000.0,0.0,0.0,6162000.0,6162000.0,0.0,11000.0,-6061000.0,-67.34444444444445,-6072000.0,-67.46666666666667,0.0,-6072000.0,-67.46666666666667,0.0,-6072000.0,-67.46666666666667,-0.4753,-0.4753,12775000.0,12775000.0,https://www.sec.gov/Archives/edgar/data/897075/000095012908004396/0000950129-08-004396-index.htm,https://www.sec.gov/Archives/edgar/data/897075/000095012908004396/h59160e10vq.htm,1620597405,17:56:45,20210509
38,2008-03-31,RPRXW,USD,2008-05-12,2008-05-09 18:54:31,Q1,269000.0,0.0,269000.0,1.0,6166000.0,797000.0,0.0,0.0,6963000.0,6963000.0,0.0,9000.0,-6685000.0,-24.851301115241636,-6694000.0,-24.88475836431227,0.0,-6694000.0,-24.88475836431227,0.0,-6694000.0,-24.88475836431227,-0.52399,-0.52399,12775000.0,12775000.0,https://www.sec.gov/Archives/edgar/data/897075/000095012908002919/0000950129-08-002919-index.htm,https://www.sec.gov/Archives/edgar/data/897075/000095012908002919/h56654e10vq.htm,1620597405,17:56:45,20210509
39,2007-12-31,RPRXW,USD,2008-03-17,2008-03-17 12:56:36,Q4,353000.0,0.0,353000.0,1.0,2990000.0,671000.0,0.0,0.0,3661000.0,3661000.0,0.0,9000.0,-3299000.0,-9.345609065155807,-3308000.0,-9.371104815864022,0.0,-3308000.0,-9.371104815864022,0.0,-3308000.0,-9.371104815864022,-0.26413,-0.26413,12524000.0,12524000.0,https://www.sec.gov/Archives/edgar/data/897075/000095012908001731/0000950129-08-001731-index.htm,https://www.sec.gov/Archives/edgar/data/897075/000095012908001731/h54977e10vk.htm,1620597405,17:56:45,20210509
40,2007-09-30,RPRXW,USD,2007-11-09,2007-11-09 13:29:49,Q3,396000.0,0.0,396000.0,1.0,3195000.0,568000.0,0.0,0.0,3763000.0,3763000.0,0.0,9000.0,-3358000.0,-8.47979797979798,-3367000.0,-8.502525252525253,0.0,-3367000.0,-8.502525252525253,0.0,-3367000.0,-8.502525252525253,-0.27068,-0.27068,12439000.0,12439000.0,https://www.sec.gov/Archives/edgar/data/897075/000095012907005524/0000950129-07-005524-index.htm,https://www.sec.gov/Archives/edgar/data/897075/000095012907005524/h51313e10vq.htm,1620597405,17:56:45,20210509
41,2007-06-30,RPRXW,USD,2007-08-08,2007-08-08 15:50:49,Q2,441000.0,0.0,441000.0,1.0,3207000.0,608000.0,0.0,0.0,3815000.0,3815000.0,0.0,8000.0,-3366000.0,-7.63265306122449,-3374000.0,-7.650793650793651,0.0,-3374000.0,-7.650793650793651,0.0,-3374000.0,-7.650793650793651,-0.27502,-0.27502,12268000.0,12268000.0,https://www.sec.gov/Archives/edgar/data/897075/000095012907003864/0000950129-07-003864-index.htm,https://www.sec.gov/Archives/edgar/data/897075/000095012907003864/h48766e10vq.htm,1620597405,17:56:45,20210509
42,2007-03-31,RPRXW,USD,2007-05-09,2007-05-09 11:49:47,Q1,318000.0,0.0,318000.0,1.0,3028000.0,941000.0,0.0,0.0,3969000.0,3969000.0,0.0,8000.0,-3643000.0,-11.455974842767295,-3651000.0,-11.481132075471699,0.0,-3651000.0,-11.481132075471699,0.0,-3651000.0,-11.481132075471699,-0.31056,-0.31056,11756000.0,11756000.0,https://www.sec.gov/Archives/edgar/data/897075/000095012907002385/0000950129-07-002385-index.htm,https://www.sec.gov/Archives/edgar/data/897075/000095012907002385/h46174e10vq.htm,1620597405,17:56:45,20210509
43,2006-12-31,RPRXW,USD,2007-03-14,2007-03-14 17:03:05,Q4,110000.0,0.0,110000.0,1.0,4667000.0,890000.0,0.0,0.0,5557000.0,5557000.0,0.0,6000.0,-5441000.0,-49.46363636363636,-5447000.0,-49.518181818181816,0.0,-5447000.0,-49.518181818181816,0.0,-5447000.0,-49.518181818181816,-0.53681,-0.53681,10147000.0,10147000.0,https://www.sec.gov/Archives/edgar/data/897075/000095012907001357/0000950129-07-001357-index.htm,https://www.sec.gov/Archives/edgar/data/897075/000095012907001357/h44548e10vk.htm,1620597405,17:56:45,20210509
44,2006-09-30,RPRXW,USD,2006-11-13,2006-11-13 17:24:01,Q3,146000.0,0.0,146000.0,1.0,3074000.0,713000.0,0.0,0.0,3787000.0,3787000.0,0.0,6000.0,-3635000.0,-24.897260273972602,-3641000.0,-24.938356164383563,0.0,-3641000.0,-24.938356164383563,0.0,-3641000.0,-24.938356164383563,-0.3589,-0.3589,10145000.0,10145000.0,https://www.sec.gov/Archives/edgar/data/897075/000095012906009659/0000950129-06-009659-index.htm,https://www.sec.gov/Archives/edgar/data/897075/000095012906009659/h41165e10vq.htm,1620597405,17:56:45,20210509
45,2006-06-30,RPRXW,USD,2006-08-03,2006-08-03 16:04:24,Q2,166000.0,0.0,166000.0,1.0,2363000.0,666000.0,0.0,0.0,3029000.0,3029000.0,0.0,6000.0,-2857000.0,-17.210843373493976,-2863000.0,-17.246987951807228,0.0,-2863000.0,-17.246987951807228,0.0,-2863000.0,-17.246987951807228,-0.28226,-0.28226,10143000.0,10143000.0,https://www.sec.gov/Archives/edgar/data/897075/000095012906007513/0000950129-06-007513-index.htm,https://www.sec.gov/Archives/edgar/data/897075/000095012906007513/h38353e10vq.htm,1620597405,17:56:45,20210509
46,2006-03-31,RPRXW,USD,2006-05-01,2006-05-01 16:59:45,Q1,174000.0,0.0,174000.0,1.0,1808000.0,610000.0,0.0,0.0,2418000.0,2418000.0,0.0,0.0,-2244000.0,-12.89655172413793,-2244000.0,-12.89655172413793,0.0,-2244000.0,-12.89655172413793,0.0,-2244000.0,-12.89655172413793,-0.2213,-0.2213,10140000.0,10140000.0,https://www.sec.gov/Archives/edgar/data/897075/000095012906004687/0000950129-06-004687-index.htm,https://www.sec.gov/Archives/edgar/data/897075/000095012906004687/h35498e10vq.htm,1620597405,17:56:45,20210509
47,2005-12-31,RPRXW,USD,2006-03-13,2006-03-13 16:34:39,Q4,174000.0,0.0,174000.0,1.0,0.0,567000.0,0.0,0.0,567000.0,567000.0,0.0,2000.0,-2261000.0,-12.994252873563218,-2263000.0,-13.005747126436782,0.0,-2263000.0,-13.005747126436782,0.0,-2263000.0,-13.005747126436782,-0.23458,-0.23458,9647000.0,9647000.0,https://www.sec.gov/Archives/edgar/data/897075/000095012906002569/0000950129-06-002569-index.htm,https://www.sec.gov/Archives/edgar/data/897075/000095012906002569/h33843e10vk.htm,1620597405,17:56:45,20210509
48,2005-09-30,RPRXW,USD,2005-11-14,2005-11-14 06:19:34,Q3,175000.0,0.0,175000.0,1.0,0.0,461000.0,0.0,0.0,461000.0,461000.0,0.0,2000.0,-1925000.0,-11.0,-1927000.0,-11.01142857142857,0.0,-1927000.0,-11.01142857142857,0.0,-1927000.0,-11.01142857142857,-0.20282,-0.20282,9501000.0,9501000.0,https://www.sec.gov/Archives/edgar/data/897075/000095012905010907/0000950129-05-010907-index.htm,https://www.sec.gov/Archives/edgar/data/897075/000095012905010907/h29862e10vq.htm,1620597405,17:56:45,20210509
49,2005-06-30,RPRXW,USD,2005-07-29,2005-07-29 16:58:58,Q2,173000.0,0.0,173000.0,1.0,0.0,465000.0,0.0,0.0,465000.0,465000.0,0.0,2000.0,-1644000.0,-9.502890173410405,-1646000.0,-9.514450867052023,0.0,-1646000.0,-9.514450867052023,0.0,-1646000.0,-9.514450867052023,-0.17876,-0.17876,9208000.0,9208000.0,https://www.sec.gov/Archives/edgar/data/897075/000095012905007473/0000950129-05-007473-index.htm,https://www.sec.gov/Archives/edgar/data/897075/000095012905007473/h27349e10vq.htm,1620597405,17:56:45,20210509
50,2005-03-31,RPRXW,USD,2005-05-10,2005-05-09 17:56:21,Q1,112000.0,0.0,112000.0,1.0,4000.0,431000.0,0.0,0.0,435000.0,435000.0,0.0,1000.0,-1554000.0,-13.875,-1555000.0,-13.883928571428571,0.0,-1555000.0,-13.883928571428571,0.0,-1555000.0,-13.883928571428571,-0.18676,-0.18676,8326000.0,8326000.0,https://www.sec.gov/Archives/edgar/data/897075/000095012905004966/0000950129-05-004966-index.htm,https://www.sec.gov/Archives/edgar/data/897075/000095012905004966/h25264e10vq.htm,1620597405,17:56:45,20210509
51,2004-12-31,RPRXW,USD,2005-03-30,2005-03-30 15:24:15,Q4,29000.0,0.0,29000.0,1.0,0.0,215000.0,0.0,0.0,215000.0,215000.0,0.0,1000.0,-742000.0,-25.586206896551722,-743000.0,-25.620689655172413,0.0,-743000.0,-25.620689655172413,0.0,-743000.0,-25.620689655172413,-0.1452,-0.1452,5117000.0,5117000.0,https://www.sec.gov/Archives/edgar/data/897075/000095012905003036/0000950129-05-003036-index.htm,https://www.sec.gov/Archives/edgar/data/897075/000095012905003036/h23799e10vk.htm,1620597405,17:56:45,20210509
