,date,symbol,reportedCurrency,fillingDate,acceptedDate,period,revenue,costOfRevenue,grossProfit,grossProfitRatio,researchAndDevelopmentExpenses,generalAndAdministrativeExpenses,sellingAndMarketingExpenses,otherExpenses,operatingExpenses,costAndExpenses,interestExpense,depreciationAndAmortization,ebitda,ebitdaratio,operatingIncome,operatingIncomeRatio,totalOtherIncomeExpensesNet,incomeBeforeTax,incomeBeforeTaxRatio,incomeTaxExpense,netIncome,netIncomeRatio,eps,epsdiluted,weightedAverageShsOut,weightedAverageShsOutDil,link,finalLink,timestamp,est_time,est_date
0,2019-06-30,1058.HK,HKD,2019-06-30,2019-06-30,Q2,44505000,45953750.0,-1448750.0,-0.032552522188518146,0.0,6157000.0,396500.0,669250.0,1223750.0,53285750.0,1423500.0,733500.0,-8047250.0,-0.18081676216155487,-8780750.0,-0.1972980563981575,0.0,-9732000.0,-0.21867205931917763,16500.0,-9748500.0,-0.2190428041793057,-0.018125,-0.018125,538019000,538019000,https://www1.hkexnews.hk/search/titlesearch.xhtml,https://www1.hkexnews.hk/search/titlesearch.xhtml,1620585052,14:30:52,20210509
1,2019-03-31,1058.HK,HKD,2019-03-31,2019-03-31,Q1,44505000,45953750.0,-1448750.0,-0.032552522188518146,0.0,6157000.0,396500.0,669250.0,1223750.0,53285750.0,1423500.0,733500.0,-8047250.0,-0.18081676216155487,-8780750.0,-0.1972980563981575,0.0,-9732000.0,-0.21867205931917763,16500.0,-9748500.0,-0.2190428041793057,-0.018125,-0.018125,538019000,538019000,https://www1.hkexnews.hk/search/titlesearch.xhtml,https://www1.hkexnews.hk/search/titlesearch.xhtml,1620585052,14:30:52,20210509
2,2019-01-31,1058.HK,HKD,2019-01-31,2019-01-31,Q1,44505000,45953750.0,-1448750.0,-0.032552522188518146,0.0,6157000.0,396500.0,669250.0,1223750.0,53285750.0,1423500.0,733500.0,-8047250.0,-0.18081676216155487,-8780750.0,-0.1972980563981575,0.0,-9732000.0,-0.21867205931917763,16500.0,-9748500.0,-0.2190428041793057,-0.018125,-0.018125,538019000,538019000,https://www1.hkexnews.hk/search/titlesearch.xhtml,https://www1.hkexnews.hk/search/titlesearch.xhtml,1620585052,14:30:52,20210509
3,2018-06-30,1058.HK,HKD,2018-06-30,2018-06-30,Q2,59579250,68398000.0,-8818750.0,-0.1480171368387484,0.0,7038750.0,520250.0,132500.0,135500.0,75397750.0,1493250.0,1537000.0,-14281500.0,-0.23970593788944977,-15818500.0,-0.26550351003075734,0.0,-20258750.0,-0.34003029578250815,51500.0,-20310250.0,-0.3408946906850959,-0.03775,-0.03775,538019000,538019000,https://www1.hkexnews.hk/search/titlesearch.xhtml,https://www1.hkexnews.hk/search/titlesearch.xhtml,1620585052,14:30:52,20210509
4,2018-03-31,1058.HK,HKD,2018-03-31,2018-03-31,Q1,59579250,68398000.0,-8818750.0,-0.1480171368387484,0.0,7038750.0,520250.0,132500.0,135500.0,75397750.0,1493250.0,1537000.0,-14281500.0,-0.23970593788944977,-15818500.0,-0.26550351003075734,0.0,-20258750.0,-0.34003029578250815,51500.0,-20310250.0,-0.3408946906850959,-0.03775,-0.03775,538019000,538019000,https://www1.hkexnews.hk/search/titlesearch.xhtml,https://www1.hkexnews.hk/search/titlesearch.xhtml,1620585052,14:30:52,20210509
5,2018-01-31,1058.HK,HKD,2018-01-31,2018-01-31,Q1,59579250,68398000.0,-8818750.0,-0.1480171368387484,0.0,7038750.0,520250.0,132500.0,135500.0,75397750.0,1493250.0,1537000.0,-14281500.0,-0.23970593788944977,-15818500.0,-0.26550351003075734,0.0,-20258750.0,-0.34003029578250815,51500.0,-20310250.0,-0.3408946906850959,-0.03775,-0.03775,538019000,538019000,https://www1.hkexnews.hk/search/titlesearch.xhtml,https://www1.hkexnews.hk/search/titlesearch.xhtml,1620585052,14:30:52,20210509
6,2017-06-30,1058.HK,HKD,2017-06-30,2017-06-30,Q2,80536500,92395750.0,-11859250.0,-0.14725310883884946,0.0,7003750.0,532750.0,0.0,0.0,99035500.0,1702000.0,2756000.0,-15743000.0,-0.19547658515083224,-18499000.0,-0.22969709386427273,0.0,-24720500.0,-0.3069477814407132,185250.0,-24905750.0,-0.3092479807292346,-0.0463,-0.0463,538019000,538019000,https://www1.hkexnews.hk/search/titlesearch.xhtml,https://www1.hkexnews.hk/search/titlesearch.xhtml,1620585052,14:30:52,20210509
7,2017-03-31,1058.HK,HKD,2017-03-31,2017-03-31,Q1,80536500,92395750.0,-11859250.0,-0.14725310883884946,0.0,7003750.0,532750.0,0.0,0.0,99035500.0,1702000.0,2756000.0,-15743000.0,-0.19547658515083224,-18499000.0,-0.22969709386427273,0.0,-24720500.0,-0.3069477814407132,185250.0,-24905750.0,-0.3092479807292346,-0.0463,-0.0463,538019000,538019000,https://www1.hkexnews.hk/search/titlesearch.xhtml,https://www1.hkexnews.hk/search/titlesearch.xhtml,1620585052,14:30:52,20210509
8,2017-01-31,1058.HK,HKD,2017-01-31,2017-01-31,Q1,80536500,92395750.0,-11859250.0,-0.14725310883884946,0.0,7003750.0,532750.0,0.0,0.0,99035500.0,1702000.0,2756000.0,-15743000.0,-0.19547658515083224,-18499000.0,-0.22969709386427273,0.0,-24720500.0,-0.3069477814407132,185250.0,-24905750.0,-0.3092479807292346,-0.0463,-0.0463,538019000,538019000,https://www1.hkexnews.hk/search/titlesearch.xhtml,https://www1.hkexnews.hk/search/titlesearch.xhtml,1620585052,14:30:52,20210509
9,2016-06-30,1058.HK,HKD,2016-06-30,2016-06-30,Q2,114180500,114028500.0,152000.0,0.001331225559530743,0.0,7633500.0,564000.0,0.0,0.0,121564000.0,1309500.0,2784500.0,-4599000.0,-0.040278331238696626,-7383500.0,-0.06466515736049501,0.0,-9993250.0,-0.08752151199197762,5250.0,-9998500.0,-0.08756749182215877,-0.018575,-0.018575,538019000,538019000,https://www1.hkexnews.hk/search/titlesearch.xhtml,https://www1.hkexnews.hk/search/titlesearch.xhtml,1620585052,14:30:52,20210509
10,2016-03-31,1058.HK,HKD,2016-03-31,2016-03-31,Q1,114180500,114028500.0,152000.0,0.001331225559530743,0.0,7633500.0,564000.0,0.0,0.0,121564000.0,1309500.0,2784500.0,-4599000.0,-0.040278331238696626,-7383500.0,-0.06466515736049501,0.0,-9993250.0,-0.08752151199197762,5250.0,-9998500.0,-0.08756749182215877,-0.018575,-0.018575,538019000,538019000,https://www1.hkexnews.hk/search/titlesearch.xhtml,https://www1.hkexnews.hk/search/titlesearch.xhtml,1620585052,14:30:52,20210509
11,2016-01-31,1058.HK,HKD,2016-01-31,2016-01-31,Q1,114180500,114028500.0,152000.0,0.001331225559530743,0.0,7633500.0,564000.0,0.0,0.0,121564000.0,1309500.0,2784500.0,-4599000.0,-0.040278331238696626,-7383500.0,-0.06466515736049501,0.0,-9993250.0,-0.08752151199197762,5250.0,-9998500.0,-0.08756749182215877,-0.018575,-0.018575,538019000,538019000,https://www1.hkexnews.hk/search/titlesearch.xhtml,https://www1.hkexnews.hk/search/titlesearch.xhtml,1620585052,14:30:52,20210509
12,2015-09-30,1058.HK,HKD,2015-09-30,2015-09-30,Q3,163182250,161089000.0,2093250.0,0.012827681932318006,0.0,9332250.0,884000.0,0.0,0.0,169610500.0,2633250.0,2684750.0,-3743500.0,-0.022940607817333074,-6428250.0,-0.03939307124396189,0.0,-9722500.0,-0.05958062227969035,-135250.0,-9587250.0,-0.058751794389402034,-0.017825,-0.017825,538019000,538019000,https://www1.hkexnews.hk/search/titlesearch.xhtml,https://www1.hkexnews.hk/search/titlesearch.xhtml,1620585052,14:30:52,20210509
13,2015-06-30,1058.HK,HKD,2015-06-30,2015-06-30,Q2,163182250,161089000.0,2093250.0,0.012827681932318006,0.0,9332250.0,884000.0,0.0,0.0,169610500.0,2633250.0,2684750.0,-3743500.0,-0.022940607817333074,-6428250.0,-0.03939307124396189,0.0,-9722500.0,-0.05958062227969035,-135250.0,-9587250.0,-0.058751794389402034,-0.017825,-0.017825,538019000,538019000,https://www1.hkexnews.hk/search/titlesearch.xhtml,https://www1.hkexnews.hk/search/titlesearch.xhtml,1620585052,14:30:52,20210509
14,2015-03-31,1058.HK,HKD,2015-03-31,2015-03-31,Q1,163182250,161089000.0,2093250.0,0.012827681932318006,0.0,9332250.0,884000.0,0.0,0.0,169610500.0,2633250.0,2684750.0,-3743500.0,-0.022940607817333074,-6428250.0,-0.03939307124396189,0.0,-9722500.0,-0.05958062227969035,-135250.0,-9587250.0,-0.058751794389402034,-0.017825,-0.017825,538019000,538019000,https://www1.hkexnews.hk/search/titlesearch.xhtml,https://www1.hkexnews.hk/search/titlesearch.xhtml,1620585052,14:30:52,20210509
15,2015-01-31,1058.HK,HKD,2015-01-31,2015-01-31,Q1,163182250,161089000.0,2093250.0,0.012827681932318006,0.0,9332250.0,884000.0,0.0,0.0,169610500.0,2633250.0,2684750.0,-3743500.0,-0.022940607817333074,-6428250.0,-0.03939307124396189,0.0,-9722500.0,-0.05958062227969035,-135250.0,-9587250.0,-0.058751794389402034,-0.017825,-0.017825,538019000,538019000,https://www1.hkexnews.hk/search/titlesearch.xhtml,https://www1.hkexnews.hk/search/titlesearch.xhtml,1620585052,14:30:52,20210509
16,2014-09-30,1058.HK,HKD,2014-09-30,2014-09-30,Q3,191796250,182439500.0,9356750.0,0.048784843290731704,0.0,6752500.0,835750.0,0.0,0.0,188842500.0,1669000.0,2618250.0,5572000.0,0.029051662897475836,2953750.0,0.01540045751676584,0.0,1322750.0,0.006896641618384092,823250.0,499500.0,0.0026043262055436434,0.000925,0.000925,538019000,538019000,https://www1.hkexnews.hk/search/titlesearch.xhtml,https://www1.hkexnews.hk/search/titlesearch.xhtml,1620585052,14:30:52,20210509
17,2014-06-30,1058.HK,HKD,2014-06-30,2014-06-30,Q2,191796250,182439500.0,9356750.0,0.048784843290731704,0.0,6752500.0,835750.0,0.0,0.0,188842500.0,1669000.0,2618250.0,5572000.0,0.029051662897475836,2953750.0,0.01540045751676584,0.0,1322750.0,0.006896641618384092,823250.0,499500.0,0.0026043262055436434,0.000925,0.000925,538019000,538019000,https://www1.hkexnews.hk/search/titlesearch.xhtml,https://www1.hkexnews.hk/search/titlesearch.xhtml,1620585052,14:30:52,20210509
18,2014-03-31,1058.HK,HKD,2014-03-31,2014-03-31,Q1,191796250,182439500.0,9356750.0,0.048784843290731704,0.0,6752500.0,835750.0,0.0,0.0,188842500.0,1669000.0,2618250.0,5572000.0,0.029051662897475836,2953750.0,0.01540045751676584,0.0,1322750.0,0.006896641618384092,823250.0,499500.0,0.0026043262055436434,0.000925,0.000925,538019000,538019000,https://www1.hkexnews.hk/search/titlesearch.xhtml,https://www1.hkexnews.hk/search/titlesearch.xhtml,1620585052,14:30:52,20210509
19,2014-01-31,1058.HK,HKD,2014-01-31,2014-01-31,Q1,191796250,182439500.0,9356750.0,0.048784843290731704,0.0,6752500.0,835750.0,0.0,0.0,188842500.0,1669000.0,2618250.0,5572000.0,0.029051662897475836,2953750.0,0.01540045751676584,0.0,1322750.0,0.006896641618384092,823250.0,499500.0,0.0026043262055436434,0.000925,0.000925,538019000,538019000,https://www1.hkexnews.hk/search/titlesearch.xhtml,https://www1.hkexnews.hk/search/titlesearch.xhtml,1620585052,14:30:52,20210509
20,2013-09-30,1058.HK,HKD,2013-09-30,2013-09-30,Q3,148661000,139230500.0,9430500.0,0.06343627447682984,0.0,6335000.0,581000.0,0.0,0.0,145075250.0,1508750.0,2540000.0,6125750.0,0.041206167051210475,3585750.0,0.024120314003000114,0.0,3163500.0,0.021279959101580107,1730750.0,1432750.0,0.009637699194812359,0.002675,0.00265,538019000,538157568,https://www1.hkexnews.hk/search/titlesearch.xhtml,https://www1.hkexnews.hk/search/titlesearch.xhtml,1620585052,14:30:52,20210509
21,2013-06-30,1058.HK,HKD,2013-06-30,2013-06-30,Q2,148661000,139230500.0,9430500.0,0.06343627447682984,0.0,6335000.0,581000.0,0.0,0.0,145075250.0,1508750.0,2540000.0,6125750.0,0.041206167051210475,3585750.0,0.024120314003000114,0.0,3163500.0,0.021279959101580107,1730750.0,1432750.0,0.009637699194812359,0.002675,0.00265,538019000,538157568,https://www1.hkexnews.hk/search/titlesearch.xhtml,https://www1.hkexnews.hk/search/titlesearch.xhtml,1620585052,14:30:52,20210509
22,2013-03-31,1058.HK,HKD,2013-03-31,2013-03-31,Q1,148661000,139230500.0,9430500.0,0.06343627447682984,0.0,6335000.0,581000.0,0.0,0.0,145075250.0,1508750.0,2540000.0,6125750.0,0.041206167051210475,3585750.0,0.024120314003000114,0.0,3163500.0,0.021279959101580107,1730750.0,1432750.0,0.009637699194812359,0.002675,0.00265,538019000,538157568,https://www1.hkexnews.hk/search/titlesearch.xhtml,https://www1.hkexnews.hk/search/titlesearch.xhtml,1620585052,14:30:52,20210509
23,2013-01-31,1058.HK,HKD,2013-01-31,2013-01-31,Q1,148661000,139230500.0,9430500.0,0.06343627447682984,0.0,6335000.0,581000.0,0.0,0.0,145075250.0,1508750.0,2540000.0,6125750.0,0.041206167051210475,3585750.0,0.024120314003000114,0.0,3163500.0,0.021279959101580107,1730750.0,1432750.0,0.009637699194812359,0.002675,0.00265,538019000,538157568,https://www1.hkexnews.hk/search/titlesearch.xhtml,https://www1.hkexnews.hk/search/titlesearch.xhtml,1620585052,14:30:52,20210509
24,2012-09-30,1058.HK,HKD,2012-09-30,2012-09-30,Q3,155717250,148119500.0,7597750.0,0.04879196107046586,0.0,6046750.0,531250.0,0.0,0.0,151470500.0,1480750.0,2171750.0,6418500.0,0.041218940098158685,4246750.0,0.027272187249646394,0.0,1522750.0,0.009778942281603354,1264500.0,258250.0,0.0016584546670327148,0.00048000163562996845,0.0004798751020292046,538019000,538160865,https://www1.hkexnews.hk/search/titlesearch.xhtml,https://www1.hkexnews.hk/search/titlesearch.xhtml,1620585052,14:30:52,20210509
25,2012-06-30,1058.HK,HKD,2012-06-30,2012-06-30,Q2,155717250,148119500.0,7597750.0,0.04879196107046586,0.0,6046750.0,531250.0,0.0,0.0,151470500.0,1480750.0,2171750.0,6418500.0,0.041218940098158685,4246750.0,0.027272187249646394,0.0,1522750.0,0.009778942281603354,1264500.0,258250.0,0.0016584546670327148,0.00048000163562996845,0.0004798751020292046,538019000,538160865,https://www1.hkexnews.hk/search/titlesearch.xhtml,https://www1.hkexnews.hk/search/titlesearch.xhtml,1620585052,14:30:52,20210509
26,2012-03-31,1058.HK,HKD,2012-03-31,2012-03-31,Q1,155717250,148119500.0,7597750.0,0.04879196107046586,0.0,6046750.0,531250.0,0.0,0.0,151470500.0,1480750.0,2171750.0,6418500.0,0.041218940098158685,4246750.0,0.027272187249646394,0.0,1522750.0,0.009778942281603354,1264500.0,258250.0,0.0016584546670327148,0.00048000163562996845,0.0004798751020292046,538019000,538160865,https://www1.hkexnews.hk/search/titlesearch.xhtml,https://www1.hkexnews.hk/search/titlesearch.xhtml,1620585052,14:30:52,20210509
27,2012-01-31,1058.HK,HKD,2012-01-31,2012-01-31,Q1,155717250,148119500.0,7597750.0,0.04879196107046586,0.0,6046750.0,531250.0,0.0,0.0,151470500.0,1480750.0,2171750.0,6418500.0,0.041218940098158685,4246750.0,0.027272187249646394,0.0,1522750.0,0.009778942281603354,1264500.0,258250.0,0.0016584546670327148,0.00048000163562996845,0.0004798751020292046,538019000,538160865,https://www1.hkexnews.hk/search/titlesearch.xhtml,https://www1.hkexnews.hk/search/titlesearch.xhtml,1620585052,14:30:52,20210509
28,2011-09-30,1058.HK,HKD,2011-09-30,2011-09-30,Q3,146755000,139705750.0,7049250.0,0.0480341385302034,0.0,5623000.0,489000.0,0.0,0.0,144373500.0,1346250.0,2135500.0,4517000.0,0.030779189806139483,2381500.0,0.0162277264829137,0.0,1301750.0,0.008870225886681885,1004500.0,297250.0,0.002025484651289564,0.0005526845388527851,0.0005521671614647901,537829411,538333354,https://www1.hkexnews.hk/search/titlesearch.xhtml,https://www1.hkexnews.hk/search/titlesearch.xhtml,1620585052,14:30:52,20210509
29,2011-06-30,1058.HK,HKD,2011-06-30,2011-06-30,Q2,146755000,139705750.0,7049250.0,0.0480341385302034,0.0,5623000.0,489000.0,0.0,0.0,144373500.0,1346250.0,2135500.0,4517000.0,0.030779189806139483,2381500.0,0.0162277264829137,0.0,1301750.0,0.008870225886681885,1004500.0,297250.0,0.002025484651289564,0.0005526845388527851,0.0005521671614647901,537829411,538333354,https://www1.hkexnews.hk/search/titlesearch.xhtml,https://www1.hkexnews.hk/search/titlesearch.xhtml,1620585052,14:30:52,20210509
30,2011-03-31,1058.HK,HKD,2011-03-31,2011-03-31,Q1,146755000,139705750.0,7049250.0,0.0480341385302034,0.0,5623000.0,489000.0,0.0,0.0,144373500.0,1346250.0,2135500.0,4517000.0,0.030779189806139483,2381500.0,0.0162277264829137,0.0,1301750.0,0.008870225886681885,1004500.0,297250.0,0.002025484651289564,0.0005526845388527851,0.0005521671614647901,537829411,538333354,https://www1.hkexnews.hk/search/titlesearch.xhtml,https://www1.hkexnews.hk/search/titlesearch.xhtml,1620585052,14:30:52,20210509
31,2011-01-31,1058.HK,HKD,2011-01-31,2011-01-31,Q1,146755000,139705750.0,7049250.0,0.0480341385302034,0.0,5623000.0,489000.0,0.0,0.0,144373500.0,1346250.0,2135500.0,4517000.0,0.030779189806139483,2381500.0,0.0162277264829137,0.0,1301750.0,0.008870225886681885,1004500.0,297250.0,0.002025484651289564,0.0005526845388527851,0.0005521671614647901,537829411,538333354,https://www1.hkexnews.hk/search/titlesearch.xhtml,https://www1.hkexnews.hk/search/titlesearch.xhtml,1620585052,14:30:52,20210509
32,2010-09-30,1058.HK,HKD,2010-09-30,2010-09-30,Q3,130184250,122214250.0,7970000.0,0.06122092342199613,0.0,5797000.0,548000.0,0.0,-3140250.0,125419000.0,1195250.0,2069250.0,6834500.0,0.05249867015403169,4765250.0,0.036603890255541664,0.0,3570000.0,0.02742267209743114,2017000.0,1553000.0,0.011929246433420325,0.0029,0.002875,537619000,560503772,https://www1.hkexnews.hk/search/titlesearch.xhtml,https://www1.hkexnews.hk/search/titlesearch.xhtml,1620585052,14:30:52,20210509
33,2010-06-30,1058.HK,HKD,2010-06-30,2010-06-30,Q2,130184250,122214250.0,7970000.0,0.06122092342199613,0.0,5797000.0,548000.0,0.0,-3140250.0,125419000.0,1195250.0,2069250.0,6834500.0,0.05249867015403169,4765250.0,0.036603890255541664,0.0,3570000.0,0.02742267209743114,2017000.0,1553000.0,0.011929246433420325,0.0029,0.002875,537619000,560503772,https://www1.hkexnews.hk/search/titlesearch.xhtml,https://www1.hkexnews.hk/search/titlesearch.xhtml,1620585052,14:30:52,20210509
34,2010-03-31,1058.HK,HKD,2010-03-31,2010-03-31,Q1,130184250,122214250.0,7970000.0,0.06122092342199613,0.0,5797000.0,548000.0,0.0,-3140250.0,125419000.0,1195250.0,2069250.0,6834500.0,0.05249867015403169,4765250.0,0.036603890255541664,0.0,3570000.0,0.02742267209743114,2017000.0,1553000.0,0.011929246433420325,0.0029,0.002875,537619000,560503772,https://www1.hkexnews.hk/search/titlesearch.xhtml,https://www1.hkexnews.hk/search/titlesearch.xhtml,1620585052,14:30:52,20210509
35,2010-01-31,1058.HK,HKD,2010-01-31,2010-01-31,Q1,130184250,122214250.0,7970000.0,0.06122092342199613,0.0,5797000.0,548000.0,0.0,-3140250.0,125419000.0,1195250.0,2069250.0,6834500.0,0.05249867015403169,4765250.0,0.036603890255541664,0.0,3570000.0,0.02742267209743114,2017000.0,1553000.0,0.011929246433420325,0.0029,0.002875,537619000,560503772,https://www1.hkexnews.hk/search/titlesearch.xhtml,https://www1.hkexnews.hk/search/titlesearch.xhtml,1620585052,14:30:52,20210509
36,2009-09-30,1058.HK,HKD,2009-09-30,2009-09-30,Q3,116814750,104448750.0,12366000.0,0.10585991923109025,0.0,6032750.0,626250.0,0.0,-881250.0,110226500.0,0.0,1891000.0,8479250.0,0.07258715187936456,6588250.0,0.05639912767865359,0.0,6588250.0,0.05639912767865359,2913250.0,3675000.0,0.03146006818488247,0.006836701567528981,0.006444855831819391,537539918,570222220,https://www1.hkexnews.hk/search/titlesearch.xhtml,https://www1.hkexnews.hk/search/titlesearch.xhtml,1620585052,14:30:52,20210509
37,2009-06-30,1058.HK,HKD,2009-06-30,2009-06-30,Q2,116814750,104448750.0,12366000.0,0.10585991923109025,0.0,6032750.0,626250.0,0.0,-881250.0,110226500.0,0.0,1891000.0,8479250.0,0.07258715187936456,6588250.0,0.05639912767865359,0.0,6588250.0,0.05639912767865359,2913250.0,3675000.0,0.03146006818488247,0.006836701567528981,0.006444855831819391,537539918,570222220,https://www1.hkexnews.hk/search/titlesearch.xhtml,https://www1.hkexnews.hk/search/titlesearch.xhtml,1620585052,14:30:52,20210509
38,2009-03-31,1058.HK,HKD,2009-03-31,2009-03-31,Q1,116814750,104448750.0,12366000.0,0.10585991923109025,0.0,6032750.0,626250.0,0.0,-881250.0,110226500.0,0.0,1891000.0,8479250.0,0.07258715187936456,6588250.0,0.05639912767865359,0.0,6588250.0,0.05639912767865359,2913250.0,3675000.0,0.03146006818488247,0.006836701567528981,0.006444855831819391,537539918,570222220,https://www1.hkexnews.hk/search/titlesearch.xhtml,https://www1.hkexnews.hk/search/titlesearch.xhtml,1620585052,14:30:52,20210509
39,2009-01-31,1058.HK,HKD,2009-01-31,2009-01-31,Q1,116814750,104448750.0,12366000.0,0.10585991923109025,0.0,6032750.0,626250.0,0.0,-881250.0,110226500.0,0.0,1891000.0,8479250.0,0.07258715187936456,6588250.0,0.05639912767865359,0.0,6588250.0,0.05639912767865359,2913250.0,3675000.0,0.03146006818488247,0.006836701567528981,0.006444855831819391,537539918,570222220,https://www1.hkexnews.hk/search/titlesearch.xhtml,https://www1.hkexnews.hk/search/titlesearch.xhtml,1620585052,14:30:52,20210509
40,2008-09-30,1058.HK,HKD,2008-09-30,2008-09-30,Q3,131370000,123273750.0,8096250.0,0.06162936743548755,0.0,4686750.0,511500.0,0.0,-2326500.0,126145500.0,3306000.0,1529750.0,6754250.0,0.05141394534520819,5224500.0,0.03976935373372916,0.0,1918500.0,0.014603790819821877,1156000.0,762500.0,0.005804217096749638,0.001425,0.001425,537520597,537520597,https://www1.hkexnews.hk/search/titlesearch.xhtml,https://www1.hkexnews.hk/search/titlesearch.xhtml,1620585052,14:30:52,20210509
41,2008-06-30,1058.HK,HKD,2008-06-30,2008-06-30,Q2,131370000,123273750.0,8096250.0,0.06162936743548755,0.0,4686750.0,511500.0,0.0,-2326500.0,126145500.0,3306000.0,1529750.0,6754250.0,0.05141394534520819,5224500.0,0.03976935373372916,0.0,1918500.0,0.014603790819821877,1156000.0,762500.0,0.005804217096749638,0.001425,0.001425,537520597,537520597,https://www1.hkexnews.hk/search/titlesearch.xhtml,https://www1.hkexnews.hk/search/titlesearch.xhtml,1620585052,14:30:52,20210509
42,2008-03-31,1058.HK,HKD,2008-03-31,2008-03-31,Q1,131370000,123273750.0,8096250.0,0.06162936743548755,0.0,4686750.0,511500.0,0.0,-2326500.0,126145500.0,3306000.0,1529750.0,6754250.0,0.05141394534520819,5224500.0,0.03976935373372916,0.0,1918500.0,0.014603790819821877,1156000.0,762500.0,0.005804217096749638,0.001425,0.001425,537520597,537520597,https://www1.hkexnews.hk/search/titlesearch.xhtml,https://www1.hkexnews.hk/search/titlesearch.xhtml,1620585052,14:30:52,20210509
43,2008-01-31,1058.HK,HKD,2008-01-31,2008-01-31,Q1,131370000,123273750.0,8096250.0,0.06162936743548755,0.0,4686750.0,511500.0,0.0,-2326500.0,126145500.0,3306000.0,1529750.0,6754250.0,0.05141394534520819,5224500.0,0.03976935373372916,0.0,1918500.0,0.014603790819821877,1156000.0,762500.0,0.005804217096749638,0.001425,0.001425,537520597,537520597,https://www1.hkexnews.hk/search/titlesearch.xhtml,https://www1.hkexnews.hk/search/titlesearch.xhtml,1620585052,14:30:52,20210509
44,2007-09-30,1058.HK,HKD,2007-09-30,2007-09-30,Q3,156654500,146845250.0,9809250.0,0.06261709685964974,0.0,4284500.0,521500.0,0.0,0.0,151651250.0,0.0,1496750.0,6500000.0,0.041492583998544566,5003250.0,0.03193811859857202,0.0,4363750.0,0.027855886680561364,1469750.0,2894000.0,0.018473775091044305,0.0054,0.0054,535925926,535925926,https://www1.hkexnews.hk/search/titlesearch.xhtml,https://www1.hkexnews.hk/search/titlesearch.xhtml,1620585052,14:30:52,20210509
45,2007-06-30,1058.HK,HKD,2007-06-30,2007-06-30,Q2,156654500,146845250.0,9809250.0,0.06261709685964974,0.0,4284500.0,521500.0,0.0,0.0,151651250.0,0.0,1496750.0,6500000.0,0.041492583998544566,5003250.0,0.03193811859857202,0.0,4363750.0,0.027855886680561364,1469750.0,2894000.0,0.018473775091044305,0.0054,0.0054,535925926,535925926,https://www1.hkexnews.hk/search/titlesearch.xhtml,https://www1.hkexnews.hk/search/titlesearch.xhtml,1620585052,14:30:52,20210509
46,2007-03-31,1058.HK,HKD,2007-03-31,2007-03-31,Q1,156654500,146845250.0,9809250.0,0.06261709685964974,0.0,4284500.0,521500.0,0.0,0.0,151651250.0,0.0,1496750.0,6500000.0,0.041492583998544566,5003250.0,0.03193811859857202,0.0,4363750.0,0.027855886680561364,1469750.0,2894000.0,0.018473775091044305,0.0054,0.0054,535925926,535925926,https://www1.hkexnews.hk/search/titlesearch.xhtml,https://www1.hkexnews.hk/search/titlesearch.xhtml,1620585052,14:30:52,20210509
47,2007-01-31,1058.HK,HKD,2007-01-31,2007-01-31,Q1,156654500,146845250.0,9809250.0,0.06261709685964974,0.0,4284500.0,521500.0,0.0,0.0,151651250.0,0.0,1496750.0,6500000.0,0.041492583998544566,5003250.0,0.03193811859857202,0.0,4363750.0,0.027855886680561364,1469750.0,2894000.0,0.018473775091044305,0.0054,0.0054,535925926,535925926,https://www1.hkexnews.hk/search/titlesearch.xhtml,https://www1.hkexnews.hk/search/titlesearch.xhtml,1620585052,14:30:52,20210509
48,2006-09-30,1058.HK,HKD,2006-09-30,2006-09-30,Q3,104993750,95811250.0,9182500.0,0.08745758676111673,0.0,5491500.0,336500.0,0.0,0.0,101639250.0,0.0,2947250.0,6301750.0,0.06002023929995833,3354500.0,0.03194952080480981,0.0,6355000.0,0.060527412345972975,1190750.0,5164250.0,0.04918626108696946,0.00985,0.0098,524289340,526964286,https://www1.hkexnews.hk/search/titlesearch.xhtml,https://www1.hkexnews.hk/search/titlesearch.xhtml,1620585052,14:30:52,20210509
49,2006-06-30,1058.HK,HKD,2006-06-30,2006-06-30,Q2,104993750,95811250.0,9182500.0,0.08745758676111673,0.0,5491500.0,336500.0,0.0,0.0,101639250.0,0.0,2947250.0,6301750.0,0.06002023929995833,3354500.0,0.03194952080480981,0.0,6355000.0,0.060527412345972975,1190750.0,5164250.0,0.04918626108696946,0.00985,0.0098,524289340,526964286,https://www1.hkexnews.hk/search/titlesearch.xhtml,https://www1.hkexnews.hk/search/titlesearch.xhtml,1620585052,14:30:52,20210509
50,2006-03-31,1058.HK,HKD,2006-03-31,2006-03-31,Q1,104993750,95811250.0,9182500.0,0.08745758676111673,0.0,5491500.0,336500.0,0.0,0.0,101639250.0,0.0,2947250.0,6301750.0,0.06002023929995833,3354500.0,0.03194952080480981,0.0,6355000.0,0.060527412345972975,1190750.0,5164250.0,0.04918626108696946,0.00985,0.0098,524289340,526964286,https://www1.hkexnews.hk/search/titlesearch.xhtml,https://www1.hkexnews.hk/search/titlesearch.xhtml,1620585052,14:30:52,20210509
51,2006-01-31,1058.HK,HKD,2006-01-31,2006-01-31,Q1,104993750,95811250.0,9182500.0,0.08745758676111673,0.0,5491500.0,336500.0,0.0,0.0,101639250.0,0.0,2947250.0,6301750.0,0.06002023929995833,3354500.0,0.03194952080480981,0.0,6355000.0,0.060527412345972975,1190750.0,5164250.0,0.04918626108696946,0.00985,0.0098,524289340,526964286,https://www1.hkexnews.hk/search/titlesearch.xhtml,https://www1.hkexnews.hk/search/titlesearch.xhtml,1620585052,14:30:52,20210509
52,2005-09-30,1058.HK,HKD,2005-09-30,2005-09-30,Q3,64635750,58742750.0,5893000.0,0.09117245487211025,0.0,5566750.0,354750.0,0.0,0.0,64664250.0,0.0,2476750.0,2448250.0,0.03787764511125809,-28500.0,-0.0004409324561098154,0.0,1217500.0,0.018836325098726323,-133250.0,1350750.0,0.02089787772246783,0.002575,0.002575,524563107,524563107,https://www1.hkexnews.hk/search/titlesearch.xhtml,https://www1.hkexnews.hk/search/titlesearch.xhtml,1620585052,14:30:52,20210509
53,2005-06-30,1058.HK,HKD,2005-06-30,2005-06-30,Q2,64635750,58742750.0,5893000.0,0.09117245487211025,0.0,5566750.0,354750.0,0.0,0.0,64664250.0,0.0,2476750.0,2448250.0,0.03787764511125809,-28500.0,-0.0004409324561098154,0.0,1217500.0,0.018836325098726323,-133250.0,1350750.0,0.02089787772246783,0.002575,0.002575,524563107,524563107,https://www1.hkexnews.hk/search/titlesearch.xhtml,https://www1.hkexnews.hk/search/titlesearch.xhtml,1620585052,14:30:52,20210509
54,2005-03-31,1058.HK,HKD,2005-03-31,2005-03-31,Q1,64635750,58742750.0,5893000.0,0.09117245487211025,0.0,5566750.0,354750.0,0.0,0.0,64664250.0,0.0,2476750.0,2448250.0,0.03787764511125809,-28500.0,-0.0004409324561098154,0.0,1217500.0,0.018836325098726323,-133250.0,1350750.0,0.02089787772246783,0.002575,0.002575,524563107,524563107,https://www1.hkexnews.hk/search/titlesearch.xhtml,https://www1.hkexnews.hk/search/titlesearch.xhtml,1620585052,14:30:52,20210509
55,2005-01-31,1058.HK,HKD,2005-01-31,2005-01-31,Q1,64635750,58742750.0,5893000.0,0.09117245487211025,0.0,5566750.0,354750.0,0.0,0.0,64664250.0,0.0,2476750.0,2448250.0,0.03787764511125809,-28500.0,-0.0004409324561098154,0.0,1217500.0,0.018836325098726323,-133250.0,1350750.0,0.02089787772246783,0.002575,0.002575,524563107,524563107,https://www1.hkexnews.hk/search/titlesearch.xhtml,https://www1.hkexnews.hk/search/titlesearch.xhtml,1620585052,14:30:52,20210509
56,2004-09-30,1058.HK,HKD,2004-09-30,2004-09-30,Q3,70487750,63962250.0,6525500.0,0.09257636965288295,0.0,5003750.0,407500.0,0.0,0.0,69373500.0,0.0,2352000.0,3466250.0,0.04917521129557973,1114250.0,0.01580771126897936,0.0,1467750.0,0.020822767076548763,300750.0,1167000.0,0.016556068252994313,0.002225,0.002225,524494382,524494382,https://www1.hkexnews.hk/search/titlesearch.xhtml,https://www1.hkexnews.hk/search/titlesearch.xhtml,1620585052,14:30:52,20210509
57,2004-06-30,1058.HK,HKD,2004-06-30,2004-06-30,Q2,70487750,63962250.0,6525500.0,0.09257636965288295,0.0,5003750.0,407500.0,0.0,0.0,69373500.0,0.0,2352000.0,3466250.0,0.04917521129557973,1114250.0,0.01580771126897936,0.0,1467750.0,0.020822767076548763,300750.0,1167000.0,0.016556068252994313,0.002225,0.002225,524494382,524494382,https://www1.hkexnews.hk/search/titlesearch.xhtml,https://www1.hkexnews.hk/search/titlesearch.xhtml,1620585052,14:30:52,20210509
58,2004-03-31,1058.HK,HKD,2004-03-31,2004-03-31,Q1,70487750,63962250.0,6525500.0,0.09257636965288295,0.0,5003750.0,407500.0,0.0,0.0,69373500.0,0.0,2352000.0,3466250.0,0.04917521129557973,1114250.0,0.01580771126897936,0.0,1467750.0,0.020822767076548763,300750.0,1167000.0,0.016556068252994313,0.002225,0.002225,524494382,524494382,https://www1.hkexnews.hk/search/titlesearch.xhtml,https://www1.hkexnews.hk/search/titlesearch.xhtml,1620585052,14:30:52,20210509
59,2004-01-31,1058.HK,HKD,2004-01-31,2004-01-31,Q1,70487750,63962250.0,6525500.0,0.09257636965288295,0.0,5003750.0,407500.0,0.0,0.0,69373500.0,0.0,2352000.0,3466250.0,0.04917521129557973,1114250.0,0.01580771126897936,0.0,1467750.0,0.020822767076548763,300750.0,1167000.0,0.016556068252994313,0.002225,0.002225,524494382,524494382,https://www1.hkexnews.hk/search/titlesearch.xhtml,https://www1.hkexnews.hk/search/titlesearch.xhtml,1620585052,14:30:52,20210509
60,2003-09-30,1058.HK,HKD,2003-09-30,2003-09-30,Q3,95400250,94059500.0,1340750.0,0.014053946399511531,0.0,7240750.0,735250.0,0.0,22188500.0,124224000.0,0.0,4078750.0,-24745000.0,-0.2593808716434181,-28823750.0,-0.30213495247653965,0.0,-25395000.0,-0.26619427097937376,-71500.0,-25323500.0,-0.26544479705241864,-0.048325,-0.048325,524024832,524024832,https://www1.hkexnews.hk/search/titlesearch.xhtml,https://www1.hkexnews.hk/search/titlesearch.xhtml,1620585052,14:30:52,20210509
61,2003-06-30,1058.HK,HKD,2003-06-30,2003-06-30,Q2,95400250,94059500.0,1340750.0,0.014053946399511531,0.0,7240750.0,735250.0,0.0,22188500.0,124224000.0,0.0,4078750.0,-24745000.0,-0.2593808716434181,-28823750.0,-0.30213495247653965,0.0,-25395000.0,-0.26619427097937376,-71500.0,-25323500.0,-0.26544479705241864,-0.048325,-0.048325,524024832,524024832,https://www1.hkexnews.hk/search/titlesearch.xhtml,https://www1.hkexnews.hk/search/titlesearch.xhtml,1620585052,14:30:52,20210509
62,2003-03-31,1058.HK,HKD,2003-03-31,2003-03-31,Q1,95400250,94059500.0,1340750.0,0.014053946399511531,0.0,7240750.0,735250.0,0.0,22188500.0,124224000.0,0.0,4078750.0,-24745000.0,-0.2593808716434181,-28823750.0,-0.30213495247653965,0.0,-25395000.0,-0.26619427097937376,-71500.0,-25323500.0,-0.26544479705241864,-0.048325,-0.048325,524024832,524024832,https://www1.hkexnews.hk/search/titlesearch.xhtml,https://www1.hkexnews.hk/search/titlesearch.xhtml,1620585052,14:30:52,20210509
63,2003-01-31,1058.HK,HKD,2003-01-31,2003-01-31,Q1,95400250,94059500.0,1340750.0,0.014053946399511531,0.0,7240750.0,735250.0,0.0,22188500.0,124224000.0,0.0,4078750.0,-24745000.0,-0.2593808716434181,-28823750.0,-0.30213495247653965,0.0,-25395000.0,-0.26619427097937376,-71500.0,-25323500.0,-0.26544479705241864,-0.048325,-0.048325,524024832,524024832,https://www1.hkexnews.hk/search/titlesearch.xhtml,https://www1.hkexnews.hk/search/titlesearch.xhtml,1620585052,14:30:52,20210509
64,2002-09-30,1058.HK,HKD,2002-09-30,2002-09-30,Q3,132263750,128354000.0,3909750.0,0.029560253659827427,0.0,8137000.0,2739500.0,0.0,45158250.0,184388750.0,0.0,4193750.0,-47931250.0,-0.362391433782877,-52125000.0,-0.3940989122113958,0.0,-51344500.0,-0.3881978244227916,0.0,-51300250.0,-0.3878632656340078,-0.097875,-0.097875,524140485,524140485,https://www1.hkexnews.hk/search/titlesearch.xhtml,https://www1.hkexnews.hk/search/titlesearch.xhtml,1620585052,14:30:52,20210509
65,2002-06-30,1058.HK,HKD,2002-06-30,2002-06-30,Q2,132263750,128354000.0,3909750.0,0.029560253659827427,0.0,8137000.0,2739500.0,0.0,45158250.0,184388750.0,0.0,4193750.0,-47931250.0,-0.362391433782877,-52125000.0,-0.3940989122113958,0.0,-51344500.0,-0.3881978244227916,0.0,-51300250.0,-0.3878632656340078,-0.097875,-0.097875,524140485,524140485,https://www1.hkexnews.hk/search/titlesearch.xhtml,https://www1.hkexnews.hk/search/titlesearch.xhtml,1620585052,14:30:52,20210509
66,2002-03-31,1058.HK,HKD,2002-03-31,2002-03-31,Q1,132263750,128354000.0,3909750.0,0.029560253659827427,0.0,8137000.0,2739500.0,0.0,45158250.0,184388750.0,0.0,4193750.0,-47931250.0,-0.362391433782877,-52125000.0,-0.3940989122113958,0.0,-51344500.0,-0.3881978244227916,0.0,-51300250.0,-0.3878632656340078,-0.097875,-0.097875,524140485,524140485,https://www1.hkexnews.hk/search/titlesearch.xhtml,https://www1.hkexnews.hk/search/titlesearch.xhtml,1620585052,14:30:52,20210509
67,2002-01-31,1058.HK,HKD,2002-01-31,2002-01-31,Q1,132263750,128354000.0,3909750.0,0.029560253659827427,0.0,8137000.0,2739500.0,0.0,45158250.0,184388750.0,0.0,4193750.0,-47931250.0,-0.362391433782877,-52125000.0,-0.3940989122113958,0.0,-51344500.0,-0.3881978244227916,0.0,-51300250.0,-0.3878632656340078,-0.097875,-0.097875,524140485,524140485,https://www1.hkexnews.hk/search/titlesearch.xhtml,https://www1.hkexnews.hk/search/titlesearch.xhtml,1620585052,14:30:52,20210509
68,2001-09-30,1058.HK,HKD,2001-09-30,2001-09-30,Q3,191232250,170990500.0,20241750.0,0.10584903958406597,0.0,12486500.0,4380000.0,0.0,4117250.0,191974250.0,0.0,5485500.0,4743500.0,0.024804916534737213,-742000.0,-0.003880098675824815,0.0,-19486500.0,-0.10189965343188714,-22242750.0,-18070750.0,-0.09449635194900442,-0.034475,-0.034475,524169688,524169688,https://www1.hkexnews.hk/search/titlesearch.xhtml,https://www1.hkexnews.hk/search/titlesearch.xhtml,1620585052,14:30:52,20210509
69,2001-06-30,1058.HK,HKD,2001-06-30,2001-06-30,Q2,191232250,170990500.0,20241750.0,0.10584903958406597,0.0,12486500.0,4380000.0,0.0,4117250.0,191974250.0,0.0,5485500.0,4743500.0,0.024804916534737213,-742000.0,-0.003880098675824815,0.0,-19486500.0,-0.10189965343188714,-22242750.0,-18070750.0,-0.09449635194900442,-0.034475,-0.034475,524169688,524169688,https://www1.hkexnews.hk/search/titlesearch.xhtml,https://www1.hkexnews.hk/search/titlesearch.xhtml,1620585052,14:30:52,20210509
70,2001-03-31,1058.HK,HKD,2001-03-31,2001-03-31,Q1,191232250,170990500.0,20241750.0,0.10584903958406597,0.0,12486500.0,4380000.0,0.0,4117250.0,191974250.0,0.0,5485500.0,4743500.0,0.024804916534737213,-742000.0,-0.003880098675824815,0.0,-19486500.0,-0.10189965343188714,-22242750.0,-18070750.0,-0.09449635194900442,-0.034475,-0.034475,524169688,524169688,https://www1.hkexnews.hk/search/titlesearch.xhtml,https://www1.hkexnews.hk/search/titlesearch.xhtml,1620585052,14:30:52,20210509
71,2001-01-31,1058.HK,HKD,2001-01-31,2001-01-31,Q1,191232250,170990500.0,20241750.0,0.10584903958406597,0.0,12486500.0,4380000.0,0.0,4117250.0,191974250.0,0.0,5485500.0,4743500.0,0.024804916534737213,-742000.0,-0.003880098675824815,0.0,-19486500.0,-0.10189965343188714,-22242750.0,-18070750.0,-0.09449635194900442,-0.034475,-0.034475,524169688,524169688,https://www1.hkexnews.hk/search/titlesearch.xhtml,https://www1.hkexnews.hk/search/titlesearch.xhtml,1620585052,14:30:52,20210509
72,2000-09-30,1058.HK,HKD,2000-09-30,2000-09-30,Q3,180285250,160481500.0,19803750.0,0.10984675673689334,0.0,14823000.0,1749750.0,0.0,12211750.0,189266000.0,0.0,5756000.0,-3224750.0,-0.017886931959214633,-8980750.0,-0.049814114022084445,0.0,-28679000.0,-0.15907568700157113,-242750.0,-21137500.0,-0.11724475518657239,0.040325,-0.04032688866249232,524154000,524154000,https://www1.hkexnews.hk/search/titlesearch.xhtml,https://www1.hkexnews.hk/search/titlesearch.xhtml,1620585052,14:30:52,20210509
73,2000-06-30,1058.HK,HKD,2000-06-30,2000-06-30,Q2,180285250,160481500.0,19803750.0,0.10984675673689334,0.0,14823000.0,1749750.0,0.0,12211750.0,189266000.0,0.0,5756000.0,-3224750.0,-0.017886931959214633,-8980750.0,-0.049814114022084445,0.0,-28679000.0,-0.15907568700157113,-242750.0,-21137500.0,-0.11724475518657239,0.040325,-0.04032688866249232,524154000,524154000,https://www1.hkexnews.hk/search/titlesearch.xhtml,https://www1.hkexnews.hk/search/titlesearch.xhtml,1620585052,14:30:52,20210509
74,2000-03-31,1058.HK,HKD,2000-03-31,2000-03-31,Q1,180285250,160481500.0,19803750.0,0.10984675673689334,0.0,14823000.0,1749750.0,0.0,12211750.0,189266000.0,0.0,5756000.0,-3224750.0,-0.017886931959214633,-8980750.0,-0.049814114022084445,0.0,-28679000.0,-0.15907568700157113,-242750.0,-21137500.0,-0.11724475518657239,0.040325,-0.04032688866249232,524154000,524154000,https://www1.hkexnews.hk/search/titlesearch.xhtml,https://www1.hkexnews.hk/search/titlesearch.xhtml,1620585052,14:30:52,20210509
75,2000-01-31,1058.HK,HKD,2000-01-31,2000-01-31,Q1,180285250,160481500.0,19803750.0,0.10984675673689334,0.0,14823000.0,1749750.0,0.0,12211750.0,189266000.0,0.0,5756000.0,-3224750.0,-0.017886931959214633,-8980750.0,-0.049814114022084445,0.0,-28679000.0,-0.15907568700157113,-242750.0,-21137500.0,-0.11724475518657239,0.040325,-0.04032688866249232,524154000,524154000,https://www1.hkexnews.hk/search/titlesearch.xhtml,https://www1.hkexnews.hk/search/titlesearch.xhtml,1620585052,14:30:52,20210509
76,1999-09-30,1058.HK,HKD,1999-09-30,1999-09-30,Q3,148748500,142969000.0,5779500.0,0.038854173319394815,0.0,18281000.0,2589000.0,0.0,-19421750.0,144417250.0,0.0,500000.0,4831250.0,0.0324793191191844,4331250.0,0.029117940685116153,0.0,-16719000.0,-0.1123977720783739,-64250.0,-16279250.0,-0.10944143974561088,-0.03105,-0.03105,524291465,524291465,https://www1.hkexnews.hk/search/titlesearch.xhtml,https://www1.hkexnews.hk/search/titlesearch.xhtml,1620585052,14:30:52,20210509
77,1999-06-30,1058.HK,HKD,1999-06-30,1999-06-30,Q2,148748500,142969000.0,5779500.0,0.038854173319394815,0.0,18281000.0,2589000.0,0.0,-19421750.0,144417250.0,0.0,500000.0,4831250.0,0.0324793191191844,4331250.0,0.029117940685116153,0.0,-16719000.0,-0.1123977720783739,-64250.0,-16279250.0,-0.10944143974561088,-0.03105,-0.03105,524291465,524291465,https://www1.hkexnews.hk/search/titlesearch.xhtml,https://www1.hkexnews.hk/search/titlesearch.xhtml,1620585052,14:30:52,20210509
78,1999-03-31,1058.HK,HKD,1999-03-31,1999-03-31,Q1,148748500,142969000.0,5779500.0,0.038854173319394815,0.0,18281000.0,2589000.0,0.0,-19421750.0,144417250.0,0.0,500000.0,4831250.0,0.0324793191191844,4331250.0,0.029117940685116153,0.0,-16719000.0,-0.1123977720783739,-64250.0,-16279250.0,-0.10944143974561088,-0.03105,-0.03105,524291465,524291465,https://www1.hkexnews.hk/search/titlesearch.xhtml,https://www1.hkexnews.hk/search/titlesearch.xhtml,1620585052,14:30:52,20210509
79,1999-01-31,1058.HK,HKD,1999-01-31,1999-01-31,Q1,148748500,142969000.0,5779500.0,0.038854173319394815,0.0,18281000.0,2589000.0,0.0,-19421750.0,144417250.0,0.0,500000.0,4831250.0,0.0324793191191844,4331250.0,0.029117940685116153,0.0,-16719000.0,-0.1123977720783739,-64250.0,-16279250.0,-0.10944143974561088,-0.03105,-0.03105,524291465,524291465,https://www1.hkexnews.hk/search/titlesearch.xhtml,https://www1.hkexnews.hk/search/titlesearch.xhtml,1620585052,14:30:52,20210509
80,1998-09-30,1058.HK,HKD,1998-09-30,1998-09-30,Q3,211495000,0.0,0.0,0.0,0.0,0.0,0.0,0.0,0.0,0.0,0.0,5889500.0,217384500.0,1.027846994018771,211495000.0,1.0,0.0,-3734000.0,-0.01765526371781839,366750.0,-4333500.0,-0.02048984609565238,-0.008225,-0.008225,526869301,526869301,https://www1.hkexnews.hk/search/titlesearch.xhtml,https://www1.hkexnews.hk/search/titlesearch.xhtml,1620585052,14:30:52,20210509
81,1998-06-30,1058.HK,HKD,1998-06-30,1998-06-30,Q2,211495000,0.0,0.0,0.0,0.0,0.0,0.0,0.0,0.0,0.0,0.0,5889500.0,217384500.0,1.027846994018771,211495000.0,1.0,0.0,-3734000.0,-0.01765526371781839,366750.0,-4333500.0,-0.02048984609565238,-0.008225,-0.008225,526869301,526869301,https://www1.hkexnews.hk/search/titlesearch.xhtml,https://www1.hkexnews.hk/search/titlesearch.xhtml,1620585052,14:30:52,20210509
82,1998-03-31,1058.HK,HKD,1998-03-31,1998-03-31,Q1,211495000,0.0,0.0,0.0,0.0,0.0,0.0,0.0,0.0,0.0,0.0,5889500.0,217384500.0,1.027846994018771,211495000.0,1.0,0.0,-3734000.0,-0.01765526371781839,366750.0,-4333500.0,-0.02048984609565238,-0.008225,-0.008225,526869301,526869301,https://www1.hkexnews.hk/search/titlesearch.xhtml,https://www1.hkexnews.hk/search/titlesearch.xhtml,1620585052,14:30:52,20210509
83,1998-01-31,1058.HK,HKD,1998-01-31,1998-01-31,Q1,211495000,0.0,0.0,0.0,0.0,0.0,0.0,0.0,0.0,0.0,0.0,5889500.0,217384500.0,1.027846994018771,211495000.0,1.0,0.0,-3734000.0,-0.01765526371781839,366750.0,-4333500.0,-0.02048984609565238,-0.008225,-0.008225,526869301,526869301,https://www1.hkexnews.hk/search/titlesearch.xhtml,https://www1.hkexnews.hk/search/titlesearch.xhtml,1620585052,14:30:52,20210509
84,1997-09-30,1058.HK,HKD,1997-09-30,1997-09-30,Q3,207537250,0.0,0.0,0.0,0.0,0.0,0.0,0.0,0.0,0.0,0.0,4549000.0,212086250.0,1.0219189567174085,207537250.0,1.0,0.0,12802000.0,0.06168531191388534,105500.0,12079250.0,0.05820280455677234,0.025,0.025,483170000,483170000,https://www1.hkexnews.hk/search/titlesearch.xhtml,https://www1.hkexnews.hk/search/titlesearch.xhtml,1620585052,14:30:52,20210509
85,1997-06-30,1058.HK,HKD,1997-06-30,1997-06-30,Q2,207537250,0.0,0.0,0.0,0.0,0.0,0.0,0.0,0.0,0.0,0.0,4549000.0,212086250.0,1.0219189567174085,207537250.0,1.0,0.0,12802000.0,0.06168531191388534,105500.0,12079250.0,0.05820280455677234,0.025,0.025,483170000,483170000,https://www1.hkexnews.hk/search/titlesearch.xhtml,https://www1.hkexnews.hk/search/titlesearch.xhtml,1620585052,14:30:52,20210509
86,1997-03-31,1058.HK,HKD,1997-03-31,1997-03-31,Q1,207537250,0.0,0.0,0.0,0.0,0.0,0.0,0.0,0.0,0.0,0.0,4549000.0,212086250.0,1.0219189567174085,207537250.0,1.0,0.0,12802000.0,0.06168531191388534,105500.0,12079250.0,0.05820280455677234,0.025,0.025,483170000,483170000,https://www1.hkexnews.hk/search/titlesearch.xhtml,https://www1.hkexnews.hk/search/titlesearch.xhtml,1620585052,14:30:52,20210509
87,1997-01-31,1058.HK,HKD,1997-01-31,1997-01-31,Q1,207537250,0.0,0.0,0.0,0.0,0.0,0.0,0.0,0.0,0.0,0.0,4549000.0,212086250.0,1.0219189567174085,207537250.0,1.0,0.0,12802000.0,0.06168531191388534,105500.0,12079250.0,0.05820280455677234,0.025,0.025,483170000,483170000,https://www1.hkexnews.hk/search/titlesearch.xhtml,https://www1.hkexnews.hk/search/titlesearch.xhtml,1620585052,14:30:52,20210509
88,1996-09-30,1058.HK,HKD,1996-09-30,1996-09-30,Q3,76410500,750250.0,75660250.0,0.9901813232474594,89000.0,0.0,0.0,0.0,1710000.0,4551750.0,0.0,2002500.0,73861250.0,0.966637438571924,71858750.0,0.940430307353047,0.0,11332500.0,0.1483107688079518,1000000.0,10332500.0,0.13522356220676476,0.0625,0.0625,440000000,440000000,https://www1.hkexnews.hk/search/titlesearch.xhtml,https://www1.hkexnews.hk/search/titlesearch.xhtml,1620585052,14:30:52,20210509
89,1996-06-30,1058.HK,HKD,1996-06-30,1996-06-30,Q2,76410500,750250.0,75660250.0,0.9901813232474594,89000.0,0.0,0.0,0.0,1710000.0,4551750.0,0.0,2002500.0,73861250.0,0.966637438571924,71858750.0,0.940430307353047,0.0,11332500.0,0.1483107688079518,1000000.0,10332500.0,0.13522356220676476,0.0625,0.0625,440000000,440000000,https://www1.hkexnews.hk/search/titlesearch.xhtml,https://www1.hkexnews.hk/search/titlesearch.xhtml,1620585052,14:30:52,20210509
90,1996-03-31,1058.HK,HKD,1996-03-31,1996-03-31,Q1,76410500,750250.0,75660250.0,0.9901813232474594,89000.0,0.0,0.0,0.0,1710000.0,4551750.0,0.0,2002500.0,73861250.0,0.966637438571924,71858750.0,0.940430307353047,0.0,11332500.0,0.1483107688079518,1000000.0,10332500.0,0.13522356220676476,0.0625,0.0625,440000000,440000000,https://www1.hkexnews.hk/search/titlesearch.xhtml,https://www1.hkexnews.hk/search/titlesearch.xhtml,1620585052,14:30:52,20210509
91,1996-01-31,1058.HK,HKD,1996-01-31,1996-01-31,Q1,76410500,750250.0,75660250.0,0.9901813232474594,89000.0,0.0,0.0,0.0,1710000.0,4551750.0,0.0,2002500.0,73861250.0,0.966637438571924,71858750.0,0.940430307353047,0.0,11332500.0,0.1483107688079518,1000000.0,10332500.0,0.13522356220676476,0.0625,0.0625,440000000,440000000,https://www1.hkexnews.hk/search/titlesearch.xhtml,https://www1.hkexnews.hk/search/titlesearch.xhtml,1620585052,14:30:52,20210509
