,date,symbol,reportedCurrency,fillingDate,acceptedDate,period,revenue,costOfRevenue,grossProfit,grossProfitRatio,researchAndDevelopmentExpenses,generalAndAdministrativeExpenses,sellingAndMarketingExpenses,otherExpenses,operatingExpenses,costAndExpenses,interestExpense,depreciationAndAmortization,ebitda,ebitdaratio,operatingIncome,operatingIncomeRatio,totalOtherIncomeExpensesNet,incomeBeforeTax,incomeBeforeTaxRatio,incomeTaxExpense,netIncome,netIncomeRatio,eps,epsdiluted,weightedAverageShsOut,weightedAverageShsOutDil,link,finalLink,timestamp,est_time,est_date
0,2020-09-30,0681.HK,CNY,2020-09-30,2020-09-30,Q3,558150000.0,462476250.0,95673750.0,0.17141225477022307,0.0,30603500.0,36829000.0,1977250.0,0.0,528667750.0,2860000.0,15839250.0,45321500.0,0.0811994983427394,29482250.0,0.05282137418256741,0.0,60541250.0,0.10846770581384932,6411000.0,45657250.0,0.08180103914718266,0.0051,0.0051,8934561203,8934561203,https://www1.hkexnews.hk/search/titlesearch.xhtml,https://www1.hkexnews.hk/search/titlesearch.xhtml,1620584856,14:27:36,20210509
1,2020-06-30,0681.HK,CNY,2020-06-30,2020-06-30,Q2,558150000.0,462476250.0,95673750.0,0.17141225477022307,0.0,30603500.0,36829000.0,1977250.0,0.0,528667750.0,2860000.0,15839250.0,45321500.0,0.0811994983427394,29482250.0,0.05282137418256741,0.0,60541250.0,0.10846770581384932,6411000.0,45657250.0,0.08180103914718266,0.0051,0.0051,8934561203,8934561203,https://www1.hkexnews.hk/search/titlesearch.xhtml,https://www1.hkexnews.hk/search/titlesearch.xhtml,1620584856,14:27:36,20210509
2,2020-03-31,0681.HK,CNY,2020-03-31,2020-03-31,Q1,558150000.0,462476250.0,95673750.0,0.17141225477022307,0.0,30603500.0,36829000.0,1977250.0,0.0,528667750.0,2860000.0,15839250.0,45321500.0,0.0811994983427394,29482250.0,0.05282137418256741,0.0,60541250.0,0.10846770581384932,6411000.0,45657250.0,0.08180103914718266,0.0051,0.0051,8934561203,8934561203,https://www1.hkexnews.hk/search/titlesearch.xhtml,https://www1.hkexnews.hk/search/titlesearch.xhtml,1620584856,14:27:36,20210509
3,2020-01-31,0681.HK,CNY,2020-01-31,2020-01-31,Q1,558150000.0,462476250.0,95673750.0,0.17141225477022307,0.0,30603500.0,36829000.0,1977250.0,0.0,528667750.0,2860000.0,15839250.0,45321500.0,0.0811994983427394,29482250.0,0.05282137418256741,0.0,60541250.0,0.10846770581384932,6411000.0,45657250.0,0.08180103914718266,0.0051,0.0051,8934561203,8934561203,https://www1.hkexnews.hk/search/titlesearch.xhtml,https://www1.hkexnews.hk/search/titlesearch.xhtml,1620584856,14:27:36,20210509
4,2019-09-30,0681.HK,CNY,2019-09-30,2019-09-30,Q3,488871500.0,402583000.0,86288500.0,0.1765054825245489,0.0,28846000.0,35804500.0,1274750.0,0.0,464837500.0,2332500.0,11770500.0,35804500.0,0.07323908225372107,24034000.0,0.049162203155634965,0.0,59732750.0,0.12218497089726033,5806750.0,43581250.0,0.08914663669287327,0.004875,0.004875,8943154211,8943154211,https://www1.hkexnews.hk/search/titlesearch.xhtml,https://www1.hkexnews.hk/search/titlesearch.xhtml,1620584856,14:27:36,20210509
5,2019-06-30,0681.HK,CNY,2019-06-30,2019-06-30,Q2,488871500.0,402583000.0,86288500.0,0.1765054825245489,0.0,28846000.0,35804500.0,1274750.0,0.0,464837500.0,2332500.0,11770500.0,35804500.0,0.07323908225372107,24034000.0,0.049162203155634965,0.0,59732750.0,0.12218497089726033,5806750.0,43581250.0,0.08914663669287327,0.004875,0.004875,8943154211,8943154211,https://www1.hkexnews.hk/search/titlesearch.xhtml,https://www1.hkexnews.hk/search/titlesearch.xhtml,1620584856,14:27:36,20210509
6,2019-03-31,0681.HK,CNY,2019-03-31,2019-03-31,Q1,488871500.0,402583000.0,86288500.0,0.1765054825245489,0.0,28846000.0,35804500.0,1274750.0,0.0,464837500.0,2332500.0,11770500.0,35804500.0,0.07323908225372107,24034000.0,0.049162203155634965,0.0,59732750.0,0.12218497089726033,5806750.0,43581250.0,0.08914663669287327,0.004875,0.004875,8943154211,8943154211,https://www1.hkexnews.hk/search/titlesearch.xhtml,https://www1.hkexnews.hk/search/titlesearch.xhtml,1620584856,14:27:36,20210509
7,2019-01-31,0681.HK,CNY,2019-01-31,2019-01-31,Q1,488871500.0,402583000.0,86288500.0,0.1765054825245489,0.0,28846000.0,35804500.0,1274750.0,0.0,464837500.0,2332500.0,11770500.0,35804500.0,0.07323908225372107,24034000.0,0.049162203155634965,0.0,59732750.0,0.12218497089726033,5806750.0,43581250.0,0.08914663669287327,0.004875,0.004875,8943154211,8943154211,https://www1.hkexnews.hk/search/titlesearch.xhtml,https://www1.hkexnews.hk/search/titlesearch.xhtml,1620584856,14:27:36,20210509
8,2018-09-30,0681.HK,CNY,2018-09-30,2018-09-30,Q3,300089750.0,225547000.0,74542750.0,0.24840151987863632,0.0,25894500.0,25458500.0,1036750.0,0.0,281300750.0,3162000.0,9735000.0,28524000.0,0.0950515637405143,18789000.0,0.0626112687954187,0.0,64154250.0,0.21378354309002556,6676500.0,50364000.0,0.16782979092088285,0.00705,0.00695,7132038632,7236323564,https://www1.hkexnews.hk/search/titlesearch.xhtml,https://www1.hkexnews.hk/search/titlesearch.xhtml,1620584856,14:27:36,20210509
9,2018-06-30,0681.HK,CNY,2018-06-30,2018-06-30,Q2,300089750.0,225547000.0,74542750.0,0.24840151987863632,0.0,25894500.0,25458500.0,1036750.0,0.0,281300750.0,3162000.0,9735000.0,28524000.0,0.0950515637405143,18789000.0,0.0626112687954187,0.0,64154250.0,0.21378354309002556,6676500.0,50364000.0,0.16782979092088285,0.00705,0.00695,7132038632,7236323564,https://www1.hkexnews.hk/search/titlesearch.xhtml,https://www1.hkexnews.hk/search/titlesearch.xhtml,1620584856,14:27:36,20210509
10,2018-03-31,0681.HK,CNY,2018-03-31,2018-03-31,Q1,300089750.0,225547000.0,74542750.0,0.24840151987863632,0.0,25894500.0,25458500.0,1036750.0,0.0,281300750.0,3162000.0,9735000.0,28524000.0,0.0950515637405143,18789000.0,0.0626112687954187,0.0,64154250.0,0.21378354309002556,6676500.0,50364000.0,0.16782979092088285,0.00705,0.00695,7132038632,7236323564,https://www1.hkexnews.hk/search/titlesearch.xhtml,https://www1.hkexnews.hk/search/titlesearch.xhtml,1620584856,14:27:36,20210509
11,2018-01-31,0681.HK,CNY,2018-01-31,2018-01-31,Q1,300089750.0,225547000.0,74542750.0,0.24840151987863632,0.0,25894500.0,25458500.0,1036750.0,0.0,281300750.0,3162000.0,9735000.0,28524000.0,0.0950515637405143,18789000.0,0.0626112687954187,0.0,64154250.0,0.21378354309002556,6676500.0,50364000.0,0.16782979092088285,0.00705,0.00695,7132038632,7236323564,https://www1.hkexnews.hk/search/titlesearch.xhtml,https://www1.hkexnews.hk/search/titlesearch.xhtml,1620584856,14:27:36,20210509
12,2017-09-30,0681.HK,CNY,2017-09-30,2017-09-30,Q3,242381000.0,174477000.0,67904000.0,0.2801539724648384,0.0,27169750.0,21200000.0,508750.0,0.0,222759750.0,3694750.0,9187250.0,28808500.0,0.11885626348599931,19621250.0,0.0809520960801383,0.0,51838000.0,0.21386989904324183,8071000.0,51473750.0,0.2123670997314146,0.0074116760157104085,0.007411340511874207,6944954136,6945268527,https://www1.hkexnews.hk/search/titlesearch.xhtml,https://www1.hkexnews.hk/search/titlesearch.xhtml,1620584856,14:27:36,20210509
13,2017-06-30,0681.HK,CNY,2017-06-30,2017-06-30,Q2,242381000.0,174477000.0,67904000.0,0.2801539724648384,0.0,27169750.0,21200000.0,508750.0,0.0,222759750.0,3694750.0,9187250.0,28808500.0,0.11885626348599931,19621250.0,0.0809520960801383,0.0,51838000.0,0.21386989904324183,8071000.0,51473750.0,0.2123670997314146,0.0074116760157104085,0.007411340511874207,6944954136,6945268527,https://www1.hkexnews.hk/search/titlesearch.xhtml,https://www1.hkexnews.hk/search/titlesearch.xhtml,1620584856,14:27:36,20210509
14,2017-03-31,0681.HK,CNY,2017-03-31,2017-03-31,Q1,242381000.0,174477000.0,67904000.0,0.2801539724648384,0.0,27169750.0,21200000.0,508750.0,0.0,222759750.0,3694750.0,9187250.0,28808500.0,0.11885626348599931,19621250.0,0.0809520960801383,0.0,51838000.0,0.21386989904324183,8071000.0,51473750.0,0.2123670997314146,0.0074116760157104085,0.007411340511874207,6944954136,6945268527,https://www1.hkexnews.hk/search/titlesearch.xhtml,https://www1.hkexnews.hk/search/titlesearch.xhtml,1620584856,14:27:36,20210509
15,2017-01-31,0681.HK,CNY,2017-01-31,2017-01-31,Q1,242381000.0,174477000.0,67904000.0,0.2801539724648384,0.0,27169750.0,21200000.0,508750.0,0.0,222759750.0,3694750.0,9187250.0,28808500.0,0.11885626348599931,19621250.0,0.0809520960801383,0.0,51838000.0,0.21386989904324183,8071000.0,51473750.0,0.2123670997314146,0.0074116760157104085,0.007411340511874207,6944954136,6945268527,https://www1.hkexnews.hk/search/titlesearch.xhtml,https://www1.hkexnews.hk/search/titlesearch.xhtml,1620584856,14:27:36,20210509
16,2016-09-30,0681.HK,CNY,2016-09-30,2016-09-30,Q3,238583750.0,171354000.0,67229750.0,0.28178679394552225,0.0,29378750.0,18559750.0,605750.0,0.0,223336250.0,3296000.0,15440250.0,30687750.0,0.12862464438588128,15247500.0,0.0639083759895634,0.0,-24430500.0,-0.10239800489345985,7552250.0,-36820250.0,-0.15432840669157058,-0.0053,-0.0053,6944954136,6944954136,https://www1.hkexnews.hk/search/titlesearch.xhtml,https://www1.hkexnews.hk/search/titlesearch.xhtml,1620584856,14:27:36,20210509
17,2016-06-30,0681.HK,CNY,2016-06-30,2016-06-30,Q2,238583750.0,171354000.0,67229750.0,0.28178679394552225,0.0,29378750.0,18559750.0,605750.0,0.0,223336250.0,3296000.0,15440250.0,30687750.0,0.12862464438588128,15247500.0,0.0639083759895634,0.0,-24430500.0,-0.10239800489345985,7552250.0,-36820250.0,-0.15432840669157058,-0.0053,-0.0053,6944954136,6944954136,https://www1.hkexnews.hk/search/titlesearch.xhtml,https://www1.hkexnews.hk/search/titlesearch.xhtml,1620584856,14:27:36,20210509
18,2016-03-31,0681.HK,CNY,2016-03-31,2016-03-31,Q1,238583750.0,171354000.0,67229750.0,0.28178679394552225,0.0,29378750.0,18559750.0,605750.0,0.0,223336250.0,3296000.0,15440250.0,30687750.0,0.12862464438588128,15247500.0,0.0639083759895634,0.0,-24430500.0,-0.10239800489345985,7552250.0,-36820250.0,-0.15432840669157058,-0.0053,-0.0053,6944954136,6944954136,https://www1.hkexnews.hk/search/titlesearch.xhtml,https://www1.hkexnews.hk/search/titlesearch.xhtml,1620584856,14:27:36,20210509
19,2016-01-31,0681.HK,CNY,2016-01-31,2016-01-31,Q1,238583750.0,171354000.0,67229750.0,0.28178679394552225,0.0,29378750.0,18559750.0,605750.0,0.0,223336250.0,3296000.0,15440250.0,30687750.0,0.12862464438588128,15247500.0,0.0639083759895634,0.0,-24430500.0,-0.10239800489345985,7552250.0,-36820250.0,-0.15432840669157058,-0.0053,-0.0053,6944954136,6944954136,https://www1.hkexnews.hk/search/titlesearch.xhtml,https://www1.hkexnews.hk/search/titlesearch.xhtml,1620584856,14:27:36,20210509
20,2015-09-30,0681.HK,CNY,2015-09-30,2015-09-30,Q3,242081250.0,186968500.0,55112750.0,0.22766220019105154,0.0,22804500.0,15538000.0,856000.0,0.0,225032250.0,1296250.0,8492750.0,25541750.0,0.10550899749567552,17049000.0,0.07042676787235691,0.0,62809500.0,0.25945627759275036,6854500.0,51012500.0,0.21072470503188495,0.0083,0.0083,6142680163,6142680163,https://www1.hkexnews.hk/search/titlesearch.xhtml,https://www1.hkexnews.hk/search/titlesearch.xhtml,1620584856,14:27:36,20210509
21,2015-06-30,0681.HK,CNY,2015-06-30,2015-06-30,Q2,242081250.0,186968500.0,55112750.0,0.22766220019105154,0.0,22804500.0,15538000.0,856000.0,0.0,225032250.0,1296250.0,8492750.0,25541750.0,0.10550899749567552,17049000.0,0.07042676787235691,0.0,62809500.0,0.25945627759275036,6854500.0,51012500.0,0.21072470503188495,0.0083,0.0083,6142680163,6142680163,https://www1.hkexnews.hk/search/titlesearch.xhtml,https://www1.hkexnews.hk/search/titlesearch.xhtml,1620584856,14:27:36,20210509
22,2015-03-31,0681.HK,CNY,2015-03-31,2015-03-31,Q1,242081250.0,186968500.0,55112750.0,0.22766220019105154,0.0,22804500.0,15538000.0,856000.0,0.0,225032250.0,1296250.0,8492750.0,25541750.0,0.10550899749567552,17049000.0,0.07042676787235691,0.0,62809500.0,0.25945627759275036,6854500.0,51012500.0,0.21072470503188495,0.0083,0.0083,6142680163,6142680163,https://www1.hkexnews.hk/search/titlesearch.xhtml,https://www1.hkexnews.hk/search/titlesearch.xhtml,1620584856,14:27:36,20210509
23,2015-01-31,0681.HK,CNY,2015-01-31,2015-01-31,Q1,242081250.0,186968500.0,55112750.0,0.22766220019105154,0.0,22804500.0,15538000.0,856000.0,0.0,225032250.0,1296250.0,8492750.0,25541750.0,0.10550899749567552,17049000.0,0.07042676787235691,0.0,62809500.0,0.25945627759275036,6854500.0,51012500.0,0.21072470503188495,0.0083,0.0083,6142680163,6142680163,https://www1.hkexnews.hk/search/titlesearch.xhtml,https://www1.hkexnews.hk/search/titlesearch.xhtml,1620584856,14:27:36,20210509
24,2014-09-30,0681.HK,CNY,2014-09-30,2014-09-30,Q3,208148750.0,165879500.0,42269250.0,0.20307232207736053,0.0,26774250.0,11932000.0,797250.0,0.0,203869500.0,2241000.0,5722500.0,10001750.0,0.048050973162221726,4279250.0,0.02055861493283049,0.0,17061000.0,0.0819654213633279,2575250.0,11824500.0,0.05680793182759925,0.001423,0.001423,8267564735,8267564735,https://www1.hkexnews.hk/search/titlesearch.xhtml,https://www1.hkexnews.hk/search/titlesearch.xhtml,1620584856,14:27:36,20210509
25,2014-06-30,0681.HK,CNY,2014-06-30,2014-06-30,Q2,208148750.0,165879500.0,42269250.0,0.20307232207736053,0.0,26774250.0,11932000.0,797250.0,0.0,203869500.0,2241000.0,5722500.0,10001750.0,0.048050973162221726,4279250.0,0.02055861493283049,0.0,17061000.0,0.0819654213633279,2575250.0,11824500.0,0.05680793182759925,0.001423,0.001423,8267564735,8267564735,https://www1.hkexnews.hk/search/titlesearch.xhtml,https://www1.hkexnews.hk/search/titlesearch.xhtml,1620584856,14:27:36,20210509
26,2014-03-31,0681.HK,CNY,2014-03-31,2014-03-31,Q1,208148750.0,165879500.0,42269250.0,0.20307232207736053,0.0,26774250.0,11932000.0,797250.0,0.0,203869500.0,2241000.0,5722500.0,10001750.0,0.048050973162221726,4279250.0,0.02055861493283049,0.0,17061000.0,0.0819654213633279,2575250.0,11824500.0,0.05680793182759925,0.001423,0.001423,8267564735,8267564735,https://www1.hkexnews.hk/search/titlesearch.xhtml,https://www1.hkexnews.hk/search/titlesearch.xhtml,1620584856,14:27:36,20210509
27,2014-01-31,0681.HK,CNY,2014-01-31,2014-01-31,Q1,208148750.0,165879500.0,42269250.0,0.20307232207736053,0.0,26774250.0,11932000.0,797250.0,0.0,203869500.0,2241000.0,5722500.0,10001750.0,0.048050973162221726,4279250.0,0.02055861493283049,0.0,17061000.0,0.0819654213633279,2575250.0,11824500.0,0.05680793182759925,0.001423,0.001423,8267564735,8267564735,https://www1.hkexnews.hk/search/titlesearch.xhtml,https://www1.hkexnews.hk/search/titlesearch.xhtml,1620584856,14:27:36,20210509
28,2013-09-30,0681.HK,CNY,2013-09-30,2013-09-30,Q3,304103749.82256424,228281680.8808545,75822068.9417095,0.24932960868108167,0.0,52170518.321296,0.0,477111.38590575,0.0,279132184.36065775,1535045.31923625,17193428.562596,42164994.02450225,0.13865331831358313,24971565.46190625,0.08211528294694306,0.0,-108664871.09077625,-0.3573282840286549,-28264494.94742625,-84390853.2866525,-0.27750678291830383,-0.01020075,-0.01020075,8267564735,8267564735,https://www1.hkexnews.hk/search/titlesearch.xhtml,https://www1.hkexnews.hk/search/titlesearch.xhtml,1620584856,14:27:36,20210509
29,2013-06-30,0681.HK,CNY,2013-06-30,2013-06-30,Q2,304103749.82256424,228281680.8808545,75822068.9417095,0.24932960868108167,0.0,52170518.321296,0.0,477111.38590575,0.0,279132184.36065775,1535045.31923625,17193428.562596,42164994.02450225,0.13865331831358313,24971565.46190625,0.08211528294694306,0.0,-108664871.09077625,-0.3573282840286549,-28264494.94742625,-84390853.2866525,-0.27750678291830383,-0.01020075,-0.01020075,8267564735,8267564735,https://www1.hkexnews.hk/search/titlesearch.xhtml,https://www1.hkexnews.hk/search/titlesearch.xhtml,1620584856,14:27:36,20210509
30,2013-03-31,0681.HK,CNY,2013-03-31,2013-03-31,Q1,304103749.82256424,228281680.8808545,75822068.9417095,0.24932960868108167,0.0,52170518.321296,0.0,477111.38590575,0.0,279132184.36065775,1535045.31923625,17193428.562596,42164994.02450225,0.13865331831358313,24971565.46190625,0.08211528294694306,0.0,-108664871.09077625,-0.3573282840286549,-28264494.94742625,-84390853.2866525,-0.27750678291830383,-0.01020075,-0.01020075,8267564735,8267564735,https://www1.hkexnews.hk/search/titlesearch.xhtml,https://www1.hkexnews.hk/search/titlesearch.xhtml,1620584856,14:27:36,20210509
31,2013-01-31,0681.HK,CNY,2013-01-31,2013-01-31,Q1,304103749.82256424,228281680.8808545,75822068.9417095,0.24932960868108167,0.0,52170518.321296,0.0,477111.38590575,0.0,279132184.36065775,1535045.31923625,17193428.562596,42164994.02450225,0.13865331831358313,24971565.46190625,0.08211528294694306,0.0,-108664871.09077625,-0.3573282840286549,-28264494.94742625,-84390853.2866525,-0.27750678291830383,-0.01020075,-0.01020075,8267564735,8267564735,https://www1.hkexnews.hk/search/titlesearch.xhtml,https://www1.hkexnews.hk/search/titlesearch.xhtml,1620584856,14:27:36,20210509
32,2012-09-30,0681.HK,CNY,2012-09-30,2012-09-30,Q3,227270650.531287,167712441.837829,59558208.69345775,0.26205851285341714,0.0,40314776.066404,0.0,46679764.6160225,0.0,204013125.76042974,1071765.03961,11180518.0340133,34438042.804870546,0.15152877296019207,23257524.77085725,0.10233404408571234,0.0,70914003.06425,0.312024464656899,8881209.33334525,60283483.08353675,0.2652497493302061,0.00833525,0.00833525,7233089008,7233089008,https://www1.hkexnews.hk/search/titlesearch.xhtml,https://www1.hkexnews.hk/search/titlesearch.xhtml,1620584856,14:27:36,20210509
33,2012-06-30,0681.HK,CNY,2012-06-30,2012-06-30,Q2,227270650.531287,167712441.837829,59558208.69345775,0.26205851285341714,0.0,40314776.066404,0.0,46679764.6160225,0.0,204013125.76042974,1071765.03961,11180518.0340133,34438042.804870546,0.15152877296019207,23257524.77085725,0.10233404408571234,0.0,70914003.06425,0.312024464656899,8881209.33334525,60283483.08353675,0.2652497493302061,0.00833525,0.00833525,7233089008,7233089008,https://www1.hkexnews.hk/search/titlesearch.xhtml,https://www1.hkexnews.hk/search/titlesearch.xhtml,1620584856,14:27:36,20210509
34,2012-03-31,0681.HK,CNY,2012-03-31,2012-03-31,Q1,227270650.531287,167712441.837829,59558208.69345775,0.26205851285341714,0.0,40314776.066404,0.0,46679764.6160225,0.0,204013125.76042974,1071765.03961,11180518.0340133,34438042.804870546,0.15152877296019207,23257524.77085725,0.10233404408571234,0.0,70914003.06425,0.312024464656899,8881209.33334525,60283483.08353675,0.2652497493302061,0.00833525,0.00833525,7233089008,7233089008,https://www1.hkexnews.hk/search/titlesearch.xhtml,https://www1.hkexnews.hk/search/titlesearch.xhtml,1620584856,14:27:36,20210509
35,2012-01-31,0681.HK,CNY,2012-01-31,2012-01-31,Q1,227270650.531287,167712441.837829,59558208.69345775,0.26205851285341714,0.0,40314776.066404,0.0,46679764.6160225,0.0,204013125.76042974,1071765.03961,11180518.0340133,34438042.804870546,0.15152877296019207,23257524.77085725,0.10233404408571234,0.0,70914003.06425,0.312024464656899,8881209.33334525,60283483.08353675,0.2652497493302061,0.00833525,0.00833525,7233089008,7233089008,https://www1.hkexnews.hk/search/titlesearch.xhtml,https://www1.hkexnews.hk/search/titlesearch.xhtml,1620584856,14:27:36,20210509
36,2011-09-30,0681.HK,CNY,2011-09-30,2011-09-30,Q3,180109396.613801,131647627.6253575,48461768.98844325,0.26906852112972895,0.0,28819005.30498525,0.0,9769175.791541,0.0,160681152.33656976,847320.01456625,6156938.9856045,25585183.262835503,0.1420535726833645,19428244.277231,0.10786913199698266,0.0,15076474.49368225,0.08370731775871712,5026968.03264675,9626795.65466475,0.05344971353886091,0.00166025,0.00166025,5809005540,5809005540,https://www1.hkexnews.hk/search/titlesearch.xhtml,https://www1.hkexnews.hk/search/titlesearch.xhtml,1620584856,14:27:36,20210509
37,2011-06-30,0681.HK,CNY,2011-06-30,2011-06-30,Q2,180109396.613801,131647627.6253575,48461768.98844325,0.26906852112972895,0.0,28819005.30498525,0.0,9769175.791541,0.0,160681152.33656976,847320.01456625,6156938.9856045,25585183.262835503,0.1420535726833645,19428244.277231,0.10786913199698266,0.0,15076474.49368225,0.08370731775871712,5026968.03264675,9626795.65466475,0.05344971353886091,0.00166025,0.00166025,5809005540,5809005540,https://www1.hkexnews.hk/search/titlesearch.xhtml,https://www1.hkexnews.hk/search/titlesearch.xhtml,1620584856,14:27:36,20210509
38,2011-03-31,0681.HK,CNY,2011-03-31,2011-03-31,Q1,180109396.613801,131647627.6253575,48461768.98844325,0.26906852112972895,0.0,28819005.30498525,0.0,9769175.791541,0.0,160681152.33656976,847320.01456625,6156938.9856045,25585183.262835503,0.1420535726833645,19428244.277231,0.10786913199698266,0.0,15076474.49368225,0.08370731775871712,5026968.03264675,9626795.65466475,0.05344971353886091,0.00166025,0.00166025,5809005540,5809005540,https://www1.hkexnews.hk/search/titlesearch.xhtml,https://www1.hkexnews.hk/search/titlesearch.xhtml,1620584856,14:27:36,20210509
39,2011-01-31,0681.HK,CNY,2011-01-31,2011-01-31,Q1,180109396.613801,131647627.6253575,48461768.98844325,0.26906852112972895,0.0,28819005.30498525,0.0,9769175.791541,0.0,160681152.33656976,847320.01456625,6156938.9856045,25585183.262835503,0.1420535726833645,19428244.277231,0.10786913199698266,0.0,15076474.49368225,0.08370731775871712,5026968.03264675,9626795.65466475,0.05344971353886091,0.00166025,0.00166025,5809005540,5809005540,https://www1.hkexnews.hk/search/titlesearch.xhtml,https://www1.hkexnews.hk/search/titlesearch.xhtml,1620584856,14:27:36,20210509
40,2010-09-30,0681.HK,CNY,2010-09-30,2010-09-30,Q3,155451850.341551,109156363.357709,46295486.983842,0.2978123893805309,0.0,27281607.1397295,0.0,0.0,0.0,134400203.09147426,1508845.924377,5311665.9149625,26363313.16503925,0.16959150442477913,21051647.25007675,0.1354223008849565,0.0,72637229.48504625,0.4672651327433631,4456763.2788895,66167791.205062,0.4256481415929206,0.0113845,0.0113845,5809005540,5809005540,https://www1.hkexnews.hk/search/titlesearch.xhtml,https://www1.hkexnews.hk/search/titlesearch.xhtml,1620584856,14:27:36,20210509
41,2010-06-30,0681.HK,CNY,2010-06-30,2010-06-30,Q2,155451850.341551,109156363.357709,46295486.983842,0.2978123893805309,0.0,27281607.1397295,0.0,0.0,0.0,134400203.09147426,1508845.924377,5311665.9149625,26363313.16503925,0.16959150442477913,21051647.25007675,0.1354223008849565,0.0,72637229.48504625,0.4672651327433631,4456763.2788895,66167791.205062,0.4256481415929206,0.0113845,0.0113845,5809005540,5809005540,https://www1.hkexnews.hk/search/titlesearch.xhtml,https://www1.hkexnews.hk/search/titlesearch.xhtml,1620584856,14:27:36,20210509
42,2010-03-31,0681.HK,CNY,2010-03-31,2010-03-31,Q1,155451850.341551,109156363.357709,46295486.983842,0.2978123893805309,0.0,27281607.1397295,0.0,0.0,0.0,134400203.09147426,1508845.924377,5311665.9149625,26363313.16503925,0.16959150442477913,21051647.25007675,0.1354223008849565,0.0,72637229.48504625,0.4672651327433631,4456763.2788895,66167791.205062,0.4256481415929206,0.0113845,0.0113845,5809005540,5809005540,https://www1.hkexnews.hk/search/titlesearch.xhtml,https://www1.hkexnews.hk/search/titlesearch.xhtml,1620584856,14:27:36,20210509
43,2010-01-31,0681.HK,CNY,2010-01-31,2010-01-31,Q1,155451850.341551,109156363.357709,46295486.983842,0.2978123893805309,0.0,27281607.1397295,0.0,0.0,0.0,134400203.09147426,1508845.924377,5311665.9149625,26363313.16503925,0.16959150442477913,21051647.25007675,0.1354223008849565,0.0,72637229.48504625,0.4672651327433631,4456763.2788895,66167791.205062,0.4256481415929206,0.0113845,0.0113845,5809005540,5809005540,https://www1.hkexnews.hk/search/titlesearch.xhtml,https://www1.hkexnews.hk/search/titlesearch.xhtml,1620584856,14:27:36,20210509
44,2009-09-30,0681.HK,CNY,2009-09-30,2009-09-30,Q3,127755742.78868476,98536667.79565226,29219074.9930325,0.22871046228710445,0.0,28346735.47479325,0.0,-883582.7114235,0.0,126471593.76322526,2665959.5132845,5646728.435729,6930877.4611885,0.05425100515952981,1284149.0254595,0.010051595313281184,0.0,11305581.88371575,0.08849372745940529,2655598.1391735,7914767.0921975,0.06195233904505548,0.00136325,0.0013625,5809057001,5809057001,https://www1.hkexnews.hk/search/titlesearch.xhtml,https://www1.hkexnews.hk/search/titlesearch.xhtml,1620584856,14:27:36,20210509
45,2009-06-30,0681.HK,CNY,2009-06-30,2009-06-30,Q2,127755742.78868476,98536667.79565226,29219074.9930325,0.22871046228710445,0.0,28346735.47479325,0.0,-883582.7114235,0.0,126471593.76322526,2665959.5132845,5646728.435729,6930877.4611885,0.05425100515952981,1284149.0254595,0.010051595313281184,0.0,11305581.88371575,0.08849372745940529,2655598.1391735,7914767.0921975,0.06195233904505548,0.00136325,0.0013625,5809057001,5809057001,https://www1.hkexnews.hk/search/titlesearch.xhtml,https://www1.hkexnews.hk/search/titlesearch.xhtml,1620584856,14:27:36,20210509
46,2009-03-31,0681.HK,CNY,2009-03-31,2009-03-31,Q1,127755742.78868476,98536667.79565226,29219074.9930325,0.22871046228710445,0.0,28346735.47479325,0.0,-883582.7114235,0.0,126471593.76322526,2665959.5132845,5646728.435729,6930877.4611885,0.05425100515952981,1284149.0254595,0.010051595313281184,0.0,11305581.88371575,0.08849372745940529,2655598.1391735,7914767.0921975,0.06195233904505548,0.00136325,0.0013625,5809057001,5809057001,https://www1.hkexnews.hk/search/titlesearch.xhtml,https://www1.hkexnews.hk/search/titlesearch.xhtml,1620584856,14:27:36,20210509
47,2009-01-31,0681.HK,CNY,2009-01-31,2009-01-31,Q1,127755742.78868476,98536667.79565226,29219074.9930325,0.22871046228710445,0.0,28346735.47479325,0.0,-883582.7114235,0.0,126471593.76322526,2665959.5132845,5646728.435729,6930877.4611885,0.05425100515952981,1284149.0254595,0.010051595313281184,0.0,11305581.88371575,0.08849372745940529,2655598.1391735,7914767.0921975,0.06195233904505548,0.00136325,0.0013625,5809057001,5809057001,https://www1.hkexnews.hk/search/titlesearch.xhtml,https://www1.hkexnews.hk/search/titlesearch.xhtml,1620584856,14:27:36,20210509
48,2008-09-30,0681.HK,CNY,2008-09-30,2008-09-30,Q3,139598219.96204576,107526556.41025975,32071663.551786,0.2297426397020371,0.0,26688239.53272925,0.0,0.0,0.0,136787900.06257176,3254789.73207225,5931295.601864,8741615.501338,0.06261982068048351,2810319.899474,0.02013148806795728,0.0,-67731750.8052735,-0.48519064801606027,1968688.2245695,-69713054.49392074,-0.49938354882228775,-0.012451795365367073,-0.012305047631725921,5598634771,5665403059,https://www1.hkexnews.hk/search/titlesearch.xhtml,https://www1.hkexnews.hk/search/titlesearch.xhtml,1620584856,14:27:36,20210509
49,2008-06-30,0681.HK,CNY,2008-06-30,2008-06-30,Q2,139598219.96204576,107526556.41025975,32071663.551786,0.2297426397020371,0.0,26688239.53272925,0.0,0.0,0.0,136787900.06257176,3254789.73207225,5931295.601864,8741615.501338,0.06261982068048351,2810319.899474,0.02013148806795728,0.0,-67731750.8052735,-0.48519064801606027,1968688.2245695,-69713054.49392074,-0.49938354882228775,-0.012451795365367073,-0.012305047631725921,5598634771,5665403059,https://www1.hkexnews.hk/search/titlesearch.xhtml,https://www1.hkexnews.hk/search/titlesearch.xhtml,1620584856,14:27:36,20210509
50,2008-03-31,0681.HK,CNY,2008-03-31,2008-03-31,Q1,139598219.96204576,107526556.41025975,32071663.551786,0.2297426397020371,0.0,26688239.53272925,0.0,0.0,0.0,136787900.06257176,3254789.73207225,5931295.601864,8741615.501338,0.06261982068048351,2810319.899474,0.02013148806795728,0.0,-67731750.8052735,-0.48519064801606027,1968688.2245695,-69713054.49392074,-0.49938354882228775,-0.012451795365367073,-0.012305047631725921,5598634771,5665403059,https://www1.hkexnews.hk/search/titlesearch.xhtml,https://www1.hkexnews.hk/search/titlesearch.xhtml,1620584856,14:27:36,20210509
51,2008-01-31,0681.HK,CNY,2008-01-31,2008-01-31,Q1,139598219.96204576,107526556.41025975,32071663.551786,0.2297426397020371,0.0,26688239.53272925,0.0,0.0,0.0,136787900.06257176,3254789.73207225,5931295.601864,8741615.501338,0.06261982068048351,2810319.899474,0.02013148806795728,0.0,-67731750.8052735,-0.48519064801606027,1968688.2245695,-69713054.49392074,-0.49938354882228775,-0.012451795365367073,-0.012305047631725921,5598634771,5665403059,https://www1.hkexnews.hk/search/titlesearch.xhtml,https://www1.hkexnews.hk/search/titlesearch.xhtml,1620584856,14:27:36,20210509
52,2007-09-30,0681.HK,CNY,2007-09-30,2007-09-30,Q3,129210373.3869315,86585452.86255625,42624920.52437525,0.32988775906351797,0.0,28556146.609996,0.0,0.0,0.0,123499242.90761974,0.0,5155140.36255625,10866270.841868,0.0840975113455328,5711130.47931175,0.044200247469367515,0.0,11799098.7044245,0.09131696159635026,3757998.9758295,8269179.22982375,0.0639977968723996,0.00119825,0.00119825,4562467971,4562467971,https://www1.hkexnews.hk/search/titlesearch.xhtml,https://www1.hkexnews.hk/search/titlesearch.xhtml,1620584856,14:27:36,20210509
53,2007-06-30,0681.HK,CNY,2007-06-30,2007-06-30,Q2,129210373.3869315,86585452.86255625,42624920.52437525,0.32988775906351797,0.0,28556146.609996,0.0,0.0,0.0,123499242.90761974,0.0,5155140.36255625,10866270.841868,0.0840975113455328,5711130.47931175,0.044200247469367515,0.0,11799098.7044245,0.09131696159635026,3757998.9758295,8269179.22982375,0.0639977968723996,0.00119825,0.00119825,4562467971,4562467971,https://www1.hkexnews.hk/search/titlesearch.xhtml,https://www1.hkexnews.hk/search/titlesearch.xhtml,1620584856,14:27:36,20210509
54,2007-03-31,0681.HK,CNY,2007-03-31,2007-03-31,Q1,129210373.3869315,86585452.86255625,42624920.52437525,0.32988775906351797,0.0,28556146.609996,0.0,0.0,0.0,123499242.90761974,0.0,5155140.36255625,10866270.841868,0.0840975113455328,5711130.47931175,0.044200247469367515,0.0,11799098.7044245,0.09131696159635026,3757998.9758295,8269179.22982375,0.0639977968723996,0.00119825,0.00119825,4562467971,4562467971,https://www1.hkexnews.hk/search/titlesearch.xhtml,https://www1.hkexnews.hk/search/titlesearch.xhtml,1620584856,14:27:36,20210509
55,2007-01-31,0681.HK,CNY,2007-01-31,2007-01-31,Q1,129210373.3869315,86585452.86255625,42624920.52437525,0.32988775906351797,0.0,28556146.609996,0.0,0.0,0.0,123499242.90761974,0.0,5155140.36255625,10866270.841868,0.0840975113455328,5711130.47931175,0.044200247469367515,0.0,11799098.7044245,0.09131696159635026,3757998.9758295,8269179.22982375,0.0639977968723996,0.00119825,0.00119825,4562467971,4562467971,https://www1.hkexnews.hk/search/titlesearch.xhtml,https://www1.hkexnews.hk/search/titlesearch.xhtml,1620584856,14:27:36,20210509
56,2006-09-30,0681.HK,CNY,2006-09-30,2006-09-30,Q3,62174151.99308475,29272423.9607685,32901728.03231625,0.529186598893632,0.0,11915590.555159,0.0,0.0,0.0,75674542.966243,0.0,1882483.4575455,-11617907.51561275,-0.1868607314001635,-13500390.97315825,-0.217138320996478,0.0,-9227915.82050825,-0.14842045327026918,5013065.075687,-14240980.8961955,-0.22904986139222994,-0.003868,-0.003868,3745295915,3745295915,https://www1.hkexnews.hk/search/titlesearch.xhtml,https://www1.hkexnews.hk/search/titlesearch.xhtml,1620584856,14:27:36,20210509
57,2006-06-30,0681.HK,CNY,2006-06-30,2006-06-30,Q2,62174151.99308475,29272423.9607685,32901728.03231625,0.529186598893632,0.0,11915590.555159,0.0,0.0,0.0,75674542.966243,0.0,1882483.4575455,-11617907.51561275,-0.1868607314001635,-13500390.97315825,-0.217138320996478,0.0,-9227915.82050825,-0.14842045327026918,5013065.075687,-14240980.8961955,-0.22904986139222994,-0.003868,-0.003868,3745295915,3745295915,https://www1.hkexnews.hk/search/titlesearch.xhtml,https://www1.hkexnews.hk/search/titlesearch.xhtml,1620584856,14:27:36,20210509
58,2006-03-31,0681.HK,CNY,2006-03-31,2006-03-31,Q1,62174151.99308475,29272423.9607685,32901728.03231625,0.529186598893632,0.0,11915590.555159,0.0,0.0,0.0,75674542.966243,0.0,1882483.4575455,-11617907.51561275,-0.1868607314001635,-13500390.97315825,-0.217138320996478,0.0,-9227915.82050825,-0.14842045327026918,5013065.075687,-14240980.8961955,-0.22904986139222994,-0.003868,-0.003868,3745295915,3745295915,https://www1.hkexnews.hk/search/titlesearch.xhtml,https://www1.hkexnews.hk/search/titlesearch.xhtml,1620584856,14:27:36,20210509
59,2006-01-31,0681.HK,CNY,2006-01-31,2006-01-31,Q1,62174151.99308475,29272423.9607685,32901728.03231625,0.529186598893632,0.0,11915590.555159,0.0,0.0,0.0,75674542.966243,0.0,1882483.4575455,-11617907.51561275,-0.1868607314001635,-13500390.97315825,-0.217138320996478,0.0,-9227915.82050825,-0.14842045327026918,5013065.075687,-14240980.8961955,-0.22904986139222994,-0.003868,-0.003868,3745295915,3745295915,https://www1.hkexnews.hk/search/titlesearch.xhtml,https://www1.hkexnews.hk/search/titlesearch.xhtml,1620584856,14:27:36,20210509
60,2005-09-30,0681.HK,CNY,2005-09-30,2005-09-30,Q3,20903355.25286825,9332977.87363575,11570377.37923225,0.5535177123129371,0.0,4172074.85183275,0.0,0.0,0.0,15096941.381176,0.0,988562.85519425,6794976.7268865,0.32506631804739233,5806413.87169225,0.27777425209742457,0.0,7416874.56171625,0.3548174191173709,3216411.0288565,4200463.5328595,0.20094685671493498,0.00113725,0.0010255,3577561967,3967841455,https://www1.hkexnews.hk/search/titlesearch.xhtml,https://www1.hkexnews.hk/search/titlesearch.xhtml,1620584856,14:27:36,20210509
61,2005-06-30,0681.HK,CNY,2005-06-30,2005-06-30,Q2,20903355.25286825,9332977.87363575,11570377.37923225,0.5535177123129371,0.0,4172074.85183275,0.0,0.0,0.0,15096941.381176,0.0,988562.85519425,6794976.7268865,0.32506631804739233,5806413.87169225,0.27777425209742457,0.0,7416874.56171625,0.3548174191173709,3216411.0288565,4200463.5328595,0.20094685671493498,0.00113725,0.0010255,3577561967,3967841455,https://www1.hkexnews.hk/search/titlesearch.xhtml,https://www1.hkexnews.hk/search/titlesearch.xhtml,1620584856,14:27:36,20210509
62,2005-03-31,0681.HK,CNY,2005-03-31,2005-03-31,Q1,20903355.25286825,9332977.87363575,11570377.37923225,0.5535177123129371,0.0,4172074.85183275,0.0,0.0,0.0,15096941.381176,0.0,988562.85519425,6794976.7268865,0.32506631804739233,5806413.87169225,0.27777425209742457,0.0,7416874.56171625,0.3548174191173709,3216411.0288565,4200463.5328595,0.20094685671493498,0.00113725,0.0010255,3577561967,3967841455,https://www1.hkexnews.hk/search/titlesearch.xhtml,https://www1.hkexnews.hk/search/titlesearch.xhtml,1620584856,14:27:36,20210509
63,2005-01-31,0681.HK,CNY,2005-01-31,2005-01-31,Q1,20903355.25286825,9332977.87363575,11570377.37923225,0.5535177123129371,0.0,4172074.85183275,0.0,0.0,0.0,15096941.381176,0.0,988562.85519425,6794976.7268865,0.32506631804739233,5806413.87169225,0.27777425209742457,0.0,7416874.56171625,0.3548174191173709,3216411.0288565,4200463.5328595,0.20094685671493498,0.00113725,0.0010255,3577561967,3967841455,https://www1.hkexnews.hk/search/titlesearch.xhtml,https://www1.hkexnews.hk/search/titlesearch.xhtml,1620584856,14:27:36,20210509
64,2004-09-30,0681.HK,CNY,2004-09-30,2004-09-30,Q3,10154347.846099,9358579.195764,795768.650335,0.07836728290145298,0.0,4018671.51245225,0.0,0.0,0.0,12999147.75256825,137540.26055175,33190.2173145,-2811609.68915475,-0.27688727348796577,-2844799.90646925,-0.28015584551420875,0.0,-2396068.16837575,-0.23596475171925968,35845.43469975,-2424744.51613575,-0.2387887979499604,-0.0011755,-0.0011755,2049663586,2049663586,https://www1.hkexnews.hk/search/titlesearch.xhtml,https://www1.hkexnews.hk/search/titlesearch.xhtml,1620584856,14:27:36,20210509
65,2004-06-30,0681.HK,CNY,2004-06-30,2004-06-30,Q2,10154347.846099,9358579.195764,795768.650335,0.07836728290145298,0.0,4018671.51245225,0.0,0.0,0.0,12999147.75256825,137540.26055175,33190.2173145,-2811609.68915475,-0.27688727348796577,-2844799.90646925,-0.28015584551420875,0.0,-2396068.16837575,-0.23596475171925968,35845.43469975,-2424744.51613575,-0.2387887979499604,-0.0011755,-0.0011755,2049663586,2049663586,https://www1.hkexnews.hk/search/titlesearch.xhtml,https://www1.hkexnews.hk/search/titlesearch.xhtml,1620584856,14:27:36,20210509
66,2004-03-31,0681.HK,CNY,2004-03-31,2004-03-31,Q1,10154347.846099,9358579.195764,795768.650335,0.07836728290145298,0.0,4018671.51245225,0.0,0.0,0.0,12999147.75256825,137540.26055175,33190.2173145,-2811609.68915475,-0.27688727348796577,-2844799.90646925,-0.28015584551420875,0.0,-2396068.16837575,-0.23596475171925968,35845.43469975,-2424744.51613575,-0.2387887979499604,-0.0011755,-0.0011755,2049663586,2049663586,https://www1.hkexnews.hk/search/titlesearch.xhtml,https://www1.hkexnews.hk/search/titlesearch.xhtml,1620584856,14:27:36,20210509
67,2004-01-31,0681.HK,CNY,2004-01-31,2004-01-31,Q1,10154347.846099,9358579.195764,795768.650335,0.07836728290145298,0.0,4018671.51245225,0.0,0.0,0.0,12999147.75256825,137540.26055175,33190.2173145,-2811609.68915475,-0.27688727348796577,-2844799.90646925,-0.28015584551420875,0.0,-2396068.16837575,-0.23596475171925968,35845.43469975,-2424744.51613575,-0.2387887979499604,-0.0011755,-0.0011755,2049663586,2049663586,https://www1.hkexnews.hk/search/titlesearch.xhtml,https://www1.hkexnews.hk/search/titlesearch.xhtml,1620584856,14:27:36,20210509
68,2003-09-30,0681.HK,CNY,2003-09-30,2003-09-30,Q3,8260840.864017,7364342.23607775,896498.62793925,0.10852389516959045,0.0,4037825.5752015,0.0,0.0,0.0,11359452.13235125,56246.73250175,43246.30848,-3055364.95985425,-0.36986125385406793,-3098611.26833425,-0.37509635149023896,0.0,-2336096.6022505,-0.2827916238437894,0.0,-2324157.4373325,-0.28134635149022,-0.00190175,-0.00190175,1227007364,1227007364,https://www1.hkexnews.hk/search/titlesearch.xhtml,https://www1.hkexnews.hk/search/titlesearch.xhtml,1620584856,14:27:36,20210509
69,2003-06-30,0681.HK,CNY,2003-06-30,2003-06-30,Q2,8260840.864017,7364342.23607775,896498.62793925,0.10852389516959045,0.0,4037825.5752015,0.0,0.0,0.0,11359452.13235125,56246.73250175,43246.30848,-3055364.95985425,-0.36986125385406793,-3098611.26833425,-0.37509635149023896,0.0,-2336096.6022505,-0.2827916238437894,0.0,-2324157.4373325,-0.28134635149022,-0.00190175,-0.00190175,1227007364,1227007364,https://www1.hkexnews.hk/search/titlesearch.xhtml,https://www1.hkexnews.hk/search/titlesearch.xhtml,1620584856,14:27:36,20210509
70,2003-03-31,0681.HK,CNY,2003-03-31,2003-03-31,Q1,8260840.864017,7364342.23607775,896498.62793925,0.10852389516959045,0.0,4037825.5752015,0.0,0.0,0.0,11359452.13235125,56246.73250175,43246.30848,-3055364.95985425,-0.36986125385406793,-3098611.26833425,-0.37509635149023896,0.0,-2336096.6022505,-0.2827916238437894,0.0,-2324157.4373325,-0.28134635149022,-0.00190175,-0.00190175,1227007364,1227007364,https://www1.hkexnews.hk/search/titlesearch.xhtml,https://www1.hkexnews.hk/search/titlesearch.xhtml,1620584856,14:27:36,20210509
71,2003-01-31,0681.HK,CNY,2003-01-31,2003-01-31,Q1,8260840.864017,7364342.23607775,896498.62793925,0.10852389516959045,0.0,4037825.5752015,0.0,0.0,0.0,11359452.13235125,56246.73250175,43246.30848,-3055364.95985425,-0.36986125385406793,-3098611.26833425,-0.37509635149023896,0.0,-2336096.6022505,-0.2827916238437894,0.0,-2324157.4373325,-0.28134635149022,-0.00190175,-0.00190175,1227007364,1227007364,https://www1.hkexnews.hk/search/titlesearch.xhtml,https://www1.hkexnews.hk/search/titlesearch.xhtml,1620584856,14:27:36,20210509
72,2002-09-30,0681.HK,CNY,2002-09-30,2002-09-30,Q3,5066156.97122775,4720851.612986,345305.35824175,0.06815923000468489,0.0,3273378.19263525,0.0,0.0,0.0,7851125.512873,96727.90157975,182060.46132925,-2602908.0803159997,-0.5137835434430296,-2784968.54164525,-0.5497201443741153,0.0,-2881696.443225,-0.5688130982894989,0.0,-2877986.3319315,-0.5680807658105467,-0.00275625,-0.00275625,1047070437,1047070437,https://www1.hkexnews.hk/search/titlesearch.xhtml,https://www1.hkexnews.hk/search/titlesearch.xhtml,1620584856,14:27:36,20210509
73,2002-06-30,0681.HK,CNY,2002-06-30,2002-06-30,Q2,5066156.97122775,4720851.612986,345305.35824175,0.06815923000468489,0.0,3273378.19263525,0.0,0.0,0.0,7851125.512873,96727.90157975,182060.46132925,-2602908.0803159997,-0.5137835434430296,-2784968.54164525,-0.5497201443741153,0.0,-2881696.443225,-0.5688130982894989,0.0,-2877986.3319315,-0.5680807658105467,-0.00275625,-0.00275625,1047070437,1047070437,https://www1.hkexnews.hk/search/titlesearch.xhtml,https://www1.hkexnews.hk/search/titlesearch.xhtml,1620584856,14:27:36,20210509
74,2002-03-31,0681.HK,CNY,2002-03-31,2002-03-31,Q1,5066156.97122775,4720851.612986,345305.35824175,0.06815923000468489,0.0,3273378.19263525,0.0,0.0,0.0,7851125.512873,96727.90157975,182060.46132925,-2602908.0803159997,-0.5137835434430296,-2784968.54164525,-0.5497201443741153,0.0,-2881696.443225,-0.5688130982894989,0.0,-2877986.3319315,-0.5680807658105467,-0.00275625,-0.00275625,1047070437,1047070437,https://www1.hkexnews.hk/search/titlesearch.xhtml,https://www1.hkexnews.hk/search/titlesearch.xhtml,1620584856,14:27:36,20210509
75,2002-01-31,0681.HK,CNY,2002-01-31,2002-01-31,Q1,5066156.97122775,4720851.612986,345305.35824175,0.06815923000468489,0.0,3273378.19263525,0.0,0.0,0.0,7851125.512873,96727.90157975,182060.46132925,-2602908.0803159997,-0.5137835434430296,-2784968.54164525,-0.5497201443741153,0.0,-2881696.443225,-0.5688130982894989,0.0,-2877986.3319315,-0.5680807658105467,-0.00275625,-0.00275625,1047070437,1047070437,https://www1.hkexnews.hk/search/titlesearch.xhtml,https://www1.hkexnews.hk/search/titlesearch.xhtml,1620584856,14:27:36,20210509
76,2001-09-30,0681.HK,CNY,2001-09-30,2001-09-30,Q3,3735470.48697925,10225833.8942955,-6490363.40731625,-1.7374955658034898,0.0,2426796.96695775,0.0,0.0,0.0,11660657.39316075,-16872294.6493825,254420.125399,-7670766.7807825,-2.0534941468606256,-7925186.9061815,-2.1216034054629445,0.0,8947107.74320125,2.395175594182375,0.0,8948432.848021,2.3955303299042523,0.013521,0.012534,716595763,716595763,https://www1.hkexnews.hk/search/titlesearch.xhtml,https://www1.hkexnews.hk/search/titlesearch.xhtml,1620584856,14:27:36,20210509
77,2001-06-30,0681.HK,CNY,2001-06-30,2001-06-30,Q2,3735470.48697925,10225833.8942955,-6490363.40731625,-1.7374955658034898,0.0,2426796.96695775,0.0,0.0,0.0,11660657.39316075,-16872294.6493825,254420.125399,-7670766.7807825,-2.0534941468606256,-7925186.9061815,-2.1216034054629445,0.0,8947107.74320125,2.395175594182375,0.0,8948432.848021,2.3955303299042523,0.013521,0.012534,716595763,716595763,https://www1.hkexnews.hk/search/titlesearch.xhtml,https://www1.hkexnews.hk/search/titlesearch.xhtml,1620584856,14:27:36,20210509
78,2001-03-31,0681.HK,CNY,2001-03-31,2001-03-31,Q1,3735470.48697925,10225833.8942955,-6490363.40731625,-1.7374955658034898,0.0,2426796.96695775,0.0,0.0,0.0,11660657.39316075,-16872294.6493825,254420.125399,-7670766.7807825,-2.0534941468606256,-7925186.9061815,-2.1216034054629445,0.0,8947107.74320125,2.395175594182375,0.0,8948432.848021,2.3955303299042523,0.013521,0.012534,716595763,716595763,https://www1.hkexnews.hk/search/titlesearch.xhtml,https://www1.hkexnews.hk/search/titlesearch.xhtml,1620584856,14:27:36,20210509
79,2001-01-31,0681.HK,CNY,2001-01-31,2001-01-31,Q1,3735470.48697925,10225833.8942955,-6490363.40731625,-1.7374955658034898,0.0,2426796.96695775,0.0,0.0,0.0,11660657.39316075,-16872294.6493825,254420.125399,-7670766.7807825,-2.0534941468606256,-7925186.9061815,-2.1216034054629445,0.0,8947107.74320125,2.395175594182375,0.0,8948432.848021,2.3955303299042523,0.013521,0.012534,716595763,716595763,https://www1.hkexnews.hk/search/titlesearch.xhtml,https://www1.hkexnews.hk/search/titlesearch.xhtml,1620584856,14:27:36,20210509
80,2000-09-30,0681.HK,CNY,2000-09-30,2000-09-30,Q3,7799807.986934,7229297.7239985,570510.2629355,0.07314414199570059,0.0,4441317.43581975,0.0,0.0,0.0,26290239.5874795,10868127.50538625,205404.952608,-18285026.6479375,-2.3442918952066534,-18490431.6005455,-2.37062651177056,0.0,-29358559.10593175,-3.7640104929649953,23649.47061075,-29382208.5765425,-3.767042551016984,-0.5153895,-0.5153895,56920000,56920000,https://www1.hkexnews.hk/search/titlesearch.xhtml,https://www1.hkexnews.hk/search/titlesearch.xhtml,1620584856,14:27:36,20210509
81,2000-06-30,0681.HK,CNY,2000-06-30,2000-06-30,Q2,7799807.986934,7229297.7239985,570510.2629355,0.07314414199570059,0.0,4441317.43581975,0.0,0.0,0.0,26290239.5874795,10868127.50538625,205404.952608,-18285026.6479375,-2.3442918952066534,-18490431.6005455,-2.37062651177056,0.0,-29358559.10593175,-3.7640104929649953,23649.47061075,-29382208.5765425,-3.767042551016984,-0.5153895,-0.5153895,56920000,56920000,https://www1.hkexnews.hk/search/titlesearch.xhtml,https://www1.hkexnews.hk/search/titlesearch.xhtml,1620584856,14:27:36,20210509
82,2000-03-31,0681.HK,CNY,2000-03-31,2000-03-31,Q1,7799807.986934,7229297.7239985,570510.2629355,0.07314414199570059,0.0,4441317.43581975,0.0,0.0,0.0,26290239.5874795,10868127.50538625,205404.952608,-18285026.6479375,-2.3442918952066534,-18490431.6005455,-2.37062651177056,0.0,-29358559.10593175,-3.7640104929649953,23649.47061075,-29382208.5765425,-3.767042551016984,-0.5153895,-0.5153895,56920000,56920000,https://www1.hkexnews.hk/search/titlesearch.xhtml,https://www1.hkexnews.hk/search/titlesearch.xhtml,1620584856,14:27:36,20210509
83,2000-01-31,0681.HK,CNY,2000-01-31,2000-01-31,Q1,7799807.986934,7229297.7239985,570510.2629355,0.07314414199570059,0.0,4441317.43581975,0.0,0.0,0.0,26290239.5874795,10868127.50538625,205404.952608,-18285026.6479375,-2.3442918952066534,-18490431.6005455,-2.37062651177056,0.0,-29358559.10593175,-3.7640104929649953,23649.47061075,-29382208.5765425,-3.767042551016984,-0.5153895,-0.5153895,56920000,56920000,https://www1.hkexnews.hk/search/titlesearch.xhtml,https://www1.hkexnews.hk/search/titlesearch.xhtml,1620584856,14:27:36,20210509
