,date,symbol,reportedCurrency,fillingDate,acceptedDate,period,revenue,costOfRevenue,grossProfit,grossProfitRatio,researchAndDevelopmentExpenses,generalAndAdministrativeExpenses,sellingAndMarketingExpenses,otherExpenses,operatingExpenses,costAndExpenses,interestExpense,depreciationAndAmortization,ebitda,ebitdaratio,operatingIncome,operatingIncomeRatio,totalOtherIncomeExpensesNet,incomeBeforeTax,incomeBeforeTaxRatio,incomeTaxExpense,netIncome,netIncomeRatio,eps,epsdiluted,weightedAverageShsOut,weightedAverageShsOutDil,link,finalLink,timestamp,est_time,est_date
0,2019-06-30,XGR2.DE,GBP,2019-06-30,2019-06-30,Q2,6219500000,4182000000.0,2037500000.0,0.32759868156604227,0.0,1500000.0,0.0,0.0,988750000,5781500000,28500000,108000000,546000000,0.08778840742824986,438000000,0.07042366749738725,0.0,367250000,0.05904815499638234,87750000,277500000,0.044617734544577535,0.175,0.17475,1586000000,1587000000,https://www.bundesanzeiger.de/pub/de/suche;wwwsid=627BFD7A56A5CB624C47FDDEAB2FC509.web07-pub?0,https://www.bundesanzeiger.de/pub/de/suche;wwwsid=627BFD7A56A5CB624C47FDDEAB2FC509.web07-pub?0,1620600018,18:40:18,20210509
1,2019-03-31,XGR2.DE,GBP,2019-03-31,2019-03-31,Q1,6219500000,4182000000.0,2037500000.0,0.32759868156604227,0.0,1500000.0,0.0,0.0,988750000,5781500000,28500000,108000000,546000000,0.08778840742824986,438000000,0.07042366749738725,0.0,367250000,0.05904815499638234,87750000,277500000,0.044617734544577535,0.175,0.17475,1586000000,1587000000,https://www.bundesanzeiger.de/pub/de/suche;wwwsid=627BFD7A56A5CB624C47FDDEAB2FC509.web07-pub?0,https://www.bundesanzeiger.de/pub/de/suche;wwwsid=627BFD7A56A5CB624C47FDDEAB2FC509.web07-pub?0,1620600018,18:40:18,20210509
2,2019-01-31,XGR2.DE,GBP,2019-01-31,2019-01-31,Q1,6219500000,4182000000.0,2037500000.0,0.32759868156604227,0.0,1500000.0,0.0,0.0,988750000,5781500000,28500000,108000000,546000000,0.08778840742824986,438000000,0.07042366749738725,0.0,367250000,0.05904815499638234,87750000,277500000,0.044617734544577535,0.175,0.17475,1586000000,1587000000,https://www.bundesanzeiger.de/pub/de/suche;wwwsid=627BFD7A56A5CB624C47FDDEAB2FC509.web07-pub?0,https://www.bundesanzeiger.de/pub/de/suche;wwwsid=627BFD7A56A5CB624C47FDDEAB2FC509.web07-pub?0,1620600018,18:40:18,20210509
3,2018-06-30,XGR2.DE,GBP,2018-06-30,2018-06-30,Q2,5741000000,3854250000.0,1886750000.0,0.32864483539453054,0.0,1750000.0,0.0,0.0,870750000,5329750000,28500000,136000000,547250000,0.09532311443999303,411250000,0.07163386169656855,0.0,380000000,0.06619055913603902,96750000,281250000,0.04898972304476572,0.17755681818181818,0.1774447949526814,1584000000,1585000000,https://www.bundesanzeiger.de/pub/de/suche;wwwsid=627BFD7A56A5CB624C47FDDEAB2FC509.web07-pub?0,https://www.bundesanzeiger.de/pub/de/suche;wwwsid=627BFD7A56A5CB624C47FDDEAB2FC509.web07-pub?0,1620600018,18:40:18,20210509
4,2018-03-31,XGR2.DE,GBP,2018-03-31,2018-03-31,Q1,5741000000,3854250000.0,1886750000.0,0.32864483539453054,0.0,1750000.0,0.0,0.0,870750000,5329750000,28500000,136000000,547250000,0.09532311443999303,411250000,0.07163386169656855,0.0,380000000,0.06619055913603902,96750000,281250000,0.04898972304476572,0.17755681818181818,0.1774447949526814,1584000000,1585000000,https://www.bundesanzeiger.de/pub/de/suche;wwwsid=627BFD7A56A5CB624C47FDDEAB2FC509.web07-pub?0,https://www.bundesanzeiger.de/pub/de/suche;wwwsid=627BFD7A56A5CB624C47FDDEAB2FC509.web07-pub?0,1620600018,18:40:18,20210509
5,2018-01-31,XGR2.DE,GBP,2018-01-31,2018-01-31,Q1,5741000000,3854250000.0,1886750000.0,0.32864483539453054,0.0,1750000.0,0.0,0.0,870750000,5329750000,28500000,136000000,547250000,0.09532311443999303,411250000,0.07163386169656855,0.0,380000000,0.06619055913603902,96750000,281250000,0.04898972304476572,0.17755681818181818,0.1774447949526814,1584000000,1585000000,https://www.bundesanzeiger.de/pub/de/suche;wwwsid=627BFD7A56A5CB624C47FDDEAB2FC509.web07-pub?0,https://www.bundesanzeiger.de/pub/de/suche;wwwsid=627BFD7A56A5CB624C47FDDEAB2FC509.web07-pub?0,1620600018,18:40:18,20210509
6,2017-06-30,XGR2.DE,GBP,2017-06-30,2017-06-30,Q2,5642000000,3779250000.0,1862750000.0,0.3301577454803261,0.0,-246500000.0,247750000.0,0.0,847750000,5236500000,28250000,130500000,536000000,0.09500177242112726,405500000,0.07187167671038638,0.0,390000000,0.06912442396313365,97250000,290250000,0.051444523218716766,0.17828624078624078,0.1781767955801105,1628000000,1629000000,https://www.bundesanzeiger.de/pub/de/suche;wwwsid=627BFD7A56A5CB624C47FDDEAB2FC509.web07-pub?0,https://www.bundesanzeiger.de/pub/de/suche;wwwsid=627BFD7A56A5CB624C47FDDEAB2FC509.web07-pub?0,1620600018,18:40:18,20210509
7,2017-03-31,XGR2.DE,GBP,2017-03-31,2017-03-31,Q1,5642000000,3779250000.0,1862750000.0,0.3301577454803261,0.0,-246500000.0,247750000.0,0.0,847750000,5236500000,28250000,130500000,536000000,0.09500177242112726,405500000,0.07187167671038638,0.0,390000000,0.06912442396313365,97250000,290250000,0.051444523218716766,0.17828624078624078,0.1781767955801105,1628000000,1629000000,https://www.bundesanzeiger.de/pub/de/suche;wwwsid=627BFD7A56A5CB624C47FDDEAB2FC509.web07-pub?0,https://www.bundesanzeiger.de/pub/de/suche;wwwsid=627BFD7A56A5CB624C47FDDEAB2FC509.web07-pub?0,1620600018,18:40:18,20210509
8,2017-01-31,XGR2.DE,GBP,2017-01-31,2017-01-31,Q1,5642000000,3779250000.0,1862750000.0,0.3301577454803261,0.0,-246500000.0,247750000.0,0.0,847750000,5236500000,28250000,130500000,536000000,0.09500177242112726,405500000,0.07187167671038638,0.0,390000000,0.06912442396313365,97250000,290250000,0.051444523218716766,0.17828624078624078,0.1781767955801105,1628000000,1629000000,https://www.bundesanzeiger.de/pub/de/suche;wwwsid=627BFD7A56A5CB624C47FDDEAB2FC509.web07-pub?0,https://www.bundesanzeiger.de/pub/de/suche;wwwsid=627BFD7A56A5CB624C47FDDEAB2FC509.web07-pub?0,1620600018,18:40:18,20210509
9,2016-06-30,XGR2.DE,GBP,2016-06-30,2016-06-30,Q2,4901250000,3321250000.0,1580000000.0,0.32236674317776076,0.0,1250000.0,0.0,0.0,725750000,4552000000,25000000,106500000,455750000,0.09298648304004081,349250000,0.07125733231318541,0.0,330250000,0.0673807702116807,79750000,248000000,0.05059933690385106,0.15704,0.15678,1579806934,1582691548,https://www.bundesanzeiger.de/pub/de/suche;wwwsid=627BFD7A56A5CB624C47FDDEAB2FC509.web07-pub?0,https://www.bundesanzeiger.de/pub/de/suche;wwwsid=627BFD7A56A5CB624C47FDDEAB2FC509.web07-pub?0,1620600018,18:40:18,20210509
10,2016-03-31,XGR2.DE,GBP,2016-03-31,2016-03-31,Q1,4901250000,3321250000.0,1580000000.0,0.32236674317776076,0.0,1250000.0,0.0,0.0,725750000,4552000000,25000000,106500000,455750000,0.09298648304004081,349250000,0.07125733231318541,0.0,330250000,0.0673807702116807,79750000,248000000,0.05059933690385106,0.15704,0.15678,1579806934,1582691548,https://www.bundesanzeiger.de/pub/de/suche;wwwsid=627BFD7A56A5CB624C47FDDEAB2FC509.web07-pub?0,https://www.bundesanzeiger.de/pub/de/suche;wwwsid=627BFD7A56A5CB624C47FDDEAB2FC509.web07-pub?0,1620600018,18:40:18,20210509
11,2016-01-31,XGR2.DE,GBP,2016-01-31,2016-01-31,Q1,4901250000,3321250000.0,1580000000.0,0.32236674317776076,0.0,1250000.0,0.0,0.0,725750000,4552000000,25000000,106500000,455750000,0.09298648304004081,349250000,0.07125733231318541,0.0,330250000,0.0673807702116807,79750000,248000000,0.05059933690385106,0.15704,0.15678,1579806934,1582691548,https://www.bundesanzeiger.de/pub/de/suche;wwwsid=627BFD7A56A5CB624C47FDDEAB2FC509.web07-pub?0,https://www.bundesanzeiger.de/pub/de/suche;wwwsid=627BFD7A56A5CB624C47FDDEAB2FC509.web07-pub?0,1620600018,18:40:18,20210509
12,2015-09-30,XGR2.DE,GBP,2015-09-30,2015-09-30,Q3,4397500000,2981750000.0,1415750000.0,0.3219442865264355,0.0,1250000.0,0.0,0.0,641250000,4083750000,25250000,91500000,405250000,0.09215463331438317,313750000,0.07134735645252985,0.0,289750000,0.06588971006253554,70500000,217250000,0.04940306992609437,0.13598,0.13572,1598076156,1601922308,https://www.bundesanzeiger.de/pub/de/suche;wwwsid=627BFD7A56A5CB624C47FDDEAB2FC509.web07-pub?0,https://www.bundesanzeiger.de/pub/de/suche;wwwsid=627BFD7A56A5CB624C47FDDEAB2FC509.web07-pub?0,1620600018,18:40:18,20210509
13,2015-06-30,XGR2.DE,GBP,2015-06-30,2015-06-30,Q2,4397500000,2981750000.0,1415750000.0,0.3219442865264355,0.0,1250000.0,0.0,0.0,641250000,4083750000,25250000,91500000,405250000,0.09215463331438317,313750000,0.07134735645252985,0.0,289750000,0.06588971006253554,70500000,217250000,0.04940306992609437,0.13598,0.13572,1598076156,1601922308,https://www.bundesanzeiger.de/pub/de/suche;wwwsid=627BFD7A56A5CB624C47FDDEAB2FC509.web07-pub?0,https://www.bundesanzeiger.de/pub/de/suche;wwwsid=627BFD7A56A5CB624C47FDDEAB2FC509.web07-pub?0,1620600018,18:40:18,20210509
14,2015-03-31,XGR2.DE,GBP,2015-03-31,2015-03-31,Q1,4397500000,2981750000.0,1415750000.0,0.3219442865264355,0.0,1250000.0,0.0,0.0,641250000,4083750000,25250000,91500000,405250000,0.09215463331438317,313750000,0.07134735645252985,0.0,289750000,0.06588971006253554,70500000,217250000,0.04940306992609437,0.13598,0.13572,1598076156,1601922308,https://www.bundesanzeiger.de/pub/de/suche;wwwsid=627BFD7A56A5CB624C47FDDEAB2FC509.web07-pub?0,https://www.bundesanzeiger.de/pub/de/suche;wwwsid=627BFD7A56A5CB624C47FDDEAB2FC509.web07-pub?0,1620600018,18:40:18,20210509
15,2015-01-31,XGR2.DE,GBP,2015-01-31,2015-01-31,Q1,4397500000,2981750000.0,1415750000.0,0.3219442865264355,0.0,1250000.0,0.0,0.0,641250000,4083750000,25250000,91500000,405250000,0.09215463331438317,313750000,0.07134735645252985,0.0,289750000,0.06588971006253554,70500000,217250000,0.04940306992609437,0.13598,0.13572,1598076156,1601922308,https://www.bundesanzeiger.de/pub/de/suche;wwwsid=627BFD7A56A5CB624C47FDDEAB2FC509.web07-pub?0,https://www.bundesanzeiger.de/pub/de/suche;wwwsid=627BFD7A56A5CB624C47FDDEAB2FC509.web07-pub?0,1620600018,18:40:18,20210509
16,2014-09-30,XGR2.DE,GBP,2014-09-30,2014-09-30,Q3,4264500000,3223750000.0,1040750000.0,0.2440497127447532,0.0,1500000.0,0.0,0.0,591500000,3961750000,22000000,86000000,388750000,0.09115957322077617,302750000,0.07099308242466877,0.0,286750000,0.06724117716027671,69750000,216250000,0.050709344589049125,0.1274,0.12714,1698076108,1702883798,https://www.bundesanzeiger.de/pub/de/suche;wwwsid=627BFD7A56A5CB624C47FDDEAB2FC509.web07-pub?0,https://www.bundesanzeiger.de/pub/de/suche;wwwsid=627BFD7A56A5CB624C47FDDEAB2FC509.web07-pub?0,1620600018,18:40:18,20210509
17,2014-06-30,XGR2.DE,GBP,2014-06-30,2014-06-30,Q2,4264500000,3223750000.0,1040750000.0,0.2440497127447532,0.0,1500000.0,0.0,0.0,591500000,3961750000,22000000,86000000,388750000,0.09115957322077617,302750000,0.07099308242466877,0.0,286750000,0.06724117716027671,69750000,216250000,0.050709344589049125,0.1274,0.12714,1698076108,1702883798,https://www.bundesanzeiger.de/pub/de/suche;wwwsid=627BFD7A56A5CB624C47FDDEAB2FC509.web07-pub?0,https://www.bundesanzeiger.de/pub/de/suche;wwwsid=627BFD7A56A5CB624C47FDDEAB2FC509.web07-pub?0,1620600018,18:40:18,20210509
18,2014-03-31,XGR2.DE,GBP,2014-03-31,2014-03-31,Q1,4264500000,3223750000.0,1040750000.0,0.2440497127447532,0.0,1500000.0,0.0,0.0,591500000,3961750000,22000000,86000000,388750000,0.09115957322077617,302750000,0.07099308242466877,0.0,286750000,0.06724117716027671,69750000,216250000,0.050709344589049125,0.1274,0.12714,1698076108,1702883798,https://www.bundesanzeiger.de/pub/de/suche;wwwsid=627BFD7A56A5CB624C47FDDEAB2FC509.web07-pub?0,https://www.bundesanzeiger.de/pub/de/suche;wwwsid=627BFD7A56A5CB624C47FDDEAB2FC509.web07-pub?0,1620600018,18:40:18,20210509
19,2014-01-31,XGR2.DE,GBP,2014-01-31,2014-01-31,Q1,4264500000,3223750000.0,1040750000.0,0.2440497127447532,0.0,1500000.0,0.0,0.0,591500000,3961750000,22000000,86000000,388750000,0.09115957322077617,302750000,0.07099308242466877,0.0,286750000,0.06724117716027671,69750000,216250000,0.050709344589049125,0.1274,0.12714,1698076108,1702883798,https://www.bundesanzeiger.de/pub/de/suche;wwwsid=627BFD7A56A5CB624C47FDDEAB2FC509.web07-pub?0,https://www.bundesanzeiger.de/pub/de/suche;wwwsid=627BFD7A56A5CB624C47FDDEAB2FC509.web07-pub?0,1620600018,18:40:18,20210509
20,2013-09-30,XGR2.DE,GBP,2013-09-30,2013-09-30,Q3,4389250000,3340250000.0,1049000000.0,0.23899299424730877,0.0,2000000.0,0.0,0.0,592750000,4081750000,17500000,81000000,388500000,0.08851170473315487,307500000,0.07005752691234265,0.0,180250000,0.041066241385202484,71750000,107250000,0.024434698410890243,0.06491875,0.0646425,1653392044,1660631856,https://www.bundesanzeiger.de/pub/de/suche;wwwsid=627BFD7A56A5CB624C47FDDEAB2FC509.web07-pub?0,https://www.bundesanzeiger.de/pub/de/suche;wwwsid=627BFD7A56A5CB624C47FDDEAB2FC509.web07-pub?0,1620600018,18:40:18,20210509
21,2013-06-30,XGR2.DE,GBP,2013-06-30,2013-06-30,Q2,4389250000,3340250000.0,1049000000.0,0.23899299424730877,0.0,2000000.0,0.0,0.0,592750000,4081750000,17500000,81000000,388500000,0.08851170473315487,307500000,0.07005752691234265,0.0,180250000,0.041066241385202484,71750000,107250000,0.024434698410890243,0.06491875,0.0646425,1653392044,1660631856,https://www.bundesanzeiger.de/pub/de/suche;wwwsid=627BFD7A56A5CB624C47FDDEAB2FC509.web07-pub?0,https://www.bundesanzeiger.de/pub/de/suche;wwwsid=627BFD7A56A5CB624C47FDDEAB2FC509.web07-pub?0,1620600018,18:40:18,20210509
22,2013-03-31,XGR2.DE,GBP,2013-03-31,2013-03-31,Q1,4389250000,3340250000.0,1049000000.0,0.23899299424730877,0.0,2000000.0,0.0,0.0,592750000,4081750000,17500000,81000000,388500000,0.08851170473315487,307500000,0.07005752691234265,0.0,180250000,0.041066241385202484,71750000,107250000,0.024434698410890243,0.06491875,0.0646425,1653392044,1660631856,https://www.bundesanzeiger.de/pub/de/suche;wwwsid=627BFD7A56A5CB624C47FDDEAB2FC509.web07-pub?0,https://www.bundesanzeiger.de/pub/de/suche;wwwsid=627BFD7A56A5CB624C47FDDEAB2FC509.web07-pub?0,1620600018,18:40:18,20210509
23,2013-01-31,XGR2.DE,GBP,2013-01-31,2013-01-31,Q1,4389250000,3340250000.0,1049000000.0,0.23899299424730877,0.0,2000000.0,0.0,0.0,592750000,4081750000,17500000,81000000,388500000,0.08851170473315487,307500000,0.07005752691234265,0.0,180250000,0.041066241385202484,71750000,107250000,0.024434698410890243,0.06491875,0.0646425,1653392044,1660631856,https://www.bundesanzeiger.de/pub/de/suche;wwwsid=627BFD7A56A5CB624C47FDDEAB2FC509.web07-pub?0,https://www.bundesanzeiger.de/pub/de/suche;wwwsid=627BFD7A56A5CB624C47FDDEAB2FC509.web07-pub?0,1620600018,18:40:18,20210509
24,2012-09-30,XGR2.DE,GBP,2012-09-30,2012-09-30,Q3,4226250000,3235500000.0,990750000.0,0.2344276841171251,0.0,1750000.0,0.0,0.0,562750000,3947000000,19250000,84250000,363500000,0.0860100561963916,279250000,0.0660751257024549,0.0,197250000,0.04667258207630878,44500000,151250000,0.03578822833481218,0.08867625,0.08812375,1704975704,1714025469,https://www.bundesanzeiger.de/pub/de/suche;wwwsid=627BFD7A56A5CB624C47FDDEAB2FC509.web07-pub?0,https://www.bundesanzeiger.de/pub/de/suche;wwwsid=627BFD7A56A5CB624C47FDDEAB2FC509.web07-pub?0,1620600018,18:40:18,20210509
25,2012-06-30,XGR2.DE,GBP,2012-06-30,2012-06-30,Q2,4226250000,3235500000.0,990750000.0,0.2344276841171251,0.0,1750000.0,0.0,0.0,562750000,3947000000,19250000,84250000,363500000,0.0860100561963916,279250000,0.0660751257024549,0.0,197250000,0.04667258207630878,44500000,151250000,0.03578822833481218,0.08867625,0.08812375,1704975704,1714025469,https://www.bundesanzeiger.de/pub/de/suche;wwwsid=627BFD7A56A5CB624C47FDDEAB2FC509.web07-pub?0,https://www.bundesanzeiger.de/pub/de/suche;wwwsid=627BFD7A56A5CB624C47FDDEAB2FC509.web07-pub?0,1620600018,18:40:18,20210509
26,2012-03-31,XGR2.DE,GBP,2012-03-31,2012-03-31,Q1,4226250000,3235500000.0,990750000.0,0.2344276841171251,0.0,1750000.0,0.0,0.0,562750000,3947000000,19250000,84250000,363500000,0.0860100561963916,279250000,0.0660751257024549,0.0,197250000,0.04667258207630878,44500000,151250000,0.03578822833481218,0.08867625,0.08812375,1704975704,1714025469,https://www.bundesanzeiger.de/pub/de/suche;wwwsid=627BFD7A56A5CB624C47FDDEAB2FC509.web07-pub?0,https://www.bundesanzeiger.de/pub/de/suche;wwwsid=627BFD7A56A5CB624C47FDDEAB2FC509.web07-pub?0,1620600018,18:40:18,20210509
27,2012-01-31,XGR2.DE,GBP,2012-01-31,2012-01-31,Q1,4226250000,3235500000.0,990750000.0,0.2344276841171251,0.0,1750000.0,0.0,0.0,562750000,3947000000,19250000,84250000,363500000,0.0860100561963916,279250000,0.0660751257024549,0.0,197250000,0.04667258207630878,44500000,151250000,0.03578822833481218,0.08867625,0.08812375,1704975704,1714025469,https://www.bundesanzeiger.de/pub/de/suche;wwwsid=627BFD7A56A5CB624C47FDDEAB2FC509.web07-pub?0,https://www.bundesanzeiger.de/pub/de/suche;wwwsid=627BFD7A56A5CB624C47FDDEAB2FC509.web07-pub?0,1620600018,18:40:18,20210509
28,2011-09-30,XGR2.DE,GBP,2011-09-30,2011-09-30,Q3,3958250000,1253250000.0,2705000000.0,0.683382808059117,0.0,1750000.0,0.0,-11000000.0,2314250000,3698750000,18500000,72000000,331500000,0.08374913156066444,259500000,0.06555927493210384,0.0,239500000,0.06050653697972589,66000000,182000000,0.0459799153666393,0.10635625,0.1055275,1712215516,1723980210,https://www.bundesanzeiger.de/pub/de/suche;wwwsid=627BFD7A56A5CB624C47FDDEAB2FC509.web07-pub?0,https://www.bundesanzeiger.de/pub/de/suche;wwwsid=627BFD7A56A5CB624C47FDDEAB2FC509.web07-pub?0,1620600018,18:40:18,20210509
29,2011-06-30,XGR2.DE,GBP,2011-06-30,2011-06-30,Q2,3958250000,1253250000.0,2705000000.0,0.683382808059117,0.0,1750000.0,0.0,-11000000.0,2314250000,3698750000,18500000,72000000,331500000,0.08374913156066444,259500000,0.06555927493210384,0.0,239500000,0.06050653697972589,66000000,182000000,0.0459799153666393,0.10635625,0.1055275,1712215516,1723980210,https://www.bundesanzeiger.de/pub/de/suche;wwwsid=627BFD7A56A5CB624C47FDDEAB2FC509.web07-pub?0,https://www.bundesanzeiger.de/pub/de/suche;wwwsid=627BFD7A56A5CB624C47FDDEAB2FC509.web07-pub?0,1620600018,18:40:18,20210509
30,2011-03-31,XGR2.DE,GBP,2011-03-31,2011-03-31,Q1,3958250000,1253250000.0,2705000000.0,0.683382808059117,0.0,1750000.0,0.0,-11000000.0,2314250000,3698750000,18500000,72000000,331500000,0.08374913156066444,259500000,0.06555927493210384,0.0,239500000,0.06050653697972589,66000000,182000000,0.0459799153666393,0.10635625,0.1055275,1712215516,1723980210,https://www.bundesanzeiger.de/pub/de/suche;wwwsid=627BFD7A56A5CB624C47FDDEAB2FC509.web07-pub?0,https://www.bundesanzeiger.de/pub/de/suche;wwwsid=627BFD7A56A5CB624C47FDDEAB2FC509.web07-pub?0,1620600018,18:40:18,20210509
31,2011-01-31,XGR2.DE,GBP,2011-01-31,2011-01-31,Q1,3958250000,1253250000.0,2705000000.0,0.683382808059117,0.0,1750000.0,0.0,-11000000.0,2314250000,3698750000,18500000,72000000,331500000,0.08374913156066444,259500000,0.06555927493210384,0.0,239500000,0.06050653697972589,66000000,182000000,0.0459799153666393,0.10635625,0.1055275,1712215516,1723980210,https://www.bundesanzeiger.de/pub/de/suche;wwwsid=627BFD7A56A5CB624C47FDDEAB2FC509.web07-pub?0,https://www.bundesanzeiger.de/pub/de/suche;wwwsid=627BFD7A56A5CB624C47FDDEAB2FC509.web07-pub?0,1620600018,18:40:18,20210509
32,2010-09-30,XGR2.DE,GBP,2010-09-30,2010-09-30,Q3,3617000000,1163500000.0,2453500000.0,0.6783245783798728,0.0,1250000.0,0.0,-3000000.0,2088000000,3369750000,21250000,61250000,308500000,0.08529167818634227,247250000,0.06835775504561792,0.0,228250000,0.06310478296931159,61500000,168750000,0.0466546862040365,0.09945,0.0988975,1695020963,1708595610,https://www.bundesanzeiger.de/pub/de/suche;wwwsid=627BFD7A56A5CB624C47FDDEAB2FC509.web07-pub?0,https://www.bundesanzeiger.de/pub/de/suche;wwwsid=627BFD7A56A5CB624C47FDDEAB2FC509.web07-pub?0,1620600018,18:40:18,20210509
33,2010-06-30,XGR2.DE,GBP,2010-06-30,2010-06-30,Q2,3617000000,1163500000.0,2453500000.0,0.6783245783798728,0.0,1250000.0,0.0,-3000000.0,2088000000,3369750000,21250000,61250000,308500000,0.08529167818634227,247250000,0.06835775504561792,0.0,228250000,0.06310478296931159,61500000,168750000,0.0466546862040365,0.09945,0.0988975,1695020963,1708595610,https://www.bundesanzeiger.de/pub/de/suche;wwwsid=627BFD7A56A5CB624C47FDDEAB2FC509.web07-pub?0,https://www.bundesanzeiger.de/pub/de/suche;wwwsid=627BFD7A56A5CB624C47FDDEAB2FC509.web07-pub?0,1620600018,18:40:18,20210509
34,2010-03-31,XGR2.DE,GBP,2010-03-31,2010-03-31,Q1,3617000000,1163500000.0,2453500000.0,0.6783245783798728,0.0,1250000.0,0.0,-3000000.0,2088000000,3369750000,21250000,61250000,308500000,0.08529167818634227,247250000,0.06835775504561792,0.0,228250000,0.06310478296931159,61500000,168750000,0.0466546862040365,0.09945,0.0988975,1695020963,1708595610,https://www.bundesanzeiger.de/pub/de/suche;wwwsid=627BFD7A56A5CB624C47FDDEAB2FC509.web07-pub?0,https://www.bundesanzeiger.de/pub/de/suche;wwwsid=627BFD7A56A5CB624C47FDDEAB2FC509.web07-pub?0,1620600018,18:40:18,20210509
35,2010-01-31,XGR2.DE,GBP,2010-01-31,2010-01-31,Q1,3617000000,1163500000.0,2453500000.0,0.6783245783798728,0.0,1250000.0,0.0,-3000000.0,2088000000,3369750000,21250000,61250000,308500000,0.08529167818634227,247250000,0.06835775504561792,0.0,228250000,0.06310478296931159,61500000,168750000,0.0466546862040365,0.09945,0.0988975,1695020963,1708595610,https://www.bundesanzeiger.de/pub/de/suche;wwwsid=627BFD7A56A5CB624C47FDDEAB2FC509.web07-pub?0,https://www.bundesanzeiger.de/pub/de/suche;wwwsid=627BFD7A56A5CB624C47FDDEAB2FC509.web07-pub?0,1620600018,18:40:18,20210509
36,2009-09-30,XGR2.DE,GBP,2009-09-30,2009-09-30,Q3,3361000000,1103750000.0,2257250000.0,0.6716007140731926,0.0,1250000.0,0.0,-3500000.0,1930000000,3143250000,28000000,58000000,275750000,0.08204403451353763,217750000,0.06478726569473371,0.0,193250000,0.05749776852127343,55250000,146500000,0.04358821779232371,0.08757125,0.087295,1672396551,1678731386,https://www.bundesanzeiger.de/pub/de/suche;wwwsid=627BFD7A56A5CB624C47FDDEAB2FC509.web07-pub?0,https://www.bundesanzeiger.de/pub/de/suche;wwwsid=627BFD7A56A5CB624C47FDDEAB2FC509.web07-pub?0,1620600018,18:40:18,20210509
37,2009-06-30,XGR2.DE,GBP,2009-06-30,2009-06-30,Q2,3361000000,1103750000.0,2257250000.0,0.6716007140731926,0.0,1250000.0,0.0,-3500000.0,1930000000,3143250000,28000000,58000000,275750000,0.08204403451353763,217750000,0.06478726569473371,0.0,193250000,0.05749776852127343,55250000,146500000,0.04358821779232371,0.08757125,0.087295,1672396551,1678731386,https://www.bundesanzeiger.de/pub/de/suche;wwwsid=627BFD7A56A5CB624C47FDDEAB2FC509.web07-pub?0,https://www.bundesanzeiger.de/pub/de/suche;wwwsid=627BFD7A56A5CB624C47FDDEAB2FC509.web07-pub?0,1620600018,18:40:18,20210509
38,2009-03-31,XGR2.DE,GBP,2009-03-31,2009-03-31,Q1,3361000000,1103750000.0,2257250000.0,0.6716007140731926,0.0,1250000.0,0.0,-3500000.0,1930000000,3143250000,28000000,58000000,275750000,0.08204403451353763,217750000,0.06478726569473371,0.0,193250000,0.05749776852127343,55250000,146500000,0.04358821779232371,0.08757125,0.087295,1672396551,1678731386,https://www.bundesanzeiger.de/pub/de/suche;wwwsid=627BFD7A56A5CB624C47FDDEAB2FC509.web07-pub?0,https://www.bundesanzeiger.de/pub/de/suche;wwwsid=627BFD7A56A5CB624C47FDDEAB2FC509.web07-pub?0,1620600018,18:40:18,20210509
39,2009-01-31,XGR2.DE,GBP,2009-01-31,2009-01-31,Q1,3361000000,1103750000.0,2257250000.0,0.6716007140731926,0.0,1250000.0,0.0,-3500000.0,1930000000,3143250000,28000000,58000000,275750000,0.08204403451353763,217750000,0.06478726569473371,0.0,193250000,0.05749776852127343,55250000,146500000,0.04358821779232371,0.08757125,0.087295,1672396551,1678731386,https://www.bundesanzeiger.de/pub/de/suche;wwwsid=627BFD7A56A5CB624C47FDDEAB2FC509.web07-pub?0,https://www.bundesanzeiger.de/pub/de/suche;wwwsid=627BFD7A56A5CB624C47FDDEAB2FC509.web07-pub?0,1620600018,18:40:18,20210509
40,2008-09-30,XGR2.DE,GBP,2008-09-30,2008-09-30,Q3,2860000000,944000000.0,1916000000.0,0.66993006993007,0.0,1250000.0,0.0,-2000000.0,1661750000,2697250000,25000000,52250000,215000000,0.07517482517482517,162750000,0.0569055944055944,0.0,141500000,0.049475524475524474,42250000,110750000,0.03872377622377622,0.06547125,0.065195,1690496080,1702260775,https://www.bundesanzeiger.de/pub/de/suche;wwwsid=627BFD7A56A5CB624C47FDDEAB2FC509.web07-pub?0,https://www.bundesanzeiger.de/pub/de/suche;wwwsid=627BFD7A56A5CB624C47FDDEAB2FC509.web07-pub?0,1620600018,18:40:18,20210509
41,2008-06-30,XGR2.DE,GBP,2008-06-30,2008-06-30,Q2,2860000000,944000000.0,1916000000.0,0.66993006993007,0.0,1250000.0,0.0,-2000000.0,1661750000,2697250000,25000000,52250000,215000000,0.07517482517482517,162750000,0.0569055944055944,0.0,141500000,0.049475524475524474,42250000,110750000,0.03872377622377622,0.06547125,0.065195,1690496080,1702260775,https://www.bundesanzeiger.de/pub/de/suche;wwwsid=627BFD7A56A5CB624C47FDDEAB2FC509.web07-pub?0,https://www.bundesanzeiger.de/pub/de/suche;wwwsid=627BFD7A56A5CB624C47FDDEAB2FC509.web07-pub?0,1620600018,18:40:18,20210509
42,2008-03-31,XGR2.DE,GBP,2008-03-31,2008-03-31,Q1,2860000000,944000000.0,1916000000.0,0.66993006993007,0.0,1250000.0,0.0,-2000000.0,1661750000,2697250000,25000000,52250000,215000000,0.07517482517482517,162750000,0.0569055944055944,0.0,141500000,0.049475524475524474,42250000,110750000,0.03872377622377622,0.06547125,0.065195,1690496080,1702260775,https://www.bundesanzeiger.de/pub/de/suche;wwwsid=627BFD7A56A5CB624C47FDDEAB2FC509.web07-pub?0,https://www.bundesanzeiger.de/pub/de/suche;wwwsid=627BFD7A56A5CB624C47FDDEAB2FC509.web07-pub?0,1620600018,18:40:18,20210509
43,2008-01-31,XGR2.DE,GBP,2008-01-31,2008-01-31,Q1,2860000000,944000000.0,1916000000.0,0.66993006993007,0.0,1250000.0,0.0,-2000000.0,1661750000,2697250000,25000000,52250000,215000000,0.07517482517482517,162750000,0.0569055944055944,0.0,141500000,0.049475524475524474,42250000,110750000,0.03872377622377622,0.06547125,0.065195,1690496080,1702260775,https://www.bundesanzeiger.de/pub/de/suche;wwwsid=627BFD7A56A5CB624C47FDDEAB2FC509.web07-pub?0,https://www.bundesanzeiger.de/pub/de/suche;wwwsid=627BFD7A56A5CB624C47FDDEAB2FC509.web07-pub?0,1620600018,18:40:18,20210509
44,2007-09-30,XGR2.DE,GBP,2007-09-30,2007-09-30,Q3,2567000000,856500000.0,1710500000.0,0.6663420335021426,0.0,1250000.0,0.0,1000000.0,1497250000,2434500000,28500000,43500000,176000000,0.06856252434748734,132500000,0.051616673159329954,0.0,109000000,0.04246201791975068,31000000,128750000,0.05015582391897156,0.07072,0.0701675,1823527624,1833482366,https://www.bundesanzeiger.de/pub/de/suche;wwwsid=627BFD7A56A5CB624C47FDDEAB2FC509.web07-pub?0,https://www.bundesanzeiger.de/pub/de/suche;wwwsid=627BFD7A56A5CB624C47FDDEAB2FC509.web07-pub?0,1620600018,18:40:18,20210509
45,2007-06-30,XGR2.DE,GBP,2007-06-30,2007-06-30,Q2,2567000000,856500000.0,1710500000.0,0.6663420335021426,0.0,1250000.0,0.0,1000000.0,1497250000,2434500000,28500000,43500000,176000000,0.06856252434748734,132500000,0.051616673159329954,0.0,109000000,0.04246201791975068,31000000,128750000,0.05015582391897156,0.07072,0.0701675,1823527624,1833482366,https://www.bundesanzeiger.de/pub/de/suche;wwwsid=627BFD7A56A5CB624C47FDDEAB2FC509.web07-pub?0,https://www.bundesanzeiger.de/pub/de/suche;wwwsid=627BFD7A56A5CB624C47FDDEAB2FC509.web07-pub?0,1620600018,18:40:18,20210509
46,2007-03-31,XGR2.DE,GBP,2007-03-31,2007-03-31,Q1,2567000000,856500000.0,1710500000.0,0.6663420335021426,0.0,1250000.0,0.0,1000000.0,1497250000,2434500000,28500000,43500000,176000000,0.06856252434748734,132500000,0.051616673159329954,0.0,109000000,0.04246201791975068,31000000,128750000,0.05015582391897156,0.07072,0.0701675,1823527624,1833482366,https://www.bundesanzeiger.de/pub/de/suche;wwwsid=627BFD7A56A5CB624C47FDDEAB2FC509.web07-pub?0,https://www.bundesanzeiger.de/pub/de/suche;wwwsid=627BFD7A56A5CB624C47FDDEAB2FC509.web07-pub?0,1620600018,18:40:18,20210509
47,2007-01-31,XGR2.DE,GBP,2007-01-31,2007-01-31,Q1,2567000000,856500000.0,1710500000.0,0.6663420335021426,0.0,1250000.0,0.0,1000000.0,1497250000,2434500000,28500000,43500000,176000000,0.06856252434748734,132500000,0.051616673159329954,0.0,109000000,0.04246201791975068,31000000,128750000,0.05015582391897156,0.07072,0.0701675,1823527624,1833482366,https://www.bundesanzeiger.de/pub/de/suche;wwwsid=627BFD7A56A5CB624C47FDDEAB2FC509.web07-pub?0,https://www.bundesanzeiger.de/pub/de/suche;wwwsid=627BFD7A56A5CB624C47FDDEAB2FC509.web07-pub?0,1620600018,18:40:18,20210509
48,2006-09-30,XGR2.DE,GBP,2006-09-30,2006-09-30,Q3,2566750000,860250000.0,1706500000.0,0.6648485438784455,0.0,1750000.0,0.0,-1000000.0,1505500000,2451750000,39000000,47000000,162000000,0.06311483393396318,115000000,0.0448037401383072,0.0,80750000,0.03146001753189832,15250000,71250000,0.02775883899873381,0.03667038992329677,0.036619221946123284,1942984521,1945699450,https://www.bundesanzeiger.de/pub/de/suche;wwwsid=627BFD7A56A5CB624C47FDDEAB2FC509.web07-pub?0,https://www.bundesanzeiger.de/pub/de/suche;wwwsid=627BFD7A56A5CB624C47FDDEAB2FC509.web07-pub?0,1620600018,18:40:18,20210509
49,2006-06-30,XGR2.DE,GBP,2006-06-30,2006-06-30,Q2,2566750000,860250000.0,1706500000.0,0.6648485438784455,0.0,1750000.0,0.0,-1000000.0,1505500000,2451750000,39000000,47000000,162000000,0.06311483393396318,115000000,0.0448037401383072,0.0,80750000,0.03146001753189832,15250000,71250000,0.02775883899873381,0.03667038992329677,0.036619221946123284,1942984521,1945699450,https://www.bundesanzeiger.de/pub/de/suche;wwwsid=627BFD7A56A5CB624C47FDDEAB2FC509.web07-pub?0,https://www.bundesanzeiger.de/pub/de/suche;wwwsid=627BFD7A56A5CB624C47FDDEAB2FC509.web07-pub?0,1620600018,18:40:18,20210509
50,2006-03-31,XGR2.DE,GBP,2006-03-31,2006-03-31,Q1,2566750000,860250000.0,1706500000.0,0.6648485438784455,0.0,1750000.0,0.0,-1000000.0,1505500000,2451750000,39000000,47000000,162000000,0.06311483393396318,115000000,0.0448037401383072,0.0,80750000,0.03146001753189832,15250000,71250000,0.02775883899873381,0.03667038992329677,0.036619221946123284,1942984521,1945699450,https://www.bundesanzeiger.de/pub/de/suche;wwwsid=627BFD7A56A5CB624C47FDDEAB2FC509.web07-pub?0,https://www.bundesanzeiger.de/pub/de/suche;wwwsid=627BFD7A56A5CB624C47FDDEAB2FC509.web07-pub?0,1620600018,18:40:18,20210509
51,2006-01-31,XGR2.DE,GBP,2006-01-31,2006-01-31,Q1,2566750000,860250000.0,1706500000.0,0.6648485438784455,0.0,1750000.0,0.0,-1000000.0,1505500000,2451750000,39000000,47000000,162000000,0.06311483393396318,115000000,0.0448037401383072,0.0,80750000,0.03146001753189832,15250000,71250000,0.02775883899873381,0.03667038992329677,0.036619221946123284,1942984521,1945699450,https://www.bundesanzeiger.de/pub/de/suche;wwwsid=627BFD7A56A5CB624C47FDDEAB2FC509.web07-pub?0,https://www.bundesanzeiger.de/pub/de/suche;wwwsid=627BFD7A56A5CB624C47FDDEAB2FC509.web07-pub?0,1620600018,18:40:18,20210509
52,2005-09-30,XGR2.DE,GBP,2005-09-30,2005-09-30,Q3,2518250000,0.0,0.0,0.0,0.0,0.0,0.0,0.0,2290750000,2396250000,39000000,56000000,178000000,0.07068400675071974,122000000,0.04844634170554949,0.0,58250000,0.023131142658592275,24250000,48750000,0.01935868162414375,0.024985530059504633,0.02496237386823554,1951129309,1952939262,https://www.bundesanzeiger.de/pub/de/suche;wwwsid=627BFD7A56A5CB624C47FDDEAB2FC509.web07-pub?0,https://www.bundesanzeiger.de/pub/de/suche;wwwsid=627BFD7A56A5CB624C47FDDEAB2FC509.web07-pub?0,1620600018,18:40:18,20210509
53,2005-06-30,XGR2.DE,GBP,2005-06-30,2005-06-30,Q2,2518250000,0.0,0.0,0.0,0.0,0.0,0.0,0.0,2290750000,2396250000,39000000,56000000,178000000,0.07068400675071974,122000000,0.04844634170554949,0.0,58250000,0.023131142658592275,24250000,48750000,0.01935868162414375,0.024985530059504633,0.02496237386823554,1951129309,1952939262,https://www.bundesanzeiger.de/pub/de/suche;wwwsid=627BFD7A56A5CB624C47FDDEAB2FC509.web07-pub?0,https://www.bundesanzeiger.de/pub/de/suche;wwwsid=627BFD7A56A5CB624C47FDDEAB2FC509.web07-pub?0,1620600018,18:40:18,20210509
54,2005-03-31,XGR2.DE,GBP,2005-03-31,2005-03-31,Q1,2518250000,0.0,0.0,0.0,0.0,0.0,0.0,0.0,2290750000,2396250000,39000000,56000000,178000000,0.07068400675071974,122000000,0.04844634170554949,0.0,58250000,0.023131142658592275,24250000,48750000,0.01935868162414375,0.024985530059504633,0.02496237386823554,1951129309,1952939262,https://www.bundesanzeiger.de/pub/de/suche;wwwsid=627BFD7A56A5CB624C47FDDEAB2FC509.web07-pub?0,https://www.bundesanzeiger.de/pub/de/suche;wwwsid=627BFD7A56A5CB624C47FDDEAB2FC509.web07-pub?0,1620600018,18:40:18,20210509
55,2005-01-31,XGR2.DE,GBP,2005-01-31,2005-01-31,Q1,2518250000,0.0,0.0,0.0,0.0,0.0,0.0,0.0,2290750000,2396250000,39000000,56000000,178000000,0.07068400675071974,122000000,0.04844634170554949,0.0,58250000,0.023131142658592275,24250000,48750000,0.01935868162414375,0.024985530059504633,0.02496237386823554,1951129309,1952939262,https://www.bundesanzeiger.de/pub/de/suche;wwwsid=627BFD7A56A5CB624C47FDDEAB2FC509.web07-pub?0,https://www.bundesanzeiger.de/pub/de/suche;wwwsid=627BFD7A56A5CB624C47FDDEAB2FC509.web07-pub?0,1620600018,18:40:18,20210509
56,2004-09-30,XGR2.DE,GBP,2004-09-30,2004-09-30,Q3,2943000000,0.0,0.0,0.0,0.0,0.0,0.0,30500000.0,2621000000,2754750000,33750000,64500000,252750000,0.08588175331294598,188250000,0.06396534148827727,0.0,92500000,0.03143051308188923,38000000,45000000,0.01529051987767584,0.023042191262986653,0.02296768994493184,1952939262,1959274098,https://www.bundesanzeiger.de/pub/de/suche;wwwsid=627BFD7A56A5CB624C47FDDEAB2FC509.web07-pub?0,https://www.bundesanzeiger.de/pub/de/suche;wwwsid=627BFD7A56A5CB624C47FDDEAB2FC509.web07-pub?0,1620600018,18:40:18,20210509
57,2004-06-30,XGR2.DE,GBP,2004-06-30,2004-06-30,Q2,2943000000,0.0,0.0,0.0,0.0,0.0,0.0,30500000.0,2621000000,2754750000,33750000,64500000,252750000,0.08588175331294598,188250000,0.06396534148827727,0.0,92500000,0.03143051308188923,38000000,45000000,0.01529051987767584,0.023042191262986653,0.02296768994493184,1952939262,1959274098,https://www.bundesanzeiger.de/pub/de/suche;wwwsid=627BFD7A56A5CB624C47FDDEAB2FC509.web07-pub?0,https://www.bundesanzeiger.de/pub/de/suche;wwwsid=627BFD7A56A5CB624C47FDDEAB2FC509.web07-pub?0,1620600018,18:40:18,20210509
58,2004-03-31,XGR2.DE,GBP,2004-03-31,2004-03-31,Q1,2943000000,0.0,0.0,0.0,0.0,0.0,0.0,30500000.0,2621000000,2754750000,33750000,64500000,252750000,0.08588175331294598,188250000,0.06396534148827727,0.0,92500000,0.03143051308188923,38000000,45000000,0.01529051987767584,0.023042191262986653,0.02296768994493184,1952939262,1959274098,https://www.bundesanzeiger.de/pub/de/suche;wwwsid=627BFD7A56A5CB624C47FDDEAB2FC509.web07-pub?0,https://www.bundesanzeiger.de/pub/de/suche;wwwsid=627BFD7A56A5CB624C47FDDEAB2FC509.web07-pub?0,1620600018,18:40:18,20210509
59,2004-01-31,XGR2.DE,GBP,2004-01-31,2004-01-31,Q1,2943000000,0.0,0.0,0.0,0.0,0.0,0.0,30500000.0,2621000000,2754750000,33750000,64500000,252750000,0.08588175331294598,188250000,0.06396534148827727,0.0,92500000,0.03143051308188923,38000000,45000000,0.01529051987767584,0.023042191262986653,0.02296768994493184,1952939262,1959274098,https://www.bundesanzeiger.de/pub/de/suche;wwwsid=627BFD7A56A5CB624C47FDDEAB2FC509.web07-pub?0,https://www.bundesanzeiger.de/pub/de/suche;wwwsid=627BFD7A56A5CB624C47FDDEAB2FC509.web07-pub?0,1620600018,18:40:18,20210509
60,2003-09-30,XGR2.DE,GBP,2003-09-30,2003-09-30,Q3,2821500000,0.0,2821500000.0,1.0,0.0,0.0,0.0,37750000.0,2505750000,2632000000,38000000,60750000,250250000,0.08869395711500974,189500000,0.06716285663654084,0.0,89500000,0.03172071593124225,35750000,46000000,0.016303384724437354,0.02291706484963052,0.022865519488243984,2007237851,2011762734,https://www.bundesanzeiger.de/pub/de/suche;wwwsid=627BFD7A56A5CB624C47FDDEAB2FC509.web07-pub?0,https://www.bundesanzeiger.de/pub/de/suche;wwwsid=627BFD7A56A5CB624C47FDDEAB2FC509.web07-pub?0,1620600018,18:40:18,20210509
61,2003-06-30,XGR2.DE,GBP,2003-06-30,2003-06-30,Q2,2821500000,0.0,2821500000.0,1.0,0.0,0.0,0.0,37750000.0,2505750000,2632000000,38000000,60750000,250250000,0.08869395711500974,189500000,0.06716285663654084,0.0,89500000,0.03172071593124225,35750000,46000000,0.016303384724437354,0.02291706484963052,0.022865519488243984,2007237851,2011762734,https://www.bundesanzeiger.de/pub/de/suche;wwwsid=627BFD7A56A5CB624C47FDDEAB2FC509.web07-pub?0,https://www.bundesanzeiger.de/pub/de/suche;wwwsid=627BFD7A56A5CB624C47FDDEAB2FC509.web07-pub?0,1620600018,18:40:18,20210509
62,2003-03-31,XGR2.DE,GBP,2003-03-31,2003-03-31,Q1,2821500000,0.0,2821500000.0,1.0,0.0,0.0,0.0,37750000.0,2505750000,2632000000,38000000,60750000,250250000,0.08869395711500974,189500000,0.06716285663654084,0.0,89500000,0.03172071593124225,35750000,46000000,0.016303384724437354,0.02291706484963052,0.022865519488243984,2007237851,2011762734,https://www.bundesanzeiger.de/pub/de/suche;wwwsid=627BFD7A56A5CB624C47FDDEAB2FC509.web07-pub?0,https://www.bundesanzeiger.de/pub/de/suche;wwwsid=627BFD7A56A5CB624C47FDDEAB2FC509.web07-pub?0,1620600018,18:40:18,20210509
63,2003-01-31,XGR2.DE,GBP,2003-01-31,2003-01-31,Q1,2821500000,0.0,2821500000.0,1.0,0.0,0.0,0.0,37750000.0,2505750000,2632000000,38000000,60750000,250250000,0.08869395711500974,189500000,0.06716285663654084,0.0,89500000,0.03172071593124225,35750000,46000000,0.016303384724437354,0.02291706484963052,0.022865519488243984,2007237851,2011762734,https://www.bundesanzeiger.de/pub/de/suche;wwwsid=627BFD7A56A5CB624C47FDDEAB2FC509.web07-pub?0,https://www.bundesanzeiger.de/pub/de/suche;wwwsid=627BFD7A56A5CB624C47FDDEAB2FC509.web07-pub?0,1620600018,18:40:18,20210509
64,2002-09-30,XGR2.DE,GBP,2002-09-30,2002-09-30,Q3,2654250000,0.0,0.0,0.0,0.0,0.0,0.0,31750000.0,2335250000,2455250000,42250000,57500000,256500000,0.09663746821135914,199000000,0.07497409814448526,0.0,95500000,0.03598003202411227,34500000,55500000,0.020909861542808703,0.027625,0.02734875,2015382640,2033482170,https://www.bundesanzeiger.de/pub/de/suche;wwwsid=627BFD7A56A5CB624C47FDDEAB2FC509.web07-pub?0,https://www.bundesanzeiger.de/pub/de/suche;wwwsid=627BFD7A56A5CB624C47FDDEAB2FC509.web07-pub?0,1620600018,18:40:18,20210509
65,2002-06-30,XGR2.DE,GBP,2002-06-30,2002-06-30,Q2,2654250000,0.0,0.0,0.0,0.0,0.0,0.0,31750000.0,2335250000,2455250000,42250000,57500000,256500000,0.09663746821135914,199000000,0.07497409814448526,0.0,95500000,0.03598003202411227,34500000,55500000,0.020909861542808703,0.027625,0.02734875,2015382640,2033482170,https://www.bundesanzeiger.de/pub/de/suche;wwwsid=627BFD7A56A5CB624C47FDDEAB2FC509.web07-pub?0,https://www.bundesanzeiger.de/pub/de/suche;wwwsid=627BFD7A56A5CB624C47FDDEAB2FC509.web07-pub?0,1620600018,18:40:18,20210509
66,2002-03-31,XGR2.DE,GBP,2002-03-31,2002-03-31,Q1,2654250000,0.0,0.0,0.0,0.0,0.0,0.0,31750000.0,2335250000,2455250000,42250000,57500000,256500000,0.09663746821135914,199000000,0.07497409814448526,0.0,95500000,0.03598003202411227,34500000,55500000,0.020909861542808703,0.027625,0.02734875,2015382640,2033482170,https://www.bundesanzeiger.de/pub/de/suche;wwwsid=627BFD7A56A5CB624C47FDDEAB2FC509.web07-pub?0,https://www.bundesanzeiger.de/pub/de/suche;wwwsid=627BFD7A56A5CB624C47FDDEAB2FC509.web07-pub?0,1620600018,18:40:18,20210509
67,2002-01-31,XGR2.DE,GBP,2002-01-31,2002-01-31,Q1,2654250000,0.0,0.0,0.0,0.0,0.0,0.0,31750000.0,2335250000,2455250000,42250000,57500000,256500000,0.09663746821135914,199000000,0.07497409814448526,0.0,95500000,0.03598003202411227,34500000,55500000,0.020909861542808703,0.027625,0.02734875,2015382640,2033482170,https://www.bundesanzeiger.de/pub/de/suche;wwwsid=627BFD7A56A5CB624C47FDDEAB2FC509.web07-pub?0,https://www.bundesanzeiger.de/pub/de/suche;wwwsid=627BFD7A56A5CB624C47FDDEAB2FC509.web07-pub?0,1620600018,18:40:18,20210509
68,2001-09-30,XGR2.DE,GBP,2001-09-30,2001-09-30,Q3,2179000000,0.0,0.0,0.0,0.0,0.0,0.0,0.0,1914250000,2011750000,59250000,42500000,209750000,0.09625975217989903,167250000,0.07675539238182652,0.0,63500000,0.02914180816888481,23000000,36500000,0.016750803120697568,0.0182325,0.01795625,2004522922,2037102076,https://www.bundesanzeiger.de/pub/de/suche;wwwsid=627BFD7A56A5CB624C47FDDEAB2FC509.web07-pub?0,https://www.bundesanzeiger.de/pub/de/suche;wwwsid=627BFD7A56A5CB624C47FDDEAB2FC509.web07-pub?0,1620600018,18:40:18,20210509
69,2001-06-30,XGR2.DE,GBP,2001-06-30,2001-06-30,Q2,2179000000,0.0,0.0,0.0,0.0,0.0,0.0,0.0,1914250000,2011750000,59250000,42500000,209750000,0.09625975217989903,167250000,0.07675539238182652,0.0,63500000,0.02914180816888481,23000000,36500000,0.016750803120697568,0.0182325,0.01795625,2004522922,2037102076,https://www.bundesanzeiger.de/pub/de/suche;wwwsid=627BFD7A56A5CB624C47FDDEAB2FC509.web07-pub?0,https://www.bundesanzeiger.de/pub/de/suche;wwwsid=627BFD7A56A5CB624C47FDDEAB2FC509.web07-pub?0,1620600018,18:40:18,20210509
70,2001-03-31,XGR2.DE,GBP,2001-03-31,2001-03-31,Q1,2179000000,0.0,0.0,0.0,0.0,0.0,0.0,0.0,1914250000,2011750000,59250000,42500000,209750000,0.09625975217989903,167250000,0.07675539238182652,0.0,63500000,0.02914180816888481,23000000,36500000,0.016750803120697568,0.0182325,0.01795625,2004522922,2037102076,https://www.bundesanzeiger.de/pub/de/suche;wwwsid=627BFD7A56A5CB624C47FDDEAB2FC509.web07-pub?0,https://www.bundesanzeiger.de/pub/de/suche;wwwsid=627BFD7A56A5CB624C47FDDEAB2FC509.web07-pub?0,1620600018,18:40:18,20210509
71,2001-01-31,XGR2.DE,GBP,2001-01-31,2001-01-31,Q1,2179000000,0.0,0.0,0.0,0.0,0.0,0.0,0.0,1914250000,2011750000,59250000,42500000,209750000,0.09625975217989903,167250000,0.07675539238182652,0.0,63500000,0.02914180816888481,23000000,36500000,0.016750803120697568,0.0182325,0.01795625,2004522922,2037102076,https://www.bundesanzeiger.de/pub/de/suche;wwwsid=627BFD7A56A5CB624C47FDDEAB2FC509.web07-pub?0,https://www.bundesanzeiger.de/pub/de/suche;wwwsid=627BFD7A56A5CB624C47FDDEAB2FC509.web07-pub?0,1620600018,18:40:18,20210509
72,2000-09-30,XGR2.DE,GBP,2000-09-30,2000-09-30,Q3,1442500000,0.0,0.0,0.0,0.0,0.0,0.0,0.0,1276250000,1355750000,31750000,26250000,113000000,0.07833622183708838,86750000,0.060138648180242636,0.0,57750000,0.040034662045060655,14500000,42250000,0.0292894280762565,0.0303875,0.03011125,1394568769,1457917123,https://www.bundesanzeiger.de/pub/de/suche;wwwsid=627BFD7A56A5CB624C47FDDEAB2FC509.web07-pub?0,https://www.bundesanzeiger.de/pub/de/suche;wwwsid=627BFD7A56A5CB624C47FDDEAB2FC509.web07-pub?0,1620600018,18:40:18,20210509
73,2000-06-30,XGR2.DE,GBP,2000-06-30,2000-06-30,Q2,1442500000,0.0,0.0,0.0,0.0,0.0,0.0,0.0,1276250000,1355750000,31750000,26250000,113000000,0.07833622183708838,86750000,0.060138648180242636,0.0,57750000,0.040034662045060655,14500000,42250000,0.0292894280762565,0.0303875,0.03011125,1394568769,1457917123,https://www.bundesanzeiger.de/pub/de/suche;wwwsid=627BFD7A56A5CB624C47FDDEAB2FC509.web07-pub?0,https://www.bundesanzeiger.de/pub/de/suche;wwwsid=627BFD7A56A5CB624C47FDDEAB2FC509.web07-pub?0,1620600018,18:40:18,20210509
74,2000-03-31,XGR2.DE,GBP,2000-03-31,2000-03-31,Q1,1442500000,0.0,0.0,0.0,0.0,0.0,0.0,0.0,1276250000,1355750000,31750000,26250000,113000000,0.07833622183708838,86750000,0.060138648180242636,0.0,57750000,0.040034662045060655,14500000,42250000,0.0292894280762565,0.0303875,0.03011125,1394568769,1457917123,https://www.bundesanzeiger.de/pub/de/suche;wwwsid=627BFD7A56A5CB624C47FDDEAB2FC509.web07-pub?0,https://www.bundesanzeiger.de/pub/de/suche;wwwsid=627BFD7A56A5CB624C47FDDEAB2FC509.web07-pub?0,1620600018,18:40:18,20210509
75,2000-01-31,XGR2.DE,GBP,2000-01-31,2000-01-31,Q1,1442500000,0.0,0.0,0.0,0.0,0.0,0.0,0.0,1276250000,1355750000,31750000,26250000,113000000,0.07833622183708838,86750000,0.060138648180242636,0.0,57750000,0.040034662045060655,14500000,42250000,0.0292894280762565,0.0303875,0.03011125,1394568769,1457917123,https://www.bundesanzeiger.de/pub/de/suche;wwwsid=627BFD7A56A5CB624C47FDDEAB2FC509.web07-pub?0,https://www.bundesanzeiger.de/pub/de/suche;wwwsid=627BFD7A56A5CB624C47FDDEAB2FC509.web07-pub?0,1620600018,18:40:18,20210509
