,date,symbol,reportedCurrency,fillingDate,acceptedDate,period,revenue,costOfRevenue,grossProfit,grossProfitRatio,researchAndDevelopmentExpenses,generalAndAdministrativeExpenses,sellingAndMarketingExpenses,otherExpenses,operatingExpenses,costAndExpenses,interestExpense,depreciationAndAmortization,ebitda,ebitdaratio,operatingIncome,operatingIncomeRatio,totalOtherIncomeExpensesNet,incomeBeforeTax,incomeBeforeTaxRatio,incomeTaxExpense,netIncome,netIncomeRatio,eps,epsdiluted,weightedAverageShsOut,weightedAverageShsOutDil,link,finalLink,timestamp,est_time,est_date
0,2020-12-31,MMMM,USD,2021-02-22,2021-02-22 06:11:13,Q1,9012802.0,9128882.0,-116080.0,-0.012879457465059146,0.0,444472.0,117.0,0.0,444589.0,9573471.0,529673.0,0.0,-594409.0,-0.06595163191202913,-560669.0,-0.06220806803477986,945765.0,-178317.0,-0.019784857139877255,0.0,-178317.0,-0.019784857139877255,-0.01,-0.01,26729079.0,26729079.0,https://www.sec.gov/Archives/edgar/data/66600/000149315221004449/0001493152-21-004449-index.htm,https://www.sec.gov/Archives/edgar/data/66600/000149315221004449/form10-q.htm,1620595158,17:19:18,20210509
1,2020-09-30,MMMM,USD,2021-01-12,2021-01-12 17:16:13,Q4,7334480.0,7789326.0,-454846.0,-0.062014757692433545,0.0,1005160.0,-104312.0,1244.2163500000001,2567.961,8809965.0,524464.0,1347.54,-1474136.46,-0.20098718109531963,-1475484.0,-0.20117090782168606,-4406754.65,-4722873.0,-0.6439274495260741,0.0,-4722873.0,-0.6439274495260741,-6.010319498494517,-6.010319498494517,785794.0,785794.0,https://www.sec.gov/Archives/edgar/data/66600/000147793221000201/0001477932-21-000201-index.htm,https://www.sec.gov/Archives/edgar/data/66600/000147793221000201/mmmm_10k.htm,1620595158,17:19:18,20210509
2,2020-06-30,MMMM,USD,2020-08-19,2020-08-19 17:27:18,Q3,4731316.0,4542031.0,189285.0,0.04000683953470874,0.0,428040.0,46508.0,690.65,474548.0,5016579.0,297788.0,0.0,-306971.0,-0.06488068013212392,-285263.0,-0.06029252749129418,105303.65,-500146.0,-0.10570970106414368,0.0,-500146.0,-0.10570970106414368,-0.64,-0.64,785794.0,785794.0,https://www.sec.gov/Archives/edgar/data/66600/000147793220005086/0001477932-20-005086-index.htm,https://www.sec.gov/Archives/edgar/data/66600/000147793220005086/mmmm_10q.htm,1620595158,17:19:18,20210509
3,2020-03-31,MMMM,USD,2020-05-20 00:00:00,2020-05-20 16:40:49,Q2,5091348.0,4922783.0,168565.0,0.0331081277492719,0.0,548545.0,57804.0,-9519.0,606349.0,5529132.0,341202.0,0.0,-548174.0,-0.10766775321584775,-437784.0,-0.08598587250370629,-1446825.0,-2326682.0,-0.45698742258435293,0.0,-2326682.0,-0.45698742258435293,-2.96,-2.96,785794.0,785794.0,https://www.sec.gov/Archives/edgar/data/66600/000147793220002968/0001477932-20-002968-index.htm,https://www.sec.gov/Archives/edgar/data/66600/000147793220002968/mmmm_10q.htm,1620595158,17:19:18,20210509
4,2019-12-31,MMMM,USD,2020-01-16 00:00:00,2020-01-15 21:25:19,Q1,221358.0,0.0,221358.0,1.0,0.0,466425.0,0.0,-35699.0,466425.0,466425.0,397106.0,0.0,-280767.0,-1.268384246333993,-245067.0,-1.1071070392757434,-63492.0,-705666.0,-3.1878947225760985,0.0,-705666.0,-3.1878947225760985,-1.0,-1.0,690383.0,690383.0,https://www.sec.gov/Archives/edgar/data/66600/000147793220000242/0001477932-20-000242-index.html,https://www.sec.gov/Archives/edgar/data/66600/000147793220000242/mmmm_10k.htm,1620595158,17:19:18,20210509
5,2019-09-30,MMMM,USD,2020-01-16,2020-01-16,Q4,0.0,147966.0,-147966.0,0.0,0.0,337031.0,0.0,-1201226.0,337031.0,484997.0,391726.0,0.0,-484997.0,0.0,-484997.0,0.0,-892150.0,-1768873.0,0.0,0.0,-1768873.0,0.0,-2.562161872467891,-2.562161872467891,690383.0,690383.0,https://www.sec.gov/Archives/edgar/data/66600/000147793220000261/0001477932-20-000261-index.htm,https://www.sec.gov/Archives/edgar/data/66600/000147793220000261/mmmm_10ka.htm,1620595158,17:19:18,20210509
6,2019-06-30,MMMM,USD,2019-08-28,2019-08-28,Q3,0.0,2500.0,-2500.0,0.0,0.0,444277.0,0.0,-611417.0,446777.0,446777.0,219479.0,0.0,-459277.0,0.0,-446777.0,0.0,-884875.0,-1563631.0,0.0,0.0,-1563631.0,0.0,-2.0,-2.0,687777.0,687777.0,https://www.sec.gov/Archives/edgar/data/66600/000147793219005217/0001477932-19-005217-index.htm,https://www.sec.gov/Archives/edgar/data/66600/000147793219005217/mmmm_10qa.htm,1620595158,17:19:18,20210509
7,2019-03-31,MMMM,USD,2019-05-20 00:00:00,2019-05-20 16:40:39,Q2,0.0,12500.0,-12500.0,0.0,0.0,386512.0,0.0,-36918.0,399012.0,399012.0,23827.0,0.0,-424012.0,0.0,-399012.0,0.0,27930.0,-419909.0,0.0,0.0,-419909.0,0.0,-1.0,-1.0,655928.0,655928.0,https://www.sec.gov/Archives/edgar/data/66600/000147793219003013/0001477932-19-003013-index.html,https://www.sec.gov/Archives/edgar/data/66600/000147793219003013/mmmm_10q.htm,1620595158,17:19:18,20210509
8,2018-12-31,MMMM,USD,2019-01-15 00:00:00,2019-01-15 11:02:31,Q1,0.0,99110.0,-99110.0,0.0,0.0,134133.0,0.0,-71158.0,161434.0,260544.0,4848.0,0.0,-260544.0,0.0,-260544.0,0.0,-35405.0,-300797.0,0.0,0.0,-300797.0,0.0,-0.458582,-0.458582,655928.0,655928.0,https://www.sec.gov/Archives/edgar/data/66600/000157570519000007/0001575705-19-000007-index.html,https://www.sec.gov/Archives/edgar/data/66600/000157570519000007/mmmm_10k.htm,1620595158,17:19:18,20210509
