,date,symbol,reportedCurrency,fillingDate,acceptedDate,period,revenue,costOfRevenue,grossProfit,grossProfitRatio,researchAndDevelopmentExpenses,generalAndAdministrativeExpenses,sellingAndMarketingExpenses,otherExpenses,operatingExpenses,costAndExpenses,interestExpense,depreciationAndAmortization,ebitda,ebitdaratio,operatingIncome,operatingIncomeRatio,totalOtherIncomeExpensesNet,incomeBeforeTax,incomeBeforeTaxRatio,incomeTaxExpense,netIncome,netIncomeRatio,eps,epsdiluted,weightedAverageShsOut,weightedAverageShsOutDil,link,finalLink,timestamp,est_time,est_date
0,2020-12-31,PBL.TO,CAD,2020-12-31,2020-12-31,Q4,103735000.0,80914000.0,22821000.0,0.219993252036439,0.0,10309000.0,3727000.0,222000.0,12690000.0,93604000.0,984000.0,7740000.0,17871000.0,0.17227550971224756,10131000.0,0.09766231262351183,7207000.0,16354000.0,0.15765170868077313,4170000.0,12184000.0,0.11745312575312093,0.47527549322119994,0.47527549322119994,25635658.0,25635658.0,https://www.sedar.com/ModifyCompanyDocumentSearchForm.do?lang=EN&company_search=Pollard Banknote Ltd&document_selection=0&industry_group=A&FromDate=13&FromMonth=05&FromYear=2000&ToDate=13&ToMonth=11&ToYear=2020&Variable=Issuer,https://www.sedar.com/ModifyCompanyDocumentSearchForm.do?lang=EN&company_search=Pollard Banknote Ltd&document_selection=0&industry_group=A&FromDate=13&FromMonth=05&FromYear=2000&ToDate=13&ToMonth=11&ToYear=2020&Variable=Issuer,1620596364,17:39:24,20210509
1,2020-09-30,PBL.TO,CAD,2020-09-30,2020-09-30,Q3,116644000.0,88899000.0,27745000.0,0.23786049861115874,0.0,10291000.0,3770000.0,35000.0,11927000.0,100826000.0,1008000.0,8348000.0,24166000.0,0.20717739446521038,15818000.0,0.13560920407393437,2653000.0,17463000.0,0.14971194403484106,4311000.0,13152000.0,0.11275333493364426,0.5130353978041056,0.5055902862697409,25635658.0,26013158.0,https://www.sedar.com/ModifyCompanyDocumentSearchForm.do?lang=EN&company_search=Pollard Banknote Ltd&document_selection=0&industry_group=A&FromDate=13&FromMonth=05&FromYear=2000&ToDate=13&ToMonth=11&ToYear=2020&Variable=Issuer,https://www.sedar.com/ModifyCompanyDocumentSearchForm.do?lang=EN&company_search=Pollard Banknote Ltd&document_selection=0&industry_group=A&FromDate=13&FromMonth=05&FromYear=2000&ToDate=13&ToMonth=11&ToYear=2020&Variable=Issuer,1620596364,17:39:24,20210509
2,2020-06-30,PBL.TO,CAD,2020-06-30,2020-06-30,Q2,91502000.0,72747000.0,18755000.0,0.20496819741644992,0.0,9528000.0,3382000.0,517000.0,7406000.0,80153000.0,1214000.0,7782000.0,19131000.0,0.20907739721536142,11349000.0,0.12403007584533672,2226000.0,12361000.0,0.13508994338921554,3151000.0,9210000.0,0.10065353762759284,0.35926520786008304,0.35371539229975035,25635658.0,26037883.0,https://www.sedar.com/ModifyCompanyDocumentSearchForm.do?lang=EN&company_search=Pollard Banknote Ltd&document_selection=0&industry_group=A&FromDate=13&FromMonth=05&FromYear=2000&ToDate=13&ToMonth=11&ToYear=2020&Variable=Issuer,https://www.sedar.com/ModifyCompanyDocumentSearchForm.do?lang=EN&company_search=Pollard Banknote Ltd&document_selection=0&industry_group=A&FromDate=13&FromMonth=05&FromYear=2000&ToDate=13&ToMonth=11&ToYear=2020&Variable=Issuer,1620596364,17:39:24,20210509
3,2020-03-31,PBL.TO,CAD,2020-03-31,2020-03-31,Q1,102253000.0,80528000.0,21725000.0,0.2124632040135742,0.0,10183000.0,3765000.0,469000.0,13948000.0,94476000.0,1635000.0,7597000.0,15374000.0,0.1503525568931963,7777000.0,0.07605644822156807,-6177000.0,-35000.0,-0.0003422882458216385,1223000.0,-1258000.0,-0.012302817521246321,-0.04907227269142068,-0.048351972224290274,25635658.0,26017553.0,https://www.sedar.com/ModifyCompanyDocumentSearchForm.do?lang=EN&company_search=Pollard Banknote Ltd&document_selection=0&industry_group=A&FromDate=13&FromMonth=05&FromYear=2000&ToDate=13&ToMonth=11&ToYear=2020&Variable=Issuer,https://www.sedar.com/ModifyCompanyDocumentSearchForm.do?lang=EN&company_search=Pollard Banknote Ltd&document_selection=0&industry_group=A&FromDate=13&FromMonth=05&FromYear=2000&ToDate=13&ToMonth=11&ToYear=2020&Variable=Issuer,1620596364,17:39:24,20210509
4,2019-12-31,PBL.TO,CAD,2019-12-31,2019-12-31,Q4,100007000.0,78027000.0,21980000.0,0.2197846150769446,0.0,10922000.0,4124000.0,565000.0,15046000.0,93073000.0,1629000.0,7056000.0,13990000.0,0.139890207685462,6934000.0,0.06933514653974222,894000.0,6199000.0,0.061985661003729736,1582000.0,4617000.0,0.04616676832621717,0.18010070192073868,0.18010070192073868,25635658.0,25635658.0,https://www.sedar.com/ModifyCompanyDocumentSearchForm.do?lang=EN&company_search=Pollard Banknote Ltd&document_selection=0&industry_group=A&FromDate=13&FromMonth=05&FromYear=2000&ToDate=13&ToMonth=11&ToYear=2020&Variable=Issuer,https://www.sedar.com/ModifyCompanyDocumentSearchForm.do?lang=EN&company_search=Pollard Banknote Ltd&document_selection=0&industry_group=A&FromDate=13&FromMonth=05&FromYear=2000&ToDate=13&ToMonth=11&ToYear=2020&Variable=Issuer,1620596364,17:39:24,20210509
5,2019-09-30,PBL.TO,CAD,2019-09-30,2019-09-30,Q3,103164000.0,78535000.0,24629000.0,0.2387363809080687,0.0,10499000.0,4200000.0,354000.0,14699000.0,93234000.0,1671000.0,7114000.0,17044000.0,0.16521267108681323,9930000.0,0.09625450738629755,-1992000.0,6267000.0,0.060747935326276606,1910000.0,4357000.0,0.042233724942809504,0.16995857878896653,0.16846357277792604,25635658.0,25863158.0,https://www.sedar.com/ModifyCompanyDocumentSearchForm.do?lang=EN&company_search=Pollard Banknote Ltd&document_selection=0&industry_group=A&FromDate=13&FromMonth=05&FromYear=2000&ToDate=13&ToMonth=11&ToYear=2020&Variable=Issuer,https://www.sedar.com/ModifyCompanyDocumentSearchForm.do?lang=EN&company_search=Pollard Banknote Ltd&document_selection=0&industry_group=A&FromDate=13&FromMonth=05&FromYear=2000&ToDate=13&ToMonth=11&ToYear=2020&Variable=Issuer,1620596364,17:39:24,20210509
6,2019-06-30,PBL.TO,CAD,2019-06-30,2019-06-30,Q2,97122000.0,75559000.0,21563000.0,0.22201972776507897,0.0,10553000.0,4064000.0,412000.0,14617000.0,90176000.0,1628000.0,6714000.0,13660000.0,0.14064784497848068,6946000.0,0.0715182965754412,732000.0,6050000.0,0.06229278639237248,1047000.0,5003000.0,0.05151253063157678,0.19518026846474393,0.19344118017447134,25632714.0,25863159.0,https://www.sedar.com/ModifyCompanyDocumentSearchForm.do?lang=EN&company_search=Pollard Banknote Ltd&document_selection=0&industry_group=A&FromDate=13&FromMonth=05&FromYear=2000&ToDate=13&ToMonth=11&ToYear=2020&Variable=Issuer,https://www.sedar.com/ModifyCompanyDocumentSearchForm.do?lang=EN&company_search=Pollard Banknote Ltd&document_selection=0&industry_group=A&FromDate=13&FromMonth=05&FromYear=2000&ToDate=13&ToMonth=11&ToYear=2020&Variable=Issuer,1620596364,17:39:24,20210509
7,2019-03-31,PBL.TO,CAD,2019-03-31,2019-03-31,Q1,97547000.0,74615000.0,22932000.0,0.23508667616636084,0.0,8651000.0,3523000.0,657000.0,12174000.0,86789000.0,1487000.0,6254000.0,17012000.0,0.1743979825109947,10758000.0,0.11028529836899136,1214000.0,10485000.0,0.10748664746224897,2445000.0,8040000.0,0.08242180692384184,0.3137397892136885,0.3108669096016813,25626332.0,25863158.0,https://www.sedar.com/ModifyCompanyDocumentSearchForm.do?lang=EN&company_search=Pollard Banknote Ltd&document_selection=0&industry_group=A&FromDate=13&FromMonth=05&FromYear=2000&ToDate=13&ToMonth=11&ToYear=2020&Variable=Issuer,https://www.sedar.com/ModifyCompanyDocumentSearchForm.do?lang=EN&company_search=Pollard Banknote Ltd&document_selection=0&industry_group=A&FromDate=13&FromMonth=05&FromYear=2000&ToDate=13&ToMonth=11&ToYear=2020&Variable=Issuer,1620596364,17:39:24,20210509
8,2018-12-31,PBL.TO,CAD,2018-12-31,2018-12-31,Q4,70225000.0,56871000.0,13354000.0,0.19016019935920256,0.0,7918000.0,3602000.0,619000.0,11520000.0,68391000.0,1176000.0,5293000.0,7127000.0,0.10148807404770381,1834000.0,0.026116055535777855,-2959000.0,-2301000.0,-0.03276610893556426,-374000.0,-1927000.0,-0.027440370238519047,-0.07516873567278827,-0.07516873567278827,25635658.0,25635658.0,https://www.sedar.com/ModifyCompanyDocumentSearchForm.do?lang=EN&company_search=Pollard Banknote Ltd&document_selection=0&industry_group=A&FromDate=13&FromMonth=05&FromYear=2000&ToDate=13&ToMonth=11&ToYear=2020&Variable=Issuer,https://www.sedar.com/ModifyCompanyDocumentSearchForm.do?lang=EN&company_search=Pollard Banknote Ltd&document_selection=0&industry_group=A&FromDate=13&FromMonth=05&FromYear=2000&ToDate=13&ToMonth=11&ToYear=2020&Variable=Issuer,1620596364,17:39:24,20210509
9,2018-09-30,PBL.TO,CAD,2018-09-30,2018-09-30,Q3,94468000.0,71967000.0,22501000.0,0.23818647584367192,0.0,8838000.0,3612000.0,459000.0,12450000.0,84417000.0,891000.0,4356000.0,14407000.0,0.15250666892492695,10051000.0,0.10639581657280772,412000.0,9572000.0,0.10132531650929415,2365000.0,7207000.0,0.07629038404539103,0.28137881318656605,0.2786589325247907,25613158.0,25863158.0,https://www.sedar.com/ModifyCompanyDocumentSearchForm.do?lang=EN&company_search=Pollard Banknote Ltd&document_selection=0&industry_group=A&FromDate=13&FromMonth=05&FromYear=2000&ToDate=13&ToMonth=11&ToYear=2020&Variable=Issuer,https://www.sedar.com/ModifyCompanyDocumentSearchForm.do?lang=EN&company_search=Pollard Banknote Ltd&document_selection=0&industry_group=A&FromDate=13&FromMonth=05&FromYear=2000&ToDate=13&ToMonth=11&ToYear=2020&Variable=Issuer,1620596364,17:39:24,20210509
10,2018-06-30,PBL.TO,CAD,2018-06-30,2018-06-30,Q2,86831000.0,66315000.0,20516000.0,0.23627506305351775,0.0,7374000.0,3419000.0,546000.0,10793000.0,77108000.0,1009000.0,4315000.0,14038000.0,0.1616703711807995,9723000.0,0.11197613755456001,-1455000.0,7259000.0,0.08359917540970391,2226000.0,5033000.0,0.057963169835657774,0.19650056428028126,0.19460113880911217,25613158.0,25863158.0,https://www.sedar.com/ModifyCompanyDocumentSearchForm.do?lang=EN&company_search=Pollard Banknote Ltd&document_selection=0&industry_group=A&FromDate=13&FromMonth=05&FromYear=2000&ToDate=13&ToMonth=11&ToYear=2020&Variable=Issuer,https://www.sedar.com/ModifyCompanyDocumentSearchForm.do?lang=EN&company_search=Pollard Banknote Ltd&document_selection=0&industry_group=A&FromDate=13&FromMonth=05&FromYear=2000&ToDate=13&ToMonth=11&ToYear=2020&Variable=Issuer,1620596364,17:39:24,20210509
11,2018-03-31,PBL.TO,CAD,2018-03-31,2018-03-31,Q1,80344000.0,60980000.0,19364000.0,0.2410136413422284,0.0,8024000.0,2762000.0,542000.0,10786000.0,71766000.0,1167000.0,4053000.0,12631000.0,0.15721149059046102,8578000.0,0.10676590660161306,-1174000.0,6237000.0,0.07762869660460021,1698000.0,4539000.0,0.05649457333466096,0.18228799993959877,0.1804760033714301,24900158.0,25150158.0,https://www.sedar.com/ModifyCompanyDocumentSearchForm.do?lang=EN&company_search=Pollard Banknote Ltd&document_selection=0&industry_group=A&FromDate=13&FromMonth=05&FromYear=2000&ToDate=13&ToMonth=11&ToYear=2020&Variable=Issuer,https://www.sedar.com/ModifyCompanyDocumentSearchForm.do?lang=EN&company_search=Pollard Banknote Ltd&document_selection=0&industry_group=A&FromDate=13&FromMonth=05&FromYear=2000&ToDate=13&ToMonth=11&ToYear=2020&Variable=Issuer,1620596364,17:39:24,20210509
12,2017-12-31,PBL.TO,CAD,2017-12-31,2017-12-31,Q4,79580000.0,62051000.0,17529000.0,0.22026891178688113,0.0,7487000.0,2646000.0,570000.0,10133000.0,72184000.0,1163000.0,4364000.0,11760000.0,0.14777582307112339,7396000.0,0.09293792410153305,-69000.0,6100000.0,0.07665242523247047,1758000.0,4342000.0,0.05456144759989947,0.16937345630059505,0.16937345630059505,25635658.0,25635658.0,https://www.sedar.com/ModifyCompanyDocumentSearchForm.do?lang=EN&company_search=Pollard Banknote Ltd&document_selection=0&industry_group=A&FromDate=13&FromMonth=05&FromYear=2000&ToDate=13&ToMonth=11&ToYear=2020&Variable=Issuer,https://www.sedar.com/ModifyCompanyDocumentSearchForm.do?lang=EN&company_search=Pollard Banknote Ltd&document_selection=0&industry_group=A&FromDate=13&FromMonth=05&FromYear=2000&ToDate=13&ToMonth=11&ToYear=2020&Variable=Issuer,1620596364,17:39:24,20210509
13,2017-09-30,PBL.TO,CAD,2017-09-30,2017-09-30,Q3,70741000.0,52517000.0,18224000.0,0.2576158097849903,0.0,9139000.0,2674000.0,560000.0,11813000.0,64330000.0,1108000.0,3585000.0,9996000.0,0.14130419417311035,6411000.0,0.09062636943215391,1220000.0,6462000.0,0.09134730919834325,1831000.0,4631000.0,0.06546415798476131,0.19670258340023883,0.19463578563215525,23543158.0,23793158.0,https://www.sedar.com/ModifyCompanyDocumentSearchForm.do?lang=EN&company_search=Pollard Banknote Ltd&document_selection=0&industry_group=A&FromDate=13&FromMonth=05&FromYear=2000&ToDate=13&ToMonth=11&ToYear=2020&Variable=Issuer,https://www.sedar.com/ModifyCompanyDocumentSearchForm.do?lang=EN&company_search=Pollard Banknote Ltd&document_selection=0&industry_group=A&FromDate=13&FromMonth=05&FromYear=2000&ToDate=13&ToMonth=11&ToYear=2020&Variable=Issuer,1620596364,17:39:24,20210509
14,2017-06-30,PBL.TO,CAD,2017-06-30,2017-06-30,Q2,77913000.0,59320000.0,18593000.0,0.2386379679899375,0.0,6654000.0,2130000.0,-8000.0,8784000.0,68104000.0,708000.0,2621000.0,12430000.0,0.15953691938444162,9809000.0,0.12589683364778664,-418000.0,8620000.0,0.11063622245324914,2596000.0,6024000.0,0.07731700743136576,0.25587051660614096,0.25347470523151344,23543158.0,23765685.0,https://www.sedar.com/ModifyCompanyDocumentSearchForm.do?lang=EN&company_search=Pollard Banknote Ltd&document_selection=0&industry_group=A&FromDate=13&FromMonth=05&FromYear=2000&ToDate=13&ToMonth=11&ToYear=2020&Variable=Issuer,https://www.sedar.com/ModifyCompanyDocumentSearchForm.do?lang=EN&company_search=Pollard Banknote Ltd&document_selection=0&industry_group=A&FromDate=13&FromMonth=05&FromYear=2000&ToDate=13&ToMonth=11&ToYear=2020&Variable=Issuer,1620596364,17:39:24,20210509
15,2017-03-31,PBL.TO,CAD,2017-03-31,2017-03-31,Q1,57420000.0,46030000.0,11390000.0,0.19836293974225008,0.0,5328000.0,1962000.0,4000.0,7290000.0,53320000.0,743000.0,2585000.0,6685000.0,0.11642284918146988,4100000.0,0.07140369209334727,-515000.0,2791000.0,0.04860675722744688,1004000.0,1787000.0,0.03112156043190526,0.07590315623757866,0.07550228454618226,23543158.0,23668158.0,https://www.sedar.com/ModifyCompanyDocumentSearchForm.do?lang=EN&company_search=Pollard Banknote Ltd&document_selection=0&industry_group=A&FromDate=13&FromMonth=05&FromYear=2000&ToDate=13&ToMonth=11&ToYear=2020&Variable=Issuer,https://www.sedar.com/ModifyCompanyDocumentSearchForm.do?lang=EN&company_search=Pollard Banknote Ltd&document_selection=0&industry_group=A&FromDate=13&FromMonth=05&FromYear=2000&ToDate=13&ToMonth=11&ToYear=2020&Variable=Issuer,1620596364,17:39:24,20210509
16,2016-12-31,PBL.TO,CAD,2016-12-31,2016-12-31,Q4,65695000.0,51385000.0,14310000.0,0.21782479640764138,0.0,4961000.0,2249000.0,86000.0,7210000.0,58595000.0,788000.0,2326000.0,9426000.0,0.14348123905928914,7100000.0,0.10807519598142933,-644000.0,5624000.0,0.08560773270416318,1829000.0,3795000.0,0.057766953345003424,0.14803598955798208,0.14803598955798208,25635658.0,25635658.0,https://www.sedar.com/ModifyCompanyDocumentSearchForm.do?lang=EN&company_search=Pollard Banknote Ltd&document_selection=0&industry_group=A&FromDate=13&FromMonth=05&FromYear=2000&ToDate=13&ToMonth=11&ToYear=2020&Variable=Issuer,https://www.sedar.com/ModifyCompanyDocumentSearchForm.do?lang=EN&company_search=Pollard Banknote Ltd&document_selection=0&industry_group=A&FromDate=13&FromMonth=05&FromYear=2000&ToDate=13&ToMonth=11&ToYear=2020&Variable=Issuer,1620596364,17:39:24,20210509
17,2016-09-30,PBL.TO,CAD,2016-09-30,2016-09-30,Q3,62676000.0,50059000.0,12617000.0,0.20130512476865148,0.0,5541000.0,2070000.0,73000.0,7611000.0,57670000.0,885000.0,2852000.0,7858000.0,0.12537494415725317,5006000.0,0.07987108303018699,-103000.0,3976000.0,0.06343736039313294,1132000.0,2844000.0,0.045376220562894885,0.12079942716266016,0.12028849953123859,23543158.0,23643158.0,https://www.sedar.com/ModifyCompanyDocumentSearchForm.do?lang=EN&company_search=Pollard Banknote Ltd&document_selection=0&industry_group=A&FromDate=13&FromMonth=05&FromYear=2000&ToDate=13&ToMonth=11&ToYear=2020&Variable=Issuer,https://www.sedar.com/ModifyCompanyDocumentSearchForm.do?lang=EN&company_search=Pollard Banknote Ltd&document_selection=0&industry_group=A&FromDate=13&FromMonth=05&FromYear=2000&ToDate=13&ToMonth=11&ToYear=2020&Variable=Issuer,1620596364,17:39:24,20210509
18,2016-06-30,PBL.TO,CAD,2016-06-30,2016-06-30,Q2,54002000.0,43090000.0,10912000.0,0.2020665901262916,0.0,5080000.0,1792000.0,-41000.0,6872000.0,49962000.0,814000.0,2869000.0,6909000.0,0.12793970593681717,4040000.0,0.07481204399837044,64000.0,3238000.0,0.059960742194733525,1193000.0,2045000.0,0.037868967816006814,0.08686175406035163,0.08649436763058471,23543158.0,23643158.0,https://www.sedar.com/ModifyCompanyDocumentSearchForm.do?lang=EN&company_search=Pollard Banknote Ltd&document_selection=0&industry_group=A&FromDate=13&FromMonth=05&FromYear=2000&ToDate=13&ToMonth=11&ToYear=2020&Variable=Issuer,https://www.sedar.com/ModifyCompanyDocumentSearchForm.do?lang=EN&company_search=Pollard Banknote Ltd&document_selection=0&industry_group=A&FromDate=13&FromMonth=05&FromYear=2000&ToDate=13&ToMonth=11&ToYear=2020&Variable=Issuer,1620596364,17:39:24,20210509
19,2016-03-31,PBL.TO,CAD,2016-03-31,2016-03-31,Q1,64041000.0,52639000.0,11402000.0,0.17804219172092878,0.0,5343000.0,1925000.0,128000.0,7268000.0,59907000.0,887000.0,2752000.0,6886000.0,0.10752486688215362,4134000.0,0.06455239612123484,1077000.0,4236000.0,0.06614512577879796,651000.0,3585000.0,0.05597976296435096,0.15227353951411277,0.15162949044285878,23543158.0,23643158.0,https://www.sedar.com/ModifyCompanyDocumentSearchForm.do?lang=EN&company_search=Pollard Banknote Ltd&document_selection=0&industry_group=A&FromDate=13&FromMonth=05&FromYear=2000&ToDate=13&ToMonth=11&ToYear=2020&Variable=Issuer,https://www.sedar.com/ModifyCompanyDocumentSearchForm.do?lang=EN&company_search=Pollard Banknote Ltd&document_selection=0&industry_group=A&FromDate=13&FromMonth=05&FromYear=2000&ToDate=13&ToMonth=11&ToYear=2020&Variable=Issuer,1620596364,17:39:24,20210509
20,2015-12-31,PBL.TO,CAD,2015-12-31,2015-12-31,Q4,57242000.0,45600000.0,11642000.0,0.2033821320009783,0.0,5670000.0,1998000.0,-115000.0,7668000.0,53268000.0,814000.0,2345000.0,6319000.0,0.11039097166416267,3974000.0,0.06942454840851123,-1078000.0,1986000.0,0.03469480451416792,751000.0,1235000.0,0.021575067258306838,0.048175084875917755,0.048175084875917755,25635658.0,25635658.0,https://www.sedar.com/ModifyCompanyDocumentSearchForm.do?lang=EN&company_search=Pollard Banknote Ltd&document_selection=0&industry_group=A&FromDate=13&FromMonth=05&FromYear=2000&ToDate=13&ToMonth=11&ToYear=2020&Variable=Issuer,https://www.sedar.com/ModifyCompanyDocumentSearchForm.do?lang=EN&company_search=Pollard Banknote Ltd&document_selection=0&industry_group=A&FromDate=13&FromMonth=05&FromYear=2000&ToDate=13&ToMonth=11&ToYear=2020&Variable=Issuer,1620596364,17:39:24,20210509
21,2015-09-30,PBL.TO,CAD,2015-09-30,2015-09-30,Q3,57890000.0,45967000.0,11923000.0,0.20595957851096908,0.0,4981000.0,2004000.0,144000.0,6985000.0,52952000.0,797000.0,1987000.0,6925000.0,0.11962342373466921,4938000.0,0.08529970633960961,-815000.0,3230000.0,0.05579547417515979,1351000.0,1879000.0,0.0324581102090171,0.0798108732906605,0.0794733089378331,23543158.0,23643158.0,https://www.sedar.com/ModifyCompanyDocumentSearchForm.do?lang=EN&company_search=Pollard Banknote Ltd&document_selection=0&industry_group=A&FromDate=13&FromMonth=05&FromYear=2000&ToDate=13&ToMonth=11&ToYear=2020&Variable=Issuer,https://www.sedar.com/ModifyCompanyDocumentSearchForm.do?lang=EN&company_search=Pollard Banknote Ltd&document_selection=0&industry_group=A&FromDate=13&FromMonth=05&FromYear=2000&ToDate=13&ToMonth=11&ToYear=2020&Variable=Issuer,1620596364,17:39:24,20210509
22,2015-06-30,PBL.TO,CAD,2015-06-30,2015-06-30,Q2,51467000.0,40726000.0,10741000.0,0.20869683486505916,0.0,4284000.0,1660000.0,138000.0,5944000.0,46670000.0,651000.0,2028000.0,6825000.0,0.13260924475877747,4797000.0,0.09320535488759787,549000.0,4597000.0,0.08931936969320146,1645000.0,2952000.0,0.057357141469291,0.12538674718149537,0.12485641723495651,23543158.0,23643158.0,https://www.sedar.com/ModifyCompanyDocumentSearchForm.do?lang=EN&company_search=Pollard Banknote Ltd&document_selection=0&industry_group=A&FromDate=13&FromMonth=05&FromYear=2000&ToDate=13&ToMonth=11&ToYear=2020&Variable=Issuer,https://www.sedar.com/ModifyCompanyDocumentSearchForm.do?lang=EN&company_search=Pollard Banknote Ltd&document_selection=0&industry_group=A&FromDate=13&FromMonth=05&FromYear=2000&ToDate=13&ToMonth=11&ToYear=2020&Variable=Issuer,1620596364,17:39:24,20210509
23,2015-03-31,PBL.TO,CAD,2015-03-31,2015-03-31,Q1,54431000.0,44381000.0,10050000.0,0.18463743087578768,0.0,4242000.0,1712000.0,148000.0,5954000.0,50335000.0,655000.0,1991000.0,6087000.0,0.11182965589461888,4096000.0,0.07525123550917676,-1002000.0,2384000.0,0.043798570667450534,987000.0,1397000.0,0.025665521485917952,0.059337833947340456,0.05908686140827719,23543158.0,23643158.0,https://www.sedar.com/ModifyCompanyDocumentSearchForm.do?lang=EN&company_search=Pollard Banknote Ltd&document_selection=0&industry_group=A&FromDate=13&FromMonth=05&FromYear=2000&ToDate=13&ToMonth=11&ToYear=2020&Variable=Issuer,https://www.sedar.com/ModifyCompanyDocumentSearchForm.do?lang=EN&company_search=Pollard Banknote Ltd&document_selection=0&industry_group=A&FromDate=13&FromMonth=05&FromYear=2000&ToDate=13&ToMonth=11&ToYear=2020&Variable=Issuer,1620596364,17:39:24,20210509
24,2014-12-31,PBL.TO,CAD,2014-12-31,2014-12-31,Q4,43172000.0,33409000.0,9763000.0,0.226141943852497,0.0,4572000.0,1752000.0,126000.0,6324000.0,39733000.0,630000.0,2027000.0,5466000.0,0.12660983971092374,3439000.0,0.07965811173909015,-667000.0,2099000.0,0.04861947558602798,6000.0,2093000.0,0.04848049661817845,0.08164409121076588,0.08164409121076588,25635658.0,25635658.0,https://www.sedar.com/ModifyCompanyDocumentSearchForm.do?lang=EN&company_search=Pollard Banknote Ltd&document_selection=0&industry_group=A&FromDate=13&FromMonth=05&FromYear=2000&ToDate=13&ToMonth=11&ToYear=2020&Variable=Issuer,https://www.sedar.com/ModifyCompanyDocumentSearchForm.do?lang=EN&company_search=Pollard Banknote Ltd&document_selection=0&industry_group=A&FromDate=13&FromMonth=05&FromYear=2000&ToDate=13&ToMonth=11&ToYear=2020&Variable=Issuer,1620596364,17:39:24,20210509
25,2014-09-30,PBL.TO,CAD,2014-09-30,2014-09-30,Q3,53535000.0,42408000.0,11127000.0,0.20784533482768283,0.0,4352000.0,1772000.0,105000.0,6124000.0,48532000.0,733000.0,1981000.0,6984000.0,0.13045671056318298,5003000.0,0.09345288129261231,-1089000.0,3138000.0,0.0586158587839731,1448000.0,1690000.0,0.031568132997104696,0.0717830632576989,0.07147945295632673,23543158.0,23643158.0,https://www.sedar.com/ModifyCompanyDocumentSearchForm.do?lang=EN&company_search=Pollard Banknote Ltd&document_selection=0&industry_group=A&FromDate=13&FromMonth=05&FromYear=2000&ToDate=13&ToMonth=11&ToYear=2020&Variable=Issuer,https://www.sedar.com/ModifyCompanyDocumentSearchForm.do?lang=EN&company_search=Pollard Banknote Ltd&document_selection=0&industry_group=A&FromDate=13&FromMonth=05&FromYear=2000&ToDate=13&ToMonth=11&ToYear=2020&Variable=Issuer,1620596364,17:39:24,20210509
26,2014-06-30,PBL.TO,CAD,2014-06-30,2014-06-30,Q2,47071000.0,36337000.0,10734000.0,0.22803849503940854,0.0,4215000.0,1709000.0,172000.0,5924000.0,42261000.0,715000.0,1972000.0,6782000.0,0.1440802192432708,4810000.0,0.10218605935714134,992000.0,5024000.0,0.10673238299589981,1176000.0,3848000.0,0.08174884748571307,0.16344451326368364,0.1627532159620978,23543158.0,23643158.0,https://www.sedar.com/ModifyCompanyDocumentSearchForm.do?lang=EN&company_search=Pollard Banknote Ltd&document_selection=0&industry_group=A&FromDate=13&FromMonth=05&FromYear=2000&ToDate=13&ToMonth=11&ToYear=2020&Variable=Issuer,https://www.sedar.com/ModifyCompanyDocumentSearchForm.do?lang=EN&company_search=Pollard Banknote Ltd&document_selection=0&industry_group=A&FromDate=13&FromMonth=05&FromYear=2000&ToDate=13&ToMonth=11&ToYear=2020&Variable=Issuer,1620596364,17:39:24,20210509
27,2014-03-31,PBL.TO,CAD,2014-03-31,2014-03-31,Q1,50693000.0,41244000.0,9449000.0,0.18639654390152485,0.0,3813000.0,1654000.0,67000.0,5467000.0,46711000.0,798000.0,1918000.0,5900000.0,0.11638687787268459,3982000.0,0.07855127926932713,-900000.0,2236000.0,0.04410865405480047,1121000.0,1115000.0,0.021995147258990395,0.04735983167593744,0.047310710695131396,23543158.0,23567602.0,https://www.sedar.com/ModifyCompanyDocumentSearchForm.do?lang=EN&company_search=Pollard Banknote Ltd&document_selection=0&industry_group=A&FromDate=13&FromMonth=05&FromYear=2000&ToDate=13&ToMonth=11&ToYear=2020&Variable=Issuer,https://www.sedar.com/ModifyCompanyDocumentSearchForm.do?lang=EN&company_search=Pollard Banknote Ltd&document_selection=0&industry_group=A&FromDate=13&FromMonth=05&FromYear=2000&ToDate=13&ToMonth=11&ToYear=2020&Variable=Issuer,1620596364,17:39:24,20210509
28,2013-12-31,PBL.TO,CAD,2013-12-31,2013-12-31,Q4,47584000.0,38344000.0,9240000.0,0.1941829186281103,0.0,4250000.0,1664000.0,135000.0,5914000.0,44258000.0,768000.0,2727000.0,6053000.0,0.12720662407531944,3326000.0,0.0698974445191661,-559000.0,1939000.0,0.04074899125756557,1077000.0,862000.0,0.018115332885003364,0.03362503899841385,0.03362503899841385,25635658.0,25635658.0,https://www.sedar.com/ModifyCompanyDocumentSearchForm.do?lang=EN&company_search=Pollard Banknote Ltd&document_selection=0&industry_group=A&FromDate=13&FromMonth=05&FromYear=2000&ToDate=13&ToMonth=11&ToYear=2020&Variable=Issuer,https://www.sedar.com/ModifyCompanyDocumentSearchForm.do?lang=EN&company_search=Pollard Banknote Ltd&document_selection=0&industry_group=A&FromDate=13&FromMonth=05&FromYear=2000&ToDate=13&ToMonth=11&ToYear=2020&Variable=Issuer,1620596364,17:39:24,20210509
29,2013-09-30,PBL.TO,CAD,2013-09-30,2013-09-30,Q3,48138000.0,38403000.0,9735000.0,0.20223108562881714,0.0,3957000.0,1891000.0,23000.0,5848000.0,44251000.0,831000.0,2002000.0,5889000.0,0.12233578461921975,3887000.0,0.08074701898707881,501000.0,3492000.0,0.07254144335036769,869000.0,2623000.0,0.05448917694960322,0.11,0.11,23543158.0,23543158.0,https://www.sedar.com/ModifyCompanyDocumentSearchForm.do?lang=EN&company_search=Pollard Banknote Ltd&document_selection=0&industry_group=A&FromDate=13&FromMonth=05&FromYear=2000&ToDate=13&ToMonth=11&ToYear=2020&Variable=Issuer,https://www.sedar.com/ModifyCompanyDocumentSearchForm.do?lang=EN&company_search=Pollard Banknote Ltd&document_selection=0&industry_group=A&FromDate=13&FromMonth=05&FromYear=2000&ToDate=13&ToMonth=11&ToYear=2020&Variable=Issuer,1620596364,17:39:24,20210509
30,2013-06-30,PBL.TO,CAD,2013-06-30,2013-06-30,Q2,44809000.0,36680000.0,8129000.0,0.18141444799035908,0.0,3610000.0,1595000.0,82000.0,5205000.0,41885000.0,854000.0,1948000.0,4872000.0,0.10872815728983017,2924000.0,0.06525474793010333,-9000.0,2000000.0,0.04463389051306657,978000.0,1022000.0,0.02280791805217702,0.04,0.04,23543158.0,23543158.0,https://www.sedar.com/ModifyCompanyDocumentSearchForm.do?lang=EN&company_search=Pollard Banknote Ltd&document_selection=0&industry_group=A&FromDate=13&FromMonth=05&FromYear=2000&ToDate=13&ToMonth=11&ToYear=2020&Variable=Issuer,https://www.sedar.com/ModifyCompanyDocumentSearchForm.do?lang=EN&company_search=Pollard Banknote Ltd&document_selection=0&industry_group=A&FromDate=13&FromMonth=05&FromYear=2000&ToDate=13&ToMonth=11&ToYear=2020&Variable=Issuer,1620596364,17:39:24,20210509
31,2013-03-31,PBL.TO,CAD,2013-03-31,2013-03-31,Q1,44406000.0,36319000.0,8087000.0,0.18211502950051794,0.0,3424000.0,1613000.0,153000.0,5037000.0,41356000.0,895000.0,1903000.0,4953000.0,0.11153898121875422,3050000.0,0.06868441201639418,-77000.0,1932000.0,0.043507634103499525,991000.0,941000.0,0.02119083006800883,0.04,0.04,23543158.0,23543158.0,https://www.sedar.com/ModifyCompanyDocumentSearchForm.do?lang=EN&company_search=Pollard Banknote Ltd&document_selection=0&industry_group=A&FromDate=13&FromMonth=05&FromYear=2000&ToDate=13&ToMonth=11&ToYear=2020&Variable=Issuer,https://www.sedar.com/ModifyCompanyDocumentSearchForm.do?lang=EN&company_search=Pollard Banknote Ltd&document_selection=0&industry_group=A&FromDate=13&FromMonth=05&FromYear=2000&ToDate=13&ToMonth=11&ToYear=2020&Variable=Issuer,1620596364,17:39:24,20210509
32,2012-12-31,PBL.TO,CAD,2012-12-31,2012-12-31,Q4,40933000.0,32374000.0,8559000.0,0.20909779395597683,0.0,3542000.0,1557000.0,0.0,5099000.0,37473000.0,-36000.0,2195000.0,5655000.0,0.13815259081914347,3460000.0,0.08452837563823809,-246000.0,2039000.0,0.04981310922727384,576000.0,1463000.0,0.03574133339848044,0.05706894669916411,0.05706894669916411,25635658.0,25635658.0,https://www.sedar.com/ModifyCompanyDocumentSearchForm.do?lang=EN&company_search=Pollard Banknote Ltd&document_selection=0&industry_group=A&FromDate=13&FromMonth=05&FromYear=2000&ToDate=13&ToMonth=11&ToYear=2020&Variable=Issuer,https://www.sedar.com/ModifyCompanyDocumentSearchForm.do?lang=EN&company_search=Pollard Banknote Ltd&document_selection=0&industry_group=A&FromDate=13&FromMonth=05&FromYear=2000&ToDate=13&ToMonth=11&ToYear=2020&Variable=Issuer,1620596364,17:39:24,20210509
33,2012-09-30,PBL.TO,CAD,2012-09-30,2012-09-30,Q3,44113000.0,34878000.0,9235000.0,0.20934871806496952,0.0,3259000.0,1448000.0,0.0,4707000.0,39585000.0,953000.0,1917000.0,6445000.0,0.14610205608324076,4528000.0,0.10264547865708522,95000.0,4117000.0,0.09332849726837894,769000.0,3348000.0,0.0758959943780745,0.14,0.14,23543158.0,23543158.0,https://www.sedar.com/ModifyCompanyDocumentSearchForm.do?lang=EN&company_search=Pollard Banknote Ltd&document_selection=0&industry_group=A&FromDate=13&FromMonth=05&FromYear=2000&ToDate=13&ToMonth=11&ToYear=2020&Variable=Issuer,https://www.sedar.com/ModifyCompanyDocumentSearchForm.do?lang=EN&company_search=Pollard Banknote Ltd&document_selection=0&industry_group=A&FromDate=13&FromMonth=05&FromYear=2000&ToDate=13&ToMonth=11&ToYear=2020&Variable=Issuer,1620596364,17:39:24,20210509
34,2012-06-30,PBL.TO,CAD,2012-06-30,2012-06-30,Q2,40818000.0,32325000.0,8493000.0,0.20806996913126563,0.0,3429000.0,1614000.0,0.0,5038000.0,37363000.0,1415000.0,1822000.0,5277000.0,0.1292811994708217,3455000.0,0.08464402959478662,0.0,2040000.0,0.049977950904012934,1008000.0,1032000.0,0.02528296339850066,0.04,0.04,23543158.0,23543158.0,https://www.sedar.com/ModifyCompanyDocumentSearchForm.do?lang=EN&company_search=Pollard Banknote Ltd&document_selection=0&industry_group=A&FromDate=13&FromMonth=05&FromYear=2000&ToDate=13&ToMonth=11&ToYear=2020&Variable=Issuer,https://www.sedar.com/ModifyCompanyDocumentSearchForm.do?lang=EN&company_search=Pollard Banknote Ltd&document_selection=0&industry_group=A&FromDate=13&FromMonth=05&FromYear=2000&ToDate=13&ToMonth=11&ToYear=2020&Variable=Issuer,1620596364,17:39:24,20210509
35,2012-03-31,PBL.TO,CAD,2012-03-31,2012-03-31,Q1,36562000.0,30002000.0,6560000.0,0.17942125704283135,0.0,3360000.0,1505000.0,68000.0,4915000.0,34917000.0,917000.0,1916000.0,3561000.0,0.09739620370876867,1645000.0,0.044992068267600244,68000.0,796000.0,0.02177123789727039,-16000.0,812000.0,0.022208850719326077,0.03,0.03,23543158.0,23543158.0,https://www.sedar.com/ModifyCompanyDocumentSearchForm.do?lang=EN&company_search=Pollard Banknote Ltd&document_selection=0&industry_group=A&FromDate=13&FromMonth=05&FromYear=2000&ToDate=13&ToMonth=11&ToYear=2020&Variable=Issuer,https://www.sedar.com/ModifyCompanyDocumentSearchForm.do?lang=EN&company_search=Pollard Banknote Ltd&document_selection=0&industry_group=A&FromDate=13&FromMonth=05&FromYear=2000&ToDate=13&ToMonth=11&ToYear=2020&Variable=Issuer,1620596364,17:39:24,20210509
36,2011-12-31,PBL.TO,CAD,2011-12-31,2011-12-31,Q4,44591000.0,35336000.0,9255000.0,0.20755309367361127,0.0,4424000.0,1720000.0,0.0,6726000.0,42062000.0,-825000.0,1979000.0,4508000.0,0.10109663384988002,2529000.0,0.056715480702383886,0.0,1519000.0,0.034065170101590006,-148000.0,1667000.0,0.0373842255163598,0.0650266125410161,0.0650266125410161,25635658.0,25635658.0,https://www.sedar.com/ModifyCompanyDocumentSearchForm.do?lang=EN&company_search=Pollard Banknote Ltd&document_selection=0&industry_group=A&FromDate=13&FromMonth=05&FromYear=2000&ToDate=13&ToMonth=11&ToYear=2020&Variable=Issuer,https://www.sedar.com/ModifyCompanyDocumentSearchForm.do?lang=EN&company_search=Pollard Banknote Ltd&document_selection=0&industry_group=A&FromDate=13&FromMonth=05&FromYear=2000&ToDate=13&ToMonth=11&ToYear=2020&Variable=Issuer,1620596364,17:39:24,20210509
37,2011-09-30,PBL.TO,CAD,2011-09-30,2011-09-30,Q3,43814000.0,36819000.0,6995000.0,0.1596521659743461,0.0,3385000.0,1467000.0,0.0,4760000.0,41579000.0,2505000.0,2057000.0,4292000.0,0.0979595563062035,2235000.0,0.051011092344912586,0.0,-270000.0,-0.00616241384032501,950000.0,-1220000.0,-0.02784498105628338,-0.05,-0.05,23543158.0,23543158.0,https://www.sedar.com/ModifyCompanyDocumentSearchForm.do?lang=EN&company_search=Pollard Banknote Ltd&document_selection=0&industry_group=A&FromDate=13&FromMonth=05&FromYear=2000&ToDate=13&ToMonth=11&ToYear=2020&Variable=Issuer,https://www.sedar.com/ModifyCompanyDocumentSearchForm.do?lang=EN&company_search=Pollard Banknote Ltd&document_selection=0&industry_group=A&FromDate=13&FromMonth=05&FromYear=2000&ToDate=13&ToMonth=11&ToYear=2020&Variable=Issuer,1620596364,17:39:24,20210509
38,2011-06-30,PBL.TO,CAD,2011-06-30,2011-06-30,Q2,44400000.0,36715000.0,7685000.0,0.1730855855855856,0.0,3378000.0,1639000.0,0.0,3514000.0,40229000.0,1459000.0,2180000.0,6351000.0,0.14304054054054055,4171000.0,0.09394144144144144,0.0,2712000.0,0.06108108108108108,902000.0,1810000.0,0.040765765765765766,0.08,0.08,23543158.0,23543158.0,https://www.sedar.com/ModifyCompanyDocumentSearchForm.do?lang=EN&company_search=Pollard Banknote Ltd&document_selection=0&industry_group=A&FromDate=13&FromMonth=05&FromYear=2000&ToDate=13&ToMonth=11&ToYear=2020&Variable=Issuer,https://www.sedar.com/ModifyCompanyDocumentSearchForm.do?lang=EN&company_search=Pollard Banknote Ltd&document_selection=0&industry_group=A&FromDate=13&FromMonth=05&FromYear=2000&ToDate=13&ToMonth=11&ToYear=2020&Variable=Issuer,1620596364,17:39:24,20210509
39,2011-03-31,PBL.TO,CAD,2011-03-31,2011-03-31,Q1,38486000.0,32359000.0,6127000.0,0.1592007483240659,0.0,3248000.0,1496000.0,0.0,4722000.0,37081000.0,1295000.0,2140000.0,3545000.0,0.09211141713869979,1405000.0,0.036506781686847165,0.0,859000.0,0.022319804604271683,-31000.0,890000.0,0.02312529231408824,0.04,0.04,23543158.0,23543158.0,https://www.sedar.com/ModifyCompanyDocumentSearchForm.do?lang=EN&company_search=Pollard Banknote Ltd&document_selection=0&industry_group=A&FromDate=13&FromMonth=05&FromYear=2000&ToDate=13&ToMonth=11&ToYear=2020&Variable=Issuer,https://www.sedar.com/ModifyCompanyDocumentSearchForm.do?lang=EN&company_search=Pollard Banknote Ltd&document_selection=0&industry_group=A&FromDate=13&FromMonth=05&FromYear=2000&ToDate=13&ToMonth=11&ToYear=2020&Variable=Issuer,1620596364,17:39:24,20210509
40,2010-12-31,PBL.TO,CAD,2010-12-31,2010-12-31,Q4,37346000.0,29336000.0,8010000.0,0.2144808011567504,0.0,5313000.0,0.0,0.0,5822000.0,35158000.0,1247000.0,2428000.0,4616000.0,0.12360092111604991,2188000.0,0.058587265035077385,-318000.0,-563000.0,-0.015075242328495688,75000.0,-638000.0,-0.01708348953033792,-0.024887209838733222,-0.024887209838733222,25635658.0,25635658.0,https://www.sedar.com/ModifyCompanyDocumentSearchForm.do?lang=EN&company_search=Pollard Banknote Ltd&document_selection=0&industry_group=A&FromDate=13&FromMonth=05&FromYear=2000&ToDate=13&ToMonth=11&ToYear=2020&Variable=Issuer,https://www.sedar.com/ModifyCompanyDocumentSearchForm.do?lang=EN&company_search=Pollard Banknote Ltd&document_selection=0&industry_group=A&FromDate=13&FromMonth=05&FromYear=2000&ToDate=13&ToMonth=11&ToYear=2020&Variable=Issuer,1620596364,17:39:24,20210509
41,2010-09-30,PBL.TO,CAD,2010-09-30,2010-09-30,Q3,41704000.0,33644000.0,8060000.0,0.19326683291770574,0.0,5265000.0,0.0,0.0,6084000.0,39728000.0,1271000.0,1884000.0,3860000.0,0.0925570688662958,1976000.0,0.04738154613466334,748000.0,1453000.0,0.03484078265873777,-71000.0,1524000.0,0.036543257241511605,0.06,0.06,23543158.0,23543158.0,https://www.sedar.com/ModifyCompanyDocumentSearchForm.do?lang=EN&company_search=Pollard Banknote Ltd&document_selection=0&industry_group=A&FromDate=13&FromMonth=05&FromYear=2000&ToDate=13&ToMonth=11&ToYear=2020&Variable=Issuer,https://www.sedar.com/ModifyCompanyDocumentSearchForm.do?lang=EN&company_search=Pollard Banknote Ltd&document_selection=0&industry_group=A&FromDate=13&FromMonth=05&FromYear=2000&ToDate=13&ToMonth=11&ToYear=2020&Variable=Issuer,1620596364,17:39:24,20210509
42,2010-06-30,PBL.TO,CAD,2010-06-30,2010-06-30,Q2,43151000.0,36635000.0,6516000.0,0.15100461171235893,0.0,4399000.0,1559000.0,0.0,3893000.0,40528000.0,2542000.0,0.0,3098000.0,0.0717943964218674,2623000.0,0.060786540288753445,0.0,556000.0,0.012884985284234433,1258000.0,-702000.0,-0.016268452643044194,-0.03,-0.03,23543158.0,23543158.0,https://www.sedar.com/ModifyCompanyDocumentSearchForm.do?lang=EN&company_search=Pollard Banknote Ltd&document_selection=0&industry_group=A&FromDate=13&FromMonth=05&FromYear=2000&ToDate=13&ToMonth=11&ToYear=2020&Variable=Issuer,https://www.sedar.com/ModifyCompanyDocumentSearchForm.do?lang=EN&company_search=Pollard Banknote Ltd&document_selection=0&industry_group=A&FromDate=13&FromMonth=05&FromYear=2000&ToDate=13&ToMonth=11&ToYear=2020&Variable=Issuer,1620596364,17:39:24,20210509
43,2010-03-31,PBL.TO,CAD,2010-03-31,2010-03-31,Q1,273000.0,0.0,273000.0,1.0,0.0,73000.0,0.0,0.0,73000.0,73000.0,0.0,0.0,200000.0,0.7326007326007326,200000.0,0.7326007326007326,0.0,0.0,0.0,0.0,200000.0,0.7326007326007326,0.03,0.03,6285700.0,6285700.0,https://www.sedar.com/ModifyCompanyDocumentSearchForm.do?lang=EN&company_search=Pollard Banknote Ltd&document_selection=0&industry_group=A&FromDate=13&FromMonth=05&FromYear=2000&ToDate=13&ToMonth=11&ToYear=2020&Variable=Issuer,https://www.sedar.com/ModifyCompanyDocumentSearchForm.do?lang=EN&company_search=Pollard Banknote Ltd&document_selection=0&industry_group=A&FromDate=13&FromMonth=05&FromYear=2000&ToDate=13&ToMonth=11&ToYear=2020&Variable=Issuer,1620596364,17:39:24,20210509
44,2009-12-31,PBL.TO,CAD,2009-12-31,2009-12-31,Q4,188364000.0,153055000.0,35309000.0,0.18745089295194411,0.0,21084000.0,0.0,0.0,14618000.0,167673000.0,0.0,0.0,19805000.0,0.10514217154020938,20691000.0,0.1098458304134548,0.0,0.0,0.0,0.0,14474000.0,0.07684058524983542,0.5646041931125778,0.5646041931125778,25635658.0,25635658.0,https://www.sedar.com/ModifyCompanyDocumentSearchForm.do?lang=EN&company_search=Pollard Banknote Ltd&document_selection=0&industry_group=A&FromDate=13&FromMonth=05&FromYear=2000&ToDate=13&ToMonth=11&ToYear=2020&Variable=Issuer,https://www.sedar.com/ModifyCompanyDocumentSearchForm.do?lang=EN&company_search=Pollard Banknote Ltd&document_selection=0&industry_group=A&FromDate=13&FromMonth=05&FromYear=2000&ToDate=13&ToMonth=11&ToYear=2020&Variable=Issuer,1620596364,17:39:24,20210509
45,2009-09-30,PBL.TO,CAD,2009-09-30,2009-09-30,Q3,2016000.0,0.0,2016000.0,1.0,0.0,31000.0,0.0,0.0,31000.0,31000.0,0.0,0.0,1985000.0,0.9846230158730159,1985000.0,0.9846230158730159,0.0,0.0,0.0,0.0,1985000.0,0.9846230158730159,0.31,0.31,6285700.0,6285700.0,https://www.sedar.com/ModifyCompanyDocumentSearchForm.do?lang=EN&company_search=Pollard Banknote Ltd&document_selection=0&industry_group=A&FromDate=13&FromMonth=05&FromYear=2000&ToDate=13&ToMonth=11&ToYear=2020&Variable=Issuer,https://www.sedar.com/ModifyCompanyDocumentSearchForm.do?lang=EN&company_search=Pollard Banknote Ltd&document_selection=0&industry_group=A&FromDate=13&FromMonth=05&FromYear=2000&ToDate=13&ToMonth=11&ToYear=2020&Variable=Issuer,1620596364,17:39:24,20210509
46,2009-06-30,PBL.TO,CAD,2009-06-30,2009-06-30,Q2,2541000.0,0.0,2541000.0,1.0,0.0,28000.0,0.0,0.0,28000.0,28000.0,0.0,0.0,2513000.0,0.9889807162534435,2513000.0,0.9889807162534435,0.0,0.0,0.0,0.0,2513000.0,0.9889807162534435,0.4,0.4,6285700.0,6285700.0,https://www.sedar.com/ModifyCompanyDocumentSearchForm.do?lang=EN&company_search=Pollard Banknote Ltd&document_selection=0&industry_group=A&FromDate=13&FromMonth=05&FromYear=2000&ToDate=13&ToMonth=11&ToYear=2020&Variable=Issuer,https://www.sedar.com/ModifyCompanyDocumentSearchForm.do?lang=EN&company_search=Pollard Banknote Ltd&document_selection=0&industry_group=A&FromDate=13&FromMonth=05&FromYear=2000&ToDate=13&ToMonth=11&ToYear=2020&Variable=Issuer,1620596364,17:39:24,20210509
47,2009-03-31,PBL.TO,CAD,2009-03-31,2009-03-31,Q1,-1073000.0,0.0,-1073000.0,1.0,0.0,74000.0,0.0,0.0,74000.0,74000.0,0.0,0.0,-1147000.0,1.0689655172413792,-1147000.0,1.0689655172413792,0.0,0.0,0.0,0.0,-1147000.0,1.0689655172413792,-0.18,-0.18,6285700.0,6285700.0,https://www.sedar.com/ModifyCompanyDocumentSearchForm.do?lang=EN&company_search=Pollard Banknote Ltd&document_selection=0&industry_group=A&FromDate=13&FromMonth=05&FromYear=2000&ToDate=13&ToMonth=11&ToYear=2020&Variable=Issuer,https://www.sedar.com/ModifyCompanyDocumentSearchForm.do?lang=EN&company_search=Pollard Banknote Ltd&document_selection=0&industry_group=A&FromDate=13&FromMonth=05&FromYear=2000&ToDate=13&ToMonth=11&ToYear=2020&Variable=Issuer,1620596364,17:39:24,20210509
48,2008-12-31,PBL.TO,CAD,2008-12-31,2008-12-31,Q4,-2936000.0,0.0,-2936000.0,1.0,0.0,29000.0,0.0,0.0,29000.0,29000.0,0.0,0.0,-2965000.0,1.0098773841961852,-2965000.0,1.0098773841961852,0.0,-2965000.0,1.0098773841961852,0.0,-2965000.0,1.0098773841961852,-0.11565921186809404,-0.11565921186809404,25635658.0,25635658.0,https://www.sedar.com/ModifyCompanyDocumentSearchForm.do?lang=EN&company_search=Pollard Banknote Ltd&document_selection=0&industry_group=A&FromDate=13&FromMonth=05&FromYear=2000&ToDate=13&ToMonth=11&ToYear=2020&Variable=Issuer,https://www.sedar.com/ModifyCompanyDocumentSearchForm.do?lang=EN&company_search=Pollard Banknote Ltd&document_selection=0&industry_group=A&FromDate=13&FromMonth=05&FromYear=2000&ToDate=13&ToMonth=11&ToYear=2020&Variable=Issuer,1620596364,17:39:24,20210509
49,2008-09-30,PBL.TO,CAD,2008-09-30,2008-09-30,Q3,-383000.0,0.0,-383000.0,1.0,0.0,30000.0,0.0,0.0,30000.0,30000.0,0.0,0.0,-413000.0,1.0783289817232375,-413000.0,1.0783289817232375,0.0,-413000.0,1.0783289817232375,0.0,-413000.0,1.0783289817232375,-0.07,-0.07,6285700.0,6285700.0,https://www.sedar.com/ModifyCompanyDocumentSearchForm.do?lang=EN&company_search=Pollard Banknote Ltd&document_selection=0&industry_group=A&FromDate=13&FromMonth=05&FromYear=2000&ToDate=13&ToMonth=11&ToYear=2020&Variable=Issuer,https://www.sedar.com/ModifyCompanyDocumentSearchForm.do?lang=EN&company_search=Pollard Banknote Ltd&document_selection=0&industry_group=A&FromDate=13&FromMonth=05&FromYear=2000&ToDate=13&ToMonth=11&ToYear=2020&Variable=Issuer,1620596364,17:39:24,20210509
50,2008-06-30,PBL.TO,CAD,2008-06-30,2008-06-30,Q2,721000.0,0.0,721000.0,1.0,0.0,47000.0,0.0,0.0,47000.0,47000.0,0.0,0.0,674000.0,0.9348127600554785,674000.0,0.9348127600554785,0.0,0.0,0.0,0.0,674000.0,0.9348127600554785,0.11,0.11,6285700.0,6285700.0,https://www.sedar.com/ModifyCompanyDocumentSearchForm.do?lang=EN&company_search=Pollard Banknote Ltd&document_selection=0&industry_group=A&FromDate=13&FromMonth=05&FromYear=2000&ToDate=13&ToMonth=11&ToYear=2020&Variable=Issuer,https://www.sedar.com/ModifyCompanyDocumentSearchForm.do?lang=EN&company_search=Pollard Banknote Ltd&document_selection=0&industry_group=A&FromDate=13&FromMonth=05&FromYear=2000&ToDate=13&ToMonth=11&ToYear=2020&Variable=Issuer,1620596364,17:39:24,20210509
51,2008-03-31,PBL.TO,CAD,2008-03-31,2008-03-31,Q1,-1087000.0,0.0,-1087000.0,1.0,0.0,60000.0,0.0,0.0,60000.0,60000.0,0.0,0.0,-1147000.0,1.0551977920883164,-1147000.0,1.0551977920883164,0.0,0.0,0.0,0.0,-1147000.0,1.0551977920883164,-0.18,-0.18,6285700.0,6285700.0,https://www.sedar.com/ModifyCompanyDocumentSearchForm.do?lang=EN&company_search=Pollard Banknote Ltd&document_selection=0&industry_group=A&FromDate=13&FromMonth=05&FromYear=2000&ToDate=13&ToMonth=11&ToYear=2020&Variable=Issuer,https://www.sedar.com/ModifyCompanyDocumentSearchForm.do?lang=EN&company_search=Pollard Banknote Ltd&document_selection=0&industry_group=A&FromDate=13&FromMonth=05&FromYear=2000&ToDate=13&ToMonth=11&ToYear=2020&Variable=Issuer,1620596364,17:39:24,20210509
52,2007-12-31,PBL.TO,CAD,2007-12-31,2007-12-31,Q4,0.0,0.0,0.0,0.0,0.0,36000.0,0.0,0.0,36000.0,36000.0,0.0,0.0,4231000.0,0.0,4231000.0,0.0,0.0,-516000.0,0.0,-349000.0,-1000.0,0.0,-3.900816589143138e-05,-3.900816589143138e-05,25635658.0,25635658.0,https://www.sedar.com/ModifyCompanyDocumentSearchForm.do?lang=EN&company_search=Pollard Banknote Ltd&document_selection=0&industry_group=A&FromDate=13&FromMonth=05&FromYear=2000&ToDate=13&ToMonth=11&ToYear=2020&Variable=Issuer,https://www.sedar.com/ModifyCompanyDocumentSearchForm.do?lang=EN&company_search=Pollard Banknote Ltd&document_selection=0&industry_group=A&FromDate=13&FromMonth=05&FromYear=2000&ToDate=13&ToMonth=11&ToYear=2020&Variable=Issuer,1620596364,17:39:24,20210509
53,2007-09-30,PBL.TO,CAD,2007-09-30,2007-09-30,Q3,0.0,0.0,0.0,0.0,0.0,22000.0,0.0,0.0,22000.0,22000.0,0.0,0.0,-22000.0,0.0,-22000.0,0.0,2043000.0,2021000.0,0.0,-69000.0,2090000.0,0.0,0.33,0.33,6285700.0,6285700.0,https://www.sedar.com/ModifyCompanyDocumentSearchForm.do?lang=EN&company_search=Pollard Banknote Ltd&document_selection=0&industry_group=A&FromDate=13&FromMonth=05&FromYear=2000&ToDate=13&ToMonth=11&ToYear=2020&Variable=Issuer,https://www.sedar.com/ModifyCompanyDocumentSearchForm.do?lang=EN&company_search=Pollard Banknote Ltd&document_selection=0&industry_group=A&FromDate=13&FromMonth=05&FromYear=2000&ToDate=13&ToMonth=11&ToYear=2020&Variable=Issuer,1620596364,17:39:24,20210509
54,2007-06-30,PBL.TO,CAD,2007-06-30,2007-06-30,Q2,0.0,0.0,0.0,0.0,0.0,36000.0,0.0,0.0,36000.0,36000.0,0.0,0.0,-36000.0,0.0,-36000.0,0.0,2227000.0,0.0,0.0,0.0,2191000.0,0.0,0.35,0.35,6285700.0,6285700.0,https://www.sedar.com/ModifyCompanyDocumentSearchForm.do?lang=EN&company_search=Pollard Banknote Ltd&document_selection=0&industry_group=A&FromDate=13&FromMonth=05&FromYear=2000&ToDate=13&ToMonth=11&ToYear=2020&Variable=Issuer,https://www.sedar.com/ModifyCompanyDocumentSearchForm.do?lang=EN&company_search=Pollard Banknote Ltd&document_selection=0&industry_group=A&FromDate=13&FromMonth=05&FromYear=2000&ToDate=13&ToMonth=11&ToYear=2020&Variable=Issuer,1620596364,17:39:24,20210509
55,2007-03-31,PBL.TO,CAD,2007-03-31,2007-03-31,Q1,0.0,0.0,0.0,0.0,0.0,74000.0,0.0,0.0,74000.0,74000.0,0.0,0.0,-74000.0,0.0,-74000.0,0.0,477000.0,0.0,0.0,0.0,403000.0,0.0,0.06,0.06,6285700.0,6285700.0,https://www.sedar.com/ModifyCompanyDocumentSearchForm.do?lang=EN&company_search=Pollard Banknote Ltd&document_selection=0&industry_group=A&FromDate=13&FromMonth=05&FromYear=2000&ToDate=13&ToMonth=11&ToYear=2020&Variable=Issuer,https://www.sedar.com/ModifyCompanyDocumentSearchForm.do?lang=EN&company_search=Pollard Banknote Ltd&document_selection=0&industry_group=A&FromDate=13&FromMonth=05&FromYear=2000&ToDate=13&ToMonth=11&ToYear=2020&Variable=Issuer,1620596364,17:39:24,20210509
56,2006-12-31,PBL.TO,CAD,2006-12-31,2006-12-31,Q4,0.0,0.0,0.0,0.0,0.0,38000.0,0.0,0.0,38000.0,38000.0,0.0,0.0,2159000.0,0.0,2159000.0,0.0,-757000.0,0.0,0.0,0.0,-795000.0,0.0,-0.031011491883687948,-0.031011491883687948,25635658.0,25635658.0,https://www.sedar.com/ModifyCompanyDocumentSearchForm.do?lang=EN&company_search=Pollard Banknote Ltd&document_selection=0&industry_group=A&FromDate=13&FromMonth=05&FromYear=2000&ToDate=13&ToMonth=11&ToYear=2020&Variable=Issuer,https://www.sedar.com/ModifyCompanyDocumentSearchForm.do?lang=EN&company_search=Pollard Banknote Ltd&document_selection=0&industry_group=A&FromDate=13&FromMonth=05&FromYear=2000&ToDate=13&ToMonth=11&ToYear=2020&Variable=Issuer,1620596364,17:39:24,20210509
57,2006-09-30,PBL.TO,CAD,2006-09-30,2006-09-30,Q3,0.0,0.0,0.0,0.0,0.0,37000.0,0.0,0.0,37000.0,37000.0,0.0,0.0,-37000.0,0.0,-37000.0,0.0,472000.0,0.0,0.0,0.0,435000.0,0.0,0.07,0.07,6285700.0,6285700.0,https://www.sedar.com/ModifyCompanyDocumentSearchForm.do?lang=EN&company_search=Pollard Banknote Ltd&document_selection=0&industry_group=A&FromDate=13&FromMonth=05&FromYear=2000&ToDate=13&ToMonth=11&ToYear=2020&Variable=Issuer,https://www.sedar.com/ModifyCompanyDocumentSearchForm.do?lang=EN&company_search=Pollard Banknote Ltd&document_selection=0&industry_group=A&FromDate=13&FromMonth=05&FromYear=2000&ToDate=13&ToMonth=11&ToYear=2020&Variable=Issuer,1620596364,17:39:24,20210509
58,2006-06-30,PBL.TO,CAD,2006-06-30,2006-06-30,Q2,0.0,0.0,0.0,0.0,0.0,54000.0,0.0,0.0,502000.0,502000.0,0.0,0.0,-54000.0,0.0,-502000.0,0.0,2216000.0,0.0,0.0,0.0,1714000.0,0.0,0.27,0.27,6285700.0,6285700.0,https://www.sedar.com/ModifyCompanyDocumentSearchForm.do?lang=EN&company_search=Pollard Banknote Ltd&document_selection=0&industry_group=A&FromDate=13&FromMonth=05&FromYear=2000&ToDate=13&ToMonth=11&ToYear=2020&Variable=Issuer,https://www.sedar.com/ModifyCompanyDocumentSearchForm.do?lang=EN&company_search=Pollard Banknote Ltd&document_selection=0&industry_group=A&FromDate=13&FromMonth=05&FromYear=2000&ToDate=13&ToMonth=11&ToYear=2020&Variable=Issuer,1620596364,17:39:24,20210509
59,2006-03-31,PBL.TO,CAD,2006-03-31,2006-03-31,Q1,0.0,0.0,0.0,0.0,0.0,69000.0,0.0,0.0,69000.0,69000.0,0.0,0.0,-69000.0,0.0,-69000.0,0.0,714000.0,0.0,0.0,0.0,645000.0,0.0,0.1,0.1,6285700.0,6285700.0,https://www.sedar.com/ModifyCompanyDocumentSearchForm.do?lang=EN&company_search=Pollard Banknote Ltd&document_selection=0&industry_group=A&FromDate=13&FromMonth=05&FromYear=2000&ToDate=13&ToMonth=11&ToYear=2020&Variable=Issuer,https://www.sedar.com/ModifyCompanyDocumentSearchForm.do?lang=EN&company_search=Pollard Banknote Ltd&document_selection=0&industry_group=A&FromDate=13&FromMonth=05&FromYear=2000&ToDate=13&ToMonth=11&ToYear=2020&Variable=Issuer,1620596364,17:39:24,20210509
