,date,symbol,reportedCurrency,fillingDate,acceptedDate,period,revenue,costOfRevenue,grossProfit,grossProfitRatio,researchAndDevelopmentExpenses,generalAndAdministrativeExpenses,sellingAndMarketingExpenses,otherExpenses,operatingExpenses,costAndExpenses,interestExpense,depreciationAndAmortization,ebitda,ebitdaratio,operatingIncome,operatingIncomeRatio,totalOtherIncomeExpensesNet,incomeBeforeTax,incomeBeforeTaxRatio,incomeTaxExpense,netIncome,netIncomeRatio,eps,epsdiluted,weightedAverageShsOut,weightedAverageShsOutDil,link,finalLink,timestamp,est_time,est_date
0,2020-12-31,MIST,USD,2021-03-29,2021-03-29 17:19:40,Q4,0.0,0.0,0.0,0.0,5766000.0,1674000.0,1322000.0,0.0,8762000.0,8762000.0,0.0,25000.0,-8737000.0,0.0,-8762000.0,0.0,0.0,-8666000.0,0.0,0.0,-8666000.0,0.0,-0.29105867808107494,-0.29105867808107494,29774065,29774065,https://www.sec.gov/Archives/edgar/data/1408443/000155837021003631/0001558370-21-003631-index.htm,https://www.sec.gov/Archives/edgar/data/1408443/000155837021003631/mist-20201231x10k.htm,1620595030,17:17:10,20210509
1,2020-09-30,MIST,USD,2020-11-13,2020-11-13 06:45:47,Q3,0.0,0.0,0.0,0.0,8228000.0,2952000.0,905000.0,4615.0,12085000.0,12085000.0,0.0,23000.0,-12062000.0,0.0,-12085000.0,0.0,0.0,-11996000.0,0.0,-17000.0,-11979000.0,0.0,-0.4,-0.4,29774065,29774065,https://www.sec.gov/Archives/edgar/data/1408443/000155837020013774/0001558370-20-013774-index.htm,https://www.sec.gov/Archives/edgar/data/1408443/000155837020013774/mist-20200930x10q.htm,1620595030,17:17:10,20210509
2,2020-06-30,MIST,USD,2020-08-12,2020-08-12 07:05:48,Q2,0.0,0.0,0.0,0.0,8622000.0,2956000.0,1527000.0,0.0,13105000.0,13105000.0,0.0,25000.0,-13080000.0,0.0,-13105000.0,0.0,0.0,-12979000.0,0.0,0.0,-12979000.0,0.0,-0.53,-0.53,24628049,24628049,https://www.sec.gov/Archives/edgar/data/1408443/000155837020010374/0001558370-20-010374-index.htm,https://www.sec.gov/Archives/edgar/data/1408443/000155837020010374/mist-20200630x10q.htm,1620595030,17:17:10,20210509
3,2020-03-31,MIST,USD,2020-05-14,2020-05-14 07:07:45,Q1,0.0,0.0,0.0,0.0,11872000.0,2703000.0,2183000.0,0.0,16758000.0,16758000.0,0.0,24000.0,-16734000.0,0.0,-16758000.0,0.0,0.0,-16343000.0,0.0,0.0,-16343000.0,0.0,-0.67,-0.67,24548777,24548777,https://www.sec.gov/Archives/edgar/data/1408443/000155837020006548/0001558370-20-006548-index.htm,https://www.sec.gov/Archives/edgar/data/1408443/000155837020002106/mist-20191231x10k.htm,1620595030,17:17:10,20210509
4,2019-12-31,MIST,USD,2020-03-06,2020-03-06 07:07:54,Q4,0.0,0.0,0.0,0.0,14149000.0,2279000.0,2464000.0,0.0,18892000.0,18892000.0,0.0,24000.0,-18868000.0,0.0,-18892000.0,0.0,0.0,-18289000.0,0.0,-1000.0,-18288000.0,0.0,-0.744965828643928,-0.744965828643928,24548777,24548777,https://www.sec.gov/Archives/edgar/data/1408443/000155837020002106/0001558370-20-002106-index.htm,https://www.sec.gov/Archives/edgar/data/1408443/000155837020002106/mist-20191231x10k.htm,1620595030,17:17:10,20210509
5,2019-09-30,MIST,USD,2019-11-13,2019-11-13 07:34:28,Q3,0.0,0.0,0.0,0.0,9545000.0,2104000.0,2076000.0,0.0,13725000.0,13725000.0,0.0,9000.0,-13716000.0,0.0,-13725000.0,0.0,0.0,-12904000.0,0.0,-73000.0,-12831000.0,0.0,-0.52,-0.52,24490742,24490742,https://www.sec.gov/Archives/edgar/data/1408443/000155837019010889/0001558370-19-010889-index.htm,https://www.sec.gov/Archives/edgar/data/1408443/000155837019010889/mist-20190930x10q.htm,1620595030,17:17:10,20210509
6,2019-06-30,MIST,USD,2019-08-13,2019-08-13 07:12:59,Q2,0.0,0.0,0.0,0.0,10527000.0,1641000.0,2166000.0,0.0,14334000.0,14334000.0,0.0,2000.0,-14332000.0,0.0,-14334000.0,0.0,0.0,-13662000.0,0.0,-4000.0,-13658000.0,0.0,-1.04,-1.04,13190638,13190638,https://www.sec.gov/Archives/edgar/data/1408443/000110465919045420/0001104659-19-045420-index.htm,https://www.sec.gov/Archives/edgar/data/1408443/000110465919045420/a19-12910_110q.htm,1620595030,17:17:10,20210509
