,date,symbol,reportedCurrency,fillingDate,acceptedDate,period,revenue,costOfRevenue,grossProfit,grossProfitRatio,researchAndDevelopmentExpenses,generalAndAdministrativeExpenses,sellingAndMarketingExpenses,otherExpenses,operatingExpenses,costAndExpenses,interestExpense,depreciationAndAmortization,ebitda,ebitdaratio,operatingIncome,operatingIncomeRatio,totalOtherIncomeExpensesNet,incomeBeforeTax,incomeBeforeTaxRatio,incomeTaxExpense,netIncome,netIncomeRatio,eps,epsdiluted,weightedAverageShsOut,weightedAverageShsOutDil,link,finalLink,timestamp,est_time,est_date
0,2021-03-31,QNBC,USD,2021-05-07,2021-05-07 14:07:12,Q1,11731000.0,0.0,11731.0,0.001,0.0,0.0,214000.0,0.0,214.0,214.0,-1214000.0,470000.0,481517.0,0.04104654334668826,11517.0,0.9817577359133919,20.0,6323000.0,0.5389992328019777,1273000.0,5050000.0,0.4304833347540704,1.425424204832047,1.425424204832047,3542805.0,3542805.0,https://www.sec.gov/Archives/edgar/data/750558/000156459021025457/0001564590-21-025457-index.htm,https://www.sec.gov/Archives/edgar/data/750558/000156459021025457/qnbc-10q_20210331.htm,1620597000,17:50:00,20210509
1,2020-12-31,QNBC,USD,2021-03-11,2021-03-11 15:58:29,Q4,13068000.0,0.0,13068000.0,1.0,0.0,4645000.0,244000.0,0.0,-9124155.0,875.845,1338000.0,577000.0,619812.308,0.04742977563513927,42812.308,0.3984542393633303,115.974,5207000.0,0.3984542393633303,1056000.0,4151000.0,0.31764615855524947,1.1716704701500646,1.1716704701500646,3542805.0,3542805.0,https://www.sec.gov/Archives/edgar/data/750558/000156459021012482/0001564590-21-012482-index.htm,https://www.sec.gov/Archives/edgar/data/750558/000156459021012482/qnbc-10k_20201231.htm,1620597000,17:50:00,20210509
2,2020-09-30,QNBC,USD,2020-11-05,2020-11-05 13:34:28,Q3,12139000.0,0.0,12139000.0,1.0,0.0,4476000.0,155000.0,0.0,155.0,155.0,1433000.0,504000.0,508692.0,0.04190559354147788,4692.0,0.00038652277782354395,26.0,4692000.0,0.38652277782354394,914000.0,3778000.0,0.31122827251009144,1.07,1.07,3542805.0,3542805.0,https://www.sec.gov/Archives/edgar/data/750558/000156459020051114/0001564590-20-051114-index.htm,https://www.sec.gov/Archives/edgar/data/750558/000156459020051114/qnbc-10q_20200930.htm,1620597000,17:50:00,20210509
3,2020-06-30,QNBC,USD,2020-08-07,2020-08-06 18:03:02,Q2,12051000.0,0.0,0.0,0.0,0.0,4321000.0,155000.0,0.0,9000000.0,0.0,1506000.0,592000.0,0.0,0.0,0.0,0.409260642270351,0.0,4932000.0,0.409260642270351,998000.0,3934000.0,0.3264459380964235,1.11,1.11,3532079.0,3532079.0,https://www.sec.gov/Archives/edgar/data/750558/000156459020037925/0001564590-20-037925-index.htm,https://www.sec.gov/Archives/edgar/data/750558/000156459020037925/qnbc-10q_20200630.htm,1620597000,17:50:00,20210509
4,2020-03-31,QNBC,USD,2020-05-07,2020-05-07 15:54:19,Q1,7592000.0,0.0,0.0,0.0,0.0,4404000.0,322000.0,0.0,10000000.0,0.0,2168000.0,519000.0,0.0,0.0,0.0,-0.024499473129610115,0.0,-186000.0,-0.024499473129610115,-406000.0,220000.0,0.02897787144362487,0.06245268144845936,0.06240329262463994,3522667.0,3525455.0,https://www.sec.gov/Archives/edgar/data/750558/000156459020022802/0001564590-20-022802-index.htm,https://www.sec.gov/Archives/edgar/data/750558/000156459020010837/qnbc-10k_20191231.htm,1620597000,17:50:00,20210509
5,2019-12-31,QNBC,USD,2020-03-13,2020-03-13 16:23:55,Q4,11375000.0,0.0,0.0,0.0,0.0,4641000.0,257000.0,0.0,10000000.0,0.0,2435000.0,576000.0,0.0,0.0,0.0,0.2960879120879121,0.0,3368000.0,0.2960879120879121,623000.0,2745000.0,0.2413186813186813,0.7792391389819134,0.7792391389819134,3522667.0,3522667.0,https://www.sec.gov/Archives/edgar/data/750558/000156459020010837/0001564590-20-010837-index.htm,https://www.sec.gov/Archives/edgar/data/750558/000156459020010837/qnbc-10k_20191231.htm,1620597000,17:50:00,20210509
6,2019-09-30,QNBC,USD,2019-11-06,2019-11-06 16:49:36,Q3,11326000.0,0.0,0.0,0.0,0.0,4247000.0,285000.0,0.0,10000000.0,0.0,2635000.0,488000.0,0.0,0.0,0.0,0.3373653540526223,0.0,3821000.0,0.3373653540526223,731000.0,3090000.0,0.27282359173582904,0.8824106430717485,0.8807641954817652,3501771.0,3508317.0,https://www.sec.gov/Archives/edgar/data/750558/000156459019041102/0001564590-19-041102-index.htm,https://www.sec.gov/Archives/edgar/data/750558/000156459019041102/qnbc-10q_20190930.htm,1620597000,17:50:00,20210509
7,2019-06-30,QNBC,USD,2019-08-07,2019-08-07 17:22:05,Q2,10765000.0,0.0,0.0,0.0,0.0,4077000.0,263000.0,0.0,10000000.0,0.0,2601000.0,437000.0,0.0,0.0,0.0,0.355039479795634,0.0,3822000.0,0.355039479795634,679000.0,3143000.0,0.29196470041802136,0.8993824793539784,0.8974587041929853,3494620.0,3502111.0,https://www.sec.gov/Archives/edgar/data/750558/000156459019030203/0001564590-19-030203-index.htm,https://www.sec.gov/Archives/edgar/data/750558/000156459019030203/qnbc-10q_20190630.htm,1620597000,17:50:00,20210509
8,2019-03-31,QNBC,USD,2019-05-08,2019-05-08 17:16:18,Q1,11144000.0,0.0,0.0,0.0,0.0,4110000.0,237000.0,0.0,9000000.0,0.0,2454000.0,396000.0,0.0,0.0,0.0,0.3765254845656856,0.0,4196000.0,0.3765254845656856,817000.0,3379000.0,0.3032124910265614,0.9690872912762641,0.96696770774281,3486786.0,3494429.0,https://www.sec.gov/Archives/edgar/data/750558/000156459019017331/0001564590-19-017331-index.htm,https://www.sec.gov/Archives/edgar/data/750558/000156459019007714/qnbc-10k_20181231.htm,1620597000,17:50:00,20210509
9,2018-12-31,QNBC,USD,2019-03-14,2019-03-14 12:44:30,Q4,8964000.0,0.0,0.0,0.0,0.0,4145000.0,229000.0,0.0,9000000.0,0.0,2383000.0,324000.0,0.0,0.0,0.0,0.2217759928603302,0.0,1988000.0,0.2217759928603302,-339000.0,2327000.0,0.25959393128067826,0.6673767762059386,0.6673767762059386,3486786.0,3486786.0,https://www.sec.gov/Archives/edgar/data/750558/000156459019007714/0001564590-19-007714-index.htm,https://www.sec.gov/Archives/edgar/data/750558/000156459019007714/qnbc-10k_20181231.htm,1620597000,17:50:00,20210509
10,2018-09-30,QNBC,USD,2018-11-07,2018-11-07 16:02:38,Q3,10931000.0,0.0,0.0,0.0,0.0,3928000.0,167000.0,0.0,9000000.0,0.0,2222000.0,264000.0,0.0,0.0,0.0,0.36391912908242613,0.0,3978000.0,0.36391912908242613,767000.0,3211000.0,0.2937517153050956,0.93,0.92,3466672.0,3489061.0,https://www.sec.gov/Archives/edgar/data/750558/000156459018027988/0001564590-18-027988-index.htm,https://www.sec.gov/Archives/edgar/data/750558/000156459018027988/qnbc-10q_20180930.htm,1620597000,17:50:00,20210509
11,2018-06-30,QNBC,USD,2018-08-08,2018-08-08 13:57:07,Q2,10154000.0,0.0,0.0,0.0,0.0,3946000.0,221000.0,0.0,9000000.0,0.0,1862000.0,256000.0,0.0,0.0,0.0,0.3381918455780973,0.0,3434000.0,0.3381918455780973,572000.0,2862000.0,0.28185936576718534,0.83,0.82,3460360.0,3481312.0,https://www.sec.gov/Archives/edgar/data/750558/000156459018020336/0001564590-18-020336-index.htm,https://www.sec.gov/Archives/edgar/data/750558/000156459018020336/qnbc-10q_20180630.htm,1620597000,17:50:00,20210509
12,2018-03-31,QNBC,USD,2018-05-09,2018-05-09 12:01:46,Q1,9858000.0,0.0,0.0,0.0,0.0,3701000.0,310000.0,0.0,8000000.0,0.0,1718000.0,211000.0,0.0,0.0,0.0,0.3542300669506999,0.0,3492000.0,0.3542300669506999,557000.0,2935000.0,0.29772773382024753,0.8501009838868934,0.8451138168190607,3452531.0,3472905.0,https://www.sec.gov/Archives/edgar/data/750558/000156459018012183/0001564590-18-012183-index.htm,https://www.sec.gov/Archives/edgar/data/750558/000156459018006028/qnbc-10k_20171231.htm,1620597000,17:50:00,20210509
13,2017-12-31,QNBC,USD,2018-03-16,2018-03-16 15:28:45,Q4,10181000.0,0.0,0.0,0.0,0.0,3634000.0,190000.0,0.0,8000000.0,0.0,1575000.0,231000.0,3713000.0,0.36469894902268934,3482000.0,0.34200962577349964,0.0,3482000.0,0.34200962577349964,2993000.0,489000.0,0.04803064531971319,0.14163522355049094,0.14163522355049094,3452531.0,3452531.0,https://www.sec.gov/Archives/edgar/data/750558/000156459018006028/0001564590-18-006028-index.htm,https://www.sec.gov/Archives/edgar/data/750558/000156459018006028/qnbc-10k_20171231.htm,1620597000,17:50:00,20210509
14,2017-09-30,QNBC,USD,2017-11-08,2017-11-08 16:58:50,Q3,9785000.0,0.0,0.0,0.0,0.0,3871000.0,188000.0,0.0,8000000.0,0.0,1515000.0,222000.0,3716000.0,0.37976494634644864,3494000.0,0.35707715891670927,0.0,3494000.0,0.35707715891670927,940000.0,2554000.0,0.26101175268267757,0.7437800158482806,0.7397362321879684,3433811.0,3452582.0,https://www.sec.gov/Archives/edgar/data/750558/000156459017022819/0001564590-17-022819-index.htm,https://www.sec.gov/Archives/edgar/data/750558/000156459017022819/qnbc-10q_20170930.htm,1620597000,17:50:00,20210509
15,2017-06-30,QNBC,USD,2017-08-08,2017-08-08 16:05:31,Q2,9473000.0,0.0,0.0,0.0,0.0,3570000.0,307000.0,0.0,8000000.0,0.0,1334000.0,228000.0,3459000.0,0.36514303810830784,3231000.0,0.341074633167951,0.0,3231000.0,0.341074633167951,845000.0,2386000.0,0.2518737464372427,0.7,0.69,3425356.0,3443208.0,https://www.sec.gov/Archives/edgar/data/750558/000156459017016496/0001564590-17-016496-index.htm,https://www.sec.gov/Archives/edgar/data/750558/000156459017016496/qnbc-10q_20170630.htm,1620597000,17:50:00,20210509
16,2017-03-31,QNBC,USD,2017-05-08,2017-05-08 16:20:05,Q1,9870000.0,0.0,0.0,0.0,0.0,3427000.0,229000.0,0.0,7000000.0,0.0,1256000.0,222000.0,4204000.0,0.4259371833839919,3982000.0,0.4034447821681864,0.0,3982000.0,0.4034447821681864,1122000.0,2860000.0,0.28976697061803447,0.84,0.83,3415065.0,3429230.0,https://www.sec.gov/Archives/edgar/data/750558/000156459017009404/0001564590-17-009404-index.htm,https://www.sec.gov/Archives/edgar/data/750558/000156459017004465/qnbc-10k_20161231.htm,1620597000,17:50:00,20210509
17,2016-12-31,QNBC,USD,2017-03-15,2017-03-15 17:23:21,Q4,8352000.0,0.0,0.0,0.0,0.0,3179000.0,125000.0,0.0,7000000.0,0.0,1207000.0,239000.0,3251000.0,0.38924808429118773,3012000.0,0.36063218390804597,0.0,3012000.0,0.36063218390804597,743000.0,2269000.0,0.2716714559386973,0.6644090229614956,0.6644090229614956,3415065.0,3415065.0,https://www.sec.gov/Archives/edgar/data/750558/000156459017004465/0001564590-17-004465-index.htm,https://www.sec.gov/Archives/edgar/data/750558/000156459017004465/qnbc-10k_20161231.htm,1620597000,17:50:00,20210509
18,2016-09-30,QNBC,USD,2016-11-08,2016-11-08 16:19:58,Q3,8729000.0,0.0,0.0,0.0,0.0,3423000.0,220000.0,0.0,7000000.0,0.0,1202000.0,242000.0,3355000.0,0.38435101386183984,3113000.0,0.35662733417344483,0.0,3113000.0,0.35662733417344483,821000.0,2292000.0,0.26257303242066676,0.68,0.67,3391471.0,3404039.0,https://www.sec.gov/Archives/edgar/data/750558/000156459016028346/0001564590-16-028346-index.htm,https://www.sec.gov/Archives/edgar/data/750558/000156459016028346/qnbc-10q_20160930.htm,1620597000,17:50:00,20210509
19,2016-06-30,QNBC,USD,2016-08-08,2016-08-08 16:52:42,Q2,8393000.0,0.0,0.0,0.0,0.0,3319000.0,265000.0,0.0,7000000.0,0.0,1165000.0,246000.0,3046000.0,0.3629214821875372,2800000.0,0.3336113427856547,0.0,2800000.0,0.3336113427856547,702000.0,2098000.0,0.24997021327296556,0.6201396407860343,0.6185369449051041,3383109.0,3391875.0,https://www.sec.gov/Archives/edgar/data/750558/000143774916036747/0001437749-16-036747-index.htm,https://www.sec.gov/Archives/edgar/data/750558/000143774916036747/qnbc20160630_10q.htm,1620597000,17:50:00,20210509
20,2016-03-31,QNBC,USD,2016-05-09,2016-05-09 16:18:27,Q1,8697000.0,0.0,0.0,0.0,0.0,3410000.0,196000.0,0.0,7000000.0,0.0,1159000.0,239000.0,3292000.0,0.3785213291939749,3053000.0,0.35104058870875016,0.0,3053000.0,0.35104058870875016,788000.0,2265000.0,0.26043463263194205,0.6721503052719731,0.6705278015924517,3369782.0,3377936.0,https://www.sec.gov/Archives/edgar/data/750558/000143774916031266/0001437749-16-031266-index.htm,https://www.sec.gov/Archives/edgar/data/750558/000143774916027618/qnbc20151231_10k.htm,1620597000,17:50:00,20210509
21,2015-12-31,QNBC,USD,2016-03-14,2016-03-14 16:53:14,Q4,8288000.0,0.0,0.0,0.0,0.0,3448000.0,209000.0,0.0,7000000.0,0.0,1159000.0,282000.0,2796000.0,0.3373552123552124,2514000.0,0.3033301158301158,0.0,2514000.0,0.3033301158301158,571000.0,1943000.0,0.2344353281853282,0.5765951625357367,0.5765951625357367,3369782.0,3369782.0,https://www.sec.gov/Archives/edgar/data/750558/000143774916027618/0001437749-16-027618-index.htm,https://www.sec.gov/Archives/edgar/data/750558/000143774916027618/qnbc20151231_10k.htm,1620597000,17:50:00,20210509
22,2015-09-30,QNBC,USD,2015-11-06,2015-11-06 16:28:57,Q3,8508000.0,0.0,0.0,0.0,0.0,3255000.0,174000.0,0.0,7000000.0,0.0,1123000.0,267000.0,3202000.0,0.3763516690173954,2935000.0,0.34496944052656325,0.0,2935000.0,0.34496944052656325,715000.0,2220000.0,0.2609308885754584,0.6640719997630878,0.6613463044594105,3343011.0,3356789.0,https://www.sec.gov/Archives/edgar/data/750558/000143774915020061/0001437749-15-020061-index.htm,https://www.sec.gov/Archives/edgar/data/750558/000143774915020061/qnbc20150930_10q.htm,1620597000,17:50:00,20210509
23,2015-06-30,QNBC,USD,2015-08-06,2015-08-06 16:00:06,Q2,8241000.0,0.0,0.0,0.0,0.0,3378000.0,212000.0,0.0,7000000.0,0.0,1104000.0,269000.0,2786000.0,0.3380657687173887,2517000.0,0.3054240990171096,0.0,2517000.0,0.3054240990171096,583000.0,1934000.0,0.2346802572503337,0.5802548921127939,0.5779115281397196,3333018.0,3346533.0,https://www.sec.gov/Archives/edgar/data/750558/000143774915015058/0001437749-15-015058-index.htm,https://www.sec.gov/Archives/edgar/data/750558/000143774915015058/qnbc20150630_10q.htm,1620597000,17:50:00,20210509
24,2015-03-31,QNBC,USD,2015-05-07,2015-05-07 15:09:24,Q1,8364000.0,0.0,0.0,0.0,0.0,3357000.0,210000.0,0.0,7000000.0,0.0,1120000.0,286000.0,3123000.0,0.3733859397417504,2837000.0,0.33919177427068387,0.0,2837000.0,0.33919177427068387,701000.0,2136000.0,0.25538020086083213,0.6430465474180598,0.6407099161857843,3321688.0,3333802.0,https://www.sec.gov/Archives/edgar/data/750558/000143774915009271/0001437749-15-009271-index.htm,https://www.sec.gov/Archives/edgar/data/750558/000143774915005026/qnbc20141231_10k.htm,1620597000,17:50:00,20210509
25,2014-12-31,QNBC,USD,2015-03-13,2015-03-13 15:45:51,Q4,8239000.0,0.0,0.0,0.0,0.0,3420000.0,200000.0,0.0,7000000.0,0.0,1163000.0,333000.0,3550000.0,0.430877533681272,3217000.0,0.3904600072824372,0.0,3217000.0,0.3904600072824372,731000.0,2486000.0,0.30173564753004006,0.7484146614612811,0.7484146614612811,3321688.0,3321688.0,https://www.sec.gov/Archives/edgar/data/750558/000143774915005026/0001437749-15-005026-index.htm,https://www.sec.gov/Archives/edgar/data/750558/000143774915005026/qnbc20141231_10k.htm,1620597000,17:50:00,20210509
26,2014-09-30,QNBC,USD,2014-11-13,2014-11-13 14:59:47,Q3,8102000.0,0.0,0.0,0.0,0.0,3320000.0,201000.0,0.0,7000000.0,0.0,1156000.0,305000.0,0.0,0.0,0.0,0.3238706492224142,0.0,2624000.0,0.3238706492224142,580000.0,2044000.0,0.2522833868180696,0.619758845890171,0.61762248580964,3298057.0,3309465.0,https://www.sec.gov/Archives/edgar/data/750558/000143774914020645/0001437749-14-020645-index.htm,https://www.sec.gov/Archives/edgar/data/750558/000143774914020645/qnbc20140930_10q.htm,1620597000,17:50:00,20210509
27,2014-06-30,QNBC,USD,2014-08-14,2014-08-14 15:39:59,Q2,8122000.0,0.0,0.0,0.0,0.0,3170000.0,222000.0,0.0,6000000.0,0.0,1091000.0,305000.0,3113000.0,0.3832799803004186,2808000.0,0.34572765328736765,0.0,2808000.0,0.34572765328736765,636000.0,2172000.0,0.26742181728638265,0.6611767484959142,0.6586924045972605,3285052.0,3297442.0,https://www.sec.gov/Archives/edgar/data/750558/000143774914015477/0001437749-14-015477-index.htm,https://www.sec.gov/Archives/edgar/data/750558/000143774914015477/qnbc20140630_10q.htm,1620597000,17:50:00,20210509
28,2014-03-31,QNBC,USD,2014-05-15,2014-05-15 15:15:03,Q1,8205000.0,0.0,0.0,0.0,0.0,3155000.0,218000.0,0.0,6000000.0,0.0,1134000.0,286000.0,3279000.0,0.3996343692870201,2993000.0,0.3647775746496039,0.0,2993000.0,0.3647775746496039,697000.0,2296000.0,0.2798293723339427,0.700863044462373,0.6984946163284068,3275961.0,3287069.0,https://www.sec.gov/Archives/edgar/data/750558/000143774914009207/0001437749-14-009207-index.htm,https://www.sec.gov/Archives/edgar/data/750558/000143774914005498/qnbc20131231_10k.htm,1620597000,17:50:00,20210509
29,2013-12-31,QNBC,USD,2014-03-31,2014-03-31 14:46:45,Q4,7703000.0,0.0,0.0,0.0,0.0,2970000.0,209000.0,0.0,6000000.0,0.0,1176000.0,320000.0,2801000.0,0.363624561859016,2481000.0,0.32208230559522266,0.0,2481000.0,0.32208230559522266,519000.0,1962000.0,0.25470595871738283,0.5989082287609651,0.5989082287609651,3275961.0,3275961.0,https://www.sec.gov/Archives/edgar/data/750558/000143774914005498/0001437749-14-005498-index.htm,https://www.sec.gov/Archives/edgar/data/750558/000143774914005498/qnbc20131231_10k.htm,1620597000,17:50:00,20210509
30,2013-09-30,QNBC,USD,2013-11-14,2013-11-14 13:25:50,Q3,8005000.0,0.0,0.0,0.0,0.0,3033000.0,272000.0,0.0,6000000.0,0.0,1226000.0,290000.0,3022000.0,0.3775140537164272,2732000.0,0.34128669581511556,0.0,2732000.0,0.34128669581511556,604000.0,2128000.0,0.26583385384134917,0.6539766111165575,0.6514655986059615,3253939.0,3266481.0,https://www.sec.gov/Archives/edgar/data/750558/000143774913014792/0001437749-13-014792-index.htm,https://www.sec.gov/Archives/edgar/data/750558/000143774913014792/qnbc20130930_10q.htm,1620597000,17:50:00,20210509
31,2013-06-30,QNBC,USD,2013-08-14,2013-08-14 12:21:57,Q2,7575000.0,0.0,0.0,0.0,0.0,3015000.0,251000.0,0.0,6000000.0,0.0,1288000.0,316000.0,2700000.0,0.3564356435643564,2384000.0,0.31471947194719474,0.0,2384000.0,0.31471947194719474,490000.0,1894000.0,0.25003300330033,0.5838710403355009,0.5817033712075259,3243867.0,3255955.0,https://www.sec.gov/Archives/edgar/data/750558/000143774913010757/0001437749-13-010757-index.htm,https://www.sec.gov/Archives/edgar/data/750558/000143774913010757/qnbc20130630_10q.htm,1620597000,17:50:00,20210509
32,2013-03-31,QNBC,USD,2013-05-15,2013-05-15 16:16:13,Q1,8081000.0,0.0,0.0,0.0,0.0,2910000.0,239000.0,0.0,6000000.0,0.0,1343000.0,275000.0,3416000.0,0.42271996040094045,3141000.0,0.3886895186239327,0.0,3141000.0,0.3886895186239327,733000.0,2408000.0,0.297982922905581,0.75,0.74,3232109.0,3242028.0,https://www.sec.gov/Archives/edgar/data/750558/000114420413029497/0001144204-13-029497-index.htm,https://www.sec.gov/Archives/edgar/data/750558/000114420413018741/v339293_10k.htm,1620597000,17:50:00,20210509
33,2012-12-31,QNBC,USD,2013-03-29,2013-03-29 16:31:00,Q4,7987000.0,0.0,0.0,0.0,0.0,2476000.0,196000.0,0.0,7000000.0,0.0,1420000.0,329000.0,3004000.0,0.37611118066858645,2675000.0,0.3349192437711281,0.0,2675000.0,0.3349192437711281,550000.0,2125000.0,0.2660573431826718,0.6574654505773165,0.6574654505773165,3232109.0,3232109.0,https://www.sec.gov/Archives/edgar/data/750558/000114420413018741/0001144204-13-018741-index.htm,https://www.sec.gov/Archives/edgar/data/750558/000114420413018741/v339293_10k.htm,1620597000,17:50:00,20210509
34,2012-09-30,QNBC,USD,2012-11-14,2012-11-14 16:13:00,Q3,7848000.0,0.0,0.0,0.0,0.0,3087000.0,176000.0,0.0,7000000.0,0.0,1553000.0,309000.0,2923000.0,0.37245158002038736,2614000.0,0.3330784913353721,0.0,2614000.0,0.3330784913353721,540000.0,2074000.0,0.2642711518858308,0.65,0.64,3202104.0,3215676.0,https://www.sec.gov/Archives/edgar/data/750558/000114420412062544/0001144204-12-062544-index.htm,https://www.sec.gov/Archives/edgar/data/750558/000114420412062544/v328191_10q.htm,1620597000,17:50:00,20210509
35,2012-06-30,QNBC,USD,2012-08-10,2012-08-10 16:41:10,Q2,8102000.0,0.0,0.0,0.0,0.0,3033000.0,256000.0,0.0,6000000.0,0.0,1648000.0,314000.0,3588000.0,0.44285361639101456,3274000.0,0.40409775364107625,0.0,3274000.0,0.40409775364107625,769000.0,2505000.0,0.30918291779807455,0.79,0.78,3190552.0,3208326.0,https://www.sec.gov/Archives/edgar/data/750558/000114420412044474/0001144204-12-044474-index.htm,https://www.sec.gov/Archives/edgar/data/750558/000114420412044474/v321014_10q.htm,1620597000,17:50:00,20210509
36,2012-03-31,QNBC,USD,2012-05-14,2012-05-14 16:53:36,Q1,8372000.0,0.0,0.0,0.0,0.0,3116000.0,201000.0,0.0,7000000.0,0.0,1827000.0,253000.0,3474000.0,0.4149546106067845,3221000.0,0.3847348303870043,0.0,3221000.0,0.3847348303870043,750000.0,2471000.0,0.29515050167224083,0.78,0.77,3180903.0,3192634.0,https://www.sec.gov/Archives/edgar/data/750558/000121390012002538/0001213900-12-002538-index.htm,https://www.sec.gov/Archives/edgar/data/750558/000114420412018082/v307167_10k.htm,1620597000,17:50:00,20210509
37,2011-12-31,QNBC,USD,2012-03-29,2012-03-29 16:30:00,Q4,8072000.0,0.0,0.0,0.0,0.0,3053000.0,190000.0,0.0,9000000.0,0.0,1911000.0,277000.0,0.0,0.0,0.0,0.29038652130822595,0.0,2344000.0,0.29038652130822595,432000.0,1912000.0,0.23686818632309217,0.601087175559896,0.601087175559896,3180903.0,3180903.0,https://www.sec.gov/Archives/edgar/data/750558/000114420412018082/0001144204-12-018082-index.htm,https://www.sec.gov/Archives/edgar/data/750558/000114420412018082/v307167_10k.htm,1620597000,17:50:00,20210509
38,2011-09-30,QNBC,USD,2011-11-14,2011-11-14 11:34:39,Q3,8162000.0,0.0,0.0,0.0,0.0,2856000.0,165000.0,0.0,7000000.0,0.0,2005000.0,251000.0,3249000.0,0.3980641999509924,2998000.0,0.3673119333496692,0.0,2998000.0,0.3673119333496692,676000.0,2322000.0,0.28448909580985055,0.74,0.73,3154529.0,3168931.0,https://www.sec.gov/Archives/edgar/data/750558/000114420411063763/0001144204-11-063763-index.htm,https://www.sec.gov/Archives/edgar/data/750558/000114420411063763/v240318_10q.htm,1620597000,17:50:00,20210509
39,2011-06-30,QNBC,USD,2011-08-15,2011-08-15 15:42:49,Q2,8221000.0,0.0,0.0,0.0,0.0,2992000.0,206000.0,0.0,7000000.0,0.0,2037000.0,224000.0,3411000.0,0.4149130276122126,3187000.0,0.3876657340956088,0.0,3187000.0,0.3876657340956088,752000.0,2435000.0,0.2961926772898674,0.7742608352795844,0.7701404375599548,3144935.0,3161761.0,https://www.sec.gov/Archives/edgar/data/750558/000114420411047122/0001144204-11-047122-index.htm,https://www.sec.gov/Archives/edgar/data/750558/000114420411047122/v232012_10q.htm,1620597000,17:50:00,20210509
40,2011-03-31,QNBC,USD,2011-05-16,2011-05-16 16:22:20,Q1,7897000.0,0.0,0.0,0.0,0.0,2797000.0,175000.0,0.0,7000000.0,0.0,2138000.0,218000.0,3045000.0,0.38558946435355196,2827000.0,0.3579840445738888,0.0,2827000.0,0.3579840445738888,616000.0,2211000.0,0.27997973914144614,0.71,0.7,3134449.0,3145239.0,https://www.sec.gov/Archives/edgar/data/750558/000114420411030036/0001144204-11-030036-index.htm,https://www.sec.gov/Archives/edgar/data/750558/000114420411018309/v216611_10k.htm,1620597000,17:50:00,20210509
41,2010-12-31,QNBC,USD,2011-03-30,2011-03-30 16:34:01,Q4,8022000.0,0.0,0.0,0.0,0.0,3820000.0,222000.0,33000.0,0.0,0.0,2376000.0,278000.0,2503000.0,0.31201695337820995,2225000.0,0.2773622538020444,0.0,2225000.0,0.2773622538020444,415000.0,1810000.0,0.2256295188232361,0.5774539639981381,0.5774539639981381,3134449.0,3134449.0,https://www.sec.gov/Archives/edgar/data/750558/000114420411018309/0001144204-11-018309-index.htm,https://www.sec.gov/Archives/edgar/data/750558/000114420411018309/v216611_10k.htm,1620597000,17:50:00,20210509
42,2010-09-30,QNBC,USD,2010-11-15,2010-11-15 14:56:08,Q3,7696000.0,0.0,0.0,0.0,0.0,2834000.0,155000.0,51000.0,0.0,0.0,2476000.0,231000.0,2198000.0,0.2856029106029106,1967000.0,0.2555873180873181,0.0,1967000.0,0.2555873180873181,349000.0,1618000.0,0.21023908523908524,0.5205024231671832,0.5180481176411073,3108535.0,3123262.0,https://www.sec.gov/Archives/edgar/data/750558/000114420410060571/0001144204-10-060571-index.htm,https://www.sec.gov/Archives/edgar/data/750558/000114420410060571/v202289_10q.htm,1620597000,17:50:00,20210509
43,2010-06-30,QNBC,USD,2010-08-16,2010-08-16 15:25:54,Q2,7462000.0,0.0,0.0,0.0,0.0,2566000.0,199000.0,0.0,0.0,0.0,2614000.0,231000.0,2752000.0,0.36880192977753956,2521000.0,0.33784508174752076,0.0,2521000.0,0.33784508174752076,558000.0,1963000.0,0.26306620209059234,0.6332560393205869,0.6304868495474659,3099852.0,3113467.0,https://www.sec.gov/Archives/edgar/data/750558/000114420410044490/0001144204-10-044490-index.htm,https://www.sec.gov/Archives/edgar/data/750558/000114420410044490/v194021_10q.htm,1620597000,17:50:00,20210509
44,2010-03-31,QNBC,USD,2010-05-17,2010-04-01 16:52:13,Q1,7314000.0,0.0,0.0,0.0,0.0,2548000.0,161000.0,158000.0,0.0,0.0,2804000.0,217000.0,2555000.0,0.3493300519551545,2338000.0,0.3196609242548537,0.0,2338000.0,0.3196609242548537,512000.0,1826000.0,0.249658189773038,0.5900726894582512,0.5885570457143796,3094534.0,3102503.0,https://www.sec.gov/Archives/edgar/data/750558/000114420410028386/0001144204-10-028386-index.htm,https://www.sec.gov/Archives/edgar/data/750558/000114420410018072/v179417_10k.htm,1620597000,17:50:00,20210509
45,2009-12-31,QNBC,USD,2010-04-01,2010-04-01 16:52:13,Q4,8867000.0,0.0,0.0,0.0,0.0,3730000.0,158000.0,0.0,0.0,0.0,3164000.0,259000.0,1706000.0,0.19239878200067667,1447000.0,0.16318935378369234,0.0,1447000.0,0.16318935378369234,212000.0,1235000.0,0.13928047817751213,0.39909078394355985,0.39909078394355985,3094534.0,3094534.0,https://www.sec.gov/Archives/edgar/data/750558/000114420410018072/0001144204-10-018072-index.htm,https://www.sec.gov/Archives/edgar/data/750558/000114420410018072/v179417_10k.htm,1620597000,17:50:00,20210509
46,2009-09-30,QNBC,USD,2009-11-13,2009-11-13 16:10:59,Q3,6041000.0,0.0,0.0,0.0,0.0,2497000.0,125000.0,0.0,9000000.0,0.0,3419000.0,232000.0,847000.0,0.14020857473928158,615000.0,0.101804337030293,0.0,615000.0,0.101804337030293,-56000.0,671000.0,0.11107432544280749,0.21719554266840424,0.21663176667564188,3089382.0,3097422.0,https://www.sec.gov/Archives/edgar/data/750558/000114420409058965/0001144204-09-058965-index.htm,https://www.sec.gov/Archives/edgar/data/750558/000114420409058965/v166154_10q.htm,1620597000,17:50:00,20210509
47,2009-06-30,QNBC,USD,2009-08-14,2009-08-14 15:21:06,Q2,6387000.0,0.0,0.0,0.0,0.0,2773000.0,189000.0,0.0,0.0,0.0,3539000.0,249000.0,1752000.0,0.27430718647252234,1503000.0,0.2353217472992015,0.0,1503000.0,0.2353217472992015,276000.0,1227000.0,0.19210897134805072,0.39775364818219777,0.39633882414959964,3084824.0,3095836.0,https://www.sec.gov/Archives/edgar/data/750558/000114420409043556/0001144204-09-043556-index.htm,https://www.sec.gov/Archives/edgar/data/750558/000114420409043556/v157779_10q.htm,1620597000,17:50:00,20210509
48,2009-03-31,QNBC,USD,2009-05-15,2009-05-15 12:55:10,Q1,5814000.0,0.0,0.0,0.0,0.0,2420000.0,175000.0,0.0,0.0,0.0,3545000.0,226000.0,1511000.0,0.25988992088063295,1285000.0,0.22101823185414518,0.0,1285000.0,0.22101823185414518,191000.0,1094000.0,0.18816649466804267,0.3513470981748578,0.3498915624001538,3113730.0,3126683.0,https://www.sec.gov/Archives/edgar/data/750558/000114420409027179/0001144204-09-027179-index.htm,https://www.sec.gov/Archives/edgar/data/750558/000114420409017559/v144449_10k.htm,1620597000,17:50:00,20210509
49,2008-12-31,QNBC,USD,2009-03-31,2009-03-31 13:47:06,Q4,5523000.0,0.0,0.0,0.0,0.0,2052000.0,192000.0,0.0,0.0,0.0,3574000.0,256000.0,1195000.0,0.21636791598768784,939000.0,0.17001629549158065,0.0,939000.0,0.17001629549158065,68000.0,871000.0,0.1577041462973022,0.2797288139947908,0.2797288139947908,3113730.0,3113730.0,https://www.sec.gov/Archives/edgar/data/750558/000114420409017559/0001144204-09-017559-index.htm,https://www.sec.gov/Archives/edgar/data/750558/000114420409017559/v144449_10k.htm,1620597000,17:50:00,20210509
50,2008-09-30,QNBC,USD,2008-11-10,2008-11-10 16:46:46,Q3,5860000.0,0.0,0.0,0.0,0.0,1999000.0,171000.0,0.0,0.0,0.0,3787000.0,208000.0,2250000.0,0.3839590443686007,2042000.0,0.3484641638225256,0.0,2042000.0,0.3484641638225256,476000.0,1566000.0,0.2672354948805461,0.49929489740382593,0.4952812286516712,3136423.0,3161840.0,https://www.sec.gov/Archives/edgar/data/750558/000114420408062374/0001144204-08-062374-index.htm,https://www.sec.gov/Archives/edgar/data/750558/000114420408062374/v131328_10q.htm,1620597000,17:50:00,20210509
51,2008-06-30,QNBC,USD,2008-08-08,2008-08-08 15:06:16,Q2,5885000.0,0.0,0.0,0.0,0.0,1955000.0,172000.0,0.0,0.0,0.0,3782000.0,179000.0,2281000.0,0.38759558198810534,2102000.0,0.35717926932880206,0.0,2102000.0,0.35717926932880206,496000.0,1606000.0,0.27289719626168224,0.5122457350598715,0.5076159780821156,3135214.0,3163809.0,https://www.sec.gov/Archives/edgar/data/750558/000114420408044887/0001144204-08-044887-index.htm,https://www.sec.gov/Archives/edgar/data/750558/000114420408044887/v122525_10q.htm,1620597000,17:50:00,20210509
52,2008-03-31,QNBC,USD,2008-05-12,2008-05-12 15:08:31,Q1,5998000.0,0.0,0.0,0.0,0.0,1963000.0,153000.0,0.0,0.0,0.0,4176000.0,141000.0,2371000.0,0.39529843281093696,2230000.0,0.3717905968656219,0.0,2230000.0,0.3717905968656219,520000.0,1710000.0,0.2850950316772257,0.55,0.54,3109091.0,3166667.0,https://www.sec.gov/Archives/edgar/data/750558/000114420408027665/0001144204-08-027665-index.htm,https://www.sec.gov/Archives/edgar/data/750558/000114420408015810/v107069_10k.htm,1620597000,17:50:00,20210509
53,2007-12-31,QNBC,USD,2008-03-17,2008-03-17 16:11:17,Q4,5161000.0,0.0,0.0,0.0,0.0,1910000.0,220000.0,0.0,0.0,0.0,4404000.0,157000.0,1353000.0,0.2621584964154234,1196000.0,0.23173803526448364,0.0,1196000.0,0.23173803526448364,175000.0,1021000.0,0.19782987793063359,0.32839180326339756,0.32839180326339756,3109091.0,3109091.0,https://www.sec.gov/Archives/edgar/data/750558/000114420408015810/0001144204-08-015810-index.htm,https://www.sec.gov/Archives/edgar/data/750558/000114420408015810/v107069_10k.htm,1620597000,17:50:00,20210509
54,2007-09-30,QNBC,USD,2007-11-09,2007-11-09 16:38:16,Q3,5494000.0,0.0,0.0,0.0,0.0,1826000.0,156000.0,0.0,0.0,0.0,4535000.0,129000.0,2146000.0,0.39060793593010557,2017000.0,0.3671277757553695,0.0,2017000.0,0.3671277757553695,463000.0,1554000.0,0.28285402257007647,0.5,0.49,3108000.0,3171429.0,https://www.sec.gov/Archives/edgar/data/750558/000114420407059843/0001144204-07-059843-index.htm,https://www.sec.gov/Archives/edgar/data/750558/000114420407059843/v093280_10q.htm,1620597000,17:50:00,20210509
55,2007-06-30,QNBC,USD,2007-08-09,2007-08-09 14:09:27,Q2,5388000.0,0.0,0.0,0.0,0.0,1870000.0,167000.0,0.0,0.0,0.0,4358000.0,265000.0,1351000.0,0.25074239049740166,1086000.0,0.20155902004454343,0.0,1086000.0,0.20155902004454343,161000.0,925000.0,0.1716778025241277,0.3,0.29,3083333.0,3189655.0,https://www.sec.gov/Archives/edgar/data/750558/000114420407041497/0001144204-07-041497-index.htm,https://www.sec.gov/Archives/edgar/data/750558/000114420407041497/v083655_10q.htm,1620597000,17:50:00,20210509
56,2007-03-31,QNBC,USD,2007-05-10,2007-05-10 16:48:06,Q1,5040000.0,0.0,0.0,0.0,0.0,1858000.0,156000.0,0.0,0.0,0.0,4441000.0,126000.0,0.0,0.0,0.0,0.3259920634920635,0.0,1643000.0,0.3259920634920635,374000.0,1269000.0,0.2517857142857143,0.41,0.4,3095122.0,3172500.0,https://www.sec.gov/Archives/edgar/data/750558/000114420407024150/0001144204-07-024150-index.htm,https://www.sec.gov/Archives/edgar/data/750558/000114420407012682/v068343_10-k.htm,1620597000,17:50:00,20210509
57,2006-12-31,QNBC,USD,2007-03-14,2007-03-14 16:56:41,Q4,4671000.0,0.0,0.0,0.0,0.0,1881000.0,215000.0,0.0,0.0,0.0,4429000.0,310000.0,1279000.0,0.273817169770927,969000.0,0.20745022479126526,0.0,969000.0,0.20745022479126526,46000.0,923000.0,0.19760222650396062,0.2982111852133777,0.2982111852133777,3095122.0,3095122.0,https://www.sec.gov/Archives/edgar/data/750558/000114420407012682/0001144204-07-012682-index.htm,https://www.sec.gov/Archives/edgar/data/750558/000114420407012682/v068343_10-k.htm,1620597000,17:50:00,20210509
58,2006-09-30,QNBC,USD,2006-11-09,2006-11-09 15:56:18,Q3,5187000.0,0.0,0.0,0.0,0.0,1820000.0,139000.0,0.0,0.0,0.0,4238000.0,312000.0,2185000.0,0.42124542124542125,1873000.0,0.3610950453055716,0.0,1873000.0,0.3610950453055716,356000.0,1517000.0,0.2924619240408714,0.48,0.48,3160417.0,3160417.0,https://www.sec.gov/Archives/edgar/data/750558/000114420406046226/0001144204-06-046226-index.htm,https://www.sec.gov/Archives/edgar/data/750558/000114420406046226/v056884_10-q.htm,1620597000,17:50:00,20210509
59,2006-06-30,QNBC,USD,2006-08-09,2006-08-09 10:59:03,Q2,4981000.0,0.0,0.0,0.0,0.0,1814000.0,144000.0,0.0,0.0,0.0,3798000.0,324000.0,1978000.0,0.39710901425416584,1654000.0,0.332061834972897,0.0,1654000.0,0.332061834972897,352000.0,1302000.0,0.26139329451917287,0.42,0.41,3100000.0,3175610.0,https://www.sec.gov/Archives/edgar/data/750558/000114420406031700/0001144204-06-031700-index.htm,https://www.sec.gov/Archives/edgar/data/750558/000114420406031700/v049367_10-q.htm,1620597000,17:50:00,20210509
60,2006-03-31,QNBC,USD,2006-05-10,2006-05-10 10:17:03,Q1,5194000.0,0.0,0.0,0.0,0.0,1805000.0,153000.0,0.0,0.0,0.0,3441000.0,322000.0,2280000.0,0.43896804004620715,1958000.0,0.3769734308817867,0.0,1958000.0,0.3769734308817867,280000.0,1678000.0,0.32306507508663845,0.54,0.53,3107407.0,3166038.0,https://www.sec.gov/Archives/edgar/data/750558/000114420406019160/0001144204-06-019160-index.htm,https://www.sec.gov/Archives/edgar/data/750558/000114420406009793/v037547_10k.htm,1620597000,17:50:00,20210509
61,2005-12-31,QNBC,USD,2006-03-14,2006-03-14 15:39:52,Q4,4897000.0,0.0,0.0,0.0,0.0,1886000.0,153000.0,0.0,0.0,0.0,3344000.0,417000.0,1904000.0,0.38880947518889114,1487000.0,0.3036552991627527,0.0,1487000.0,0.3036552991627527,274000.0,1213000.0,0.2477026751072085,0.39035761971315636,0.39035761971315636,3107407.0,3107407.0,https://www.sec.gov/Archives/edgar/data/750558/000114420406009793/0001144204-06-009793-index.htm,https://www.sec.gov/Archives/edgar/data/750558/000114420406009793/v037547_10k.htm,1620597000,17:50:00,20210509
62,2005-09-30,QNBC,USD,2005-11-08,2005-11-08 16:59:33,Q3,4956000.0,0.0,0.0,0.0,0.0,1728000.0,140000.0,0.0,0.0,0.0,3125000.0,428000.0,0.0,0.0,0.0,0.36642453591606133,0.0,1816000.0,0.36642453591606133,385000.0,1431000.0,0.2887409200968523,0.46,0.45,3110870.0,3180000.0,https://www.sec.gov/Archives/edgar/data/750558/000114420405034334/0001144204-05-034334-index.htm,https://www.sec.gov/Archives/edgar/data/750558/000114420405034334/v028612_10q.htm,1620597000,17:50:00,20210509
63,2001-09-30,QNBC,USD,2001-11-14,2001-11-14 00:00:00,Q3,4219000.0,0.0,0.0,0.0,0.0,1494000.0,91000.0,0.0,0.0,0.0,3394000.0,214000.0,1752000.0,0.41526428063522164,1538000.0,0.36454136051196967,0.0,1538000.0,0.36454136051196967,329000.0,1209000.0,0.2865607963972505,0.39,0.39,3100000.0,3100000.0,https://www.sec.gov/Archives/edgar/data/750558/000089155401506336/0000891554-01-506336-index.htm,https://www.sec.gov/Archives/edgar/data/750558/000089155401506336/d27324_10q.htm,1620597000,17:50:00,20210509
