,date,symbol,reportedCurrency,fillingDate,acceptedDate,period,revenue,costOfRevenue,grossProfit,grossProfitRatio,researchAndDevelopmentExpenses,generalAndAdministrativeExpenses,sellingAndMarketingExpenses,otherExpenses,operatingExpenses,costAndExpenses,interestExpense,depreciationAndAmortization,ebitda,ebitdaratio,operatingIncome,operatingIncomeRatio,totalOtherIncomeExpensesNet,incomeBeforeTax,incomeBeforeTaxRatio,incomeTaxExpense,netIncome,netIncomeRatio,eps,epsdiluted,weightedAverageShsOut,weightedAverageShsOutDil,link,finalLink,timestamp,est_time,est_date
0,2020-12-31,BLDR,USD,2021-02-26,2021-02-26 13:14:08,Q4,2530760000,1861572000,669188000,0.2644217547298045,0.0,455294000.0,0.0,0.0,455294000,2316866000,28902000.0,29268000.0,243162000.0,0.09608259969337274,213894000.0,0.08451769428946246,0.0,184992000.0,0.07309740947383395,45078000.0,139914000.0,0.05528536882201394,1.1986019138018178,1.1986019138018178,116731000,116731000,https://www.sec.gov/Archives/edgar/data/1316835/000156459021009308/0001564590-21-009308-index.htm,https://www.sec.gov/Archives/edgar/data/1316835/000156459021009308/bldr-10k_20201231.htm,1620589453,15:44:13,20210509
1,2020-09-30,BLDR,USD,2020-10-30,2020-10-30 15:25:30,Q3,2295450000,1724799000,570651000,0.24860092792262956,0.0,430893000.0,0.0,0.0,430893000,2155692000,28043000.0,29423000.0,169181000.0,0.07370275980744516,139758000.0,0.060884793831274917,0.0,111715000.0,0.048668017164390426,25783000.0,85932000.0,0.037435796902568125,0.74,0.73,116731000,118026000,https://www.sec.gov/Archives/edgar/data/1316835/000156459020049281/0001564590-20-049281-index.htm,https://www.sec.gov/Archives/edgar/data/1316835/000156459020049281/bldr-10q_20200930.htm,1620589453,15:44:13,20210509
2,2020-06-30,BLDR,USD,2020-07-31,2020-07-31 15:16:14,Q2,1945643000,1428311000,517332000,0.2658925609682763,0.0,388077000.0,0.0,0.0,388077000,1816388000,26812000.0,28475000.0,157730000.0,0.08106831520479348,129255000.0,0.06643305066756851,0.0,102443000.0,0.05265251641745171,23519000.0,78924000.0,0.04056448176772409,0.68,0.67,116634000,117547000,https://www.sec.gov/Archives/edgar/data/1316835/000156459020035155/0001564590-20-035155-index.htm,https://www.sec.gov/Archives/edgar/data/1316835/000156459020035155/bldr-10q_20200630.htm,1620589453,15:44:13,20210509
3,2020-03-31,BLDR,USD,2020-05-01 00:00:00,2020-05-01 13:58:01,Q1,1787021000,1321608000,465413000,0.26044069991343133,0.0,404466000.0,0.0,0.0,404466000,1726074000,51931000.0,29400000.0,90347000.0,0.05055732417246356,60947000.0,0.03410536305952756,0.0,9016000.0,0.005045268074633706,249000.0,8767000.0,0.004905930036636391,0.08,0.07,116258000,117494000,https://www.sec.gov/Archives/edgar/data/1316835/000156459020020447/0001564590-20-020447-index.html,https://www.sec.gov/Archives/edgar/data/1316835/000156459020020447/bldr-10q_20200331.htm,1620589453,15:44:13,20210509
4,2019-12-31,BLDR,USD,2020-02-21 00:00:00,2020-02-21 14:54:11,Q4,1763573000,1287017000,476556000,0.2702218734353497,0.0,401418000.0,0.0,0.0,401418000,1688435000,27480000.0,28267000.0,103405000.0,0.05863380761669633,75138000.0,0.04260555134377766,0.0,47658000.0,0.027023548217170484,6291000.0,41367000.0,0.023456358200085847,0.36,0.35,115932000,117483000,https://www.sec.gov/Archives/edgar/data/1316835/000156459020005717/0001564590-20-005717-index.html,https://www.sec.gov/Archives/edgar/data/1316835/000156459020005717/bldr-10k_20191231.htm,1620589453,15:44:13,20210509
5,2019-09-30,BLDR,USD,2019-11-01 00:00:00,2019-11-01 15:59:40,Q3,1981035000,1439893000,541142000,0.2731612515679935,0.0,411510000.0,0.0,0.0,411510000,1851403000,27788000.0,24381000.0,154013000.0,0.07774370467962453,129632000.0,0.06543650162667494,0.0,101844000.0,0.05140949049360562,23714000.0,78130000.0,0.039438980129073944,0.68,0.67,115732000,117154000,https://www.sec.gov/Archives/edgar/data/1316835/000156459019039409/0001564590-19-039409-index.html,https://www.sec.gov/Archives/edgar/data/1316835/000156459019039409/bldr-10q_20190930.htm,1620589453,15:44:13,20210509
6,2019-06-30,BLDR,USD,2019-08-02 00:00:00,2019-08-02 13:54:16,Q2,1904523000,1387367000,517156000,0.2715409580246602,0.0,401511000.0,0.0,0.0,401511000,1788878000,29382000.0,23814000.0,139459000.0,0.07322515926560089,115645000.0,0.06072124096164761,0.0,86263000.0,0.04529375596934245,19659000.0,66604000.0,0.03497148629866901,0.58,0.57,115757000,116919000,https://www.sec.gov/Archives/edgar/data/1316835/000156459019028274/0001564590-19-028274-index.html,https://www.sec.gov/Archives/edgar/data/1316835/000156459019028274/bldr-10q_20190630.htm,1620589453,15:44:13,20210509
7,2019-03-31,BLDR,USD,2019-05-03 00:00:00,2019-05-03 12:27:08,Q1,1631300000,1189325000,441975000,0.2709342242383375,0.0,370084000.0,0.0,0.0,370084000,1559409000,24901000.0,23576000.0,95467000.0,0.05852203763869307,71891000.0,0.04406976031386011,0.0,46990000.0,0.02880524734874027,11282000.0,35708000.0,0.02188929074970882,0.30936105696339616,0.30642489981206716,115425000,116531000,https://www.sec.gov/Archives/edgar/data/1316835/000156459019015572/0001564590-19-015572-index.html,https://www.sec.gov/Archives/edgar/data/1316835/000156459019015572/bldr-10q_20190331.htm,1620589453,15:44:13,20210509
8,2018-12-31,BLDR,USD,2019-03-01 00:00:00,2019-03-01 14:40:19,Q4,1815980000,1323201000,492779000,0.27135706340378196,0.0,402302000.0,0.0,0.0,402302000,1725503000,23408000.0,25215000.0,115692000.0,0.06370775008535336,90477000.0,0.04982268527186423,0.0,67069000.0,0.03693267546999416,15048000.0,52021000.0,0.02864624059736341,0.452758098487354,0.44701181525241673,114898000,116375000,https://www.sec.gov/Archives/edgar/data/1316835/000156459019005770/0001564590-19-005770-index.html,https://www.sec.gov/Archives/edgar/data/1316835/000156459019005770/bldr-10k_20181231.htm,1620589453,15:44:13,20210509
9,2018-09-30,BLDR,USD,2018-11-02 00:00:00,2018-11-02 13:41:48,Q3,2118467000,1595686000,522781000,0.24677325632167035,0.0,400993000.0,0.0,0.0,400993000,1996679000,29106000.0,25104000.0,146892000.0,0.06933881906114185,121788000.0,0.057488740678990985,0.0,92682000.0,0.0437495604132611,19354000.0,73328000.0,0.034613708875332966,0.64,0.63,114707000,116456000,https://www.sec.gov/Archives/edgar/data/1316835/000156459018026435/0001564590-18-026435-index.html,https://www.sec.gov/Archives/edgar/data/1316835/000156459018026435/bldr-10q_20180930.htm,1620589453,15:44:13,20210509
10,2018-06-30,BLDR,USD,2018-08-08 00:00:00,2018-08-08 14:03:51,Q2,2089888000,1593560000,496328000,0.23749023871135677,0.0,391769000.0,0.0,0.0,391769000,1985329000,28957000.0,24768000.0,129327000.0,0.06188226354713745,104559000.0,0.05003091074737019,0.0,75602000.0,0.03617514431395367,18980000.0,56622000.0,0.027093317919429174,0.49392860881398515,0.4852219070552647,114636000,116693000,https://www.sec.gov/Archives/edgar/data/1316835/000156459018020339/0001564590-18-020339-index.html,https://www.sec.gov/Archives/edgar/data/1316835/000156459018020339/bldr-10q_20180630.htm,1620589453,15:44:13,20210509
11,2018-03-31,BLDR,USD,2018-05-10 00:00:00,2018-05-10 15:13:29,Q1,1700436000,1289384000,411052000,0.24173329663686255,0.0,358908000.0,0.0,0.0,358908000,1648292000,26742000.0,22819000.0,74963000.0,0.044084575955813686,52144000.0,0.030665076486265874,0.0,25402000.0,0.014938521649741595,2182000.0,23220000.0,0.013655321341114867,0.20352353405206416,0.1989785425378762,114090000,116696000,https://www.sec.gov/Archives/edgar/data/1316835/000156459018012890/0001564590-18-012890-index.html,https://www.sec.gov/Archives/edgar/data/1316835/000156459018012890/bldr-10q_20180331.htm,1620589453,15:44:13,20210509
12,2017-12-31,BLDR,USD,2018-03-01 00:00:00,2018-03-01 13:27:25,Q4,1778939000,1347719000,431220000,0.24240291544566733,0.0,366419000.0,0.0,0.0,366419000,1714138000,89471000.0,22197000.0,86998000.0,0.0489044312368215,64801000.0,0.03642676898983045,0.0,-24670000.0,-0.013867816715469165,18031000.0,-42701000.0,-0.02400363362656055,-0.38,-0.38,113239000,113239000,https://www.sec.gov/Archives/edgar/data/1316835/000156459018004035/0001564590-18-004035-index.html,https://www.sec.gov/Archives/edgar/data/1316835/000156459018004035/bldr-10k_20171231.htm,1620589453,15:44:13,20210509
13,2017-09-30,BLDR,USD,2017-11-09 00:00:00,2017-11-09 14:24:53,Q3,1878909000,1419587000,459322000,0.2444620787914689,0.0,370638000.0,0.0,0.0,370638000,1790225000,33836000.0,23031000.0,111715000.0,0.059457376594608896,88684000.0,0.04719973133344936,0.0,54848000.0,0.029191408418395993,15098000.0,39750000.0,0.021155894191788958,0.35,0.34,112688000,115871000,https://www.sec.gov/Archives/edgar/data/1316835/000156459017023142/0001564590-17-023142-index.html,https://www.sec.gov/Archives/edgar/data/1316835/000156459017023142/bldr-10q_20170930.htm,1620589453,15:44:13,20210509
14,2017-06-30,BLDR,USD,2017-08-04 00:00:00,2017-08-04 14:24:08,Q2,1843297000,1382500000,460797000,0.24998521670680307,0.0,369456000.0,0.0,0.0,369456000,1751956000,33710000.0,24173000.0,115514000.0,0.06266705799445234,91341000.0,0.04955305628989794,0.0,57631000.0,0.03126517321950831,19721000.0,37910000.0,0.020566408994318334,0.34,0.33,112443000,115465000,https://www.sec.gov/Archives/edgar/data/1316835/000156459017015617/0001564590-17-015617-index.html,https://www.sec.gov/Archives/edgar/data/1316835/000156459017015617/bldr-10q_20170630.htm,1620589453,15:44:13,20210509
15,2017-03-31,BLDR,USD,2017-05-09 00:00:00,2017-05-09 15:50:04,Q1,1533064000,1157012000,376052000,0.24529439084082597,0.0,335775000.0,0.0,0.0,335775000,1492787000,36157000.0,23592000.0,63869000.0,0.04166101349976257,40277000.0,0.026272223468818003,0.0,4120000.0,0.002687428574410462,298000.0,3822000.0,0.0024930466047079574,0.03413597227680326,0.03335660673765055,111964000,114580000,https://www.sec.gov/Archives/edgar/data/1316835/000156459017009810/0001564590-17-009810-index.html,https://www.sec.gov/Archives/edgar/data/1316835/000156459017009810/bldr-10q_20170331.htm,1620589453,15:44:13,20210509
16,2016-12-31,BLDR,USD,2017-03-01 00:00:00,2017-03-01 16:45:30,Q4,1546912000,1155337000,391575000,0.2531333391944726,0.0,340697000.0,0.0,0.0,340697000,1496034000,44351000.0,22892000.0,73770000.0,0.047688556297966526,50878000.0,0.03289004157961151,0.0,6527000.0,0.004219373823462485,116000.0,6411000.0,0.004144385718127469,0.057259476260226504,0.057259476260226504,111964000,111964000,https://www.sec.gov/Archives/edgar/data/1316835/000156459017003114/0001564590-17-003114-index.html,https://www.sec.gov/Archives/edgar/data/1316835/000156459017003114/bldr-10k_20161231.htm,1620589453,15:44:13,20210509
17,2016-09-30,BLDR,USD,2016-11-04 00:00:00,2016-11-04 16:39:38,Q3,1745958000,1308864000,437094000,0.2503462282597863,0.0,350837000.0,0.0,0.0,350837000,1659701000,92290000.0,25552000.0,111809000.0,0.06403876840107264,86257000.0,0.04940382300146968,0.0,-6033000.0,-0.0034554095802991824,-131502000.0,125469000.0,0.0718625533947552,1.13,1.1,111187000,114273000,https://www.sec.gov/Archives/edgar/data/1316835/000156459016027679/0001564590-16-027679-index.html,https://www.sec.gov/Archives/edgar/data/1316835/000156459016027679/bldr-10q_20160930.htm,1620589453,15:44:13,20210509
18,2016-06-30,BLDR,USD,2016-08-05 00:00:00,2016-08-05 14:23:30,Q2,1677300000,1258969000,418331000,0.2494073809097955,0.0,341909000.0,0.0,0.0,341909000,1600878000,42802000.0,30558000.0,106980000.0,0.06378107673045967,76422000.0,0.04556251117868002,0.0,33620000.0,0.02004411852381804,4179000.0,29441000.0,0.017552614320634354,0.27,0.26,110339000,113504000,https://www.sec.gov/Archives/edgar/data/1316835/000156459016022938/0001564590-16-022938-index.html,https://www.sec.gov/Archives/edgar/data/1316835/000156459016022938/bldr-10q_20160630.htm,1620589453,15:44:13,20210509
19,2016-03-31,BLDR,USD,2016-05-06 00:00:00,2016-05-06 14:58:34,Q1,1397114000,1047366000,349748000,0.2503360498856929,0.0,326969000.0,0.0,0.0,326969000,1374335000,35224000.0,30791000.0,53570000.0,0.03834332774562419,22779000.0,0.016304324486047666,0.0,-12445000.0,-0.008907648194778664,4535000.0,-16980000.0,-0.012153625258926616,-0.15,-0.15,109913000,109913000,https://www.sec.gov/Archives/edgar/data/1316835/000156459016018235/0001564590-16-018235-index.html,https://www.sec.gov/Archives/edgar/data/1316835/000156459016018235/bldr-10q_20160331.htm,1620589453,15:44:13,20210509
20,2015-12-31,BLDR,USD,2016-03-11 00:00:00,2016-03-11 16:00:54,Q4,1455855000,1073518000,382337000,0.26262024720868493,0.0,346542000.0,0.0,0.0,346542000,1420060000,43014000.0,27645000.0,63440000.0,0.04357576819120036,35795000.0,0.024586926582661046,0.0,-7219000.0,-0.004958598212047216,3397000.0,-10580000.0,-0.007267207242479506,-0.09625794946912558,-0.09625794946912558,109913000,109913000,https://www.sec.gov/Archives/edgar/data/1316835/000156459016014562/0001564590-16-014562-index.html,https://www.sec.gov/Archives/edgar/data/1316835/000156459016014562/bldr-10k_20151231.htm,1620589453,15:44:13,20210509
21,2015-09-30,BLDR,USD,2015-11-09 00:00:00,2015-11-09 16:39:44,Q3,1276063000,951289000,324774000,0.25451251231326355,0.0,286533000.0,0.0,0.0,286533000,1237822000,46005000.0,23853000.0,62094000.0,0.048660606882262085,38241000.0,0.029967956127557965,0.0,-7764000.0,-0.006084339096110458,993000.0,-8757000.0,-0.006862513841401247,-0.08,-0.08,105856000,105856000,https://www.sec.gov/Archives/edgar/data/1316835/000156459015010186/0001564590-15-010186-index.html,https://www.sec.gov/Archives/edgar/data/1316835/000156459015010186/bldr-10q_20150930.htm,1620589453,15:44:13,20210509
22,2015-06-30,BLDR,USD,2015-08-07 00:00:00,2015-08-07 13:14:27,Q2,461521000,350907000,110614000,0.2396727342851138,0.0,94543000.0,0.0,0.0,94543000,445450000,12573000.0,3630000.0,19701000.0,0.04268711499585068,16071000.0,0.03482181742542593,-131000.0,3367000.0,0.007295442677581302,-199000.0,3576000.0,0.007748293143757272,0.04,0.03,99163000,102978000,https://www.sec.gov/Archives/edgar/data/1316835/000156459015006624/0001564590-15-006624-index.html,https://www.sec.gov/Archives/edgar/data/1316835/000156459015006624/bldr-10q_20150630.htm,1620589453,15:44:13,20210509
23,2015-03-31,BLDR,USD,2015-05-11 00:00:00,2015-05-11 16:27:17,Q1,370986000,287253000,83733000,0.22570393491937701,0.0,82838000.0,0.0,0.0,82838000,370091000,7607000.0,3152000.0,4047000.0,0.010908767446750012,895000.0,0.0024124899591898346,-254000.0,-6966000.0,-0.01877698888906859,196000.0,-7070000.0,-0.019057322917845957,-0.07199299417539,-0.07168640493186243,98204000,98624000,https://www.sec.gov/Archives/edgar/data/1316835/000156459015003921/0001564590-15-003921-index.html,https://www.sec.gov/Archives/edgar/data/1316835/000156459015003921/bldr-10q_20150331.htm,1620589453,15:44:13,20210509
24,2014-12-31,BLDR,USD,2015-03-03,2015-03-03 15:24:57,Q4,396737000,306101000,90636000,0.22845361032623626,0.0,78810000.0,0.0,0.0,78810000,384911000,8624000.0,3106000.0,14932000.0,0.037637024023471466,11826000.0,0.029808160065736243,-181000.0,3021000.0,0.007614616231911821,510000.0,2421000.0,0.006102279343746613,0.02466205547689142,0.02425730173838986,98167000,99805000,https://www.sec.gov/Archives/edgar/data/1316835/000156459015001235/bldr-10k_20141231.htm,https://www.sec.gov/Archives/edgar/data/1316835/000156459015001235/bldr-10k_20141231.htm,1620589453,15:44:13,20210509
25,2014-09-30,BLDR,USD,2014-11-05 00:00:00,2014-11-05 15:01:00,Q3,434907000,337260000,97647000,0.22452386372258898,0.0,81963000.0,0.0,0.0,81963000,419223000,6393000.0,2391000.0,18075000.0,0.041560609509619297,15684000.0,0.03606288240934269,-99000.0,9192000.0,0.021135553118252867,453000.0,8504000.0,0.019553605713405395,0.09,0.07,98104000,100360000,https://www.sec.gov/Archives/edgar/data/1316835/000156459014005002/0001564590-14-005002-index.html,https://www.sec.gov/Archives/edgar/data/1316835/000156459014005002/bldr-10q_20140930.htm,1620589453,15:44:13,20210509
26,2014-06-30,BLDR,USD,2014-08-01 00:00:00,2014-08-01 14:10:35,Q2,426543000,332744000,93799000,0.21990514438169187,0.0,76417000.0,0.0,0.0,76417000,409161000,6504000.0,2040000.0,19422000.0,0.04553351010331901,17382000.0,0.04075087388610293,-28000.0,10850000.0,0.025437060272938485,230000.0,10609000.0,0.02487205275904188,0.11,0.09,98032000,100759000,https://www.sec.gov/Archives/edgar/data/1316835/000156459014003053/0001564590-14-003053-index.html,https://www.sec.gov/Archives/edgar/data/1316835/000156459014003053/bldr-10q_20140630.htm,1620589453,15:44:13,20210509
27,2014-03-31,BLDR,USD,2014-05-02 00:00:00,2014-05-02 11:07:24,Q1,345909000,270994000,74915000,0.21657430133358774,0.0,69318000.0,0.0,0.0,69318000,340312000,8828000.0,1982000.0,7579000.0,0.02191038683584411,5597000.0,0.01618055615783342,-163000.0,-3394000.0,-0.009811829122688336,-82000.0,-3384000.0,-0.009782919785261442,-0.03,-0.03,97617000,97617000,https://www.sec.gov/Archives/edgar/data/1316835/000156459014001732/0001564590-14-001732-index.html,https://www.sec.gov/Archives/edgar/data/1316835/000156459014001732/bldr-10q_20140331.htm,1620589453,15:44:13,20210509
28,2013-12-31,BLDR,USD,2014-02-28,2014-02-28 17:01:40,Q4,369111000,286264000,82847000,0.22445009766709742,0.0,69453000.0,0.0,0.0,69453000,355717000,8555000.0,1964000.0,15358000.0,0.0416080799542685,13394000.0,0.03628718732305458,-79000.0,4760000.0,0.012895849757931895,183000.0,4529000.0,0.012270021754973437,0.04647130045763303,0.045532231471428,97458000,99468000,https://www.sec.gov/Archives/edgar/data/1316835/000156459014000455/bldr-10k_20131231.htm,https://www.sec.gov/Archives/edgar/data/1316835/000156459014000455/bldr-10k_20131231.htm,1620589453,15:44:13,20210509
29,2013-09-30,BLDR,USD,2013-11-01 00:00:00,2013-11-01 11:06:54,Q3,402931000,310437000,92494000,0.2295529507533548,0.0,72343000.0,0.0,0.0,72343000,382780000,7525000.0,2033000.0,22184000.0,0.0550565729616237,20151000.0,0.05001104407454378,197000.0,12823000.0,0.03182430738761723,-129000.0,12794000.0,0.03175233476699484,0.1315862551296424,0.12824136721295043,97229000,99765000,https://www.sec.gov/Archives/edgar/data/1316835/000156459013000851/0001564590-13-000851-index.html,https://www.sec.gov/Archives/edgar/data/1316835/000156459013000851/bldr-10q_20130930.htm,1620589453,15:44:13,20210509
30,2013-06-30,BLDR,USD,2013-08-02 00:00:00,2013-08-02 11:13:51,Q2,398148000,315916000,82232000,0.2065362628972141,0.0,69011000.0,0.0,0.0,69011000,384927000,61058000.0,2534000.0,15755000.0,0.039570712398404616,13221000.0,0.0332062449139516,-52000.0,-47889000.0,-0.1202793935923325,400000.0,-48206000.0,-0.12107557993509951,-0.5,-0.5,96349000,96349000,https://www.sec.gov/Archives/edgar/data/1316835/000119312513316525/0001193125-13-316525-index.html,https://www.sec.gov/Archives/edgar/data/1316835/000119312513316525/d559294d10q.htm,1620589453,15:44:13,20210509
31,2013-03-31,BLDR,USD,2013-05-03 00:00:00,2013-05-03 16:13:12,Q1,319702000,257355000,62347000,0.19501598363475986,0.0,61078000.0,0.0,0.0,61078000,318433000,12500000.0,2774000.0,4043000.0,0.012646151728797442,1269000.0,0.00396932143058223,-59000.0,-11290000.0,-0.03531413628941952,315000.0,-11808000.0,-0.03693439515548855,-0.12,-0.12,95989000,95989000,https://www.sec.gov/Archives/edgar/data/1316835/000119312513199140/0001193125-13-199140-index.html,https://www.sec.gov/Archives/edgar/data/1316835/000119312513199140/d507969d10q.htm,1620589453,15:44:13,20210509
32,2012-12-31,BLDR,USD,2013-03-01 00:00:00,2013-03-01 14:12:10,Q4,287588000,229518000,58070000,0.20192080337148977,0.0,56924000.0,0.0,0.0,56924000,286442000,10955000.0,2867000.0,4013000.0,0.0139539897353158,1146000.0,0.00398486724063591,-110000.0,-10815000.0,-0.037605880634797,226000.0,-12048000.0,-0.041893263974852914,-0.13,-0.13,95645000,95645000,https://www.sec.gov/Archives/edgar/data/1316835/000119312513087218/0001193125-13-087218-index.html,https://www.sec.gov/Archives/edgar/data/1316835/000119312513087218/d444265d10k.htm,1620589453,15:44:13,20210509
33,2012-09-30,BLDR,USD,2012-10-31 00:00:00,2012-10-31 14:54:00,Q3,291780000,234067000,57713000,0.19779628487216397,0.0,59342000.0,0.0,0.0,59342000,293409000,10618000.0,2912000.0,1283000.0,0.004397148536568647,-1629000.0,-0.005582973473164713,-2057000.0,-12247000.0,-0.041973404619919115,33000.0,-13565000.0,-0.04649050654602783,-0.14,-0.142021,95514000,95514000,https://www.sec.gov/Archives/edgar/data/1316835/000119312512443498/0001193125-12-443498-index.html,https://www.sec.gov/Archives/edgar/data/1316835/000119312512443498/d398150d10q.htm,1620589453,15:44:13,20210509
34,2012-06-30,BLDR,USD,2012-08-01 00:00:00,2012-08-01 15:27:51,Q2,271919000,218255000,53664000,0.19735288817625837,0.0,55036000.0,0.0,0.0,55036000,273291000,10461000.0,2491000.0,1119000.0,0.004115196069417731,-1372000.0,-0.005045620203075181,0.0,-11833000.0,-0.04351663546865059,144000.0,-12055000.0,-0.04433305506419191,-0.13,-0.13,95427000,95427000,https://www.sec.gov/Archives/edgar/data/1316835/000119312512328568/0001193125-12-328568-index.html,https://www.sec.gov/Archives/edgar/data/1316835/000119312512328568/d334259d10q.htm,1620589453,15:44:13,20210509
35,2012-03-31,BLDR,USD,2012-05-04,2012-05-04 16:59:33,Q1,219389000,174270000,45119000,0.20565753068750028,0.0,50961000.0,0.0,0.0,50961000,225231000,13105000.0,2850000.0,-2992000.0,-0.013637876101354215,-5842000.0,-0.026628500061534534,0.0,-18947000.0,-0.08636257971001281,174000.0,-19188000.0,-0.08746108510454034,-0.2,-0.201426,95261000,95261000,https://www.sec.gov/Archives/edgar/data/1316835/000119312512094395/d278642d10k.htm,https://www.sec.gov/Archives/edgar/data/1316835/000119312512094395/d278642d10k.htm,1620589453,15:44:13,20210509
36,2011-12-31,BLDR,USD,2012-03-02 00:00:00,2012-03-02 15:48:06,Q4,192677000,153407000,39270000,0.2038125982862511,0.0,47535000.0,0.0,0.0,47535000,200942000,0.0,3472000.0,-4793000.0,-0.024875828459027284,-8265000.0,-0.04289562324512007,0.0,-16345000.0,-0.08483109037404568,300000.0,-16698000.0,-0.08666317204440592,-0.17528684351413484,-0.17528684351413484,95261000,95261000,https://www.sec.gov/Archives/edgar/data/1316835/000119312512094395/0001193125-12-094395-index.html,https://www.sec.gov/Archives/edgar/data/1316835/000119312512094395/d278642d10k.htm,1620589453,15:44:13,20210509
37,2011-09-30,BLDR,USD,2011-10-28 00:00:00,2011-10-28 14:08:31,Q3,217194000,172755000,44439000,0.2046050995883864,0.0,1780000.0,48535000.0,0.0,50315000,223070000,5319000.0,3364000.0,-2512000.0,-0.011565697026621361,-5876000.0,-0.027054154350488503,0.0,-11195000.0,-0.05154378113575882,268000.0,-11564000.0,-0.05324272309548146,-0.12,-0.121757,94976000,94976000,https://www.sec.gov/Archives/edgar/data/1316835/000095012311092904/0000950123-11-092904-index.html,https://www.sec.gov/Archives/edgar/data/1316835/000095012311092904/d84852e10vq.htm,1620589453,15:44:13,20210509
38,2011-06-30,BLDR,USD,2011-07-29 00:00:00,2011-07-29 14:18:26,Q2,206393000,163590000,42803000,0.20738590940584226,0.0,50847000.0,0.0,0.0,50847000,214437000,5665000.0,3520000.0,-4524000.0,-0.021919348039904453,-8044000.0,-0.038974190016134266,0.0,-13709000.0,-0.06642182632162913,1666000.0,-15484000.0,-0.07502192419316546,-0.16,-0.163153,94905000,94905000,https://www.sec.gov/Archives/edgar/data/1316835/000095012311070226/0000950123-11-070226-index.html,https://www.sec.gov/Archives/edgar/data/1316835/000095012311070226/d82645e10vq.htm,1620589453,15:44:13,20210509
39,2011-03-31,BLDR,USD,2011-04-28 00:00:00,2011-04-28 16:09:38,Q1,162829000,131396000,31433000,0.19304300830933066,0.0,46723000.0,0.0,0.0,46723000,178119000,5875000.0,3685000.0,-11605000.0,-0.07127108807399174,-15290000.0,-0.09390219186999858,0.0,-21165000.0,-0.12998298828832702,-17000.0,-21249000.0,-0.13049886690945717,-0.22,-0.22,94904000,94904000,https://www.sec.gov/Archives/edgar/data/1316835/000095012311040937/0000950123-11-040937-index.html,https://www.sec.gov/Archives/edgar/data/1316835/000095012311040937/d81668e10vq.htm,1620589453,15:44:13,20210509
40,2010-12-31,BLDR,USD,2011-03-03,2011-03-02 20:01:09,Q4,147093000,119032000,28061000,0.19077046494394703,0.0,45770000.0,0.0,0.0,45770000,164802000,6906000.0,3765000.0,-13944000.0,-0.09479716913789235,-17709000.0,-0.12039322061552896,0.0,-24615000.0,-0.1673431094613612,-117000.0,-24613000.0,-0.16732951262126683,-0.2593462867740032,-0.2593462867740032,94904000,94904000,https://www.sec.gov/Archives/edgar/data/1316835/000095012311021379/d80042e10vk.htm,https://www.sec.gov/Archives/edgar/data/1316835/000095012311021379/d80042e10vk.htm,1620589453,15:44:13,20210509
41,2010-09-30,BLDR,USD,2010-10-28 00:00:00,2010-10-28 15:00:28,Q3,180394000,144865000,35529000,0.19695222679246538,0.0,47980000.0,0.0,0.0,47980000,192845000,6910000.0,3852000.0,-8599000.0,-0.047667882523809,-12451000.0,-0.06902114261006463,-839000.0,-20200000.0,-0.1119771167555462,-525000.0,-20470000.0,-0.11347384059336785,-0.22,-0.22,94895000,94895000,https://www.sec.gov/Archives/edgar/data/1316835/000095012310097359/0000950123-10-097359-index.html,https://www.sec.gov/Archives/edgar/data/1316835/000095012310097359/d77165e10vq.htm,1620589453,15:44:13,20210509
42,2010-06-30,BLDR,USD,2010-07-28 00:00:00,2010-07-28 17:25:56,Q2,211483000,172748000,38735000,0.18315893003220116,0.0,51450000.0,0.0,0.0,51450000,224198000,6531000.0,4048000.0,-8667000.0,-0.040982017467125015,-12715000.0,-0.06012303589413806,0.0,-19246000.0,-0.09100495075254275,-326000.0,-19039000.0,-0.09002614867388868,-0.2,-0.2,94878000,94878000,https://www.sec.gov/Archives/edgar/data/1316835/000095012310069151/0000950123-10-069151-index.html,https://www.sec.gov/Archives/edgar/data/1316835/000095012310069151/d74821e10vq.htm,1620589453,15:44:13,20210509
43,2010-03-31,BLDR,USD,2010-04-29 00:00:00,2010-04-29 17:28:50,Q1,161373000,131942000,29431000,0.18237871267188438,0.0,49445000.0,0.0,0.0,49445000,181387000,11325000.0,3768000.0,-16246000.0,-0.10067359471534891,-20014000.0,-0.12402322569450899,-5000.0,-31344000.0,-0.19423323604320425,-144000.0,-31386000.0,-0.19449350263055157,-0.38,-0.38,81849000,81849000,https://www.sec.gov/Archives/edgar/data/1316835/000095012310040799/0000950123-10-040799-index.html,https://www.sec.gov/Archives/edgar/data/1316835/000095012310040799/d72599e10vq.htm,1620589453,15:44:13,20210509
44,2009-12-31,BLDR,USD,2010-03-04 00:00:00,2010-03-04 17:14:28,Q4,153963000,123672000,30291000,0.19674207439449737,0.0,49745000.0,0.0,0.0,49745000,173417000,7487000.0,4033000.0,-15421000.0,-0.10016042815481642,-19454000.0,-0.12635503335216902,-10000.0,-26951000.0,-0.17504855062579971,-33181000.0,6574000.0,0.04269857043575404,0.08031863553617026,0.08031863553617026,81849000,81849000,https://www.sec.gov/Archives/edgar/data/1316835/000095012310021074/0000950123-10-021074-index.html,https://www.sec.gov/Archives/edgar/data/1316835/000095012310021074/d71342e10vk.htm,1620589453,15:44:13,20210509
45,2009-09-30,BLDR,USD,2009-10-28 00:00:00,2009-10-27 21:52:31,Q3,188865000,149473000,39392000,0.20857226060943002,0.0,49260000.0,0.0,0.0,49260000,198733000,5930000.0,4359000.0,-5509000.0,-0.029168983136102507,-9868000.0,-0.052248960897995925,-41000.0,-15839000.0,-0.0838641357583459,110000.0,-15246000.0,-0.08072432690016679,-0.384807,-0.388618,39231330,39231330,https://www.sec.gov/Archives/edgar/data/1316835/000095012309053847/0000950123-09-053847-index.html,https://www.sec.gov/Archives/edgar/data/1316835/000095012309053847/d69779e10vq.htm,1620589453,15:44:13,20210509
46,2009-06-30,BLDR,USD,2009-07-31 00:00:00,2009-07-30 20:03:29,Q2,175482000,136309000,39173000,0.22323087268209846,0.0,50336000.0,0.0,0.0,50336000,186645000,6092000.0,4618000.0,-6545000.0,-0.037297272654745216,-11163000.0,-0.06361336205422778,-1165000.0,-18420000.0,-0.10496803090915308,134000.0,-22604000.0,-0.1288109321753798,-0.57721,-0.57721,39187672,39187672,https://www.sec.gov/Archives/edgar/data/1316835/000095012309027888/0000950123-09-027888-index.html,https://www.sec.gov/Archives/edgar/data/1316835/000095012309027888/d68567e10vq.htm,1620589453,15:44:13,20210509
47,2009-03-31,BLDR,USD,2009-04-29 00:00:00,2009-04-29 16:37:07,Q1,163799000,129626000,34173000,0.20862764729943406,0.0,54398000.0,0.0,0.0,54398000,184024000,7541000.0,4905000.0,-15320000.0,-0.09352926452542445,-20225000.0,-0.12347450228633874,-560000.0,-28326000.0,-0.1729314586780139,2114000.0,-30578000.0,-0.18668001636151624,-0.778776,-0.778776,39076343,39076343,https://www.sec.gov/Archives/edgar/data/1316835/000095013409008764/0000950134-09-008764-index.html,https://www.sec.gov/Archives/edgar/data/1316835/000095013409008764/d67448e10vq.htm,1620589453,15:44:13,20210509
48,2008-12-31,BLDR,USD,2009-03-02 00:00:00,2009-02-27 19:28:55,Q4,168428000,132478000,35950000,0.2134443204217826,0.0,52171000.0,0.0,0.0,42745000,175223000,0.0,4847000.0,-1948000.0,-0.011565772911867386,-6795000.0,-0.04034364832450661,-36818000.0,-64604000.0,-0.38357042771985655,-13429000.0,-58879000.0,-0.34957964233975347,-1.5067684301982915,-1.5067684301982915,39076343,39076343,https://www.sec.gov/Archives/edgar/data/1316835/000095013409004066/0000950134-09-004066-index.html,https://www.sec.gov/Archives/edgar/data/1316835/000095013409004066/d66600e10vk.htm,1620589453,15:44:13,20210509
49,2008-09-30,BLDR,USD,2008-10-30 00:00:00,2008-10-30 17:00:39,Q3,288324000,227793000,60531000,0.20994089982103467,0.0,79707000.0,0.0,0.0,79707000,307500000,0.0,3836000.0,-15340000.0,-0.053204034350244865,-19176000.0,-0.0665085112581679,0.0,-25320000.0,-0.08781787156116036,-6464000.0,-18856000.0,-0.06539864874238703,-0.485589,-0.485589,38953008,38953008,https://www.sec.gov/Archives/edgar/data/1316835/000095013408018800/0000950134-08-018800-index.html,https://www.sec.gov/Archives/edgar/data/1316835/000095013408018800/d64829e10vq.htm,1620589453,15:44:13,20210509
50,2008-06-30,BLDR,USD,2008-07-31 00:00:00,2008-07-31 17:15:25,Q2,307261000,240991000,66270000,0.21567982920058193,0.0,80837000.0,0.0,0.0,95072000,336063000,0.0,6258000.0,-22544000.0,-0.07337084758560312,-28802000.0,-0.09373789709725608,-14235000.0,-35096000.0,-0.1142221108438754,10817000.0,-45913000.0,-0.1494267088891854,-1.181906,-1.181906,38927905,38927905,https://www.sec.gov/Archives/edgar/data/1316835/000095013408013816/0000950134-08-013816-index.html,https://www.sec.gov/Archives/edgar/data/1316835/000095013408013816/d58890e10vq.htm,1620589453,15:44:13,20210509
51,2008-03-31,BLDR,USD,2008-05-01 00:00:00,2008-05-01 16:21:18,Q1,270511000,210110000,60401000,0.2232848202106384,0.0,79571000.0,0.0,0.0,79571000,289681000,0.0,6633000.0,-12537000.0,-0.04634561995630492,-19170000.0,-0.07086587976089696,0.0,-25640000.0,-0.09478357626861754,-9794000.0,-15846000.0,-0.05857802455353017,-0.412293,-0.412293,38703065,38703065,https://www.sec.gov/Archives/edgar/data/1316835/000095013408008182/0000950134-08-008182-index.html,https://www.sec.gov/Archives/edgar/data/1316835/000095013408008182/d56269e10vq.htm,1620589453,15:44:13,20210509
52,2007-12-31,BLDR,USD,2008-03-05,2008-03-05 13:00:48,Q4,302262000,232763000,69499000,0.22992966366926706,0.0,85391000.0,0.0,0.0,94087000,326850000,0.0,8997000.0,-15591000.0,-0.05158107866685194,-24588000.0,-0.08134664628699605,-8696000.0,-32470000.0,-0.10742336118996103,-12103000.0,-20367000.0,-0.06738194017110984,-0.5262373923098855,-0.5262373923098855,38703065,38703065,https://www.sec.gov/Archives/edgar/data/1316835/000095013408004136/d54408e10vk.htm,https://www.sec.gov/Archives/edgar/data/1316835/000095013408004136/d54408e10vk.htm,1620589453,15:44:13,20210509
53,2007-09-30,BLDR,USD,2007-11-01 00:00:00,2007-11-01 13:27:06,Q3,413917000,314294000,99623000,0.24068351867644963,0.0,93197000.0,0.0,0.0,112061000,426355000,0.0,6604000.0,-5834000.0,-0.014094613171239645,-12438000.0,-0.03004950267807314,-18864000.0,-18988000.0,-0.04587393124708577,-6976000.0,-12012000.0,-0.029020310835264074,-0.31151,-0.31151,38207543,38207543,https://www.sec.gov/Archives/edgar/data/1316835/000095013407022512/0000950134-07-022512-index.html,https://www.sec.gov/Archives/edgar/data/1316835/000095013407022512/d50994e10vq.htm,1620589453,15:44:13,20210509
54,2007-06-30,BLDR,USD,2007-08-02 00:00:00,2007-08-02 16:35:33,Q2,465140000,348507000,116633000,0.250748161843746,0.0,99563000.0,0.0,0.0,99563000,448070000,0.0,6701000.0,23771000.0,0.05110504364277422,17070000.0,0.036698628369953135,0.0,10487000.0,0.022545900159091886,2092000.0,8395000.0,0.018048329535193704,0.21989,0.210727,38103855,39676644,https://www.sec.gov/Archives/edgar/data/1316835/000095013407016617/0000950134-07-016617-index.html,https://www.sec.gov/Archives/edgar/data/1316835/000095013407016617/d48534e10vq.htm,1620589453,15:44:13,20210509
55,2007-03-31,BLDR,USD,2007-05-03 00:00:00,2007-05-03 13:59:24,Q1,411143000,306592000,104551000,0.25429351831357944,0.0,97470000.0,0.0,0.0,97470000,404062000,0.0,6727000.0,13808000.0,0.03358442196510703,7081000.0,0.01722271812970183,0.0,369000.0,0.0008974979508346245,137000.0,232000.0,0.0005642805544542897,0.0061374963194863125,0.005870847627919443,37800430,39517292,https://www.sec.gov/Archives/edgar/data/1316835/000095013407010074/0000950134-07-010074-index.html,https://www.sec.gov/Archives/edgar/data/1316835/000095013407010074/d46084e10vq.htm,1620589453,15:44:13,20210509
56,2006-12-31,BLDR,USD,2007-03-12,2007-03-12 12:55:02,Q4,438579000,324445000,114134000,0.2602358982076205,0.0,99391000.0,0.0,0.0,99391000,423836000,0.0,6694000.0,21437000.0,0.04887830926697357,14743000.0,0.033615380581377585,0.0,7818000.0,0.01782575089094553,3941000.0,3877000.0,0.008839912535711925,0.1025649708217605,0.1025649708217605,37800430,37800430,https://www.sec.gov/Archives/edgar/data/1316835/000095013407005357/d43878e10vk.htm,https://www.sec.gov/Archives/edgar/data/1316835/000095013407005357/d43878e10vk.htm,1620589453,15:44:13,20210509
57,2006-09-30,BLDR,USD,2006-11-02,2006-11-02 17:01:59,Q3,569895000,418100000,151795000,0.2663560831381219,0.0,110562000.0,0.0,0.0,117325000,535425000,0.0,6457000.0,40927000.0,0.07181498346186578,34470000.0,0.06048482615218593,-6763000.0,27178000.0,0.0476894866598233,9862000.0,17316000.0,0.0303845445213592,0.467265,0.439779,37165202,39312098,https://www.sec.gov/Archives/edgar/data/1316835/000095013406020325/d40752e10vq.htm,https://www.sec.gov/Archives/edgar/data/1316835/000095013406020325/d40752e10vq.htm,1620589453,15:44:13,20210509
58,2006-06-30,BLDR,USD,2006-08-03,2006-08-03 12:44:47,Q2,642353000,472092000,170261000,0.2650583090605944,0.0,117789000.0,0.0,0.0,117789000,589881000,0.0,6030000.0,58502000.0,0.09107453378438335,52472000.0,0.08168717200666924,0.0,45147000.0,0.07028378477254718,16765000.0,28382000.0,0.04418442818823918,0.769613,0.723803,36877057,39381951,https://www.sec.gov/Archives/edgar/data/1316835/000095013406014671/d38278e10vq.htm,https://www.sec.gov/Archives/edgar/data/1316835/000095013406014671/d38278e10vq.htm,1620589453,15:44:13,20210509
59,2006-03-31,BLDR,USD,2006-05-04,2006-05-04 10:01:26,Q1,588627000,438262000,150365000,0.2554503955815822,0.0,112202000.0,0.0,0.0,112202000,550464000,0.0,5788000.0,43951000.0,0.07466697925851176,38163000.0,0.06483392708795213,0.0,30987000.0,0.052642845129428316,11669000.0,19318000.0,0.03281874599704057,0.5314,0.494752,36132683,39277171,https://www.sec.gov/Archives/edgar/data/1316835/000095013406004905/d33711e10vk.htm,https://www.sec.gov/Archives/edgar/data/1316835/000095013406004905/d33711e10vk.htm,1620589453,15:44:13,20210509
60,2005-12-31,BLDR,USD,2006-03-13,2006-03-13 17:22:07,Q4,565851000,419707000,146144000,0.25827293757543945,0.0,108583000.0,0.0,0.0,108583000,528290000,0.0,6072000.0,43633000.0,0.07711040538940463,37561000.0,0.06637966531825516,0.0,29978000.0,0.05297861097709468,10479000.0,19499000.0,0.03445960155588662,0.5396499341053639,0.5396499341053639,36132683,36132683,https://www.sec.gov/Archives/edgar/data/1316835/000095013406004905/d33711e10vk.htm,https://www.sec.gov/Archives/edgar/data/1316835/000095013406004905/d33711e10vk.htm,1620589453,15:44:13,20210509
61,2005-09-30,BLDR,USD,2005-11-02,2005-11-02 14:42:19,Q3,643964000,474019000,169945000,0.26390450397848325,0.0,115974000.0,0.0,0.0,115974000,589993000,0.0,5989000.0,59960000.0,0.09311079501338584,53971000.0,0.08381058568491406,0.0,45834000.0,0.0711747861681709,18006000.0,27828000.0,0.043213595791069065,0.778776,0.732965,35646985,38199903,https://www.sec.gov/Archives/edgar/data/1316835/000095012305012962/y13890e10vq.htm,https://www.sec.gov/Archives/edgar/data/1316835/000095012305012962/y13890e10vq.htm,1620589453,15:44:13,20210509
62,2005-06-30,BLDR,USD,2005-06-30,2005-06-30,Q3,618600000,463097000,155503000,0.2513789201422567,0.0,109532000.0,0.0,0.0,109532000,572629000,0.0,8561000.0,54532000.0,0.08815389589395409,45971000.0,0.07431458131264145,0.0,33668000.0,0.054426123504688007,13507000.0,20161000.0,0.03259133527319754,0.714641,0.659669,28258913,30688496,,,1620589453,15:44:13,20210509
63,2005-03-31,BLDR,USD,2005-03-31,2005-03-31,Q3,509342000,388407000,120935000,0.23743378712142332,0.0,133266000.0,0.0,0.0,133266000,521673000,0.0,15077000.0,2746000.0,0.005391269520283032,-12331000.0,-0.02420966658944285,0.0,-31535000.0,-0.061913213518618136,-12675000.0,-18860000.0,-0.03702816575110633,-0.687155,-0.687155,27447960,27447960,,,1620589453,15:44:13,20210509
