,date,symbol,reportedCurrency,fillingDate,acceptedDate,period,revenue,costOfRevenue,grossProfit,grossProfitRatio,researchAndDevelopmentExpenses,generalAndAdministrativeExpenses,sellingAndMarketingExpenses,otherExpenses,operatingExpenses,costAndExpenses,interestExpense,depreciationAndAmortization,ebitda,ebitdaratio,operatingIncome,operatingIncomeRatio,totalOtherIncomeExpensesNet,incomeBeforeTax,incomeBeforeTaxRatio,incomeTaxExpense,netIncome,netIncomeRatio,eps,epsdiluted,weightedAverageShsOut,weightedAverageShsOutDil,link,finalLink,timestamp,est_time,est_date
0,2021-03-31,KDP,USD,2021-04-29,2021-04-29 16:50:15,,2902000000,1302000000.0,1600000000.0,0.5513439007580979,0.0,961000000.0,0.0,-3000000.0,961000000,2263000000.0,-140000000.0,0.0,-1000000.0,-0.00034458993797381116,-1000000.0,-0.00034458993797381116,-1000.0,398000000.0,0.13714679531357685,73000000.0,325000000,0.11199172984148863,0.2309386768990265,0.2309386768990265,1407300000,1407300000,https://www.sec.gov/Archives/edgar/data/1418135/000141813521000011/0001418135-21-000011-index.htm,https://www.sec.gov/Archives/edgar/data/1418135/000141813521000011/kdp-20210331.htm,1620594085,17:01:25,20210509
1,2020-12-31,KDP,USD,2021-02-25,2021-02-25 14:32:58,Q4,3121000000,1353000000.0,1768000000.0,0.5664851009291894,0.0,1000000000.0,0.0,4000000.0,1001000000,2354000000.0,146000000.0,123000000.0,890000000.0,0.2851650112143544,767000000.0,0.24575456584428068,-63000000.0,558000000.0,0.17878884972765138,130000000.0,428000000,0.13713553348285806,0.3041284729624103,0.3041284729624103,1407300000,1407300000,https://www.sec.gov/Archives/edgar/data/1418135/000141813521000005/0001418135-21-000005-index.htm,https://www.sec.gov/Archives/edgar/data/1418135/000141813521000005/kdp-20201231.htm,1620594085,17:01:25,20210509
2,2020-09-30,KDP,USD,2020-10-29,2020-10-29 17:05:03,Q3,3020000000,1316000000.0,1704000000.0,0.5642384105960265,0.0,949000000.0,0.0,-5000000.0,951000000,2267000000.0,148000000.0,123000000.0,876000000.0,0.2900662251655629,753000000.0,0.24933774834437086,-21000000.0,584000000.0,0.19337748344370861,141000000.0,443000000,0.1466887417218543,0.31478718112698073,0.31133600393562444,1407300000,1422900000,https://www.sec.gov/Archives/edgar/data/1418135/000141813520000031/0001418135-20-000031-index.htm,https://www.sec.gov/Archives/edgar/data/1418135/000141813520000031/kdp-10qx93020.htm,1620594085,17:01:25,20210509
3,2020-06-30,KDP,USD,2020-07-30,2020-07-30 18:43:24,Q2,2864000000,1302000000.0,1562000000.0,0.5453910614525139,0.0,1001000000.0,0.0,4000000.0,1001000000,2303000000.0,157000000.0,118000000.0,679000000.0,0.23708100558659218,561000000.0,0.19587988826815642,2000000.0,406000000.0,0.14175977653631286,108000000.0,298000000,0.10405027932960893,0.21176805002842525,0.20963770664790715,1407200000,1421500000,https://www.sec.gov/Archives/edgar/data/1418135/000141813520000023/0001418135-20-000023-index.htm,https://www.sec.gov/Archives/edgar/data/1418135/000141813520000023/kdp-10qx63020.htm,1620594085,17:01:25,20210509
4,2020-03-31,KDP,USD,2020-04-30 00:00:00,2020-04-30 17:29:54,Q1,2613000000,1161000000.0,1452000000.0,0.5556831228473019,0.0,1028000000.0,0.0,-20000000.0,986000000,2147000000.0,153000000.0,131000000.0,597000000.0,0.22847301951779564,466000000.0,0.17833907386146192,-108000000.0,205000000.0,0.07845388442403368,49000000.0,156000000,0.05970149253731343,0.11087420042643924,0.10985141891416098,1407000000,1420100000,https://www.sec.gov/Archives/edgar/data/1418135/000141813520000018/0001418135-20-000018-index.html,https://www.sec.gov/Archives/edgar/data/1418135/000141813520000018/kdp-10qx33120.htm,1620594085,17:01:25,20210509
5,2019-12-31,KDP,USD,2020-02-27 00:00:00,2020-02-27 16:52:22,Q4,2934000000,1241000000.0,1693000000.0,0.5770279481935924,0.0,1011000000.0,0.0,-4000000.0,980000000,2221000000.0,157000000.0,-46000000.0,667000000.0,0.22733469665985004,713000000.0,0.24301295160190867,-6000000.0,550000000.0,0.18745739604635311,144000000.0,406000000,0.1383776414451261,0.2885777240742057,0.28593562926966687,1406900000,1419900000,https://www.sec.gov/Archives/edgar/data/1418135/000141813520000007/0001418135-20-000007-index.html,https://www.sec.gov/Archives/edgar/data/1418135/000141813520000007/kdp-10kx12312019.htm,1620594085,17:01:25,20210509
6,2019-09-30,KDP,USD,2019-11-07 00:00:00,2019-11-07 17:09:50,Q3,2870000000,1245000000.0,1625000000.0,0.5662020905923345,0.0,1012000000.0,0.0,-9000000.0,1045000000,2290000000.0,158000000.0,186000000.0,766000000.0,0.26689895470383274,580000000.0,0.20209059233449478,-9000000.0,413000000.0,0.14390243902439023,109000000.0,304000000,0.1059233449477352,0.22,0.21,1406800000,1419400000,https://www.sec.gov/Archives/edgar/data/1418135/000141813519000080/0001418135-19-000080-index.html,https://www.sec.gov/Archives/edgar/data/1418135/000141813519000080/kdp-10qx93019.htm,1620594085,17:01:25,20210509
7,2019-06-30,KDP,USD,2019-08-08 00:00:00,2019-08-08 17:25:49,Q2,2812000000,1186000000.0,1626000000.0,0.5782361308677099,0.0,1028000000.0,0.0,-1000000.0,1039000000,2225000000.0,170000000.0,181000000.0,768000000.0,0.27311522048364156,587000000.0,0.20874822190611664,-1000000.0,416000000.0,0.14793741109530584,102000000.0,314000000,0.1116642958748222,0.22321745930191228,0.22125140924464487,1406700000,1419200000,https://www.sec.gov/Archives/edgar/data/1418135/000141813519000054/0001418135-19-000054-index.html,https://www.sec.gov/Archives/edgar/data/1418135/000141813519000054/kdp-10qx63019.htm,1620594085,17:01:25,20210509
8,2019-03-31,KDP,USD,2019-05-09 00:00:00,2019-05-09 17:16:11,Q1,2504000000,1106000000.0,1398000000.0,0.5583067092651757,0.0,911000000.0,0.0,-5000000.0,900000000,2006000000.0,169000000.0,163000000.0,661000000.0,0.2639776357827476,498000000.0,0.1988817891373802,-14000000.0,315000000.0,0.12579872204472844,85000000.0,230000000,0.09185303514376997,0.16354974045367277,0.1622346053466883,1406300000,1417700000,https://www.sec.gov/Archives/edgar/data/1418135/000141813519000037/0001418135-19-000037-index.html,https://www.sec.gov/Archives/edgar/data/1418135/000141813519000037/kdp-10qx3312019.htm,1620594085,17:01:25,20210509
9,2018-12-31,KDP,USD,2019-02-28 00:00:00,2019-02-28 17:31:46,Q4,2813000000,1255000000.0,1558000000.0,0.5538570920725204,0.0,999000000.0,0.0,-9000000.0,1011000000,2266000000.0,180000000.0,168000000.0,715000000.0,0.25417703519374335,547000000.0,0.19445431923213652,-9000000.0,358000000.0,0.12726626377532882,92000000.0,266000000,0.0945609669392108,0.19070834528247776,0.18916228132555823,1394800000,1406200000,https://www.sec.gov/Archives/edgar/data/1418135/000141813519000007/0001418135-19-000007-index.html,https://www.sec.gov/Archives/edgar/data/1418135/000141813519000007/kdp-10kx12312018.htm,1620594085,17:01:25,20210509
10,2018-09-30,KDP,USD,2018-11-08 00:00:00,2018-11-07 19:29:29,Q3,2732000000,1371000000.0,1361000000.0,0.4981698389458272,0.0,1025000000.0,0.0,33000000.0,1017000000,2388000000.0,172000000.0,175000000.0,519000000.0,0.18997071742313323,344000000.0,0.1259150805270864,22000000.0,194000000.0,0.07101024890190337,46000000.0,148000000,0.05417276720351391,0.10867968864737847,0.10774606872451951,1361800000,1373600000,https://www.sec.gov/Archives/edgar/data/1418135/000141813518000035/0001418135-18-000035-index.html,https://www.sec.gov/Archives/edgar/data/1418135/000141813518000035/kdp-10qx09302018.htm,1620594085,17:01:25,20210509
11,2018-06-30,KDP,USD,2018-08-08 00:00:00,2018-08-08 08:41:00,Q2,1886000000,790000000.0,1096000000.0,0.5811240721102863,0.0,721000000.0,0.0,2000000.0,734000000,1524000000.0,43000000.0,60000000.0,422000000.0,0.22375397667020147,362000000.0,0.1919406150583245,2000000.0,321000000.0,0.1702014846235419,83000000.0,235000000,0.12460233297985154,1.3041065482796892,1.297625621203755,180200000,181100000,https://www.sec.gov/Archives/edgar/data/1418135/000141813518000025/0001418135-18-000025-index.html,https://www.sec.gov/Archives/edgar/data/1418135/000141813518000025/dps-10qx063018.htm,1620594085,17:01:25,20210509
12,2018-03-31,KDP,USD,2018-04-25 00:00:00,2018-04-25 08:02:12,Q1,1594000000,681000000.0,913000000.0,0.5727728983688833,0.0,626000000.0,0.0,0.0,654000000,1335000000.0,41000000.0,59000000.0,318000000.0,0.19949811794228356,259000000.0,0.16248431618569636,0.0,219000000.0,0.13739021329987453,54000000.0,159000000,0.09974905897114178,0.8838243468593663,0.879424778761062,179900000,180800000,https://www.sec.gov/Archives/edgar/data/1418135/000141813518000009/0001418135-18-000009-index.html,https://www.sec.gov/Archives/edgar/data/1418135/000141813518000009/dps-10qx033118.htm,1620594085,17:01:25,20210509
13,2017-12-31,KDP,USD,2018-02-14 00:00:00,2018-02-14 08:08:29,Q4,1643000000,663000000.0,980000000.0,0.5964698721850273,0.0,612000000.0,0.0,2000000.0,617000000,1280000000.0,40000000.0,57000000.0,420000000.0,0.2556299452221546,363000000.0,0.2209373097991479,2000000.0,325000000.0,0.1978088861838101,-184000000.0,508000000,0.3091905051734632,2.823790994997221,2.823790994997221,179900000,179900000,https://www.sec.gov/Archives/edgar/data/1418135/000141813518000006/0001418135-18-000006-index.html,https://www.sec.gov/Archives/edgar/data/1418135/000141813518000006/dps-10kx123117.htm,1620594085,17:01:25,20210509
14,2017-09-30,KDP,USD,2017-10-25 00:00:00,2017-10-25 14:40:56,Q3,1740000000,707000000.0,1033000000.0,0.5936781609195402,0.0,640000000.0,0.0,2000000.0,666000000,1373000000.0,40000000.0,57000000.0,424000000.0,0.24367816091954023,367000000.0,0.21091954022988504,-11000000.0,317000000.0,0.182183908045977,114000000.0,203000000,0.11666666666666667,1.12,1.11,181400000,182100000,https://www.sec.gov/Archives/edgar/data/1418135/000141813517000047/0001418135-17-000047-index.html,https://www.sec.gov/Archives/edgar/data/1418135/000141813517000047/dps-10qx093017.htm,1620594085,17:01:25,20210509
15,2017-06-30,KDP,USD,2017-07-27 00:00:00,2017-07-27 12:08:43,Q2,1797000000,718000000.0,1079000000.0,0.6004451864218141,0.0,683000000.0,0.0,2000000.0,706000000,1424000000.0,44000000.0,55000000.0,428000000.0,0.23817473567056205,373000000.0,0.20756816917084028,-47000000.0,283000000.0,0.15748469671675014,94000000.0,188000000,0.10461880912632164,1.0262008733624455,1.0234077299945563,183200000,183700000,https://www.sec.gov/Archives/edgar/data/1418135/000141813517000042/0001418135-17-000042-index.html,https://www.sec.gov/Archives/edgar/data/1418135/000141813517000042/dps-10qx063017.htm,1620594085,17:01:25,20210509
16,2017-03-31,KDP,USD,2017-04-26 00:00:00,2017-04-26 13:06:45,Q1,1510000000,607000000.0,903000000.0,0.5980132450331126,0.0,621000000.0,0.0,2000000.0,618000000,1225000000.0,40000000.0,60000000.0,345000000.0,0.22847682119205298,285000000.0,0.18874172185430463,2000000.0,248000000.0,0.16423841059602648,71000000.0,177000000,0.11721854304635762,0.97,0.96,183400000,184600000,https://www.sec.gov/Archives/edgar/data/1418135/000141813517000020/0001418135-17-000020-index.html,https://www.sec.gov/Archives/edgar/data/1418135/000141813517000020/dps-10qx033117.htm,1620594085,17:01:25,20210509
17,2016-12-31,KDP,USD,2017-02-14 00:00:00,2017-02-14 15:09:36,Q4,1578000000,627000000.0,951000000.0,0.6026615969581749,0.0,590000000.0,0.0,0.0,616000000,1243000000.0,48000000.0,58000000.0,393000000.0,0.24904942965779467,335000000.0,0.21229404309252217,-31000000.0,257000000.0,0.1628643852978454,91000000.0,165000000,0.10456273764258556,0.8986928104575164,0.8933405522468868,183600000,184700000,https://www.sec.gov/Archives/edgar/data/1418135/000141813517000010/0001418135-17-000010-index.html,https://www.sec.gov/Archives/edgar/data/1418135/000141813517000010/dps-10kx123116.htm,1620594085,17:01:25,20210509
18,2016-09-30,KDP,USD,2016-10-27 00:00:00,2016-10-27 11:30:26,Q3,1680000000,683000000.0,997000000.0,0.593452380952381,0.0,603000000.0,0.0,2000000.0,624000000,1307000000.0,33000000.0,55000000.0,428000000.0,0.25476190476190474,373000000.0,0.2220238095238095,2000000.0,343000000.0,0.20416666666666666,102000000.0,240000000,0.14285714285714285,1.3,1.29,184800000,185700000,https://www.sec.gov/Archives/edgar/data/1418135/000141813516000085/0001418135-16-000085-index.html,https://www.sec.gov/Archives/edgar/data/1418135/000141813516000085/dps-10qx093016.htm,1620594085,17:01:25,20210509
19,2016-06-30,KDP,USD,2016-07-27,2016-07-27 11:57:54,Q2,1695000000,670000000.0,1025000000.0,0.6047197640117994,0.0,590000000.0,0.0,22000000.0,613000000,1283000000.0,33000000.0,55000000.0,467000000.0,0.27551622418879057,412000000.0,0.2430678466076696,22000000.0,402000000.0,0.23716814159292035,142000000.0,260000000,0.15339233038348082,1.4,1.39,185700000,186500000,https://www.sec.gov/Archives/edgar/data/1418135/000141813516000065/dps-10qx063016.htm,https://www.sec.gov/Archives/edgar/data/1418135/000141813516000065/dps-10qx063016.htm,1620594085,17:01:25,20210509
20,2016-03-31,KDP,USD,2016-04-27 00:00:00,2016-04-27 11:13:54,Q1,1487000000,602000000.0,885000000.0,0.5951580363147276,0.0,546000000.0,0.0,1000000.0,572000000,1174000000.0,33000000.0,56000000.0,369000000.0,0.24815063887020847,313000000.0,0.2104909213180901,1000000.0,281000000.0,0.18897108271687962,99000000.0,182000000,0.12239408204438466,0.97,0.96,187600000,189000000,https://www.sec.gov/Archives/edgar/data/1418135/000141813516000058/0001418135-16-000058-index.html,https://www.sec.gov/Archives/edgar/data/1418135/000141813516000058/dps-10qx033116.htm,1620594085,17:01:25,20210509
21,2015-12-31,KDP,USD,2016-02-23 00:00:00,2016-02-23 12:21:18,Q4,1546000000,610000000.0,936000000.0,0.6054333764553687,0.0,583000000.0,0.0,2000000.0,614000000,1224000000.0,34000000.0,59000000.0,381000000.0,0.24644243208279432,322000000.0,0.20827943078913325,2000000.0,291000000.0,0.18822768434670117,106000000.0,185000000,0.11966364812419146,0.98,0.97,188700000,190200000,https://www.sec.gov/Archives/edgar/data/1418135/000141813516000050/0001418135-16-000050-index.html,https://www.sec.gov/Archives/edgar/data/1418135/000141813516000050/dps-10kx123115.htm,1620594085,17:01:25,20210509
22,2015-09-30,KDP,USD,2015-10-22 00:00:00,2015-10-22 15:36:15,Q3,1630000000,673000000.0,957000000.0,0.587116564417178,0.0,592000000.0,0.0,-1000000.0,620000000,1293000000.0,28000000.0,56000000.0,393000000.0,0.2411042944785276,337000000.0,0.2067484662576687,-1000000.0,308000000.0,0.18895705521472392,106000000.0,202000000,0.12392638036809817,1.06,1.05,190400000,191500000,https://www.sec.gov/Archives/edgar/data/1418135/000141813515000027/0001418135-15-000027-index.html,https://www.sec.gov/Archives/edgar/data/1418135/000141813515000027/dps-10qx093015.htm,1620594085,17:01:25,20210509
23,2015-06-30,KDP,USD,2015-07-23 00:00:00,2015-07-23 12:17:58,Q2,1655000000,674000000.0,981000000.0,0.592749244712991,0.0,586000000.0,0.0,-1000000.0,612000000,1286000000.0,28000000.0,56000000.0,425000000.0,0.256797583081571,369000000.0,0.2229607250755287,-1000000.0,341000000.0,0.20604229607250754,121000000.0,220000000,0.13293051359516617,1.15,1.14,191400000,192400000,https://www.sec.gov/Archives/edgar/data/1418135/000141813515000019/0001418135-15-000019-index.html,https://www.sec.gov/Archives/edgar/data/1418135/000141813515000019/dps-10qx063015.htm,1620594085,17:01:25,20210509
24,2015-03-31,KDP,USD,2015-04-23 00:00:00,2015-04-23 15:04:47,Q1,1451000000,602000000.0,849000000.0,0.5851137146795313,0.0,552000000.0,0.0,1000000.0,579000000,1181000000.0,27000000.0,56000000.0,326000000.0,0.22467263955892489,270000000.0,0.18607856650585802,1000000.0,244000000.0,0.16815988973121984,87000000.0,157000000,0.1082012405237767,0.82,0.81,193000000,194600000,https://www.sec.gov/Archives/edgar/data/1418135/000141813515000014/0001418135-15-000014-index.html,https://www.sec.gov/Archives/edgar/data/1418135/000141813515000014/dps-10qx033115.htm,1620594085,17:01:25,20210509
25,2014-12-31,KDP,USD,2015-02-19,2015-02-19 15:06:35,Q4,1509000000,614000000.0,895000000.0,0.5931080185553347,0.0,607000000.0,0.0,2000000.0,639000000,1253000000.0,29000000.0,61000000.0,317000000.0,0.2100728959575878,256000000.0,0.16964877402253148,2000000.0,230000000.0,0.15241882041086813,80000000.0,150000000,0.09940357852882704,0.7731958762886598,0.7660878447395302,194000000,195800000,https://www.sec.gov/Archives/edgar/data/1418135/000141813515000006/dps-10kx123114.htm,https://www.sec.gov/Archives/edgar/data/1418135/000141813515000006/dps-10kx123114.htm,1620594085,17:01:25,20210509
26,2014-09-30,KDP,USD,2014-10-23 00:00:00,2014-10-23 13:50:05,Q3,1583000000,658000000.0,925000000.0,0.5843335439039797,0.0,581000000.0,0.0,-4000000.0,609000000,1267000000.0,27000000.0,57000000.0,373000000.0,0.23562855337965888,316000000.0,0.1996209728363866,-4000000.0,285000000.0,0.18003790271636133,97000000.0,188000000,0.11876184459886292,0.97,0.96,194800000,196200000,https://www.sec.gov/Archives/edgar/data/1418135/000141813514000033/0001418135-14-000033-index.html,https://www.sec.gov/Archives/edgar/data/1418135/000141813514000033/dps-10qx093014.htm,1620594085,17:01:25,20210509
27,2014-06-30,KDP,USD,2014-07-24 00:00:00,2014-07-24 13:54:43,Q2,1631000000,665000000.0,966000000.0,0.592274678111588,0.0,592000000.0,0.0,1000000.0,618000000,1283000000.0,27000000.0,57000000.0,405000000.0,0.24831391784181484,348000000.0,0.21336603310852237,1000000.0,322000000.0,0.19742489270386265,113000000.0,210000000,0.12875536480686695,1.07,1.06,196600000,197800000,https://www.sec.gov/Archives/edgar/data/1418135/000141813514000026/0001418135-14-000026-index.html,https://www.sec.gov/Archives/edgar/data/1418135/000141813514000026/dps-10qx063014.htm,1620594085,17:01:25,20210509
28,2014-03-31,KDP,USD,2014-04-23 00:00:00,2014-04-23 15:47:12,Q1,1398000000,554000000.0,844000000.0,0.6037195994277539,0.0,554000000.0,0.0,1000000.0,584000000,1138000000.0,26000000.0,60000000.0,320000000.0,0.22889842632331903,260000000.0,0.1859799713876967,1000000.0,236000000.0,0.1688125894134478,81000000.0,155000000,0.11087267525035766,0.7832238504295098,0.7769423558897243,197900000,199500000,https://www.sec.gov/Archives/edgar/data/1418135/000141813514000018/0001418135-14-000018-index.html,https://www.sec.gov/Archives/edgar/data/1418135/000141813514000018/dps-10qx033114.htm,1620594085,17:01:25,20210509
29,2013-12-31,KDP,USD,2014-02-20,2014-02-19 19:31:14,Q4,1463000000,583000000.0,880000000.0,0.6015037593984962,0.0,583000000.0,0.0,1000000.0,616000000,1199000000.0,29000000.0,60000000.0,324000000.0,0.22146274777853725,264000000.0,0.18045112781954886,1000000.0,237000000.0,0.1619958988380041,81000000.0,156000000,0.10663021189336978,0.7803901950975488,0.7741935483870968,199900000,201500000,https://www.sec.gov/Archives/edgar/data/1418135/000141813514000008/dps-10kx123113.htm,https://www.sec.gov/Archives/edgar/data/1418135/000141813514000008/dps-10kx123113.htm,1620594085,17:01:25,20210509
30,2013-09-30,KDP,USD,2013-10-24 00:00:00,2013-10-24 12:23:50,Q3,1543000000,650000000.0,893000000.0,0.5787427090084252,0.0,563000000.0,0.0,2000000.0,593000000,1243000000.0,29000000.0,59000000.0,359000000.0,0.23266364225534672,300000000.0,0.19442644199611148,-428000000.0,-157000000.0,-0.101749837977965,-364000000.0,207000000,0.13415424497731693,1.02,1.01,203300000,204700000,https://www.sec.gov/Archives/edgar/data/1418135/000141813513000054/0001418135-13-000054-index.html,https://www.sec.gov/Archives/edgar/data/1418135/000141813513000054/dps-10qx93013.htm,1620594085,17:01:25,20210509
31,2013-06-30,KDP,USD,2013-07-24 00:00:00,2013-07-24 16:11:19,Q2,1611000000,676000000.0,935000000.0,0.5803848541278709,0.0,619000000.0,0.0,41000000.0,650000000,1326000000.0,31000000.0,58000000.0,343000000.0,0.21291123525760397,285000000.0,0.17690875232774675,41000000.0,296000000.0,0.18373680943513346,142000000.0,155000000,0.09621353196772191,0.7594316511513963,0.754257907542579,204100000,205500000,https://www.sec.gov/Archives/edgar/data/1418135/000141813513000042/0001418135-13-000042-index.html,https://www.sec.gov/Archives/edgar/data/1418135/000141813513000042/dps-10qx63013.htm,1620594085,17:01:25,20210509
32,2013-03-31,KDP,USD,2013-04-24 00:00:00,2013-04-24 14:31:43,Q1,1380000000,590000000.0,790000000.0,0.572463768115942,0.0,563000000.0,0.0,3000000.0,593000000,1183000000.0,34000000.0,57000000.0,254000000.0,0.18405797101449275,197000000.0,0.1427536231884058,3000000.0,166000000.0,0.12028985507246377,60000000.0,106000000,0.07681159420289856,0.52,0.51,204600000,206300000,https://www.sec.gov/Archives/edgar/data/1418135/000141813513000030/0001418135-13-000030-index.html,https://www.sec.gov/Archives/edgar/data/1418135/000141813513000030/dps-10qx33113.htm,1620594085,17:01:25,20210509
33,2012-12-31,KDP,USD,2013-02-21 00:00:00,2013-02-20 18:32:40,Q4,1484000000,605000000.0,879000000.0,0.5923180592991913,0.0,555000000.0,0.0,1000000.0,587000000,1192000000.0,31000000.0,58000000.0,350000000.0,0.2358490566037736,292000000.0,0.1967654986522911,1000000.0,263000000.0,0.17722371967654987,93000000.0,170000000,0.11455525606469003,0.82,0.81,207600000,209400000,https://www.sec.gov/Archives/edgar/data/1418135/000141813513000006/0001418135-13-000006-index.html,https://www.sec.gov/Archives/edgar/data/1418135/000141813513000006/dps-10kx123112.htm,1620594085,17:01:25,20210509
34,2012-09-30,KDP,USD,2012-10-24 00:00:00,2012-10-24 12:29:21,Q3,1528000000,626000000.0,902000000.0,0.5903141361256544,0.0,561000000.0,0.0,0.0,594000000,1220000000.0,31000000.0,57000000.0,365000000.0,0.23887434554973822,308000000.0,0.20157068062827224,4000000.0,281000000.0,0.18390052356020942,102000000.0,179000000,0.11714659685863875,0.85,0.84,210400000,212000000,https://www.sec.gov/Archives/edgar/data/1418135/000141813512000034/0001418135-12-000034-index.html,https://www.sec.gov/Archives/edgar/data/1418135/000141813512000034/dps-10qx93012.htm,1620594085,17:01:25,20210509
35,2012-06-30,KDP,USD,2012-07-26 00:00:00,2012-07-26 12:17:43,Q2,1621000000,685000000.0,936000000.0,0.5774213448488588,0.0,599000000.0,0.0,0.0,636000000,1321000000.0,31000000.0,65000000.0,365000000.0,0.22516964836520667,300000000.0,0.1850709438618137,1000000.0,271000000.0,0.16718075262183837,93000000.0,178000000,0.10980876002467613,0.84,0.83,211900000,213300000,https://www.sec.gov/Archives/edgar/data/1418135/000141813512000028/0001418135-12-000028-index.html,https://www.sec.gov/Archives/edgar/data/1418135/000141813512000028/dps-10qx63012.htm,1620594085,17:01:25,20210509
36,2012-03-31,KDP,USD,2012-04-25,2012-04-25 15:14:22,Q1,1362000000,584000000.0,778000000.0,0.5712187958883994,0.0,553000000.0,0.0,0.0,586000000,1170000000.0,32000000.0,60000000.0,252000000.0,0.18502202643171806,192000000.0,0.14096916299559473,3000000.0,163000000.0,0.1196769456681351,61000000.0,102000000,0.07488986784140969,0.4797742238946378,0.47685834502103785,212600000,213900000,https://www.sec.gov/Archives/edgar/data/1418135/000141813512000006/dps-20111231x10k.htm,https://www.sec.gov/Archives/edgar/data/1418135/000141813512000006/dps-20111231x10k.htm,1620594085,17:01:25,20210509
37,2011-12-31,KDP,USD,2012-02-22 00:00:00,2012-02-22 15:16:37,Q4,1461000000,604000000.0,857000000.0,0.5865845311430528,0.0,553000000.0,0.0,0.0,575000000,1179000000.0,29000000.0,65000000.0,347000000.0,0.2375085557837098,282000000.0,0.19301848049281314,-8000000.0,246000000.0,0.16837782340862423,80000000.0,166000000,0.1136208076659822,0.78,0.77,213600000,216000000,https://www.sec.gov/Archives/edgar/data/1418135/000141813512000006/0001418135-12-000006-index.html,https://www.sec.gov/Archives/edgar/data/1418135/000141813512000006/dps-20111231x10k.htm,1620594085,17:01:25,20210509
38,2011-09-30,KDP,USD,2011-10-26 00:00:00,2011-10-26 14:04:54,Q3,1529000000,672000000.0,857000000.0,0.5604970568999346,0.0,559000000.0,0.0,0.0,596000000,1268000000.0,30000000.0,56000000.0,317000000.0,0.20732504905166776,261000000.0,0.17069980379332897,4000000.0,236000000.0,0.15434924787442772,82000000.0,154000000,0.10071942446043165,0.7129629629629629,0.7057745187901008,216000000,218200000,https://www.sec.gov/Archives/edgar/data/1418135/000141813511000024/0001418135-11-000024-index.html,https://www.sec.gov/Archives/edgar/data/1418135/000141813511000024/dps-10qx93011.htm,1620594085,17:01:25,20210509
39,2011-06-30,KDP,USD,2011-07-27 00:00:00,2011-07-27 15:37:26,Q2,1582000000,662000000.0,920000000.0,0.5815423514538559,0.0,598000000.0,0.0,0.0,630000000,1292000000.0,28000000.0,54000000.0,344000000.0,0.21744627054361568,290000000.0,0.18331226295828065,3000000.0,265000000.0,0.1675094816687737,94000000.0,172000000,0.10872313527180784,0.78,0.77,221900000,224400000,https://www.sec.gov/Archives/edgar/data/1418135/000141813511000016/0001418135-11-000016-index.html,https://www.sec.gov/Archives/edgar/data/1418135/000141813511000016/dps-10qx63011.htm,1620594085,17:01:25,20210509
40,2011-03-31,KDP,USD,2011-04-27 00:00:00,2011-04-27 13:17:58,Q1,1331000000,547000000.0,784000000.0,0.5890308039068369,0.0,547000000.0,0.0,0.0,582000000,1129000000.0,27000000.0,57000000.0,259000000.0,0.19459053343350863,202000000.0,0.1517655897821187,2000000.0,178000000.0,0.13373403456048083,64000000.0,114000000,0.08564988730277986,0.51,0.5,223600000,226300000,https://www.sec.gov/Archives/edgar/data/1418135/000141813511000006/0001418135-11-000006-index.html,https://www.sec.gov/Archives/edgar/data/1418135/000141813511000006/dps10q33111.htm,1620594085,17:01:25,20210509
41,2010-12-31,KDP,USD,2011-02-22,2011-02-22 15:22:29,Q4,1412000000,554000000.0,858000000.0,0.6076487252124646,0.0,551000000.0,0.0,0.0,582000000,1136000000.0,34000000.0,58000000.0,334000000.0,0.23654390934844194,276000000.0,0.1954674220963173,-94000000.0,149000000.0,0.10552407932011332,37000000.0,112000000,0.07932011331444759,0.5008944543828264,0.5008944543828264,223600000,223600000,https://www.sec.gov/Archives/edgar/data/1418135/000144530511000302/dps2010123110k.htm,https://www.sec.gov/Archives/edgar/data/1418135/000144530511000302/dps2010123110k.htm,1620594085,17:01:25,20210509
42,2010-09-30,KDP,USD,2010-10-27 00:00:00,2010-10-27 16:52:34,Q3,1457000000,600000000.0,857000000.0,0.5881949210706932,0.0,564000000.0,0.0,0.0,597000000,1197000000.0,31000000.0,56000000.0,316000000.0,0.21688400823610157,260000000.0,0.17844886753603295,2000000.0,231000000.0,0.15854495538778313,87000000.0,144000000,0.09883321894303362,0.61,0.6,238000000,240400000,https://www.sec.gov/Archives/edgar/data/1418135/000095012310096688/0000950123-10-096688-index.html,https://www.sec.gov/Archives/edgar/data/1418135/000095012310096688/d76487e10vq.htm,1620594085,17:01:25,20210509
43,2010-06-30,KDP,USD,2010-07-29 00:00:00,2010-07-29 13:26:02,Q2,1519000000,593000000.0,926000000.0,0.6096115865701119,0.0,587000000.0,0.0,0.0,616000000,1209000000.0,29000000.0,55000000.0,365000000.0,0.24028966425279788,310000000.0,0.20408163265306123,2000000.0,284000000.0,0.1869651086240948,102000000.0,183000000,0.12047399605003292,0.75,0.74,244500000,246700000,https://www.sec.gov/Archives/edgar/data/1418135/000095012310069642/0000950123-10-069642-index.html,https://www.sec.gov/Archives/edgar/data/1418135/000095012310069642/d73118e10vq.htm,1620594085,17:01:25,20210509
44,2010-03-31,KDP,USD,2010-05-06 00:00:00,2010-05-06 13:00:16,Q1,1248000000,496000000.0,752000000.0,0.6025641025641025,0.0,531000000.0,0.0,0.0,565000000,1061000000.0,34000000.0,54000000.0,241000000.0,0.19310897435897437,187000000.0,0.14983974358974358,3000000.0,157000000.0,0.12580128205128205,68000000.0,89000000,0.07131410256410256,0.35136202131859456,0.3488827910623285,253300000,255100000,https://www.sec.gov/Archives/edgar/data/1418135/000095012310045289/0000950123-10-045289-index.html,https://www.sec.gov/Archives/edgar/data/1418135/000095012310045289/d72288e10vq.htm,1620594085,17:01:25,20210509
45,2009-12-31,KDP,USD,2010-03-01 00:00:00,2010-02-26 21:22:45,Q4,1356000000,528000000.0,828000000.0,0.6106194690265486,0.0,539000000.0,0.0,0.0,577000000,1105000000.0,85000000.0,56000000.0,307000000.0,0.22640117994100295,251000000.0,0.1851032448377581,-3000000.0,164000000.0,0.12094395280235988,50000000.0,114000000,0.084070796460177,0.4500592183181998,0.4500592183181998,253300000,253300000,https://www.sec.gov/Archives/edgar/data/1418135/000095012310018549/0000950123-10-018549-index.html,https://www.sec.gov/Archives/edgar/data/1418135/000095012310018549/d70873e10vk.htm,1620594085,17:01:25,20210509
46,2009-09-30,KDP,USD,2009-11-05 00:00:00,2009-11-05 14:30:19,Q3,1434000000,579000000.0,855000000.0,0.5962343096234309,0.0,547000000.0,0.0,0.0,583000000,1162000000.0,51000000.0,52000000.0,324000000.0,0.22594142259414227,272000000.0,0.1896792189679219,20000000.0,242000000.0,0.16875871687587168,92000000.0,151000000,0.10529986052998605,0.5940204563335956,0.5909980430528375,254200000,255500000,https://www.sec.gov/Archives/edgar/data/1418135/000095012309058290/0000950123-09-058290-index.html,https://www.sec.gov/Archives/edgar/data/1418135/000095012309058290/d69848e10vq.htm,1620594085,17:01:25,20210509
47,2009-06-30,KDP,USD,2009-08-13 00:00:00,2009-08-13 12:37:08,Q2,1481000000,596000000.0,885000000.0,0.5975692099932478,0.0,550000000.0,0.0,0.0,588000000,1184000000.0,52000000.0,50000000.0,347000000.0,0.23430114787305875,297000000.0,0.20054017555705606,2000000.0,248000000.0,0.1674544226873734,91000000.0,158000000,0.10668467251856853,0.6215578284815106,0.6193649549196394,254200000,255100000,https://www.sec.gov/Archives/edgar/data/1418135/000095012309034487/0000950123-09-034487-index.html,https://www.sec.gov/Archives/edgar/data/1418135/000095012309034487/d68778e10vq.htm,1620594085,17:01:25,20210509
48,2009-03-31,KDP,USD,2009-05-13 00:00:00,2009-05-13 14:35:57,Q1,1260000000,531000000.0,729000000.0,0.5785714285714286,0.0,499000000.0,0.0,0.0,464000000,995000000.0,55000000.0,49000000.0,314000000.0,0.2492063492063492,265000000.0,0.21031746031746032,3000000.0,214000000.0,0.16984126984126985,82000000.0,132000000,0.10476190476190476,0.5192761605035405,0.5190719622493118,254200000,254300000,https://www.sec.gov/Archives/edgar/data/1418135/000095013409010540/0000950134-09-010540-index.html,https://www.sec.gov/Archives/edgar/data/1418135/000095013409010540/d67416e10vq.htm,1620594085,17:01:25,20210509
49,2008-12-31,KDP,USD,2009-03-26 00:00:00,2009-03-26 15:08:20,Q4,1341000000,587000000.0,754000000.0,0.5622669649515287,0.0,489000000.0,0.0,0.0,1564000000,2151000000.0,58000000.0,62000000.0,-748000000.0,-0.5577926920208799,-810000000.0,-0.6040268456375839,-1061000000.0,-882000000.0,-0.6577181208053692,-260000000.0,-621000000,-0.46308724832214765,-2.4429583005507474,-2.4429583005507474,254200000,254200000,https://www.sec.gov/Archives/edgar/data/1418135/000095013409006140/0000950134-09-006140-index.html,https://www.sec.gov/Archives/edgar/data/1418135/000095013409006140/d66682e10vk.htm,1620594085,17:01:25,20210509
50,2008-09-30,KDP,USD,2008-11-13 00:00:00,2008-11-13 15:40:21,Q3,1505000000,720000000.0,785000000.0,0.521594684385382,0.0,542000000.0,0.0,0.0,565000000,1285000000.0,59000000.0,47000000.0,267000000.0,0.17740863787375416,220000000.0,0.1461794019933555,6000000.0,164000000.0,0.10897009966777409,59000000.0,106000000,0.07043189368770764,0.41,0.41,254200000,254200000,https://www.sec.gov/Archives/edgar/data/1418135/000095013408020452/0000950134-08-020452-index.html,https://www.sec.gov/Archives/edgar/data/1418135/000095013408020452/d65131e10vq.htm,1620594085,17:01:25,20210509
51,2008-06-30,KDP,USD,2008-08-13 00:00:00,2008-08-13 16:36:59,Q2,1557000000,706000000.0,851000000.0,0.5465639049454079,0.0,536000000.0,0.0,0.0,568000000,1274000000.0,92000000.0,51000000.0,334000000.0,0.2145150931278099,283000000.0,0.1817597944765575,-17000000.0,188000000.0,0.12074502247912652,80000000.0,108000000,0.06936416184971098,0.42,0.42,254000000,254000000,https://www.sec.gov/Archives/edgar/data/1418135/000095013408015122/0000950134-08-015122-index.html,https://www.sec.gov/Archives/edgar/data/1418135/000095013408015122/d59032e10vq.htm,1620594085,17:01:25,20210509
52,2008-03-31,KDP,USD,2008-06-05 00:00:00,2008-06-05 12:14:17,Q1,1307000000,577000000.0,730000000.0,0.558530986993114,0.0,508000000.0,0.0,0.0,534000000,1111000000.0,48000000.0,48000000.0,244000000.0,0.18668706962509563,196000000.0,0.1499617444529457,-8000000.0,155000000.0,0.11859219586840092,60000000.0,95000000,0.07268553940321347,0.38,0.38,250000000,250000000,https://www.sec.gov/Archives/edgar/data/1418135/000095013408010797/0000950134-08-010797-index.html,https://www.sec.gov/Archives/edgar/data/1418135/000095013408010797/d57097e10vq.htm,1620594085,17:01:25,20210509
53,2007-12-31,KDP,USD,2007-12-31,2007-12-31,Q4,1401000000,0.0,0.0,0.0,0.0,0.0,0.0,0.0,1075000000,0.0,0.0,42000000.0,-3301000000.0,-2.356174161313348,-3343000000.0,-2.3861527480371163,0.0,0.0,0.0,0.0,138000000,0.09850107066381156,0.552,0.552,250000000,250000000,,,1620594085,17:01:25,20210509
