,date,symbol,reportedCurrency,fillingDate,acceptedDate,period,revenue,costOfRevenue,grossProfit,grossProfitRatio,researchAndDevelopmentExpenses,generalAndAdministrativeExpenses,sellingAndMarketingExpenses,otherExpenses,operatingExpenses,costAndExpenses,interestExpense,depreciationAndAmortization,ebitda,ebitdaratio,operatingIncome,operatingIncomeRatio,totalOtherIncomeExpensesNet,incomeBeforeTax,incomeBeforeTaxRatio,incomeTaxExpense,netIncome,netIncomeRatio,eps,epsdiluted,weightedAverageShsOut,weightedAverageShsOutDil,link,finalLink,timestamp,est_time,est_date
0,2020-12-31,UTTAMSTL.NS,INR,2020-12-31,2020-12-31,Q4,1845600000,849100000,996500000,0.5399328131772865,0.0,0.0,0.0,48900000.0,1595000000,2444100000,0.0,588600000,-9900000.0,-0.005364109232769831,-598500000,-0.32428478543563066,0.0,-326100000,-0.17669050715214565,-57900000.0,-268200000,-0.1453185955786736,-1.89,-1.89,141904762,141904762,https://www.nseindia.com/companies-listing/corporate-filings-annual-reports,https://www.nseindia.com/companies-listing/corporate-filings-annual-reports,1620599382,18:29:42,20210509
1,2020-09-30,UTTAMSTL.NS,INR,2020-09-30,2020-09-30,Q3,1891000000,768700000,1122300000,0.5934955050237969,0.0,0.0,0.0,58400000.0,1552900000,2321600000,0.0,588700000,158100000.0,0.08360655737704918,-430600000,-0.22771020624008462,0.0,193100000,0.10211528291909043,0.0,193100000,0.10211528291909043,1.36,1.36,141985294,141985294,https://www.nseindia.com/companies-listing/corporate-filings-annual-reports,https://www.nseindia.com/companies-listing/corporate-filings-annual-reports,1620599382,18:29:42,20210509
2,2020-06-30,UTTAMSTL.NS,INR,2020-06-30,2020-06-30,Q2,883000000,360100000,522900000,0.5921857304643262,0.0,0.0,0.0,7600000.0,1279500000,1639600000,240300000.0,582300000,-174300000.0,-0.19739524348810872,-756600000,-0.8568516421291054,0.0,-1596100000,-1.8075877689694224,0.0,-1596100000,-1.8075877689694224,-11.21,-11.21,142381802,142381802,https://www.nseindia.com/companies-listing/corporate-filings-annual-reports,https://www.nseindia.com/companies-listing/corporate-filings-annual-reports,1620599382,18:29:42,20210509
3,2020-03-31,UTTAMSTL.NS,INR,2020-03-31,2020-03-31,Q1,1186700000,2796200000,-1609500000,-1.3562821269065475,0.0,0.0,0.0,244100000.0,6946700000,9742900000,-736200000.0,615500000,-7940700000.0,-6.691413162551614,-8556200000,-7.210078368585152,0.0,-5360400000,-4.5170641274121515,0.0,-5325600000,-4.4877391084520095,-37.50810981875348,-37.50810981875348,141985294,141985294,https://www.nseindia.com/companies-listing/corporate-filings-annual-reports,https://www.nseindia.com/companies-listing/corporate-filings-annual-reports,1620599382,18:29:42,20210509
4,2019-12-31,UTTAMSTL.NS,INR,2019-12-31,2019-12-31,Q4,1500000000,447200000,1052800000,0.7018666666666666,0.0,0.0,0.0,13800000.0,1767800000,2215000000,511700000.0,622400000,-92600000.0,-0.061733333333333335,-715000000,-0.4766666666666667,0.0,-2769500000,-1.8463333333333334,0.0,-2768800000,-1.8458666666666668,-19.47,-19.47,142208526,142208526,https://www.nseindia.com/companies-listing/corporate-filings-annual-reports,https://www.nseindia.com/companies-listing/corporate-filings-annual-reports,1620599382,18:29:42,20210509
5,2019-09-30,UTTAMSTL.NS,INR,2019-09-30,2019-09-30,Q3,1400100000,624900000,775200000,0.5536747375187486,0.0,0.0,0.0,16800000.0,1509000000,2133900000,1080800000.0,623100000,-110700000.0,-0.07906578101564174,-733800000,-0.5241054210413542,0.0,-3354500000,-2.395900292836226,0.0,-3353500000,-2.3951860581387043,-23.57,-23.57,142278320,142278320,https://www.nseindia.com/companies-listing/corporate-filings-annual-reports,https://www.nseindia.com/companies-listing/corporate-filings-annual-reports,1620599382,18:29:42,20210509
6,2019-06-30,UTTAMSTL.NS,INR,2019-06-30,2019-06-30,Q2,1122400000,243700000,878700000,0.7828759800427655,0.0,0.0,0.0,5400000.0,1470100000,1713800000,124100000.0,616400000,25000000.0,0.022273699215965788,-591400000,-0.5269066286528866,0.0,-2693800000,-2.4000356379187457,0.0,-2693800000,-2.4000356379187457,-18.94,-18.94,142228089,142228089,https://www.nseindia.com/companies-listing/corporate-filings-annual-reports,https://www.nseindia.com/companies-listing/corporate-filings-annual-reports,1620599382,18:29:42,20210509
7,2019-03-31,UTTAMSTL.NS,INR,2019-03-31,2019-03-31,Q1,2771200000,4297200000,-1526000000,-0.5506639722863741,0.0,0.0,0.0,100000000.0,8172300000,12469500000,-1456100000.0,623700000,-9074600000.0,-3.274610277136259,-9698300000,-3.4996752309468824,0.0,-6562300000,-2.368035508083141,0.0,-6560400000,-2.367349884526559,-46.204785123732606,-46.204785123732606,141985294,141985294,https://www.nseindia.com/companies-listing/corporate-filings-annual-reports,https://www.nseindia.com/companies-listing/corporate-filings-annual-reports,1620599382,18:29:42,20210509
8,2018-12-31,UTTAMSTL.NS,INR,2018-12-31,2018-12-31,Q4,1371200000,850800000,520400000,0.3795215869311552,0.0,0.0,0.0,16800000.0,1414800000,2265600000,2922800000.0,637300000,-257100000.0,-0.1875,-894400000,-0.6522753792298717,0.0,-5369300000,-3.915767211201867,0.0,-5368000000,-3.9148191365227536,-37.74,-37.74,142236354,142236354,https://www.nseindia.com/companies-listing/corporate-filings-annual-reports,https://www.nseindia.com/companies-listing/corporate-filings-annual-reports,1620599382,18:29:42,20210509
9,2018-09-30,UTTAMSTL.NS,INR,2018-09-30,2018-09-30,Q3,1459100000,573800000,885300000,0.6067438832156808,0.0,0.0,0.0,12500000.0,1560500000,2134300000,3399700000.0,637400000,-37800000.0,-0.025906380645603456,-675200000,-0.4627510108971284,0.0,-5848200000,-4.008087177026934,0.0,-5847600000,-4.007675964635735,-41.11,-41.11,142242763,142242763,https://www.nseindia.com/companies-listing/corporate-filings-annual-reports,https://www.nseindia.com/companies-listing/corporate-filings-annual-reports,1620599382,18:29:42,20210509
10,2018-06-30,UTTAMSTL.NS,INR,2018-06-30,2018-06-30,Q2,1993000000,1099700000,893300000,0.44821876567987956,0.0,0.0,0.0,20100000.0,1489400000,2589100000,3109100000.0,630500000,34400000.0,0.01726041144004014,-596100000,-0.299096838936277,0.0,-3685100000,-1.8490215755143,0.0,-3685100000,-1.8490215755143,-25.9,-25.9,142281853,142281853,https://www.nseindia.com/companies-listing/corporate-filings-annual-reports,https://www.nseindia.com/companies-listing/corporate-filings-annual-reports,1620599382,18:29:42,20210509
11,2017-06-30,UTTAMSTL.NS,INR,2017-06-30,2017-06-30,Q2,9333000000,7867900000,1465100000,0.15698060645023038,0.0,0.0,0.0,165000000.0,2020800000,9888700000,1534600000.0,643200000,87500000.0,0.009375334833386907,-555700000,-0.05954141219329262,0.0,-1925300000,-0.20628951033965498,0.0,-1925300000,-0.20628951033965498,-13.53,-13.53,142298596,142298596,https://www.nseindia.com/companies-listing/corporate-filings-annual-reports,https://www.nseindia.com/companies-listing/corporate-filings-annual-reports,1620599382,18:29:42,20210509
12,2017-03-31,UTTAMSTL.NS,INR,2017-03-31,2017-03-31,Q1,8939300000,6913200000,2026100000,0.22665085633103263,0.0,0.0,0.0,183900000.0,2191600000,9104800000,463200000.0,634900000,469400000.0,0.05250970433926594,-165500000,-0.01851375387334579,0.0,-444800000,-0.04975781101428523,-1833600000.0,1388800000,0.15535892072086183,9.76,9.76,142295082,142295082,https://www.nseindia.com/companies-listing/corporate-filings-annual-reports,https://www.nseindia.com/companies-listing/corporate-filings-annual-reports,1620599382,18:29:42,20210509
13,2016-12-31,UTTAMSTL.NS,INR,2016-12-31,2016-12-31,Q4,10366100000,8350100000,2016000000,0.19448008412035384,0.0,0.0,0.0,93900000.0,1994100000,10344200000,2688600000.0,648900000,670800000.0,0.06471093275195107,21900000,0.0021126556757121774,0.0,-2572800000,-0.24819363116311824,0.0,-2572800000,-0.24819363116311824,-18.085183,-18.085183,142260103,142260103,https://www.nseindia.com/companies-listing/corporate-filings-annual-reports,https://www.nseindia.com/companies-listing/corporate-filings-annual-reports,1620599382,18:29:42,20210509
14,2016-09-30,UTTAMSTL.NS,INR,2016-09-30,2016-09-30,Q3,11732100000,9086300000,2645800000,0.2255180232013024,0.0,0.0,0.0,0.0,1023300000,10109600000,0.0,780000000,2402500000.0,0.2047800479027625,1622500000,0.1382957867730415,0.0,-935600000,-0.07974701886277819,0.0,-935600000,-0.07974701886277819,-3.9,-3.9,239897436,239897436,https://www.nseindia.com/companies-listing/corporate-filings-annual-reports,https://www.nseindia.com/companies-listing/corporate-filings-annual-reports,1620599382,18:29:42,20210509
15,2016-06-30,UTTAMSTL.NS,INR,2016-06-30,2016-06-30,Q2,12475100000,9967000000,2508100000,0.20104848858926982,0.0,0.0,0.0,0.0,1048800000,11015800000,0.0,789400000,2248700000.0,0.18025506809564654,1459300000,0.11697701822029483,0.0,-2512000000,-0.20136111133377688,0.0,-2512000000,-0.20136111133377688,-17.66,-17.66,142260000,142260000,https://www.nseindia.com/companies-listing/corporate-filings-annual-reports,https://www.nseindia.com/companies-listing/corporate-filings-annual-reports,1620599382,18:29:42,20210509
16,2016-03-31,UTTAMSTL.NS,INR,2016-03-31,2016-03-31,Q1,17293500000,15990300000,1303200000,0.07535779339058028,0.0,0.0,0.0,0.0,988300000,16978600000,0.0,713500000,1028400000.0,0.05946742995923324,314900000,0.01820915372827941,0.0,-10916100000,-0.6312256049960968,413300000.0,-11329400000,-0.6551247578569983,-79.64,-79.64,142260000,142260000,https://www.nseindia.com/companies-listing/corporate-filings-annual-reports,https://www.nseindia.com/companies-listing/corporate-filings-annual-reports,1620599382,18:29:42,20210509
17,2015-12-31,UTTAMSTL.NS,INR,2015-12-31,2015-12-31,Q4,15153600000,15117100000,36500000,0.0024086685672051527,0.0,0.0,0.0,0.0,989600000,16106700000,0.0,718500000,-234600000.0,-0.015481469749762432,-953100000,-0.06289594551789673,0.0,-4245000000,-0.2801314539119417,0.0,-4245000000,-0.2801314539119417,-29.84,-29.84,142260000,142260000,https://www.nseindia.com/companies-listing/corporate-filings-annual-reports,https://www.nseindia.com/companies-listing/corporate-filings-annual-reports,1620599382,18:29:42,20210509
18,2015-09-30,UTTAMSTL.NS,INR,2015-09-30,2015-09-30,Q3,19598500000,16205500000,3393000000,0.173125494298033,0.0,0.0,0.0,0.0,979500000,17185000000,0.0,710200000,3123700000.0,0.15938464678419267,2413500000,0.12314717963109421,0.0,31200000,0.001591958568257775,10900000.0,20300000,0.0010357935556292574,0.14,0.14,145000000,145000000,https://www.nseindia.com/companies-listing/corporate-filings-annual-reports,https://www.nseindia.com/companies-listing/corporate-filings-annual-reports,1620599382,18:29:42,20210509
19,2015-06-30,UTTAMSTL.NS,INR,2015-06-30,2015-06-30,Q2,17198200000,12510700000,4687500000,0.27255759323650147,0.0,0.0,0.0,0.0,952600000,13463300000,0.0,676300000,4411200000.0,0.25649195846076916,3734900000,0.21716807572885535,0.0,28300000,0.0016455210428998385,9700000.0,18600000,0.001081508529962438,0.13,0.13,142250000,142250000,https://www.nseindia.com/companies-listing/corporate-filings-annual-reports,https://www.nseindia.com/companies-listing/corporate-filings-annual-reports,1620599382,18:29:42,20210509
20,2015-03-31,UTTAMSTL.NS,INR,2015-03-31,2015-03-31,Q1,20541100000,17443700000,3097400000,0.1507903666308036,0.0,0.0,0.0,0.0,801900000,18245600000,0.0,523600000,2819100000.0,0.13724191985823544,2295500000,0.11175156150352221,0.0,121200000,0.005900365608463033,25400000.0,95800000,0.0046638203406828265,0.67,0.67,142260000,142260000,https://www.nseindia.com/companies-listing/corporate-filings-annual-reports,https://www.nseindia.com/companies-listing/corporate-filings-annual-reports,1620599382,18:29:42,20210509
21,2014-12-31,UTTAMSTL.NS,INR,2014-12-31,2014-12-31,Q4,16396800000,13498200000,2898600000,0.17677839578454332,0.0,0.0,0.0,0.0,855500000,14353700000,0.0,595000000,2638100000.0,0.16089114949258393,2043100000,0.12460358118657298,0.0,69300000,0.0042264344262295086,14500000.0,54800000,0.0033421155347384854,0.39,0.39,140512821,140512821,https://www.nseindia.com/companies-listing/corporate-filings-annual-reports,https://www.nseindia.com/companies-listing/corporate-filings-annual-reports,1620599382,18:29:42,20210509
22,2014-09-30,UTTAMSTL.NS,INR,2014-09-30,2014-09-30,Q3,16568800000,13470700000,3098100000,0.186983969871083,0.0,0.0,0.0,0.0,2384300000,15855000000,0.0,598600000,1312400000.0,0.07920911592873352,713800000,0.043080971464439184,0.0,115700000,0.006983004200666313,54200000.0,61500000,0.003711795664139829,0.43,0.43,143023256,143023256,https://www.nseindia.com/companies-listing/corporate-filings-annual-reports,https://www.nseindia.com/companies-listing/corporate-filings-annual-reports,1620599382,18:29:42,20210509
23,2014-06-30,UTTAMSTL.NS,INR,2014-06-30,2014-06-30,Q2,16190500000,12987400000,3203100000,0.19783823847317872,0.0,0.0,0.0,0.0,2186900000,15174300000,0.0,522200000,1538400000.0,0.09501868379605324,1016200000,0.06276520181587968,0.0,247200000,0.015268212840863469,151800000.0,95400000,0.0058923442759643,0.67,0.67,142388060,142388060,https://www.nseindia.com/companies-listing/corporate-filings-annual-reports,https://www.nseindia.com/companies-listing/corporate-filings-annual-reports,1620599382,18:29:42,20210509
24,2014-03-31,UTTAMSTL.NS,INR,2014-03-31,2014-03-31,Q1,15233800000,13381000000,1852800000,0.12162428284472686,0.0,0.0,0.0,0.0,2105400000,15486400000,383600000.0,454200000,201600000.0,0.013233730257716394,-252600000,-0.016581548924102983,0.0,170100000,0.011165959904948208,81100000.0,94500000,0.0062033110583045595,0.6655618855851367,0.6655618855851367,141985294,141985294,https://www.nseindia.com/companies-listing/corporate-filings-annual-reports,https://www.nseindia.com/companies-listing/corporate-filings-annual-reports,1620599382,18:29:42,20210509
25,2013-12-31,UTTAMSTL.NS,INR,2013-12-31,2013-12-31,Q4,16170200000,12895300000,3274900000,0.20252687041595033,0.0,0.0,0.0,0.0,2286400000,15181700000,708900000.0,587600000,1576100000.0,0.09746941905480452,988500000,0.061130969313923145,0.0,216500000,0.013388826359599757,134400000.0,82100000,0.005077240850453303,0.58,0.58,141551724,141551724,https://www.nseindia.com/companies-listing/corporate-filings-annual-reports,https://www.nseindia.com/companies-listing/corporate-filings-annual-reports,1620599382,18:29:42,20210509
26,2013-09-30,UTTAMSTL.NS,INR,2013-09-30,2013-09-30,Q3,9941900000,7392100000,2549800000,0.25647009123004655,0.0,534900000.0,0.0,0.0,275000000,7667100000,0.0,595400000,2870200000.0,0.2886973314959917,2274800000,0.22880938251239702,0.0,185700000,0.01867852221406371,128800000.0,56900000,0.005723252094670033,0.4,0.4,142250000,142250000,https://www.nseindia.com/companies-listing/corporate-filings-annual-reports,https://www.nseindia.com/companies-listing/corporate-filings-annual-reports,1620599382,18:29:42,20210509
27,2013-06-30,UTTAMSTL.NS,INR,2013-06-30,2013-06-30,Q2,13367600000,8655100000,4712500000,0.3525314940602651,0.0,0.0,0.0,0.0,2098900000,10754000000,0.0,519800000,3133400000.0,0.23440258535563602,2613600000,0.19551751997366767,0.0,160600000,0.01201412370208564,119300000.0,63200000,0.00472784942697268,0.44,0.44,55665952,55665952,https://www.nseindia.com/companies-listing/corporate-filings-annual-reports,https://www.nseindia.com/companies-listing/corporate-filings-annual-reports,1620599382,18:29:42,20210509
28,2013-03-31,UTTAMSTL.NS,INR,2013-03-31,2013-03-31,Q1,13135400000,10412700000,2722700000,0.20727956514457116,0.0,0.0,0.0,0.0,6340100000,16752800000,0.0,464100000,-3153300000.0,-0.24006120864229485,-3617400000,-0.27539321223563806,0.0,567700000,0.04321908735173653,353200000.0,214500000,0.01632991762717542,1.5107198355345166,1.5107198355345166,141985294,141985294,https://www.nseindia.com/companies-listing/corporate-filings-annual-reports,https://www.nseindia.com/companies-listing/corporate-filings-annual-reports,1620599382,18:29:42,20210509
29,2012-12-31,UTTAMSTL.NS,INR,2012-12-31,2012-12-31,Q4,14605400000,11831600000,2773800000,0.1899160584441371,0.0,0.0,0.0,0.0,659000000,12490600000,0.0,459100000,2573900000.0,0.17622933983321237,2114800000,0.14479576047215414,0.0,252100000,0.01726073917865995,132600000.0,119500000,0.008181905322688868,0.98,0.98,121938775,121938775,https://www.nseindia.com/companies-listing/corporate-filings-annual-reports,https://www.nseindia.com/companies-listing/corporate-filings-annual-reports,1620599382,18:29:42,20210509
30,2012-09-30,UTTAMSTL.NS,INR,2012-09-30,2012-09-30,Q3,14390600000,11143200000,3247400000,0.22566119550261976,0.0,0.0,0.0,6500000.0,2040100000,13183300000,777400000.0,459000000,1666300000.0,0.11579086348032744,1207300000,0.08389504259725099,0.0,242400000,0.01684432893694495,130800000.0,111600000,0.0077550623323558434,0.91,0.91,122637363,122637363,https://www.nseindia.com/companies-listing/corporate-filings-annual-reports,https://www.nseindia.com/companies-listing/corporate-filings-annual-reports,1620599382,18:29:42,20210509
31,2012-06-30,UTTAMSTL.NS,INR,2012-06-30,2012-06-30,Q2,20577200000,9732200000,10845000000,0.5270396361020936,0.0,8934000000.0,0.0,11300000.0,9812400000,19544600000,814300000.0,454000000,1486600000.0,0.07224500903913068,1032600000,0.05018175456330307,0.0,229600000,0.011157980677643217,97200000.0,102400000,0.004976381626265965,0.84,0.84,121904762,121904762,https://www.nseindia.com/companies-listing/corporate-filings-annual-reports,https://www.nseindia.com/companies-listing/corporate-filings-annual-reports,1620599382,18:29:42,20210509
32,2012-03-31,UTTAMSTL.NS,INR,2012-03-31,2012-03-31,Q1,17172500000,2126200000,15046300000,0.876185762119668,0.0,0.0,0.0,0.0,19373300000,21499500000,0.0,351000000,-3976000000.0,-0.23153297423205707,-4327000000,-0.25197263065948466,0.0,803600000,0.04679574901732421,452100000.0,351500000,0.020468772747124764,2.475608495060059,2.475608495060059,141985294,141985294,https://www.nseindia.com/companies-listing/corporate-filings-annual-reports,https://www.nseindia.com/companies-listing/corporate-filings-annual-reports,1620599382,18:29:42,20210509
33,2011-12-31,UTTAMSTL.NS,INR,2011-12-31,2011-12-31,Q4,11053100000,9840600000,1212500000,0.10969773185803078,0.0,0.0,0.0,0.0,488300000,10328900000,0.0,319800000,1044000000.0,0.09445313984312094,724200000,0.06552008033945228,0.0,163300000,0.014774135762817671,53000000.0,110300000,0.009979100885724367,0.9,0.9,122555555,122555555,https://www.nseindia.com/companies-listing/corporate-filings-annual-reports,https://www.nseindia.com/companies-listing/corporate-filings-annual-reports,1620599382,18:29:42,20210509
34,2011-09-30,UTTAMSTL.NS,INR,2011-09-30,2011-09-30,Q3,12916100000,9680300000,3235800000,0.250524539141072,0.0,1632800000.0,0.0,0.0,2436100000,12116400000,0.0,309600000,1109300000.0,0.08588505818319772,799700000,0.06191497433435789,0.0,263900000,0.020431864107586656,23500000.0,178300000,0.013804476583488825,1.46,1.46,122123288,122123288,https://www.nseindia.com/companies-listing/corporate-filings-annual-reports,https://www.nseindia.com/companies-listing/corporate-filings-annual-reports,1620599382,18:29:42,20210509
35,2011-06-30,UTTAMSTL.NS,INR,2011-06-30,2011-06-30,Q2,15332100000,7604400000,7727700000,0.5040209756002113,0.0,1686700000.0,0.0,14400000.0,6951700000,14556100000,655700000.0,305400000,1081400000.0,0.07053176016331748,776000000,0.050612766679058965,0.0,134700000,0.008785489267615004,43700000.0,91000000,0.005935260010044286,3.27,3.27,27828746,27828746,https://www.nseindia.com/companies-listing/corporate-filings-annual-reports,https://www.nseindia.com/companies-listing/corporate-filings-annual-reports,1620599382,18:29:42,20210509
36,2010-09-30,UTTAMSTL.NS,INR,2010-09-30,2010-09-30,Q3,13040200000,164300000,12875900000,0.9874004999923314,0.0,10497400000.0,0.0,100000.0,12089300000,12253600000,440200000.0,300100000,1086700000.0,0.08333461143234,786600000,0.06032116071839389,0.0,346500000,0.026571678348491588,77400000.0,231400000,0.0177451266084876,1.89,1.89,122433862,122433862,https://www.nseindia.com/companies-listing/corporate-filings-annual-reports,https://www.nseindia.com/companies-listing/corporate-filings-annual-reports,1620599382,18:29:42,20210509
37,2009-09-30,UTTAMSTL.NS,INR,2009-09-30,2009-09-30,Q3,11025600000,8781200000,2244400000,0.20356261790741548,0.0,0.0,0.0,0.0,1478600000,10259800000,388400000.0,277700000,1043500000.0,0.09464337541721085,765800000,0.06945653751269772,0.0,377500000,0.03423849949209113,159800000.0,217700000,0.019744957190538384,1.82,1.59,119615385,136918239,https://www.nseindia.com/companies-listing/corporate-filings-annual-reports,https://www.nseindia.com/companies-listing/corporate-filings-annual-reports,1620599382,18:29:42,20210509
38,2009-06-30,UTTAMSTL.NS,INR,2009-06-30,2009-06-30,Q2,10733300000,9304800000,1428500000,0.13309047543625913,0.0,0.0,0.0,0.0,399800000,9704600000,340200000.0,275800000,1304500000.0,0.12153764452684636,1028700000,0.09584191255252346,0.0,416500000,0.03880446833685819,70800000.0,345700000,0.032208174559548323,3.03,2.64,67580161,130946970,https://www.nseindia.com/companies-listing/corporate-filings-annual-reports,https://www.nseindia.com/companies-listing/corporate-filings-annual-reports,1620599382,18:29:42,20210509
39,2008-09-30,UTTAMSTL.NS,INR,2008-09-30,2008-09-30,Q3,13617300000,11327500000,2289800000,0.16815374560301968,0.0,0.0,0.0,0.0,1638800000,12966300000,409900000.0,217600000,868600000.0,0.0637865068699375,651000000,0.047806833953867506,0.0,241100000,0.017705418842208075,28500000.0,212600000,0.015612492931785302,1.87,1.62,113689840,131234568,https://www.nseindia.com/companies-listing/corporate-filings-annual-reports,https://www.nseindia.com/companies-listing/corporate-filings-annual-reports,1620599382,18:29:42,20210509
40,2008-06-30,UTTAMSTL.NS,INR,2008-06-30,2008-06-30,Q2,7935100000,7509000000,426100000,0.053698126047560836,0.0,0.0,0.0,0.0,313900000,7822900000,429800000.0,213000000,325200000.0,0.040982470290229486,112200000,0.014139708384267369,0.0,323600000,0.04078083452004386,57700000.0,265900000,0.033509344557724544,2.33,1.8,74081507,147722222,https://www.nseindia.com/companies-listing/corporate-filings-annual-reports,https://www.nseindia.com/companies-listing/corporate-filings-annual-reports,1620599382,18:29:42,20210509
