,date,symbol,reportedCurrency,fillingDate,acceptedDate,period,revenue,costOfRevenue,grossProfit,grossProfitRatio,researchAndDevelopmentExpenses,generalAndAdministrativeExpenses,sellingAndMarketingExpenses,otherExpenses,operatingExpenses,costAndExpenses,interestExpense,depreciationAndAmortization,ebitda,ebitdaratio,operatingIncome,operatingIncomeRatio,totalOtherIncomeExpensesNet,incomeBeforeTax,incomeBeforeTaxRatio,incomeTaxExpense,netIncome,netIncomeRatio,eps,epsdiluted,weightedAverageShsOut,weightedAverageShsOutDil,link,finalLink,timestamp,est_time,est_date
0,2020-12-31,8645.HK,MYR,2020-12-31,2020-12-31,Q4,9741000.0,6994000.0,2747000.0,0.2820039010368545,0.0,2865000.0,276000.0,67000.0,3141000.0,10135000.0,39000.0,0.0,-236000.0,-0.024227492043937995,-394000.0,-0.040447592649625295,0.0,-152000.0,-0.015604147418129556,331000.0,-517000.0,-0.05307463299455908,-0.0009,-0.0009,600000000,600000000,https://www1.hkexnews.hk/search/titlesearch.xhtml,https://www1.hkexnews.hk/search/titlesearch.xhtml,1620585952,14:45:52,20210509
1,2020-09-30,8645.HK,MYR,2020-09-30,2020-09-30,Q3,8582000.0,5414000.0,3168000.0,0.3691447215101375,0.0,2818000.0,176000.0,165000.0,2994000.0,8408000.0,32000.0,1090750.0,1264750.0,0.14737240736425075,174000.0,0.02027499417385225,0.0,416000.0,0.04847354928920997,423000.0,-44000.0,-0.005127010020974132,-0.0001,-0.0001,600000000,600000000,https://www1.hkexnews.hk/search/titlesearch.xhtml,https://www1.hkexnews.hk/search/titlesearch.xhtml,1620585952,14:45:52,20210509
2,2020-06-30,8645.HK,MYR,2020-06-30,2020-06-30,Q2,9147733.0,6173338.0,2974395.0,0.3251510510855531,0.0,3246924.0,214943.0,-237145.0,3461867.0,9635205.0,41164.0,1090750.0,603278.0,0.0659483611950633,-487472.0,-0.05328883123283113,0.0,-1676945.0,-0.18331809640705518,-178850.0,-1454317.0,-0.1589811377310641,-0.0024238616666666666,-0.0024238616666666666,600000000,600000000,https://www1.hkexnews.hk/search/titlesearch.xhtml,https://www1.hkexnews.hk/search/titlesearch.xhtml,1620585952,14:45:52,20210509
3,2020-03-31,8645.HK,MYR,2020-03-31,2020-03-31,Q1,8401121.0,6446370.0,1954751.0,0.23267740102779141,0.0,2000692.0,217152.0,220751.0,2217844.0,8664214.0,130354.0,1090750.0,827657.0,0.09851744785011429,-263093.0,-0.03131641598781877,0.0,1813112.0,0.21581786525869584,39445.0,1840695.0,0.21910111757704717,0.0031,0.003068,600000000,600000000,https://www1.hkexnews.hk/search/titlesearch.xhtml,https://www1.hkexnews.hk/search/titlesearch.xhtml,1620585952,14:45:52,20210509
4,2019-12-31,8645.HK,MYR,2019-12-31,2019-12-31,Q4,9694139.0,5385939.0,4308200.0,0.44441285605663383,0.0,5204047.0,224948.0,103246.0,5428995.0,10814934.0,91280.0,0.0,-1314141.0,-0.1355603628130358,-1120795.0,-0.11561573441437141,0.0,-1616568.0,-0.1667572540480387,513898.0,-2130184.0,-0.21973937035563448,-0.0044,-0.0044,487500000,487500000,https://www1.hkexnews.hk/search/titlesearch.xhtml,https://www1.hkexnews.hk/search/titlesearch.xhtml,1620585952,14:45:52,20210509
5,2019-09-30,8645.HK,MYR,2019-09-30,2019-09-30,Q3,9881000.0,6169000.0,3712000.0,0.37567047869648823,0.0,1740000.0,253000.0,3000.0,1993000.0,8162000.0,95000.0,0.0,1865000.0,0.18874607833215262,1719000.0,0.17397024592652566,0.0,1956000.0,0.19795567250278312,750000.0,1226000.0,0.12407651047464832,0.002043,0.002043,600000000,600000000,https://www1.hkexnews.hk/search/titlesearch.xhtml,https://www1.hkexnews.hk/search/titlesearch.xhtml,1620585952,14:45:52,20210509
6,2019-06-30,8645.HK,MYR,2019-06-30,2019-06-30,Q2,10984427.0,7084437.0,3899990.0,0.35504719545225255,0.0,108248.0,468447.0,-16126.0,3807539.0,10891976.0,107077.0,805154.75,897605.75,0.08171621059523633,92451.0,0.008416551905711604,0.0,-123329.0,-0.011227622524142588,688251.0,-735360.0,-0.0669456859242635,-0.0012256,-0.0012256,600000000,600000000,https://www1.hkexnews.hk/search/titlesearch.xhtml,https://www1.hkexnews.hk/search/titlesearch.xhtml,1620585952,14:45:52,20210509
7,2019-03-31,8645.HK,MYR,2019-03-31,2019-03-31,Q1,8654452.0,4976644.0,3677808.0,0.4249613955915406,0.0,1194567.0,142055.0,5468.0,1336622.0,6313266.0,104605.0,805154.75,3146340.75,0.36355170148265886,2341186.0,0.2705181102165683,0.0,2047945.0,0.23663485567890377,-1225133.0,3273213.0,0.37821146850199183,0.005455,0.005455,600000000,600000000,https://www1.hkexnews.hk/search/titlesearch.xhtml,https://www1.hkexnews.hk/search/titlesearch.xhtml,1620585952,14:45:52,20210509
8,2018-12-31,8645.HK,MYR,2018-12-31,2018-12-31,Q4,8486536.0,4210540.0,4275996.0,0.5038564615763134,0.0,2553331.0,143319.0,2426.0,2696650.0,6907190.0,112899.0,0.0,1901486.0,0.2240591449797656,1579346.0,0.18610019447275072,0.0,1786995.0,0.2105682459839916,-693831.0,2480876.0,0.2923308167195661,0.004135,0.004135,600000000,600000000,https://www1.hkexnews.hk/search/titlesearch.xhtml,https://www1.hkexnews.hk/search/titlesearch.xhtml,1620585952,14:45:52,20210509
