,date,symbol,reportedCurrency,fillingDate,acceptedDate,period,revenue,costOfRevenue,grossProfit,grossProfitRatio,researchAndDevelopmentExpenses,generalAndAdministrativeExpenses,sellingAndMarketingExpenses,otherExpenses,operatingExpenses,costAndExpenses,interestExpense,depreciationAndAmortization,ebitda,ebitdaratio,operatingIncome,operatingIncomeRatio,totalOtherIncomeExpensesNet,incomeBeforeTax,incomeBeforeTaxRatio,incomeTaxExpense,netIncome,netIncomeRatio,eps,epsdiluted,weightedAverageShsOut,weightedAverageShsOutDil,link,finalLink,timestamp,est_time,est_date
0,2019-06-30,GLO.PA,EUR,2019-06-30,2019-06-30,Q2,293218750,19389750.0,273829000,0.9338727485878717,0.0,51526750.0,0.0,0.0,6737500.0,261634000,4099750.0,13034750.0,44619500.0,0.15217137376105724,31584750.0,0.10771736118512203,0.0,27474250.0,0.09369881700948524,8386000.0,13769500.0,0.04695982095278695,0.4675,0.46,29522559,29853124,https://www.infogreffe.com/recherche-entreprise-dirigeants/resultats-entreprise-dirigeants.html?ga_cat=globale&ga_q=G.L.O#phrase=G.L.O,https://www.infogreffe.com/recherche-entreprise-dirigeants/resultats-entreprise-dirigeants.html?ga_cat=globale&ga_q=G.L.O#phrase=G.L.O,1620592609,16:36:49,20210509
1,2019-03-31,GLO.PA,EUR,2019-03-31,2019-03-31,Q1,293218750,19389750.0,273829000,0.9338727485878717,0.0,51526750.0,0.0,0.0,6737500.0,261634000,4099750.0,13034750.0,44619500.0,0.15217137376105724,31584750.0,0.10771736118512203,0.0,27474250.0,0.09369881700948524,8386000.0,13769500.0,0.04695982095278695,0.4675,0.46,29522559,29853124,https://www.infogreffe.com/recherche-entreprise-dirigeants/resultats-entreprise-dirigeants.html?ga_cat=globale&ga_q=G.L.O#phrase=G.L.O,https://www.infogreffe.com/recherche-entreprise-dirigeants/resultats-entreprise-dirigeants.html?ga_cat=globale&ga_q=G.L.O#phrase=G.L.O,1620592609,16:36:49,20210509
2,2019-01-31,GLO.PA,EUR,2019-01-31,2019-01-31,Q1,293218750,19389750.0,273829000,0.9338727485878717,0.0,51526750.0,0.0,0.0,6737500.0,261634000,4099750.0,13034750.0,44619500.0,0.15217137376105724,31584750.0,0.10771736118512203,0.0,27474250.0,0.09369881700948524,8386000.0,13769500.0,0.04695982095278695,0.4675,0.46,29522559,29853124,https://www.infogreffe.com/recherche-entreprise-dirigeants/resultats-entreprise-dirigeants.html?ga_cat=globale&ga_q=G.L.O#phrase=G.L.O,https://www.infogreffe.com/recherche-entreprise-dirigeants/resultats-entreprise-dirigeants.html?ga_cat=globale&ga_q=G.L.O#phrase=G.L.O,1620592609,16:36:49,20210509
3,2018-06-30,GLO.PA,EUR,2018-06-30,2018-06-30,Q2,260122000,13903750.0,246218250,0.9465491192594244,0.0,41834500.0,0.0,0.0,8129250.0,238048000,4077250.0,12865750.0,34939750.0,0.1343206264752693,22074000.0,0.08486018099199606,0.0,18612500.0,0.07155296360938329,5449250.0,10559250.0,0.04059345230315006,0.4225,0.41945175,24950013,25173930,https://www.infogreffe.com/recherche-entreprise-dirigeants/resultats-entreprise-dirigeants.html?ga_cat=globale&ga_q=G.L.O#phrase=G.L.O,https://www.infogreffe.com/recherche-entreprise-dirigeants/resultats-entreprise-dirigeants.html?ga_cat=globale&ga_q=G.L.O#phrase=G.L.O,1620592609,16:36:49,20210509
4,2018-03-31,GLO.PA,EUR,2018-03-31,2018-03-31,Q1,260122000,13903750.0,246218250,0.9465491192594244,0.0,41834500.0,0.0,0.0,8129250.0,238048000,4077250.0,12865750.0,34939750.0,0.1343206264752693,22074000.0,0.08486018099199606,0.0,18612500.0,0.07155296360938329,5449250.0,10559250.0,0.04059345230315006,0.4225,0.41945175,24950013,25173930,https://www.infogreffe.com/recherche-entreprise-dirigeants/resultats-entreprise-dirigeants.html?ga_cat=globale&ga_q=G.L.O#phrase=G.L.O,https://www.infogreffe.com/recherche-entreprise-dirigeants/resultats-entreprise-dirigeants.html?ga_cat=globale&ga_q=G.L.O#phrase=G.L.O,1620592609,16:36:49,20210509
5,2018-01-31,GLO.PA,EUR,2018-01-31,2018-01-31,Q1,260122000,13903750.0,246218250,0.9465491192594244,0.0,41834500.0,0.0,0.0,8129250.0,238048000,4077250.0,12865750.0,34939750.0,0.1343206264752693,22074000.0,0.08486018099199606,0.0,18612500.0,0.07155296360938329,5449250.0,10559250.0,0.04059345230315006,0.4225,0.41945175,24950013,25173930,https://www.infogreffe.com/recherche-entreprise-dirigeants/resultats-entreprise-dirigeants.html?ga_cat=globale&ga_q=G.L.O#phrase=G.L.O,https://www.infogreffe.com/recherche-entreprise-dirigeants/resultats-entreprise-dirigeants.html?ga_cat=globale&ga_q=G.L.O#phrase=G.L.O,1620592609,16:36:49,20210509
6,2017-06-30,GLO.PA,EUR,2017-06-30,2017-06-30,Q2,238459750,13689000.0,224770750,0.9425940855846742,0.0,39023750.0,0.0,0.0,6899250.0,217447500,4865500.0,10856000.0,31868250.0,0.13364205070247703,21012250.0,0.08811654797088397,0.0,16873750.0,0.07076141780740774,5364250.0,8774250.0,0.036795517901868136,0.36297175,0.36297175,24178230,24178230,https://www.infogreffe.com/recherche-entreprise-dirigeants/resultats-entreprise-dirigeants.html?ga_cat=globale&ga_q=G.L.O#phrase=G.L.O,https://www.infogreffe.com/recherche-entreprise-dirigeants/resultats-entreprise-dirigeants.html?ga_cat=globale&ga_q=G.L.O#phrase=G.L.O,1620592609,16:36:49,20210509
7,2017-03-31,GLO.PA,EUR,2017-03-31,2017-03-31,Q1,238459750,13689000.0,224770750,0.9425940855846742,0.0,39023750.0,0.0,0.0,6899250.0,217447500,4865500.0,10856000.0,31868250.0,0.13364205070247703,21012250.0,0.08811654797088397,0.0,16873750.0,0.07076141780740774,5364250.0,8774250.0,0.036795517901868136,0.36297175,0.36297175,24178230,24178230,https://www.infogreffe.com/recherche-entreprise-dirigeants/resultats-entreprise-dirigeants.html?ga_cat=globale&ga_q=G.L.O#phrase=G.L.O,https://www.infogreffe.com/recherche-entreprise-dirigeants/resultats-entreprise-dirigeants.html?ga_cat=globale&ga_q=G.L.O#phrase=G.L.O,1620592609,16:36:49,20210509
8,2017-01-31,GLO.PA,EUR,2017-01-31,2017-01-31,Q1,238459750,13689000.0,224770750,0.9425940855846742,0.0,39023750.0,0.0,0.0,6899250.0,217447500,4865500.0,10856000.0,31868250.0,0.13364205070247703,21012250.0,0.08811654797088397,0.0,16873750.0,0.07076141780740774,5364250.0,8774250.0,0.036795517901868136,0.36297175,0.36297175,24178230,24178230,https://www.infogreffe.com/recherche-entreprise-dirigeants/resultats-entreprise-dirigeants.html?ga_cat=globale&ga_q=G.L.O#phrase=G.L.O,https://www.infogreffe.com/recherche-entreprise-dirigeants/resultats-entreprise-dirigeants.html?ga_cat=globale&ga_q=G.L.O#phrase=G.L.O,1620592609,16:36:49,20210509
9,2016-06-30,GLO.PA,EUR,2016-06-30,2016-06-30,Q2,238252750,16458000.0,221794750,0.9309220984857468,0.0,40352250.0,0.0,0.0,7084750.0,218543750,6074500.0,11131750.0,30840750.0,0.12944551531934048,19709000.0,0.08272307455003143,0.0,14980250.0,0.06287545474291482,5674250.0,7965750.0,0.03343403171631807,0.33877375,0.33877375,23446429,23446429,https://www.infogreffe.com/recherche-entreprise-dirigeants/resultats-entreprise-dirigeants.html?ga_cat=globale&ga_q=G.L.O#phrase=G.L.O,https://www.infogreffe.com/recherche-entreprise-dirigeants/resultats-entreprise-dirigeants.html?ga_cat=globale&ga_q=G.L.O#phrase=G.L.O,1620592609,16:36:49,20210509
10,2016-03-31,GLO.PA,EUR,2016-03-31,2016-03-31,Q1,238252750,16458000.0,221794750,0.9309220984857468,0.0,40352250.0,0.0,0.0,7084750.0,218543750,6074500.0,11131750.0,30840750.0,0.12944551531934048,19709000.0,0.08272307455003143,0.0,14980250.0,0.06287545474291482,5674250.0,7965750.0,0.03343403171631807,0.33877375,0.33877375,23446429,23446429,https://www.infogreffe.com/recherche-entreprise-dirigeants/resultats-entreprise-dirigeants.html?ga_cat=globale&ga_q=G.L.O#phrase=G.L.O,https://www.infogreffe.com/recherche-entreprise-dirigeants/resultats-entreprise-dirigeants.html?ga_cat=globale&ga_q=G.L.O#phrase=G.L.O,1620592609,16:36:49,20210509
11,2016-01-31,GLO.PA,EUR,2016-01-31,2016-01-31,Q1,238252750,16458000.0,221794750,0.9309220984857468,0.0,40352250.0,0.0,0.0,7084750.0,218543750,6074500.0,11131750.0,30840750.0,0.12944551531934048,19709000.0,0.08272307455003143,0.0,14980250.0,0.06287545474291482,5674250.0,7965750.0,0.03343403171631807,0.33877375,0.33877375,23446429,23446429,https://www.infogreffe.com/recherche-entreprise-dirigeants/resultats-entreprise-dirigeants.html?ga_cat=globale&ga_q=G.L.O#phrase=G.L.O,https://www.infogreffe.com/recherche-entreprise-dirigeants/resultats-entreprise-dirigeants.html?ga_cat=globale&ga_q=G.L.O#phrase=G.L.O,1620592609,16:36:49,20210509
12,2015-09-30,GLO.PA,EUR,2015-09-30,2015-09-30,Q3,235605000,15693500.0,219911500,0.933390632626642,0.0,37958500.0,0.0,0.0,6750250.0,218119750,3364250.0,10029500.0,27514750.0,0.11678338744933257,17485250.0,0.07421425691305363,0.0,14171500.0,0.060149402601812355,4642500.0,7701000.0,0.03268606353854969,0.336354,0.336354,22953164,22953164,https://www.infogreffe.com/recherche-entreprise-dirigeants/resultats-entreprise-dirigeants.html?ga_cat=globale&ga_q=G.L.O#phrase=G.L.O,https://www.infogreffe.com/recherche-entreprise-dirigeants/resultats-entreprise-dirigeants.html?ga_cat=globale&ga_q=G.L.O#phrase=G.L.O,1620592609,16:36:49,20210509
13,2015-06-30,GLO.PA,EUR,2015-06-30,2015-06-30,Q2,235605000,15693500.0,219911500,0.933390632626642,0.0,37958500.0,0.0,0.0,6750250.0,218119750,3364250.0,10029500.0,27514750.0,0.11678338744933257,17485250.0,0.07421425691305363,0.0,14171500.0,0.060149402601812355,4642500.0,7701000.0,0.03268606353854969,0.336354,0.336354,22953164,22953164,https://www.infogreffe.com/recherche-entreprise-dirigeants/resultats-entreprise-dirigeants.html?ga_cat=globale&ga_q=G.L.O#phrase=G.L.O,https://www.infogreffe.com/recherche-entreprise-dirigeants/resultats-entreprise-dirigeants.html?ga_cat=globale&ga_q=G.L.O#phrase=G.L.O,1620592609,16:36:49,20210509
14,2015-03-31,GLO.PA,EUR,2015-03-31,2015-03-31,Q1,235605000,15693500.0,219911500,0.933390632626642,0.0,37958500.0,0.0,0.0,6750250.0,218119750,3364250.0,10029500.0,27514750.0,0.11678338744933257,17485250.0,0.07421425691305363,0.0,14171500.0,0.060149402601812355,4642500.0,7701000.0,0.03268606353854969,0.336354,0.336354,22953164,22953164,https://www.infogreffe.com/recherche-entreprise-dirigeants/resultats-entreprise-dirigeants.html?ga_cat=globale&ga_q=G.L.O#phrase=G.L.O,https://www.infogreffe.com/recherche-entreprise-dirigeants/resultats-entreprise-dirigeants.html?ga_cat=globale&ga_q=G.L.O#phrase=G.L.O,1620592609,16:36:49,20210509
15,2015-01-31,GLO.PA,EUR,2015-01-31,2015-01-31,Q1,235605000,15693500.0,219911500,0.933390632626642,0.0,37958500.0,0.0,0.0,6750250.0,218119750,3364250.0,10029500.0,27514750.0,0.11678338744933257,17485250.0,0.07421425691305363,0.0,14171500.0,0.060149402601812355,4642500.0,7701000.0,0.03268606353854969,0.336354,0.336354,22953164,22953164,https://www.infogreffe.com/recherche-entreprise-dirigeants/resultats-entreprise-dirigeants.html?ga_cat=globale&ga_q=G.L.O#phrase=G.L.O,https://www.infogreffe.com/recherche-entreprise-dirigeants/resultats-entreprise-dirigeants.html?ga_cat=globale&ga_q=G.L.O#phrase=G.L.O,1620592609,16:36:49,20210509
16,2014-09-30,GLO.PA,EUR,2014-09-30,2014-09-30,Q3,234845500,17083750.0,217761750,0.9272553657617455,0.0,39567500.0,0.0,0.0,9586500.0,217795250,3633750.0,8837750.0,25888000.0,0.1102341752343562,17050250.0,0.07260198726396716,0.0,13921250.0,0.05927833405366507,4830500.0,7693500.0,0.032759835721783044,0.3290945,0.3290945,23404625,23404625,https://www.infogreffe.com/recherche-entreprise-dirigeants/resultats-entreprise-dirigeants.html?ga_cat=globale&ga_q=G.L.O#phrase=G.L.O,https://www.infogreffe.com/recherche-entreprise-dirigeants/resultats-entreprise-dirigeants.html?ga_cat=globale&ga_q=G.L.O#phrase=G.L.O,1620592609,16:36:49,20210509
17,2014-06-30,GLO.PA,EUR,2014-06-30,2014-06-30,Q2,234845500,17083750.0,217761750,0.9272553657617455,0.0,39567500.0,0.0,0.0,9586500.0,217795250,3633750.0,8837750.0,25888000.0,0.1102341752343562,17050250.0,0.07260198726396716,0.0,13921250.0,0.05927833405366507,4830500.0,7693500.0,0.032759835721783044,0.3290945,0.3290945,23404625,23404625,https://www.infogreffe.com/recherche-entreprise-dirigeants/resultats-entreprise-dirigeants.html?ga_cat=globale&ga_q=G.L.O#phrase=G.L.O,https://www.infogreffe.com/recherche-entreprise-dirigeants/resultats-entreprise-dirigeants.html?ga_cat=globale&ga_q=G.L.O#phrase=G.L.O,1620592609,16:36:49,20210509
18,2014-03-31,GLO.PA,EUR,2014-03-31,2014-03-31,Q1,234845500,17083750.0,217761750,0.9272553657617455,0.0,39567500.0,0.0,0.0,9586500.0,217795250,3633750.0,8837750.0,25888000.0,0.1102341752343562,17050250.0,0.07260198726396716,0.0,13921250.0,0.05927833405366507,4830500.0,7693500.0,0.032759835721783044,0.3290945,0.3290945,23404625,23404625,https://www.infogreffe.com/recherche-entreprise-dirigeants/resultats-entreprise-dirigeants.html?ga_cat=globale&ga_q=G.L.O#phrase=G.L.O,https://www.infogreffe.com/recherche-entreprise-dirigeants/resultats-entreprise-dirigeants.html?ga_cat=globale&ga_q=G.L.O#phrase=G.L.O,1620592609,16:36:49,20210509
19,2014-01-31,GLO.PA,EUR,2014-01-31,2014-01-31,Q1,234845500,17083750.0,217761750,0.9272553657617455,0.0,39567500.0,0.0,0.0,9586500.0,217795250,3633750.0,8837750.0,25888000.0,0.1102341752343562,17050250.0,0.07260198726396716,0.0,13921250.0,0.05927833405366507,4830500.0,7693500.0,0.032759835721783044,0.3290945,0.3290945,23404625,23404625,https://www.infogreffe.com/recherche-entreprise-dirigeants/resultats-entreprise-dirigeants.html?ga_cat=globale&ga_q=G.L.O#phrase=G.L.O,https://www.infogreffe.com/recherche-entreprise-dirigeants/resultats-entreprise-dirigeants.html?ga_cat=globale&ga_q=G.L.O#phrase=G.L.O,1620592609,16:36:49,20210509
20,2013-09-30,GLO.PA,EUR,2013-09-30,2013-09-30,Q3,202283250,12648750.0,189634500,0.937470106892192,0.0,34052500.0,0.0,0.0,6733250.0,189409250,2564000.0,8740500.0,21614500.0,0.10685264350854556,12874000.0,0.06364343068444867,0.0,7877250.0,0.038941682022609385,4017500.0,2526000.0,0.012487440260130288,0.1088915,0.10647175,23404625,23799798,https://www.infogreffe.com/recherche-entreprise-dirigeants/resultats-entreprise-dirigeants.html?ga_cat=globale&ga_q=G.L.O#phrase=G.L.O,https://www.infogreffe.com/recherche-entreprise-dirigeants/resultats-entreprise-dirigeants.html?ga_cat=globale&ga_q=G.L.O#phrase=G.L.O,1620592609,16:36:49,20210509
21,2013-06-30,GLO.PA,EUR,2013-06-30,2013-06-30,Q2,202283250,12648750.0,189634500,0.937470106892192,0.0,34052500.0,0.0,0.0,6733250.0,189409250,2564000.0,8740500.0,21614500.0,0.10685264350854556,12874000.0,0.06364343068444867,0.0,7877250.0,0.038941682022609385,4017500.0,2526000.0,0.012487440260130288,0.1088915,0.10647175,23404625,23799798,https://www.infogreffe.com/recherche-entreprise-dirigeants/resultats-entreprise-dirigeants.html?ga_cat=globale&ga_q=G.L.O#phrase=G.L.O,https://www.infogreffe.com/recherche-entreprise-dirigeants/resultats-entreprise-dirigeants.html?ga_cat=globale&ga_q=G.L.O#phrase=G.L.O,1620592609,16:36:49,20210509
22,2013-03-31,GLO.PA,EUR,2013-03-31,2013-03-31,Q1,202283250,12648750.0,189634500,0.937470106892192,0.0,34052500.0,0.0,0.0,6733250.0,189409250,2564000.0,8740500.0,21614500.0,0.10685264350854556,12874000.0,0.06364343068444867,0.0,7877250.0,0.038941682022609385,4017500.0,2526000.0,0.012487440260130288,0.1088915,0.10647175,23404625,23799798,https://www.infogreffe.com/recherche-entreprise-dirigeants/resultats-entreprise-dirigeants.html?ga_cat=globale&ga_q=G.L.O#phrase=G.L.O,https://www.infogreffe.com/recherche-entreprise-dirigeants/resultats-entreprise-dirigeants.html?ga_cat=globale&ga_q=G.L.O#phrase=G.L.O,1620592609,16:36:49,20210509
23,2013-01-31,GLO.PA,EUR,2013-01-31,2013-01-31,Q1,202283250,12648750.0,189634500,0.937470106892192,0.0,34052500.0,0.0,0.0,6733250.0,189409250,2564000.0,8740500.0,21614500.0,0.10685264350854556,12874000.0,0.06364343068444867,0.0,7877250.0,0.038941682022609385,4017500.0,2526000.0,0.012487440260130288,0.1088915,0.10647175,23404625,23799798,https://www.infogreffe.com/recherche-entreprise-dirigeants/resultats-entreprise-dirigeants.html?ga_cat=globale&ga_q=G.L.O#phrase=G.L.O,https://www.infogreffe.com/recherche-entreprise-dirigeants/resultats-entreprise-dirigeants.html?ga_cat=globale&ga_q=G.L.O#phrase=G.L.O,1620592609,16:36:49,20210509
24,2012-09-30,GLO.PA,EUR,2012-09-30,2012-09-30,Q3,206060000,12956250.0,193103750,0.9371238959526351,0.0,33085250.0,0.0,0.0,5700500.0,192920500,2079500.0,8495000.0,21634500.0,0.10499126468019024,13139500.0,0.06376540813355333,0.0,11309250.0,0.05488328642143065,3582250.0,7061500.0,0.03426914490924973,0.3024765,0.295217,23404625,23993290,https://www.infogreffe.com/recherche-entreprise-dirigeants/resultats-entreprise-dirigeants.html?ga_cat=globale&ga_q=G.L.O#phrase=G.L.O,https://www.infogreffe.com/recherche-entreprise-dirigeants/resultats-entreprise-dirigeants.html?ga_cat=globale&ga_q=G.L.O#phrase=G.L.O,1620592609,16:36:49,20210509
25,2012-06-30,GLO.PA,EUR,2012-06-30,2012-06-30,Q2,206060000,12956250.0,193103750,0.9371238959526351,0.0,33085250.0,0.0,0.0,5700500.0,192920500,2079500.0,8495000.0,21634500.0,0.10499126468019024,13139500.0,0.06376540813355333,0.0,11309250.0,0.05488328642143065,3582250.0,7061500.0,0.03426914490924973,0.3024765,0.295217,23404625,23993290,https://www.infogreffe.com/recherche-entreprise-dirigeants/resultats-entreprise-dirigeants.html?ga_cat=globale&ga_q=G.L.O#phrase=G.L.O,https://www.infogreffe.com/recherche-entreprise-dirigeants/resultats-entreprise-dirigeants.html?ga_cat=globale&ga_q=G.L.O#phrase=G.L.O,1620592609,16:36:49,20210509
26,2012-03-31,GLO.PA,EUR,2012-03-31,2012-03-31,Q1,206060000,12956250.0,193103750,0.9371238959526351,0.0,33085250.0,0.0,0.0,5700500.0,192920500,2079500.0,8495000.0,21634500.0,0.10499126468019024,13139500.0,0.06376540813355333,0.0,11309250.0,0.05488328642143065,3582250.0,7061500.0,0.03426914490924973,0.3024765,0.295217,23404625,23993290,https://www.infogreffe.com/recherche-entreprise-dirigeants/resultats-entreprise-dirigeants.html?ga_cat=globale&ga_q=G.L.O#phrase=G.L.O,https://www.infogreffe.com/recherche-entreprise-dirigeants/resultats-entreprise-dirigeants.html?ga_cat=globale&ga_q=G.L.O#phrase=G.L.O,1620592609,16:36:49,20210509
27,2012-01-31,GLO.PA,EUR,2012-01-31,2012-01-31,Q1,206060000,12956250.0,193103750,0.9371238959526351,0.0,33085250.0,0.0,0.0,5700500.0,192920500,2079500.0,8495000.0,21634500.0,0.10499126468019024,13139500.0,0.06376540813355333,0.0,11309250.0,0.05488328642143065,3582250.0,7061500.0,0.03426914490924973,0.3024765,0.295217,23404625,23993290,https://www.infogreffe.com/recherche-entreprise-dirigeants/resultats-entreprise-dirigeants.html?ga_cat=globale&ga_q=G.L.O#phrase=G.L.O,https://www.infogreffe.com/recherche-entreprise-dirigeants/resultats-entreprise-dirigeants.html?ga_cat=globale&ga_q=G.L.O#phrase=G.L.O,1620592609,16:36:49,20210509
28,2011-09-30,GLO.PA,EUR,2011-09-30,2011-09-30,Q3,195677750,126251500.0,69426250,0.3547988976774314,0.0,0.0,0.0,0.0,1253000.0,186827000,1678000.0,12754750.0,21605500.0,0.11041367758981284,8850750.0,0.04523125393663817,0.0,7377000.0,0.03769973847307627,1987250.0,5389750.0,0.02754401049685005,0.194698,0.19232375,18872125,19105714,https://www.infogreffe.com/recherche-entreprise-dirigeants/resultats-entreprise-dirigeants.html?ga_cat=globale&ga_q=G.L.O#phrase=G.L.O,https://www.infogreffe.com/recherche-entreprise-dirigeants/resultats-entreprise-dirigeants.html?ga_cat=globale&ga_q=G.L.O#phrase=G.L.O,1620592609,16:36:49,20210509
29,2011-06-30,GLO.PA,EUR,2011-06-30,2011-06-30,Q2,195677750,126251500.0,69426250,0.3547988976774314,0.0,0.0,0.0,0.0,1253000.0,186827000,1678000.0,12754750.0,21605500.0,0.11041367758981284,8850750.0,0.04523125393663817,0.0,7377000.0,0.03769973847307627,1987250.0,5389750.0,0.02754401049685005,0.194698,0.19232375,18872125,19105714,https://www.infogreffe.com/recherche-entreprise-dirigeants/resultats-entreprise-dirigeants.html?ga_cat=globale&ga_q=G.L.O#phrase=G.L.O,https://www.infogreffe.com/recherche-entreprise-dirigeants/resultats-entreprise-dirigeants.html?ga_cat=globale&ga_q=G.L.O#phrase=G.L.O,1620592609,16:36:49,20210509
30,2011-03-31,GLO.PA,EUR,2011-03-31,2011-03-31,Q1,195677750,126251500.0,69426250,0.3547988976774314,0.0,0.0,0.0,0.0,1253000.0,186827000,1678000.0,12754750.0,21605500.0,0.11041367758981284,8850750.0,0.04523125393663817,0.0,7377000.0,0.03769973847307627,1987250.0,5389750.0,0.02754401049685005,0.194698,0.19232375,18872125,19105714,https://www.infogreffe.com/recherche-entreprise-dirigeants/resultats-entreprise-dirigeants.html?ga_cat=globale&ga_q=G.L.O#phrase=G.L.O,https://www.infogreffe.com/recherche-entreprise-dirigeants/resultats-entreprise-dirigeants.html?ga_cat=globale&ga_q=G.L.O#phrase=G.L.O,1620592609,16:36:49,20210509
31,2011-01-31,GLO.PA,EUR,2011-01-31,2011-01-31,Q1,195677750,126251500.0,69426250,0.3547988976774314,0.0,0.0,0.0,0.0,1253000.0,186827000,1678000.0,12754750.0,21605500.0,0.11041367758981284,8850750.0,0.04523125393663817,0.0,7377000.0,0.03769973847307627,1987250.0,5389750.0,0.02754401049685005,0.194698,0.19232375,18872125,19105714,https://www.infogreffe.com/recherche-entreprise-dirigeants/resultats-entreprise-dirigeants.html?ga_cat=globale&ga_q=G.L.O#phrase=G.L.O,https://www.infogreffe.com/recherche-entreprise-dirigeants/resultats-entreprise-dirigeants.html?ga_cat=globale&ga_q=G.L.O#phrase=G.L.O,1620592609,16:36:49,20210509
32,2010-09-30,GLO.PA,EUR,2010-09-30,2010-09-30,Q3,181798000,116489750.0,65308250,0.3592352501127625,0.0,0.0,0.0,0.0,3012750.0,169610250,1845500.0,7850000.0,20037750.0,0.11021985940439388,12187750.0,0.06704006644737566,0.0,10386250.0,0.05713071650953256,3120000.0,7537750.0,0.041462227307231106,0.349032,0.3466575,18872125,19064676,https://www.infogreffe.com/recherche-entreprise-dirigeants/resultats-entreprise-dirigeants.html?ga_cat=globale&ga_q=G.L.O#phrase=G.L.O,https://www.infogreffe.com/recherche-entreprise-dirigeants/resultats-entreprise-dirigeants.html?ga_cat=globale&ga_q=G.L.O#phrase=G.L.O,1620592609,16:36:49,20210509
33,2010-06-30,GLO.PA,EUR,2010-06-30,2010-06-30,Q2,181798000,116489750.0,65308250,0.3592352501127625,0.0,0.0,0.0,0.0,3012750.0,169610250,1845500.0,7850000.0,20037750.0,0.11021985940439388,12187750.0,0.06704006644737566,0.0,10386250.0,0.05713071650953256,3120000.0,7537750.0,0.041462227307231106,0.349032,0.3466575,18872125,19064676,https://www.infogreffe.com/recherche-entreprise-dirigeants/resultats-entreprise-dirigeants.html?ga_cat=globale&ga_q=G.L.O#phrase=G.L.O,https://www.infogreffe.com/recherche-entreprise-dirigeants/resultats-entreprise-dirigeants.html?ga_cat=globale&ga_q=G.L.O#phrase=G.L.O,1620592609,16:36:49,20210509
34,2010-03-31,GLO.PA,EUR,2010-03-31,2010-03-31,Q1,181798000,116489750.0,65308250,0.3592352501127625,0.0,0.0,0.0,0.0,3012750.0,169610250,1845500.0,7850000.0,20037750.0,0.11021985940439388,12187750.0,0.06704006644737566,0.0,10386250.0,0.05713071650953256,3120000.0,7537750.0,0.041462227307231106,0.349032,0.3466575,18872125,19064676,https://www.infogreffe.com/recherche-entreprise-dirigeants/resultats-entreprise-dirigeants.html?ga_cat=globale&ga_q=G.L.O#phrase=G.L.O,https://www.infogreffe.com/recherche-entreprise-dirigeants/resultats-entreprise-dirigeants.html?ga_cat=globale&ga_q=G.L.O#phrase=G.L.O,1620592609,16:36:49,20210509
35,2010-01-31,GLO.PA,EUR,2010-01-31,2010-01-31,Q1,181798000,116489750.0,65308250,0.3592352501127625,0.0,0.0,0.0,0.0,3012750.0,169610250,1845500.0,7850000.0,20037750.0,0.11021985940439388,12187750.0,0.06704006644737566,0.0,10386250.0,0.05713071650953256,3120000.0,7537750.0,0.041462227307231106,0.349032,0.3466575,18872125,19064676,https://www.infogreffe.com/recherche-entreprise-dirigeants/resultats-entreprise-dirigeants.html?ga_cat=globale&ga_q=G.L.O#phrase=G.L.O,https://www.infogreffe.com/recherche-entreprise-dirigeants/resultats-entreprise-dirigeants.html?ga_cat=globale&ga_q=G.L.O#phrase=G.L.O,1620592609,16:36:49,20210509
36,2009-09-30,GLO.PA,EUR,2009-09-30,2009-09-30,Q3,145345000,8287750.0,137057250,0.9429787746396505,0.0,0.0,0.0,0.0,0.0,49743000,170500.0,7635250.0,103237250.0,0.7102910316832365,95602000.0,0.6577591248408958,0.0,8386000.0,0.05769720320616464,1654000.0,6916000.0,0.04758333620007568,0.33478575,0.33241125,18872125,19017164,https://www.infogreffe.com/recherche-entreprise-dirigeants/resultats-entreprise-dirigeants.html?ga_cat=globale&ga_q=G.L.O#phrase=G.L.O,https://www.infogreffe.com/recherche-entreprise-dirigeants/resultats-entreprise-dirigeants.html?ga_cat=globale&ga_q=G.L.O#phrase=G.L.O,1620592609,16:36:49,20210509
37,2009-06-30,GLO.PA,EUR,2009-06-30,2009-06-30,Q2,145345000,8287750.0,137057250,0.9429787746396505,0.0,0.0,0.0,0.0,0.0,49743000,170500.0,7635250.0,103237250.0,0.7102910316832365,95602000.0,0.6577591248408958,0.0,8386000.0,0.05769720320616464,1654000.0,6916000.0,0.04758333620007568,0.33478575,0.33241125,18872125,19017164,https://www.infogreffe.com/recherche-entreprise-dirigeants/resultats-entreprise-dirigeants.html?ga_cat=globale&ga_q=G.L.O#phrase=G.L.O,https://www.infogreffe.com/recherche-entreprise-dirigeants/resultats-entreprise-dirigeants.html?ga_cat=globale&ga_q=G.L.O#phrase=G.L.O,1620592609,16:36:49,20210509
38,2009-03-31,GLO.PA,EUR,2009-03-31,2009-03-31,Q1,145345000,8287750.0,137057250,0.9429787746396505,0.0,0.0,0.0,0.0,0.0,49743000,170500.0,7635250.0,103237250.0,0.7102910316832365,95602000.0,0.6577591248408958,0.0,8386000.0,0.05769720320616464,1654000.0,6916000.0,0.04758333620007568,0.33478575,0.33241125,18872125,19017164,https://www.infogreffe.com/recherche-entreprise-dirigeants/resultats-entreprise-dirigeants.html?ga_cat=globale&ga_q=G.L.O#phrase=G.L.O,https://www.infogreffe.com/recherche-entreprise-dirigeants/resultats-entreprise-dirigeants.html?ga_cat=globale&ga_q=G.L.O#phrase=G.L.O,1620592609,16:36:49,20210509
39,2009-01-31,GLO.PA,EUR,2009-01-31,2009-01-31,Q1,145345000,8287750.0,137057250,0.9429787746396505,0.0,0.0,0.0,0.0,0.0,49743000,170500.0,7635250.0,103237250.0,0.7102910316832365,95602000.0,0.6577591248408958,0.0,8386000.0,0.05769720320616464,1654000.0,6916000.0,0.04758333620007568,0.33478575,0.33241125,18872125,19017164,https://www.infogreffe.com/recherche-entreprise-dirigeants/resultats-entreprise-dirigeants.html?ga_cat=globale&ga_q=G.L.O#phrase=G.L.O,https://www.infogreffe.com/recherche-entreprise-dirigeants/resultats-entreprise-dirigeants.html?ga_cat=globale&ga_q=G.L.O#phrase=G.L.O,1620592609,16:36:49,20210509
40,2008-09-30,GLO.PA,EUR,2008-09-30,2008-09-30,Q3,153389000,12054000.0,141335000,0.9214154861169966,0.0,85875750.0,0.0,0.0,32648000.0,138139750,0.0,7562000.0,22811250.0,0.1487150317167463,15249250.0,0.09941553827197518,0.0,8888750.0,0.05794907066347652,1716500.0,7174000.0,0.04676997698661573,0.37989875,0.37515,18869050,19134828,https://www.infogreffe.com/recherche-entreprise-dirigeants/resultats-entreprise-dirigeants.html?ga_cat=globale&ga_q=G.L.O#phrase=G.L.O,https://www.infogreffe.com/recherche-entreprise-dirigeants/resultats-entreprise-dirigeants.html?ga_cat=globale&ga_q=G.L.O#phrase=G.L.O,1620592609,16:36:49,20210509
41,2008-06-30,GLO.PA,EUR,2008-06-30,2008-06-30,Q2,153389000,12054000.0,141335000,0.9214154861169966,0.0,85875750.0,0.0,0.0,32648000.0,138139750,0.0,7562000.0,22811250.0,0.1487150317167463,15249250.0,0.09941553827197518,0.0,8888750.0,0.05794907066347652,1716500.0,7174000.0,0.04676997698661573,0.37989875,0.37515,18869050,19134828,https://www.infogreffe.com/recherche-entreprise-dirigeants/resultats-entreprise-dirigeants.html?ga_cat=globale&ga_q=G.L.O#phrase=G.L.O,https://www.infogreffe.com/recherche-entreprise-dirigeants/resultats-entreprise-dirigeants.html?ga_cat=globale&ga_q=G.L.O#phrase=G.L.O,1620592609,16:36:49,20210509
42,2008-03-31,GLO.PA,EUR,2008-03-31,2008-03-31,Q1,153389000,12054000.0,141335000,0.9214154861169966,0.0,85875750.0,0.0,0.0,32648000.0,138139750,0.0,7562000.0,22811250.0,0.1487150317167463,15249250.0,0.09941553827197518,0.0,8888750.0,0.05794907066347652,1716500.0,7174000.0,0.04676997698661573,0.37989875,0.37515,18869050,19134828,https://www.infogreffe.com/recherche-entreprise-dirigeants/resultats-entreprise-dirigeants.html?ga_cat=globale&ga_q=G.L.O#phrase=G.L.O,https://www.infogreffe.com/recherche-entreprise-dirigeants/resultats-entreprise-dirigeants.html?ga_cat=globale&ga_q=G.L.O#phrase=G.L.O,1620592609,16:36:49,20210509
43,2008-01-31,GLO.PA,EUR,2008-01-31,2008-01-31,Q1,153389000,12054000.0,141335000,0.9214154861169966,0.0,85875750.0,0.0,0.0,32648000.0,138139750,0.0,7562000.0,22811250.0,0.1487150317167463,15249250.0,0.09941553827197518,0.0,8888750.0,0.05794907066347652,1716500.0,7174000.0,0.04676997698661573,0.37989875,0.37515,18869050,19134828,https://www.infogreffe.com/recherche-entreprise-dirigeants/resultats-entreprise-dirigeants.html?ga_cat=globale&ga_q=G.L.O#phrase=G.L.O,https://www.infogreffe.com/recherche-entreprise-dirigeants/resultats-entreprise-dirigeants.html?ga_cat=globale&ga_q=G.L.O#phrase=G.L.O,1620592609,16:36:49,20210509
44,2007-09-30,GLO.PA,EUR,2007-09-30,2007-09-30,Q3,158371500,12278500.0,146093000,0.9224702676933666,0.0,0.0,0.0,0.0,125530000.0,144309750,90750.0,6501250.0,20563000.0,0.12984028060604338,14061750.0,0.08878964965287314,0.0,12231000.0,0.07722980460499522,3460000.0,8022250.0,0.05065463167299672,0.465376,0.42263725,17214386,19005003,https://www.infogreffe.com/recherche-entreprise-dirigeants/resultats-entreprise-dirigeants.html?ga_cat=globale&ga_q=G.L.O#phrase=G.L.O,https://www.infogreffe.com/recherche-entreprise-dirigeants/resultats-entreprise-dirigeants.html?ga_cat=globale&ga_q=G.L.O#phrase=G.L.O,1620592609,16:36:49,20210509
45,2007-06-30,GLO.PA,EUR,2007-06-30,2007-06-30,Q2,158371500,12278500.0,146093000,0.9224702676933666,0.0,0.0,0.0,0.0,125530000.0,144309750,90750.0,6501250.0,20563000.0,0.12984028060604338,14061750.0,0.08878964965287314,0.0,12231000.0,0.07722980460499522,3460000.0,8022250.0,0.05065463167299672,0.465376,0.42263725,17214386,19005003,https://www.infogreffe.com/recherche-entreprise-dirigeants/resultats-entreprise-dirigeants.html?ga_cat=globale&ga_q=G.L.O#phrase=G.L.O,https://www.infogreffe.com/recherche-entreprise-dirigeants/resultats-entreprise-dirigeants.html?ga_cat=globale&ga_q=G.L.O#phrase=G.L.O,1620592609,16:36:49,20210509
46,2007-03-31,GLO.PA,EUR,2007-03-31,2007-03-31,Q1,158371500,12278500.0,146093000,0.9224702676933666,0.0,0.0,0.0,0.0,125530000.0,144309750,90750.0,6501250.0,20563000.0,0.12984028060604338,14061750.0,0.08878964965287314,0.0,12231000.0,0.07722980460499522,3460000.0,8022250.0,0.05065463167299672,0.465376,0.42263725,17214386,19005003,https://www.infogreffe.com/recherche-entreprise-dirigeants/resultats-entreprise-dirigeants.html?ga_cat=globale&ga_q=G.L.O#phrase=G.L.O,https://www.infogreffe.com/recherche-entreprise-dirigeants/resultats-entreprise-dirigeants.html?ga_cat=globale&ga_q=G.L.O#phrase=G.L.O,1620592609,16:36:49,20210509
47,2007-01-31,GLO.PA,EUR,2007-01-31,2007-01-31,Q1,158371500,12278500.0,146093000,0.9224702676933666,0.0,0.0,0.0,0.0,125530000.0,144309750,90750.0,6501250.0,20563000.0,0.12984028060604338,14061750.0,0.08878964965287314,0.0,12231000.0,0.07722980460499522,3460000.0,8022250.0,0.05065463167299672,0.465376,0.42263725,17214386,19005003,https://www.infogreffe.com/recherche-entreprise-dirigeants/resultats-entreprise-dirigeants.html?ga_cat=globale&ga_q=G.L.O#phrase=G.L.O,https://www.infogreffe.com/recherche-entreprise-dirigeants/resultats-entreprise-dirigeants.html?ga_cat=globale&ga_q=G.L.O#phrase=G.L.O,1620592609,16:36:49,20210509
48,2006-09-30,GLO.PA,EUR,2006-09-30,2006-09-30,Q3,125804750,10072250.0,115732500,0.9199374427436166,0.0,67052500.0,0.0,0.0,30092250.0,113804500,0.0,6587500.0,18587750.0,0.14775078047530002,12000250.0,0.09538789274649805,0.0,9066000.0,0.0720640516355702,2678250.0,5882250.0,0.04675697857195376,0.3585295,0.3466575,16446114,16913915,https://www.infogreffe.com/recherche-entreprise-dirigeants/resultats-entreprise-dirigeants.html?ga_cat=globale&ga_q=G.L.O#phrase=G.L.O,https://www.infogreffe.com/recherche-entreprise-dirigeants/resultats-entreprise-dirigeants.html?ga_cat=globale&ga_q=G.L.O#phrase=G.L.O,1620592609,16:36:49,20210509
49,2006-06-30,GLO.PA,EUR,2006-06-30,2006-06-30,Q2,125804750,10072250.0,115732500,0.9199374427436166,0.0,67052500.0,0.0,0.0,30092250.0,113804500,0.0,6587500.0,18587750.0,0.14775078047530002,12000250.0,0.09538789274649805,0.0,9066000.0,0.0720640516355702,2678250.0,5882250.0,0.04675697857195376,0.3585295,0.3466575,16446114,16913915,https://www.infogreffe.com/recherche-entreprise-dirigeants/resultats-entreprise-dirigeants.html?ga_cat=globale&ga_q=G.L.O#phrase=G.L.O,https://www.infogreffe.com/recherche-entreprise-dirigeants/resultats-entreprise-dirigeants.html?ga_cat=globale&ga_q=G.L.O#phrase=G.L.O,1620592609,16:36:49,20210509
50,2006-03-31,GLO.PA,EUR,2006-03-31,2006-03-31,Q1,125804750,10072250.0,115732500,0.9199374427436166,0.0,67052500.0,0.0,0.0,30092250.0,113804500,0.0,6587500.0,18587750.0,0.14775078047530002,12000250.0,0.09538789274649805,0.0,9066000.0,0.0720640516355702,2678250.0,5882250.0,0.04675697857195376,0.3585295,0.3466575,16446114,16913915,https://www.infogreffe.com/recherche-entreprise-dirigeants/resultats-entreprise-dirigeants.html?ga_cat=globale&ga_q=G.L.O#phrase=G.L.O,https://www.infogreffe.com/recherche-entreprise-dirigeants/resultats-entreprise-dirigeants.html?ga_cat=globale&ga_q=G.L.O#phrase=G.L.O,1620592609,16:36:49,20210509
51,2006-01-31,GLO.PA,EUR,2006-01-31,2006-01-31,Q1,125804750,10072250.0,115732500,0.9199374427436166,0.0,67052500.0,0.0,0.0,30092250.0,113804500,0.0,6587500.0,18587750.0,0.14775078047530002,12000250.0,0.09538789274649805,0.0,9066000.0,0.0720640516355702,2678250.0,5882250.0,0.04675697857195376,0.3585295,0.3466575,16446114,16913915,https://www.infogreffe.com/recherche-entreprise-dirigeants/resultats-entreprise-dirigeants.html?ga_cat=globale&ga_q=G.L.O#phrase=G.L.O,https://www.infogreffe.com/recherche-entreprise-dirigeants/resultats-entreprise-dirigeants.html?ga_cat=globale&ga_q=G.L.O#phrase=G.L.O,1620592609,16:36:49,20210509
52,2005-09-30,GLO.PA,EUR,2005-09-30,2005-09-30,Q3,108539000,9671000.0,98868000,0.9108983867549912,0.0,0.0,0.0,0.0,83955250.0,100237000,147250.0,6610750.0,14912750.0,0.13739531412671943,8302000.0,0.07648863542136927,0.0,7788000.0,0.07175301043864417,2508750.0,5009500.0,0.04615391702521674,0.34190875,0.32528825,14631813,15368846,https://www.infogreffe.com/recherche-entreprise-dirigeants/resultats-entreprise-dirigeants.html?ga_cat=globale&ga_q=G.L.O#phrase=G.L.O,https://www.infogreffe.com/recherche-entreprise-dirigeants/resultats-entreprise-dirigeants.html?ga_cat=globale&ga_q=G.L.O#phrase=G.L.O,1620592609,16:36:49,20210509
53,2005-06-30,GLO.PA,EUR,2005-06-30,2005-06-30,Q2,108539000,9671000.0,98868000,0.9108983867549912,0.0,0.0,0.0,0.0,83955250.0,100237000,147250.0,6610750.0,14912750.0,0.13739531412671943,8302000.0,0.07648863542136927,0.0,7788000.0,0.07175301043864417,2508750.0,5009500.0,0.04615391702521674,0.34190875,0.32528825,14631813,15368846,https://www.infogreffe.com/recherche-entreprise-dirigeants/resultats-entreprise-dirigeants.html?ga_cat=globale&ga_q=G.L.O#phrase=G.L.O,https://www.infogreffe.com/recherche-entreprise-dirigeants/resultats-entreprise-dirigeants.html?ga_cat=globale&ga_q=G.L.O#phrase=G.L.O,1620592609,16:36:49,20210509
54,2005-03-31,GLO.PA,EUR,2005-03-31,2005-03-31,Q1,108539000,9671000.0,98868000,0.9108983867549912,0.0,0.0,0.0,0.0,83955250.0,100237000,147250.0,6610750.0,14912750.0,0.13739531412671943,8302000.0,0.07648863542136927,0.0,7788000.0,0.07175301043864417,2508750.0,5009500.0,0.04615391702521674,0.34190875,0.32528825,14631813,15368846,https://www.infogreffe.com/recherche-entreprise-dirigeants/resultats-entreprise-dirigeants.html?ga_cat=globale&ga_q=G.L.O#phrase=G.L.O,https://www.infogreffe.com/recherche-entreprise-dirigeants/resultats-entreprise-dirigeants.html?ga_cat=globale&ga_q=G.L.O#phrase=G.L.O,1620592609,16:36:49,20210509
55,2005-01-31,GLO.PA,EUR,2005-01-31,2005-01-31,Q1,108539000,9671000.0,98868000,0.9108983867549912,0.0,0.0,0.0,0.0,83955250.0,100237000,147250.0,6610750.0,14912750.0,0.13739531412671943,8302000.0,0.07648863542136927,0.0,7788000.0,0.07175301043864417,2508750.0,5009500.0,0.04615391702521674,0.34190875,0.32528825,14631813,15368846,https://www.infogreffe.com/recherche-entreprise-dirigeants/resultats-entreprise-dirigeants.html?ga_cat=globale&ga_q=G.L.O#phrase=G.L.O,https://www.infogreffe.com/recherche-entreprise-dirigeants/resultats-entreprise-dirigeants.html?ga_cat=globale&ga_q=G.L.O#phrase=G.L.O,1620592609,16:36:49,20210509
56,2003-09-30,GLO.PA,EUR,2003-09-30,2003-09-30,Q3,86573000,11139750.0,75433250,0.8713253554803461,0.0,0.0,0.0,0.0,63434000.0,80076250,0.0,5502500.0,11999250.0,0.1386026821295323,6496750.0,0.07504360481905444,0.0,5957000.0,0.06880898201517795,2021250.0,3310750.0,0.0382422926316519,0.23743675,0.22556475,13402982,14098052,https://www.infogreffe.com/recherche-entreprise-dirigeants/resultats-entreprise-dirigeants.html?ga_cat=globale&ga_q=G.L.O#phrase=G.L.O,https://www.infogreffe.com/recherche-entreprise-dirigeants/resultats-entreprise-dirigeants.html?ga_cat=globale&ga_q=G.L.O#phrase=G.L.O,1620592609,16:36:49,20210509
57,2003-06-30,GLO.PA,EUR,2003-06-30,2003-06-30,Q2,86573000,11139750.0,75433250,0.8713253554803461,0.0,0.0,0.0,0.0,63434000.0,80076250,0.0,5502500.0,11999250.0,0.1386026821295323,6496750.0,0.07504360481905444,0.0,5957000.0,0.06880898201517795,2021250.0,3310750.0,0.0382422926316519,0.23743675,0.22556475,13402982,14098052,https://www.infogreffe.com/recherche-entreprise-dirigeants/resultats-entreprise-dirigeants.html?ga_cat=globale&ga_q=G.L.O#phrase=G.L.O,https://www.infogreffe.com/recherche-entreprise-dirigeants/resultats-entreprise-dirigeants.html?ga_cat=globale&ga_q=G.L.O#phrase=G.L.O,1620592609,16:36:49,20210509
58,2003-03-31,GLO.PA,EUR,2003-03-31,2003-03-31,Q1,86573000,11139750.0,75433250,0.8713253554803461,0.0,0.0,0.0,0.0,63434000.0,80076250,0.0,5502500.0,11999250.0,0.1386026821295323,6496750.0,0.07504360481905444,0.0,5957000.0,0.06880898201517795,2021250.0,3310750.0,0.0382422926316519,0.23743675,0.22556475,13402982,14098052,https://www.infogreffe.com/recherche-entreprise-dirigeants/resultats-entreprise-dirigeants.html?ga_cat=globale&ga_q=G.L.O#phrase=G.L.O,https://www.infogreffe.com/recherche-entreprise-dirigeants/resultats-entreprise-dirigeants.html?ga_cat=globale&ga_q=G.L.O#phrase=G.L.O,1620592609,16:36:49,20210509
59,2003-01-31,GLO.PA,EUR,2003-01-31,2003-01-31,Q1,86573000,11139750.0,75433250,0.8713253554803461,0.0,0.0,0.0,0.0,63434000.0,80076250,0.0,5502500.0,11999250.0,0.1386026821295323,6496750.0,0.07504360481905444,0.0,5957000.0,0.06880898201517795,2021250.0,3310750.0,0.0382422926316519,0.23743675,0.22556475,13402982,14098052,https://www.infogreffe.com/recherche-entreprise-dirigeants/resultats-entreprise-dirigeants.html?ga_cat=globale&ga_q=G.L.O#phrase=G.L.O,https://www.infogreffe.com/recherche-entreprise-dirigeants/resultats-entreprise-dirigeants.html?ga_cat=globale&ga_q=G.L.O#phrase=G.L.O,1620592609,16:36:49,20210509
60,2002-09-30,GLO.PA,EUR,2002-09-30,2002-09-30,Q3,76981250,9876250.0,67105000,0.8717057725095396,0.0,0.0,0.0,0.0,55925250.0,71355000,0.0,5553500.0,11179750.0,0.14522692214013153,5626250.0,0.0730859787285865,0.0,4840750.0,0.0628821953397743,1773750.0,2927000.0,0.03802224567670699,0.21844175,0.20894425,12617601,13234608,https://www.infogreffe.com/recherche-entreprise-dirigeants/resultats-entreprise-dirigeants.html?ga_cat=globale&ga_q=G.L.O#phrase=G.L.O,https://www.infogreffe.com/recherche-entreprise-dirigeants/resultats-entreprise-dirigeants.html?ga_cat=globale&ga_q=G.L.O#phrase=G.L.O,1620592609,16:36:49,20210509
61,2002-06-30,GLO.PA,EUR,2002-06-30,2002-06-30,Q2,76981250,9876250.0,67105000,0.8717057725095396,0.0,0.0,0.0,0.0,55925250.0,71355000,0.0,5553500.0,11179750.0,0.14522692214013153,5626250.0,0.0730859787285865,0.0,4840750.0,0.0628821953397743,1773750.0,2927000.0,0.03802224567670699,0.21844175,0.20894425,12617601,13234608,https://www.infogreffe.com/recherche-entreprise-dirigeants/resultats-entreprise-dirigeants.html?ga_cat=globale&ga_q=G.L.O#phrase=G.L.O,https://www.infogreffe.com/recherche-entreprise-dirigeants/resultats-entreprise-dirigeants.html?ga_cat=globale&ga_q=G.L.O#phrase=G.L.O,1620592609,16:36:49,20210509
62,2002-03-31,GLO.PA,EUR,2002-03-31,2002-03-31,Q1,76981250,9876250.0,67105000,0.8717057725095396,0.0,0.0,0.0,0.0,55925250.0,71355000,0.0,5553500.0,11179750.0,0.14522692214013153,5626250.0,0.0730859787285865,0.0,4840750.0,0.0628821953397743,1773750.0,2927000.0,0.03802224567670699,0.21844175,0.20894425,12617601,13234608,https://www.infogreffe.com/recherche-entreprise-dirigeants/resultats-entreprise-dirigeants.html?ga_cat=globale&ga_q=G.L.O#phrase=G.L.O,https://www.infogreffe.com/recherche-entreprise-dirigeants/resultats-entreprise-dirigeants.html?ga_cat=globale&ga_q=G.L.O#phrase=G.L.O,1620592609,16:36:49,20210509
63,2002-01-31,GLO.PA,EUR,2002-01-31,2002-01-31,Q1,76981250,9876250.0,67105000,0.8717057725095396,0.0,0.0,0.0,0.0,55925250.0,71355000,0.0,5553500.0,11179750.0,0.14522692214013153,5626250.0,0.0730859787285865,0.0,4840750.0,0.0628821953397743,1773750.0,2927000.0,0.03802224567670699,0.21844175,0.20894425,12617601,13234608,https://www.infogreffe.com/recherche-entreprise-dirigeants/resultats-entreprise-dirigeants.html?ga_cat=globale&ga_q=G.L.O#phrase=G.L.O,https://www.infogreffe.com/recherche-entreprise-dirigeants/resultats-entreprise-dirigeants.html?ga_cat=globale&ga_q=G.L.O#phrase=G.L.O,1620592609,16:36:49,20210509
64,2001-09-30,GLO.PA,EUR,2001-09-30,2001-09-30,Q3,60308250,6637000.0,53671250,0.8899487217752132,0.0,0.0,0.0,0.0,44320750.0,56047750,0.0,5090000.0,9350500.0,0.1550451223505905,4260500.0,0.07064539262870337,0.0,3597750.0,0.059656017211575534,1162500.0,2419500.0,0.04011888920670058,0.18282625,0.17570325,12596950,13110015,https://www.infogreffe.com/recherche-entreprise-dirigeants/resultats-entreprise-dirigeants.html?ga_cat=globale&ga_q=G.L.O#phrase=G.L.O,https://www.infogreffe.com/recherche-entreprise-dirigeants/resultats-entreprise-dirigeants.html?ga_cat=globale&ga_q=G.L.O#phrase=G.L.O,1620592609,16:36:49,20210509
65,2001-06-30,GLO.PA,EUR,2001-06-30,2001-06-30,Q2,60308250,6637000.0,53671250,0.8899487217752132,0.0,0.0,0.0,0.0,44320750.0,56047750,0.0,5090000.0,9350500.0,0.1550451223505905,4260500.0,0.07064539262870337,0.0,3597750.0,0.059656017211575534,1162500.0,2419500.0,0.04011888920670058,0.18282625,0.17570325,12596950,13110015,https://www.infogreffe.com/recherche-entreprise-dirigeants/resultats-entreprise-dirigeants.html?ga_cat=globale&ga_q=G.L.O#phrase=G.L.O,https://www.infogreffe.com/recherche-entreprise-dirigeants/resultats-entreprise-dirigeants.html?ga_cat=globale&ga_q=G.L.O#phrase=G.L.O,1620592609,16:36:49,20210509
66,2001-03-31,GLO.PA,EUR,2001-03-31,2001-03-31,Q1,60308250,6637000.0,53671250,0.8899487217752132,0.0,0.0,0.0,0.0,44320750.0,56047750,0.0,5090000.0,9350500.0,0.1550451223505905,4260500.0,0.07064539262870337,0.0,3597750.0,0.059656017211575534,1162500.0,2419500.0,0.04011888920670058,0.18282625,0.17570325,12596950,13110015,https://www.infogreffe.com/recherche-entreprise-dirigeants/resultats-entreprise-dirigeants.html?ga_cat=globale&ga_q=G.L.O#phrase=G.L.O,https://www.infogreffe.com/recherche-entreprise-dirigeants/resultats-entreprise-dirigeants.html?ga_cat=globale&ga_q=G.L.O#phrase=G.L.O,1620592609,16:36:49,20210509
67,2001-01-31,GLO.PA,EUR,2001-01-31,2001-01-31,Q1,60308250,6637000.0,53671250,0.8899487217752132,0.0,0.0,0.0,0.0,44320750.0,56047750,0.0,5090000.0,9350500.0,0.1550451223505905,4260500.0,0.07064539262870337,0.0,3597750.0,0.059656017211575534,1162500.0,2419500.0,0.04011888920670058,0.18282625,0.17570325,12596950,13110015,https://www.infogreffe.com/recherche-entreprise-dirigeants/resultats-entreprise-dirigeants.html?ga_cat=globale&ga_q=G.L.O#phrase=G.L.O,https://www.infogreffe.com/recherche-entreprise-dirigeants/resultats-entreprise-dirigeants.html?ga_cat=globale&ga_q=G.L.O#phrase=G.L.O,1620592609,16:36:49,20210509
