,date,symbol,reportedCurrency,fillingDate,acceptedDate,period,revenue,costOfRevenue,grossProfit,grossProfitRatio,researchAndDevelopmentExpenses,generalAndAdministrativeExpenses,sellingAndMarketingExpenses,otherExpenses,operatingExpenses,costAndExpenses,interestExpense,depreciationAndAmortization,ebitda,ebitdaratio,operatingIncome,operatingIncomeRatio,totalOtherIncomeExpensesNet,incomeBeforeTax,incomeBeforeTaxRatio,incomeTaxExpense,netIncome,netIncomeRatio,eps,epsdiluted,weightedAverageShsOut,weightedAverageShsOutDil,link,finalLink,timestamp,est_time,est_date
0,2020-06-30,PDI,USD,2020-06-30,2020-06-30,Q4,97277000,24796000,72481000,0.7450990470512043,0.0,0.0,0.0,138000.0,138000.0000000017,24934000.0,-271033000.0,0.0,-469723000,-4.828716,72343000,0.7436804177760417,0.0,-198690000.0,-2.042517758565745,0.0,-198690000.0,-2.042517758565745,-3.11187,-3.11187,63849000,63849000,,,1620596410,17:40:10,20210509
1,2019-12-31,PDI,USD,2019-12-31,2019-12-31,Q1,127189000,30082000,97107000,0.7634858360392801,0.0,0.0,0.0,6000.0,6000.000000000227,30088000.0,-69498000.0,0.0,-41895000,-0.329392,97101000,0.7634386621484562,0.0,27603000.0,0.21702348473531516,0.0,27603000.0,0.21702348473531516,0.47697,0.47697,57871000,57871000,,,1620596410,17:40:10,20210509
2,2019-06-30,PDI,USD,2019-06-30,2019-06-30,Q4,110536000,32060000,78476000,0.7099587464717377,0.0,0.0,0.0,6000.0,6000.000000000227,32066000.0,54303000.0,0.0,187076000,1.692444,78470000,0.7099044655134978,0.0,132773000.0,1.2011742780632555,0.0,132773000.0,1.2011742780632555,2.33066,2.33066,56968000,56968000,,,1620596410,17:40:10,20210509
3,2018-12-31,PDI,USD,2018-12-31,2018-12-31,Q3,105784000,30664000,75120000,0.7101262950918854,0.0,0.0,0.0,27000.0,26999.99999999747,30690999.999999996,-76485000.0,0.0,-77877000,-0.736189,75093000,0.7098710580049913,0.0,-1392000.0,-0.013158889813204266,0.0,-1392000.0,-0.013158889813204266,-0.02469,-0.02469,56384000,56384000,,,1620596410,17:40:10,20210509
4,2018-06-30,PDI,USD,2018-06-30,2018-06-30,Q2,103700000,30222000,73478000,0.7085631629701061,0.0,0.0,0.0,47000.0,46999.999999997046,30268999.999999996,-267000.0,0.0,72897000,0.70296,73431000,0.7081099324975892,0.0,73164000.0,0.7055351976856317,0.0,73164000.0,0.7055351976856317,1.2505,1.2505,58508000,58508000,,,1620596410,17:40:10,20210509
5,2017-12-31,PDI,USD,2017-12-31,2017-12-31,Q1,105585000,29160000,76425000,0.7238244068759767,0.0,0.0,0.0,31000.0,30999.999999998807,29191000.0,7610000.0,0.0,91614000,0.86768,76394000,0.7235308045650424,0.0,84004000.0,0.7956054363782734,0.0,84004000.0,0.7956054363782734,1.67292,1.67292,50214000,50214000,,,1620596410,17:40:10,20210509
6,2017-06-30,PDI,USD,2017-06-30,2017-06-30,Q4,85500000,26300000,59300000,0.6935672514619883,0.0,0.0,0.0,0.0,0.0,26300000.0,116300000.0,0.0,291900000,3.414035,59200000,0.6923976608187135,0.0,175600000.0,2.0538011695906433,0.0,175600000.0,2.0538011695906433,3.47723,3.47723,50500000,50500000,,,1620596410,17:40:10,20210509
7,2016-12-31,PDI,USD,2016-12-31,2016-12-31,Q3,87100000,25200000,61900000,0.7106773823191733,0.0,0.0,0.0,0.0,100000.00000000143,25300000.0,33600000.0,0.0,129100000,1.482204,61900000,0.7106773823191733,0.0,95500000.0,1.0964408725602754,0.0,95500000.0,1.0964408725602754,2.05376,2.05376,46500000,46500000,,,1620596410,17:40:10,20210509
