,date,symbol,reportedCurrency,fillingDate,acceptedDate,period,revenue,costOfRevenue,grossProfit,grossProfitRatio,researchAndDevelopmentExpenses,generalAndAdministrativeExpenses,sellingAndMarketingExpenses,otherExpenses,operatingExpenses,costAndExpenses,interestExpense,depreciationAndAmortization,ebitda,ebitdaratio,operatingIncome,operatingIncomeRatio,totalOtherIncomeExpensesNet,incomeBeforeTax,incomeBeforeTaxRatio,incomeTaxExpense,netIncome,netIncomeRatio,eps,epsdiluted,weightedAverageShsOut,weightedAverageShsOutDil,link,finalLink,timestamp,est_time,est_date
0,2020-09-30,RHT.AX,AUD,2020-09-30,2020-09-30,Q3,917046.0,0.0,917046.0,1.0,38070.0,892703.0,59114.25,46475.25,136994.5,0.0,0.0,85143.0,-209835.75,-0.22881703862183578,-294978.75,-0.3216618904613291,46475.25,-238175.0,-0.25971979595352906,-59406.0,-178769.0,-0.1949400575325556,-0.0004231243290848955,-0.0004231243290848955,422497568.0,422497568.0,,,1620597252,17:54:12,20210509
1,2020-06-30,RHT.AX,AUD,2020-06-30,2020-06-30,Q2,917046.0,0.0,917046.0,1.0,38070.0,892703.0,59114.25,46475.25,136994.5,0.0,0.0,85143.0,-209835.75,-0.22881703862183578,-294978.75,-0.3216618904613291,46475.25,-238175.0,-0.25971979595352906,-59406.0,-178769.0,-0.1949400575325556,-0.0004231243290848955,-0.0004231243290848955,422497568.0,422497568.0,,,1620597252,17:54:12,20210509
2,2020-03-31,RHT.AX,AUD,2020-03-31,2020-03-31,Q1,917046.0,0.0,917046.0,1.0,38070.0,892703.0,59114.25,46475.25,136994.5,0.0,0.0,85143.0,-209835.75,-0.22881703862183578,-294978.75,-0.3216618904613291,46475.25,-238175.0,-0.25971979595352906,-59406.0,-178769.0,-0.1949400575325556,-0.0004231243290848955,-0.0004231243290848955,422497568.0,422497568.0,,,1620597252,17:54:12,20210509
3,2020-01-31,RHT.AX,AUD,2020-01-31,2020-01-31,Q1,917046.0,0.0,917046.0,1.0,38070.0,892703.0,59114.25,46475.25,136994.5,0.0,0.0,85143.0,-209835.75,-0.22881703862183578,-294978.75,-0.3216618904613291,46475.25,-238175.0,-0.25971979595352906,-59406.0,-178769.0,-0.1949400575325556,-0.0004231243290848955,-0.0004231243290848955,422497568.0,422497568.0,,,1620597252,17:54:12,20210509
4,2019-06-30,RHT.AX,AUD,2019-06-30,2019-06-30,Q2,906136.25,0.0,906136.25,1.0,15794.25,417803.25,66576.75,9340.25,127926.25,0.0,0.0,61263.5,278035.75,0.3068365822468751,216772.25,0.23922699262941968,9340.25,235419.5,0.25980585149308394,-82138.75,317558.25,0.3504530913535354,0.000775,0.000775,422497568.0,422497568.0,,,1620597252,17:54:12,20210509
5,2019-03-31,RHT.AX,AUD,2019-03-31,2019-03-31,Q1,906136.25,0.0,906136.25,1.0,15794.25,417803.25,66576.75,9340.25,127926.25,0.0,0.0,61263.5,278035.75,0.3068365822468751,216772.25,0.23922699262941968,9340.25,235419.5,0.25980585149308394,-82138.75,317558.25,0.3504530913535354,0.000775,0.000775,422497568.0,422497568.0,,,1620597252,17:54:12,20210509
6,2019-01-31,RHT.AX,AUD,2019-01-31,2019-01-31,Q1,906136.25,0.0,906136.25,1.0,15794.25,417803.25,66576.75,9340.25,127926.25,0.0,0.0,61263.5,278035.75,0.3068365822468751,216772.25,0.23922699262941968,9340.25,235419.5,0.25980585149308394,-82138.75,317558.25,0.3504530913535354,0.000775,0.000775,422497568.0,422497568.0,,,1620597252,17:54:12,20210509
7,2018-06-30,RHT.AX,AUD,2018-06-30,2018-06-30,Q2,724098.75,0.0,724098.75,1.0,30754.0,505476.75,145903.25,4747.0,62349.5,0.0,0.0,44988.5,-20384.75,-0.028151892266075586,-65373.25,-0.09028223015161951,4747.0,-56821.25,-0.07847168635493432,-112976.0,56154.75,0.07755123178986291,0.00015,0.00015,402497568.0,402497568.0,,,1620597252,17:54:12,20210509
8,2018-03-31,RHT.AX,AUD,2018-03-31,2018-03-31,Q1,724098.75,0.0,724098.75,1.0,30754.0,505476.75,145903.25,4747.0,62349.5,0.0,0.0,44988.5,-20384.75,-0.028151892266075586,-65373.25,-0.09028223015161951,4747.0,-56821.25,-0.07847168635493432,-112976.0,56154.75,0.07755123178986291,0.00015,0.00015,402497568.0,402497568.0,,,1620597252,17:54:12,20210509
9,2018-01-31,RHT.AX,AUD,2018-01-31,2018-01-31,Q1,724098.75,0.0,724098.75,1.0,30754.0,505476.75,145903.25,4747.0,62349.5,0.0,0.0,44988.5,-20384.75,-0.028151892266075586,-65373.25,-0.09028223015161951,4747.0,-56821.25,-0.07847168635493432,-112976.0,56154.75,0.07755123178986291,0.00015,0.00015,402497568.0,402497568.0,,,1620597252,17:54:12,20210509
10,2017-06-30,RHT.AX,AUD,2017-06-30,2017-06-30,Q2,621333.0,0.0,621333.0,1.0,41117.75,390592.25,157382.25,-6146.75,139432.5,0.0,0.0,48307.25,-107191.75,-0.17251900349731947,-155499.0,-0.2502667651645736,-6146.75,-154680.5,-0.24894943613167175,-78626.25,-76054.25,-0.12240497446618802,-0.0002,-0.0002,402468880.0,402468880.0,,,1620597252,17:54:12,20210509
11,2017-03-31,RHT.AX,AUD,2017-03-31,2017-03-31,Q1,621333.0,0.0,621333.0,1.0,41117.75,390592.25,157382.25,-6146.75,139432.5,0.0,0.0,48307.25,-107191.75,-0.17251900349731947,-155499.0,-0.2502667651645736,-6146.75,-154680.5,-0.24894943613167175,-78626.25,-76054.25,-0.12240497446618802,-0.0002,-0.0002,402468880.0,402468880.0,,,1620597252,17:54:12,20210509
12,2017-01-31,RHT.AX,AUD,2017-01-31,2017-01-31,Q1,621333.0,0.0,621333.0,1.0,41117.75,390592.25,157382.25,-6146.75,139432.5,0.0,0.0,48307.25,-107191.75,-0.17251900349731947,-155499.0,-0.2502667651645736,-6146.75,-154680.5,-0.24894943613167175,-78626.25,-76054.25,-0.12240497446618802,-0.0002,-0.0002,402468880.0,402468880.0,,,1620597252,17:54:12,20210509
13,2016-06-30,RHT.AX,AUD,2016-06-30,2016-06-30,Q2,636921.25,0.0,636921.25,1.0,27789.25,368633.75,195385.0,-9793.75,131226.75,0.0,0.0,37309.0,-86113.5,-0.1352027428822637,-123422.5,-0.19377984326947797,-9793.75,-120981.5,-0.1899473443537957,-24890.0,-96091.5,-0.15086872984690022,-0.00025,-0.00025,402330902.0,402330902.0,,,1620597252,17:54:12,20210509
14,2016-03-31,RHT.AX,AUD,2016-03-31,2016-03-31,Q1,636921.25,0.0,636921.25,1.0,27789.25,368633.75,195385.0,-9793.75,131226.75,0.0,0.0,37309.0,-86113.5,-0.1352027428822637,-123422.5,-0.19377984326947797,-9793.75,-120981.5,-0.1899473443537957,-24890.0,-96091.5,-0.15086872984690022,-0.00025,-0.00025,402330902.0,402330902.0,,,1620597252,17:54:12,20210509
15,2016-01-31,RHT.AX,AUD,2016-01-31,2016-01-31,Q1,636921.25,0.0,636921.25,1.0,27789.25,368633.75,195385.0,-9793.75,131226.75,0.0,0.0,37309.0,-86113.5,-0.1352027428822637,-123422.5,-0.19377984326947797,-9793.75,-120981.5,-0.1899473443537957,-24890.0,-96091.5,-0.15086872984690022,-0.00025,-0.00025,402330902.0,402330902.0,,,1620597252,17:54:12,20210509
16,2015-09-30,RHT.AX,AUD,2015-09-30,2015-09-30,Q3,610869.0,0.0,610869.0,1.0,17166.25,337126.5,92933.25,73983.0,158172.0,0.0,0.0,33675.25,5471.0,0.008956093696029755,-28204.25,-0.04617070108321097,73983.0,62158.25,0.1017538130106455,-53650.25,115808.5,0.18957992630171117,0.0003,0.0003,398239002.0,398239002.0,,,1620597252,17:54:12,20210509
17,2015-06-30,RHT.AX,AUD,2015-06-30,2015-06-30,Q2,610869.0,0.0,610869.0,1.0,17166.25,337126.5,92933.25,73983.0,158172.0,0.0,0.0,33675.25,5471.0,0.008956093696029755,-28204.25,-0.04617070108321097,73983.0,62158.25,0.1017538130106455,-53650.25,115808.5,0.18957992630171117,0.0003,0.0003,398239002.0,398239002.0,,,1620597252,17:54:12,20210509
18,2015-03-31,RHT.AX,AUD,2015-03-31,2015-03-31,Q1,610869.0,0.0,610869.0,1.0,17166.25,337126.5,92933.25,73983.0,158172.0,0.0,0.0,33675.25,5471.0,0.008956093696029755,-28204.25,-0.04617070108321097,73983.0,62158.25,0.1017538130106455,-53650.25,115808.5,0.18957992630171117,0.0003,0.0003,398239002.0,398239002.0,,,1620597252,17:54:12,20210509
19,2015-01-31,RHT.AX,AUD,2015-01-31,2015-01-31,Q1,610869.0,0.0,610869.0,1.0,17166.25,337126.5,92933.25,73983.0,158172.0,0.0,0.0,33675.25,5471.0,0.008956093696029755,-28204.25,-0.04617070108321097,73983.0,62158.25,0.1017538130106455,-53650.25,115808.5,0.18957992630171117,0.0003,0.0003,398239002.0,398239002.0,,,1620597252,17:54:12,20210509
20,2014-09-30,RHT.AX,AUD,2014-09-30,2014-09-30,Q3,571141.25,0.0,571141.25,1.0,17718.5,330758.25,43308.0,-43363.0,133914.75,0.0,0.0,27142.0,45441.75,0.07956306780503072,18299.75,0.032040672950868106,-43363.0,-18945.5,-0.03317130394626548,-841.75,-18103.75,-0.031697500399419584,-5e-05,-5e-05,363572613.0,363572613.0,,,1620597252,17:54:12,20210509
21,2014-06-30,RHT.AX,AUD,2014-06-30,2014-06-30,Q2,571141.25,0.0,571141.25,1.0,17718.5,330758.25,43308.0,-43363.0,133914.75,0.0,0.0,27142.0,45441.75,0.07956306780503072,18299.75,0.032040672950868106,-43363.0,-18945.5,-0.03317130394626548,-841.75,-18103.75,-0.031697500399419584,-5e-05,-5e-05,363572613.0,363572613.0,,,1620597252,17:54:12,20210509
22,2014-03-31,RHT.AX,AUD,2014-03-31,2014-03-31,Q1,571141.25,0.0,571141.25,1.0,17718.5,330758.25,43308.0,-43363.0,133914.75,0.0,0.0,27142.0,45441.75,0.07956306780503072,18299.75,0.032040672950868106,-43363.0,-18945.5,-0.03317130394626548,-841.75,-18103.75,-0.031697500399419584,-5e-05,-5e-05,363572613.0,363572613.0,,,1620597252,17:54:12,20210509
23,2014-01-31,RHT.AX,AUD,2014-01-31,2014-01-31,Q1,571141.25,0.0,571141.25,1.0,17718.5,330758.25,43308.0,-43363.0,133914.75,0.0,0.0,27142.0,45441.75,0.07956306780503072,18299.75,0.032040672950868106,-43363.0,-18945.5,-0.03317130394626548,-841.75,-18103.75,-0.031697500399419584,-5e-05,-5e-05,363572613.0,363572613.0,,,1620597252,17:54:12,20210509
24,2013-09-30,RHT.AX,AUD,2013-09-30,2013-09-30,Q3,381797.0,0.0,381797.0,1.0,14053.0,344094.0,54660.25,75658.75,130685.5,0.0,0.0,13288.0,-161695.75,-0.4235123639001878,-174983.75,-0.45831619944630264,75658.75,-90348.0,-0.23663884210719308,-39227.75,-51120.25,-0.13389379696540307,-0.0001235,-0.0001235,365117135.0,365117135.0,,,1620597252,17:54:12,20210509
25,2013-06-30,RHT.AX,AUD,2013-06-30,2013-06-30,Q2,381797.0,0.0,381797.0,1.0,14053.0,344094.0,54660.25,75658.75,130685.5,0.0,0.0,13288.0,-161695.75,-0.4235123639001878,-174983.75,-0.45831619944630264,75658.75,-90348.0,-0.23663884210719308,-39227.75,-51120.25,-0.13389379696540307,-0.0001235,-0.0001235,365117135.0,365117135.0,,,1620597252,17:54:12,20210509
26,2013-03-31,RHT.AX,AUD,2013-03-31,2013-03-31,Q1,381797.0,0.0,381797.0,1.0,14053.0,344094.0,54660.25,75658.75,130685.5,0.0,0.0,13288.0,-161695.75,-0.4235123639001878,-174983.75,-0.45831619944630264,75658.75,-90348.0,-0.23663884210719308,-39227.75,-51120.25,-0.13389379696540307,-0.0001235,-0.0001235,365117135.0,365117135.0,,,1620597252,17:54:12,20210509
27,2013-01-31,RHT.AX,AUD,2013-01-31,2013-01-31,Q1,381797.0,0.0,381797.0,1.0,14053.0,344094.0,54660.25,75658.75,130685.5,0.0,0.0,13288.0,-161695.75,-0.4235123639001878,-174983.75,-0.45831619944630264,75658.75,-90348.0,-0.23663884210719308,-39227.75,-51120.25,-0.13389379696540307,-0.0001235,-0.0001235,365117135.0,365117135.0,,,1620597252,17:54:12,20210509
28,2012-09-30,RHT.AX,AUD,2012-09-30,2012-09-30,Q3,390560.5,0.0,390560.5,1.0,20102.0,361232.5,49738.0,46287.0,133692.0,0.0,0.0,5074.5,-174204.0,-0.4460358894460653,-179278.5,-0.4590287548279972,46287.0,-108423.75,-0.277610639068723,-41273.5,-67150.25,-0.17193302958184456,-0.000173,-0.000173,365117135.0,365117135.0,,,1620597252,17:54:12,20210509
29,2012-06-30,RHT.AX,AUD,2012-06-30,2012-06-30,Q2,390560.5,0.0,390560.5,1.0,20102.0,361232.5,49738.0,46287.0,133692.0,0.0,0.0,5074.5,-174204.0,-0.4460358894460653,-179278.5,-0.4590287548279972,46287.0,-108423.75,-0.277610639068723,-41273.5,-67150.25,-0.17193302958184456,-0.000173,-0.000173,365117135.0,365117135.0,,,1620597252,17:54:12,20210509
30,2012-03-31,RHT.AX,AUD,2012-03-31,2012-03-31,Q1,390560.5,0.0,390560.5,1.0,20102.0,361232.5,49738.0,46287.0,133692.0,0.0,0.0,5074.5,-174204.0,-0.4460358894460653,-179278.5,-0.4590287548279972,46287.0,-108423.75,-0.277610639068723,-41273.5,-67150.25,-0.17193302958184456,-0.000173,-0.000173,365117135.0,365117135.0,,,1620597252,17:54:12,20210509
31,2012-01-31,RHT.AX,AUD,2012-01-31,2012-01-31,Q1,390560.5,0.0,390560.5,1.0,20102.0,361232.5,49738.0,46287.0,133692.0,0.0,0.0,5074.5,-174204.0,-0.4460358894460653,-179278.5,-0.4590287548279972,46287.0,-108423.75,-0.277610639068723,-41273.5,-67150.25,-0.17193302958184456,-0.000173,-0.000173,365117135.0,365117135.0,,,1620597252,17:54:12,20210509
32,2011-09-30,RHT.AX,AUD,2011-09-30,2011-09-30,Q3,436466.0,0.0,436466.0,1.0,35158.0,332333.25,87345.0,-9213.75,112516.5,0.0,0.0,5292.25,-130886.75,-0.29987845559562487,-136179.0,-0.3120036841357631,-9213.75,-125857.25,-0.2883552212543474,-46650.0,-79207.25,-0.1814740437972259,-0.0002225,-0.0002225,364892291.0,364892291.0,,,1620597252,17:54:12,20210509
33,2011-06-30,RHT.AX,AUD,2011-06-30,2011-06-30,Q2,436466.0,0.0,436466.0,1.0,35158.0,332333.25,87345.0,-9213.75,112516.5,0.0,0.0,5292.25,-130886.75,-0.29987845559562487,-136179.0,-0.3120036841357631,-9213.75,-125857.25,-0.2883552212543474,-46650.0,-79207.25,-0.1814740437972259,-0.0002225,-0.0002225,364892291.0,364892291.0,,,1620597252,17:54:12,20210509
34,2011-03-31,RHT.AX,AUD,2011-03-31,2011-03-31,Q1,436466.0,0.0,436466.0,1.0,35158.0,332333.25,87345.0,-9213.75,112516.5,0.0,0.0,5292.25,-130886.75,-0.29987845559562487,-136179.0,-0.3120036841357631,-9213.75,-125857.25,-0.2883552212543474,-46650.0,-79207.25,-0.1814740437972259,-0.0002225,-0.0002225,364892291.0,364892291.0,,,1620597252,17:54:12,20210509
35,2011-01-31,RHT.AX,AUD,2011-01-31,2011-01-31,Q1,436466.0,0.0,436466.0,1.0,35158.0,332333.25,87345.0,-9213.75,112516.5,0.0,0.0,5292.25,-130886.75,-0.29987845559562487,-136179.0,-0.3120036841357631,-9213.75,-125857.25,-0.2883552212543474,-46650.0,-79207.25,-0.1814740437972259,-0.0002225,-0.0002225,364892291.0,364892291.0,,,1620597252,17:54:12,20210509
36,2010-09-30,RHT.AX,AUD,2010-09-30,2010-09-30,Q3,459448.75,0.0,459448.75,1.0,27840.0,316418.75,83518.25,15013.0,121597.75,0.0,0.0,6145.5,-89926.0,-0.19572585625709069,-96071.5,-0.2091016680315269,15013.0,-58047.25,-0.1263410772148145,-32463.5,-25583.75,-0.055683577330442185,-7.425e-05,-7.425e-05,364364144.0,364364144.0,,,1620597252,17:54:12,20210509
37,2010-06-30,RHT.AX,AUD,2010-06-30,2010-06-30,Q2,459448.75,0.0,459448.75,1.0,27840.0,316418.75,83518.25,15013.0,121597.75,0.0,0.0,6145.5,-89926.0,-0.19572585625709069,-96071.5,-0.2091016680315269,15013.0,-58047.25,-0.1263410772148145,-32463.5,-25583.75,-0.055683577330442185,-7.425e-05,-7.425e-05,364364144.0,364364144.0,,,1620597252,17:54:12,20210509
38,2010-03-31,RHT.AX,AUD,2010-03-31,2010-03-31,Q1,459448.75,0.0,459448.75,1.0,27840.0,316418.75,83518.25,15013.0,121597.75,0.0,0.0,6145.5,-89926.0,-0.19572585625709069,-96071.5,-0.2091016680315269,15013.0,-58047.25,-0.1263410772148145,-32463.5,-25583.75,-0.055683577330442185,-7.425e-05,-7.425e-05,364364144.0,364364144.0,,,1620597252,17:54:12,20210509
39,2010-01-31,RHT.AX,AUD,2010-01-31,2010-01-31,Q1,459448.75,0.0,459448.75,1.0,27840.0,316418.75,83518.25,15013.0,121597.75,0.0,0.0,6145.5,-89926.0,-0.19572585625709069,-96071.5,-0.2091016680315269,15013.0,-58047.25,-0.1263410772148145,-32463.5,-25583.75,-0.055683577330442185,-7.425e-05,-7.425e-05,364364144.0,364364144.0,,,1620597252,17:54:12,20210509
40,2009-09-30,RHT.AX,AUD,2009-09-30,2009-09-30,Q3,564797.75,0.0,564797.75,1.0,38223.5,244982.0,39941.0,1627.5,126052.25,0.0,0.0,6508.25,115599.0,0.20467326578407935,109090.75,0.19315011435509435,1627.5,142033.25,0.2514763028004272,-12229.5,154262.75,0.2731291865096842,0.00042025,0.00042025,363684824.0,363684824.0,,,1620597252,17:54:12,20210509
41,2009-06-30,RHT.AX,AUD,2009-06-30,2009-06-30,Q2,564797.75,0.0,564797.75,1.0,38223.5,244982.0,39941.0,1627.5,126052.25,0.0,0.0,6508.25,115599.0,0.20467326578407935,109090.75,0.19315011435509435,1627.5,142033.25,0.2514763028004272,-12229.5,154262.75,0.2731291865096842,0.00042025,0.00042025,363684824.0,363684824.0,,,1620597252,17:54:12,20210509
42,2009-03-31,RHT.AX,AUD,2009-03-31,2009-03-31,Q1,564797.75,0.0,564797.75,1.0,38223.5,244982.0,39941.0,1627.5,126052.25,0.0,0.0,6508.25,115599.0,0.20467326578407935,109090.75,0.19315011435509435,1627.5,142033.25,0.2514763028004272,-12229.5,154262.75,0.2731291865096842,0.00042025,0.00042025,363684824.0,363684824.0,,,1620597252,17:54:12,20210509
43,2009-01-31,RHT.AX,AUD,2009-01-31,2009-01-31,Q1,564797.75,0.0,564797.75,1.0,38223.5,244982.0,39941.0,1627.5,126052.25,0.0,0.0,6508.25,115599.0,0.20467326578407935,109090.75,0.19315011435509435,1627.5,142033.25,0.2514763028004272,-12229.5,154262.75,0.2731291865096842,0.00042025,0.00042025,363684824.0,363684824.0,,,1620597252,17:54:12,20210509
44,2008-09-30,RHT.AX,AUD,2008-09-30,2008-09-30,Q3,430521.25,0.0,430521.25,1.0,44973.0,258773.0,6347.75,-4550.25,207685.25,0.0,0.0,8550.5,-87257.75,-0.2026793102547203,-95808.25,-0.22254011851912073,-4550.25,-63601.0,-0.14773022237578284,-53253.0,-10348.0,-0.02403597964095849,-2.475e-05,-2.475e-05,363110320.0,363110320.0,,,1620597252,17:54:12,20210509
45,2008-06-30,RHT.AX,AUD,2008-06-30,2008-06-30,Q2,430521.25,0.0,430521.25,1.0,44973.0,258773.0,6347.75,-4550.25,207685.25,0.0,0.0,8550.5,-87257.75,-0.2026793102547203,-95808.25,-0.22254011851912073,-4550.25,-63601.0,-0.14773022237578284,-53253.0,-10348.0,-0.02403597964095849,-2.475e-05,-2.475e-05,363110320.0,363110320.0,,,1620597252,17:54:12,20210509
46,2008-03-31,RHT.AX,AUD,2008-03-31,2008-03-31,Q1,430521.25,0.0,430521.25,1.0,44973.0,258773.0,6347.75,-4550.25,207685.25,0.0,0.0,8550.5,-87257.75,-0.2026793102547203,-95808.25,-0.22254011851912073,-4550.25,-63601.0,-0.14773022237578284,-53253.0,-10348.0,-0.02403597964095849,-2.475e-05,-2.475e-05,363110320.0,363110320.0,,,1620597252,17:54:12,20210509
47,2008-01-31,RHT.AX,AUD,2008-01-31,2008-01-31,Q1,430521.25,0.0,430521.25,1.0,44973.0,258773.0,6347.75,-4550.25,207685.25,0.0,0.0,8550.5,-87257.75,-0.2026793102547203,-95808.25,-0.22254011851912073,-4550.25,-63601.0,-0.14773022237578284,-53253.0,-10348.0,-0.02403597964095849,-2.475e-05,-2.475e-05,363110320.0,363110320.0,,,1620597252,17:54:12,20210509
48,2007-09-30,RHT.AX,AUD,2007-09-30,2007-09-30,Q3,467197.5,0.0,467197.5,1.0,20826.0,308717.75,7174.0,-23797.0,359239.0,0.0,0.0,10736.5,-228759.25,-0.4896414257353689,-239495.75,-0.5126220709657051,-23797.0,-229155.25,-0.49048903301066465,-47825.5,-181329.75,-0.3881222609281942,-0.00049425,-0.00049425,324604103.0,324604103.0,,,1620597252,17:54:12,20210509
49,2007-06-30,RHT.AX,AUD,2007-06-30,2007-06-30,Q2,467197.5,0.0,467197.5,1.0,20826.0,308717.75,7174.0,-23797.0,359239.0,0.0,0.0,10736.5,-228759.25,-0.4896414257353689,-239495.75,-0.5126220709657051,-23797.0,-229155.25,-0.49048903301066465,-47825.5,-181329.75,-0.3881222609281942,-0.00049425,-0.00049425,324604103.0,324604103.0,,,1620597252,17:54:12,20210509
50,2007-03-31,RHT.AX,AUD,2007-03-31,2007-03-31,Q1,467197.5,0.0,467197.5,1.0,20826.0,308717.75,7174.0,-23797.0,359239.0,0.0,0.0,10736.5,-228759.25,-0.4896414257353689,-239495.75,-0.5126220709657051,-23797.0,-229155.25,-0.49048903301066465,-47825.5,-181329.75,-0.3881222609281942,-0.00049425,-0.00049425,324604103.0,324604103.0,,,1620597252,17:54:12,20210509
51,2007-01-31,RHT.AX,AUD,2007-01-31,2007-01-31,Q1,467197.5,0.0,467197.5,1.0,20826.0,308717.75,7174.0,-23797.0,359239.0,0.0,0.0,10736.5,-228759.25,-0.4896414257353689,-239495.75,-0.5126220709657051,-23797.0,-229155.25,-0.49048903301066465,-47825.5,-181329.75,-0.3881222609281942,-0.00049425,-0.00049425,324604103.0,324604103.0,,,1620597252,17:54:12,20210509
52,2006-09-30,RHT.AX,AUD,2006-09-30,2006-09-30,Q3,79017.5,0.0,79017.5,1.0,75883.5,394223.25,67330.25,58267.5,479895.25,0.0,0.0,12583.5,-938314.75,-11.87477141139621,-950898.25,-12.034020944727434,-3138454.5,-4072057.0,-51.533609643433415,-56845.75,-4015211.25,-50.814202550068025,-0.01779675,-0.01779675,225358762.0,225358762.0,,,1620597252,17:54:12,20210509
53,2006-06-30,RHT.AX,AUD,2006-06-30,2006-06-30,Q2,79017.5,0.0,79017.5,1.0,75883.5,394223.25,67330.25,58267.5,479895.25,0.0,0.0,12583.5,-938314.75,-11.87477141139621,-950898.25,-12.034020944727434,-3138454.5,-4072057.0,-51.533609643433415,-56845.75,-4015211.25,-50.814202550068025,-0.01779675,-0.01779675,225358762.0,225358762.0,,,1620597252,17:54:12,20210509
54,2006-03-31,RHT.AX,AUD,2006-03-31,2006-03-31,Q1,79017.5,0.0,79017.5,1.0,75883.5,394223.25,67330.25,58267.5,479895.25,0.0,0.0,12583.5,-938314.75,-11.87477141139621,-950898.25,-12.034020944727434,-3138454.5,-4072057.0,-51.533609643433415,-56845.75,-4015211.25,-50.814202550068025,-0.01779675,-0.01779675,225358762.0,225358762.0,,,1620597252,17:54:12,20210509
55,2006-01-31,RHT.AX,AUD,2006-01-31,2006-01-31,Q1,79017.5,0.0,79017.5,1.0,75883.5,394223.25,67330.25,58267.5,479895.25,0.0,0.0,12583.5,-938314.75,-11.87477141139621,-950898.25,-12.034020944727434,-3138454.5,-4072057.0,-51.533609643433415,-56845.75,-4015211.25,-50.814202550068025,-0.01779675,-0.01779675,225358762.0,225358762.0,,,1620597252,17:54:12,20210509
56,2005-09-30,RHT.AX,AUD,2005-09-30,2005-09-30,Q3,30392.0,0.0,30392.0,1.0,102304.75,388785.25,18786.5,27941.5,234034.5,0.0,0.0,80865.0,-713519.0,-23.477197946828113,-794384.0,-26.137931034482758,27941.5,-753981.25,-24.80854336667544,-753981.25,277403.75,9.127525335614635,-0.00439425,-0.00439425,107737880.0,107737880.0,,,1620597252,17:54:12,20210509
57,2005-06-30,RHT.AX,AUD,2005-06-30,2005-06-30,Q2,30392.0,0.0,30392.0,1.0,102304.75,388785.25,18786.5,27941.5,234034.5,0.0,0.0,80865.0,-713519.0,-23.477197946828113,-794384.0,-26.137931034482758,27941.5,-753981.25,-24.80854336667544,-753981.25,277403.75,9.127525335614635,-0.00439425,-0.00439425,107737880.0,107737880.0,,,1620597252,17:54:12,20210509
58,2005-03-31,RHT.AX,AUD,2005-03-31,2005-03-31,Q1,30392.0,0.0,30392.0,1.0,102304.75,388785.25,18786.5,27941.5,234034.5,0.0,0.0,80865.0,-713519.0,-23.477197946828113,-794384.0,-26.137931034482758,27941.5,-753981.25,-24.80854336667544,-753981.25,277403.75,9.127525335614635,-0.00439425,-0.00439425,107737880.0,107737880.0,,,1620597252,17:54:12,20210509
59,2005-01-31,RHT.AX,AUD,2005-01-31,2005-01-31,Q1,30392.0,0.0,30392.0,1.0,102304.75,388785.25,18786.5,27941.5,234034.5,0.0,0.0,80865.0,-713519.0,-23.477197946828113,-794384.0,-26.137931034482758,27941.5,-753981.25,-24.80854336667544,-753981.25,277403.75,9.127525335614635,-0.00439425,-0.00439425,107737880.0,107737880.0,,,1620597252,17:54:12,20210509
60,2004-09-30,RHT.AX,AUD,2004-09-30,2004-09-30,Q3,825.0,0.0,825.0,1.0,118267.25,217375.0,24700.0,0.0,139801.25,0.0,0.0,17209.5,-499318.5,-605.2345454545455,-516528.0,-626.0945454545455,0.0,-505069.25,-612.2051515151516,-505069.25,189271.0,229.41939393939393,-0.006152,-0.006152,51860459.0,51860459.0,,,1620597252,17:54:12,20210509
61,2004-06-30,RHT.AX,AUD,2004-06-30,2004-06-30,Q2,825.0,0.0,825.0,1.0,118267.25,217375.0,24700.0,0.0,139801.25,0.0,0.0,17209.5,-499318.5,-605.2345454545455,-516528.0,-626.0945454545455,0.0,-505069.25,-612.2051515151516,-505069.25,189271.0,229.41939393939393,-0.006152,-0.006152,51860459.0,51860459.0,,,1620597252,17:54:12,20210509
62,2004-03-31,RHT.AX,AUD,2004-03-31,2004-03-31,Q1,825.0,0.0,825.0,1.0,118267.25,217375.0,24700.0,0.0,139801.25,0.0,0.0,17209.5,-499318.5,-605.2345454545455,-516528.0,-626.0945454545455,0.0,-505069.25,-612.2051515151516,-505069.25,189271.0,229.41939393939393,-0.006152,-0.006152,51860459.0,51860459.0,,,1620597252,17:54:12,20210509
63,2004-01-31,RHT.AX,AUD,2004-01-31,2004-01-31,Q1,825.0,0.0,825.0,1.0,118267.25,217375.0,24700.0,0.0,139801.25,0.0,0.0,17209.5,-499318.5,-605.2345454545455,-516528.0,-626.0945454545455,0.0,-505069.25,-612.2051515151516,-505069.25,189271.0,229.41939393939393,-0.006152,-0.006152,51860459.0,51860459.0,,,1620597252,17:54:12,20210509
64,2003-09-30,RHT.AX,AUD,2003-09-30,2003-09-30,Q3,4750.25,0.0,4750.25,1.0,0.0,100931.5,0.0,0.0,100931.5,0.0,0.0,0.0,-100931.5,-0.04706409792780252,-100931.5,-21.247618546392296,0.0,1525639.5,321.17035945476556,1525639.5,1525639.5,321.17035945476556,0.02970375,0.02970375,51361772.0,51361772.0,,,1620597252,17:54:12,20210509
65,2003-06-30,RHT.AX,AUD,2003-06-30,2003-06-30,Q2,4750.25,0.0,4750.25,1.0,0.0,100931.5,0.0,0.0,100931.5,0.0,0.0,0.0,-100931.5,-0.04706409792780252,-100931.5,-21.247618546392296,0.0,1525639.5,321.17035945476556,1525639.5,1525639.5,321.17035945476556,0.02970375,0.02970375,51361772.0,51361772.0,,,1620597252,17:54:12,20210509
66,2003-03-31,RHT.AX,AUD,2003-03-31,2003-03-31,Q1,4750.25,0.0,4750.25,1.0,0.0,100931.5,0.0,0.0,100931.5,0.0,0.0,0.0,-100931.5,-0.04706409792780252,-100931.5,-21.247618546392296,0.0,1525639.5,321.17035945476556,1525639.5,1525639.5,321.17035945476556,0.02970375,0.02970375,51361772.0,51361772.0,,,1620597252,17:54:12,20210509
67,2003-01-31,RHT.AX,AUD,2003-01-31,2003-01-31,Q1,4750.25,0.0,4750.25,1.0,0.0,100931.5,0.0,0.0,100931.5,0.0,0.0,0.0,-100931.5,-0.04706409792780252,-100931.5,-21.247618546392296,0.0,1525639.5,321.17035945476556,1525639.5,1525639.5,321.17035945476556,0.02970375,0.02970375,51361772.0,51361772.0,,,1620597252,17:54:12,20210509
68,2002-09-30,RHT.AX,AUD,2002-09-30,2002-09-30,Q3,0.0,0.0,0.0,0.0,0.0,0.0,0.0,403658.5,768940.0,0.0,250000.0,0.0,-365281.5,0.0,-768940.0,0.0,403658.5,-615281.5,0.0,-615281.5,-615281.5,0.0,-0.12021,-0.12021,4938192.0,4938192.0,,,1620597252,17:54:12,20210509
69,2002-06-30,RHT.AX,AUD,2002-06-30,2002-06-30,Q2,0.0,0.0,0.0,0.0,0.0,0.0,0.0,403658.5,768940.0,0.0,250000.0,0.0,-365281.5,0.0,-768940.0,0.0,403658.5,-615281.5,0.0,-615281.5,-615281.5,0.0,-0.12021,-0.12021,4938192.0,4938192.0,,,1620597252,17:54:12,20210509
70,2002-03-31,RHT.AX,AUD,2002-03-31,2002-03-31,Q1,0.0,0.0,0.0,0.0,0.0,0.0,0.0,403658.5,768940.0,0.0,250000.0,0.0,-365281.5,0.0,-768940.0,0.0,403658.5,-615281.5,0.0,-615281.5,-615281.5,0.0,-0.12021,-0.12021,4938192.0,4938192.0,,,1620597252,17:54:12,20210509
71,2002-01-31,RHT.AX,AUD,2002-01-31,2002-01-31,Q1,0.0,0.0,0.0,0.0,0.0,0.0,0.0,403658.5,768940.0,0.0,250000.0,0.0,-365281.5,0.0,-768940.0,0.0,403658.5,-615281.5,0.0,-615281.5,-615281.5,0.0,-0.12021,-0.12021,4938192.0,4938192.0,,,1620597252,17:54:12,20210509
72,2000-09-30,RHT.AX,AUD,2000-09-30,2000-09-30,Q3,0.0,0.0,0.0,0.0,0.0,0.0,0.0,0.0,0.0,0.0,3079.25,0.0,-1915670.75,0.0,0.0,0.0,0.0,-1918750.0,0.0,-1918750.0,105750.0,0.0,-0.3860295,-0.3860295,4693885.0,4693885.0,,,1620597252,17:54:12,20210509
73,2000-06-30,RHT.AX,AUD,2000-06-30,2000-06-30,Q2,0.0,0.0,0.0,0.0,0.0,0.0,0.0,0.0,0.0,0.0,3079.25,0.0,-1915670.75,0.0,0.0,0.0,0.0,-1918750.0,0.0,-1918750.0,105750.0,0.0,-0.3860295,-0.3860295,4693885.0,4693885.0,,,1620597252,17:54:12,20210509
74,2000-03-31,RHT.AX,AUD,2000-03-31,2000-03-31,Q1,0.0,0.0,0.0,0.0,0.0,0.0,0.0,0.0,0.0,0.0,3079.25,0.0,-1915670.75,0.0,0.0,0.0,0.0,-1918750.0,0.0,-1918750.0,105750.0,0.0,-0.3860295,-0.3860295,4693885.0,4693885.0,,,1620597252,17:54:12,20210509
75,2000-01-31,RHT.AX,AUD,2000-01-31,2000-01-31,Q1,0.0,0.0,0.0,0.0,0.0,0.0,0.0,0.0,0.0,0.0,3079.25,0.0,-1915670.75,0.0,0.0,0.0,0.0,-1918750.0,0.0,-1918750.0,105750.0,0.0,-0.3860295,-0.3860295,4693885.0,4693885.0,,,1620597252,17:54:12,20210509
76,1999-09-30,RHT.AX,AUD,1999-09-30,1999-09-30,Q3,0.0,0.0,0.0,0.0,0.0,0.0,0.0,0.0,0.0,0.0,1586.5,0.0,-4664182.5,0.0,0.0,0.0,0.0,-4665769.0,0.0,-4665769.0,11379.5,0.0,-1.51270625,-1.51270625,3076609.0,3076609.0,,,1620597252,17:54:12,20210509
77,1999-06-30,RHT.AX,AUD,1999-06-30,1999-06-30,Q2,0.0,0.0,0.0,0.0,0.0,0.0,0.0,0.0,0.0,0.0,1586.5,0.0,-4664182.5,0.0,0.0,0.0,0.0,-4665769.0,0.0,-4665769.0,11379.5,0.0,-1.51270625,-1.51270625,3076609.0,3076609.0,,,1620597252,17:54:12,20210509
78,1999-03-31,RHT.AX,AUD,1999-03-31,1999-03-31,Q1,0.0,0.0,0.0,0.0,0.0,0.0,0.0,0.0,0.0,0.0,1586.5,0.0,-4664182.5,0.0,0.0,0.0,0.0,-4665769.0,0.0,-4665769.0,11379.5,0.0,-1.51270625,-1.51270625,3076609.0,3076609.0,,,1620597252,17:54:12,20210509
79,1999-01-31,RHT.AX,AUD,1999-01-31,1999-01-31,Q1,0.0,0.0,0.0,0.0,0.0,0.0,0.0,0.0,0.0,0.0,1586.5,0.0,-4664182.5,0.0,0.0,0.0,0.0,-4665769.0,0.0,-4665769.0,11379.5,0.0,-1.51270625,-1.51270625,3076609.0,3076609.0,,,1620597252,17:54:12,20210509
80,1998-09-30,RHT.AX,AUD,1998-09-30,1998-09-30,Q3,0.0,0.0,0.0,0.0,0.0,0.0,0.0,0.0,0.0,0.0,246.0,0.0,-988833.25,0.0,0.0,0.0,0.0,-989079.25,0.0,-989079.25,16895.25,0.0,-0.41330775,-0.41330775,2804529.0,2804529.0,,,1620597252,17:54:12,20210509
81,1998-06-30,RHT.AX,AUD,1998-06-30,1998-06-30,Q2,0.0,0.0,0.0,0.0,0.0,0.0,0.0,0.0,0.0,0.0,246.0,0.0,-988833.25,0.0,0.0,0.0,0.0,-989079.25,0.0,-989079.25,16895.25,0.0,-0.41330775,-0.41330775,2804529.0,2804529.0,,,1620597252,17:54:12,20210509
82,1998-03-31,RHT.AX,AUD,1998-03-31,1998-03-31,Q1,0.0,0.0,0.0,0.0,0.0,0.0,0.0,0.0,0.0,0.0,246.0,0.0,-988833.25,0.0,0.0,0.0,0.0,-989079.25,0.0,-989079.25,16895.25,0.0,-0.41330775,-0.41330775,2804529.0,2804529.0,,,1620597252,17:54:12,20210509
83,1998-01-31,RHT.AX,AUD,1998-01-31,1998-01-31,Q1,0.0,0.0,0.0,0.0,0.0,0.0,0.0,0.0,0.0,0.0,246.0,0.0,-988833.25,0.0,0.0,0.0,0.0,-989079.25,0.0,-989079.25,16895.25,0.0,-0.41330775,-0.41330775,2804529.0,2804529.0,,,1620597252,17:54:12,20210509
84,1997-09-30,RHT.AX,AUD,1997-09-30,1997-09-30,Q3,0.0,0.0,0.0,0.0,0.0,0.0,0.0,0.0,0.0,0.0,486.5,0.0,-634060.25,0.0,0.0,0.0,0.0,-634546.75,0.0,-634546.75,0.0,0.0,-0.33064625,-0.33064625,1918970.0,1918970.0,,,1620597252,17:54:12,20210509
85,1997-06-30,RHT.AX,AUD,1997-06-30,1997-06-30,Q2,0.0,0.0,0.0,0.0,0.0,0.0,0.0,0.0,0.0,0.0,486.5,0.0,-634060.25,0.0,0.0,0.0,0.0,-634546.75,0.0,-634546.75,0.0,0.0,-0.33064625,-0.33064625,1918970.0,1918970.0,,,1620597252,17:54:12,20210509
86,1997-03-31,RHT.AX,AUD,1997-03-31,1997-03-31,Q1,0.0,0.0,0.0,0.0,0.0,0.0,0.0,0.0,0.0,0.0,486.5,0.0,-634060.25,0.0,0.0,0.0,0.0,-634546.75,0.0,-634546.75,0.0,0.0,-0.33064625,-0.33064625,1918970.0,1918970.0,,,1620597252,17:54:12,20210509
87,1997-01-31,RHT.AX,AUD,1997-01-31,1997-01-31,Q1,0.0,0.0,0.0,0.0,0.0,0.0,0.0,0.0,0.0,0.0,486.5,0.0,-634060.25,0.0,0.0,0.0,0.0,-634546.75,0.0,-634546.75,0.0,0.0,-0.33064625,-0.33064625,1918970.0,1918970.0,,,1620597252,17:54:12,20210509
88,1996-09-30,RHT.AX,AUD,1996-09-30,1996-09-30,Q3,0.0,0.0,0.0,0.0,0.0,0.0,0.0,0.0,0.0,0.0,486.75,0.0,-207111.25,0.0,0.0,0.0,0.0,-207598.0,0.0,-207598.0,0.0,0.0,-0.17358925,-0.17358925,1195915.0,1195915.0,,,1620597252,17:54:12,20210509
89,1996-06-30,RHT.AX,AUD,1996-06-30,1996-06-30,Q2,0.0,0.0,0.0,0.0,0.0,0.0,0.0,0.0,0.0,0.0,486.75,0.0,-207111.25,0.0,0.0,0.0,0.0,-207598.0,0.0,-207598.0,0.0,0.0,-0.17358925,-0.17358925,1195915.0,1195915.0,,,1620597252,17:54:12,20210509
90,1996-03-31,RHT.AX,AUD,1996-03-31,1996-03-31,Q1,0.0,0.0,0.0,0.0,0.0,0.0,0.0,0.0,0.0,0.0,486.75,0.0,-207111.25,0.0,0.0,0.0,0.0,-207598.0,0.0,-207598.0,0.0,0.0,-0.17358925,-0.17358925,1195915.0,1195915.0,,,1620597252,17:54:12,20210509
91,1996-01-31,RHT.AX,AUD,1996-01-31,1996-01-31,Q1,0.0,0.0,0.0,0.0,0.0,0.0,0.0,0.0,0.0,0.0,486.75,0.0,-207111.25,0.0,0.0,0.0,0.0,-207598.0,0.0,-207598.0,0.0,0.0,-0.17358925,-0.17358925,1195915.0,1195915.0,,,1620597252,17:54:12,20210509
92,1995-09-30,RHT.AX,AUD,1995-09-30,1995-09-30,Q3,0.0,0.0,0.0,0.0,0.0,0.0,0.0,0.0,0.0,0.0,38500.0,0.0,2500.0,0.0,0.0,0.0,0.0,-36000.0,0.0,-36000.0,0.0,0.0,-0.04133075,-0.04133075,871021.0,871021.0,,,1620597252,17:54:12,20210509
93,1995-06-30,RHT.AX,AUD,1995-06-30,1995-06-30,Q2,0.0,0.0,0.0,0.0,0.0,0.0,0.0,0.0,0.0,0.0,38500.0,0.0,2500.0,0.0,0.0,0.0,0.0,-36000.0,0.0,-36000.0,0.0,0.0,-0.04133075,-0.04133075,871021.0,871021.0,,,1620597252,17:54:12,20210509
94,1995-03-31,RHT.AX,AUD,1995-03-31,1995-03-31,Q1,0.0,0.0,0.0,0.0,0.0,0.0,0.0,0.0,0.0,0.0,38500.0,0.0,2500.0,0.0,0.0,0.0,0.0,-36000.0,0.0,-36000.0,0.0,0.0,-0.04133075,-0.04133075,871021.0,871021.0,,,1620597252,17:54:12,20210509
95,1995-01-31,RHT.AX,AUD,1995-01-31,1995-01-31,Q1,0.0,0.0,0.0,0.0,0.0,0.0,0.0,0.0,0.0,0.0,38500.0,0.0,2500.0,0.0,0.0,0.0,0.0,-36000.0,0.0,-36000.0,0.0,0.0,-0.04133075,-0.04133075,871021.0,871021.0,,,1620597252,17:54:12,20210509
96,1994-09-30,RHT.AX,AUD,1994-09-30,1994-09-30,Q3,0.0,0.0,0.0,0.0,0.0,0.0,0.0,0.0,0.0,0.0,0.0,0.0,-101250.0,0.0,0.0,0.0,0.0,-101250.0,0.0,-101250.0,0.0,0.0,-0.11572625,-0.11572625,874910.0,874910.0,,,1620597252,17:54:12,20210509
97,1994-06-30,RHT.AX,AUD,1994-06-30,1994-06-30,Q2,0.0,0.0,0.0,0.0,0.0,0.0,0.0,0.0,0.0,0.0,0.0,0.0,-101250.0,0.0,0.0,0.0,0.0,-101250.0,0.0,-101250.0,0.0,0.0,-0.11572625,-0.11572625,874910.0,874910.0,,,1620597252,17:54:12,20210509
98,1994-03-31,RHT.AX,AUD,1994-03-31,1994-03-31,Q1,0.0,0.0,0.0,0.0,0.0,0.0,0.0,0.0,0.0,0.0,0.0,0.0,-101250.0,0.0,0.0,0.0,0.0,-101250.0,0.0,-101250.0,0.0,0.0,-0.11572625,-0.11572625,874910.0,874910.0,,,1620597252,17:54:12,20210509
99,1994-01-31,RHT.AX,AUD,1994-01-31,1994-01-31,Q1,0.0,0.0,0.0,0.0,0.0,0.0,0.0,0.0,0.0,0.0,0.0,0.0,-101250.0,0.0,0.0,0.0,0.0,-101250.0,0.0,-101250.0,0.0,0.0,-0.11572625,-0.11572625,874910.0,874910.0,,,1620597252,17:54:12,20210509
100,1993-09-30,RHT.AX,AUD,1993-09-30,1993-09-30,Q3,0.0,0.0,0.0,0.0,0.0,0.0,0.0,0.0,0.0,0.0,0.0,0.0,-64500.0,0.0,0.0,0.0,0.0,-64500.0,0.0,-64500.0,0.0,0.0,-0.0760485,-0.0760485,848141.0,848141.0,,,1620597252,17:54:12,20210509
101,1993-06-30,RHT.AX,AUD,1993-06-30,1993-06-30,Q2,0.0,0.0,0.0,0.0,0.0,0.0,0.0,0.0,0.0,0.0,0.0,0.0,-64500.0,0.0,0.0,0.0,0.0,-64500.0,0.0,-64500.0,0.0,0.0,-0.0760485,-0.0760485,848141.0,848141.0,,,1620597252,17:54:12,20210509
102,1993-03-31,RHT.AX,AUD,1993-03-31,1993-03-31,Q1,0.0,0.0,0.0,0.0,0.0,0.0,0.0,0.0,0.0,0.0,0.0,0.0,-64500.0,0.0,0.0,0.0,0.0,-64500.0,0.0,-64500.0,0.0,0.0,-0.0760485,-0.0760485,848141.0,848141.0,,,1620597252,17:54:12,20210509
103,1993-01-31,RHT.AX,AUD,1993-01-31,1993-01-31,Q1,0.0,0.0,0.0,0.0,0.0,0.0,0.0,0.0,0.0,0.0,0.0,0.0,-64500.0,0.0,0.0,0.0,0.0,-64500.0,0.0,-64500.0,0.0,0.0,-0.0760485,-0.0760485,848141.0,848141.0,,,1620597252,17:54:12,20210509
104,1992-09-30,RHT.AX,AUD,1992-09-30,1992-09-30,Q3,0.0,0.0,0.0,0.0,0.0,0.0,0.0,0.0,0.0,0.0,0.0,0.0,-46500.0,0.0,0.0,0.0,0.0,-46500.0,0.0,-46500.0,0.0,0.0,-0.054722,-0.054722,846977.0,846977.0,,,1620597252,17:54:12,20210509
105,1992-06-30,RHT.AX,AUD,1992-06-30,1992-06-30,Q2,0.0,0.0,0.0,0.0,0.0,0.0,0.0,0.0,0.0,0.0,0.0,0.0,-46500.0,0.0,0.0,0.0,0.0,-46500.0,0.0,-46500.0,0.0,0.0,-0.054722,-0.054722,846977.0,846977.0,,,1620597252,17:54:12,20210509
106,1992-03-31,RHT.AX,AUD,1992-03-31,1992-03-31,Q1,0.0,0.0,0.0,0.0,0.0,0.0,0.0,0.0,0.0,0.0,0.0,0.0,-46500.0,0.0,0.0,0.0,0.0,-46500.0,0.0,-46500.0,0.0,0.0,-0.054722,-0.054722,846977.0,846977.0,,,1620597252,17:54:12,20210509
107,1992-01-31,RHT.AX,AUD,1992-01-31,1992-01-31,Q1,0.0,0.0,0.0,0.0,0.0,0.0,0.0,0.0,0.0,0.0,0.0,0.0,-46500.0,0.0,0.0,0.0,0.0,-46500.0,0.0,-46500.0,0.0,0.0,-0.054722,-0.054722,846977.0,846977.0,,,1620597252,17:54:12,20210509
108,1991-09-30,RHT.AX,AUD,1991-09-30,1991-09-30,Q3,0.0,0.0,0.0,0.0,0.0,0.0,0.0,0.0,0.0,0.0,0.0,0.0,-65000.0,0.0,0.0,0.0,0.0,-65000.0,0.0,-65000.0,0.0,0.0,0.0,0.0,422497568.0,422497568.0,,,1620597252,17:54:12,20210509
109,1991-06-30,RHT.AX,AUD,1991-06-30,1991-06-30,Q2,0.0,0.0,0.0,0.0,0.0,0.0,0.0,0.0,0.0,0.0,0.0,0.0,-65000.0,0.0,0.0,0.0,0.0,-65000.0,0.0,-65000.0,0.0,0.0,0.0,0.0,422497568.0,422497568.0,,,1620597252,17:54:12,20210509
110,1991-03-31,RHT.AX,AUD,1991-03-31,1991-03-31,Q1,0.0,0.0,0.0,0.0,0.0,0.0,0.0,0.0,0.0,0.0,0.0,0.0,-65000.0,0.0,0.0,0.0,0.0,-65000.0,0.0,-65000.0,0.0,0.0,0.0,0.0,422497568.0,422497568.0,,,1620597252,17:54:12,20210509
111,1991-01-31,RHT.AX,AUD,1991-01-31,1991-01-31,Q1,0.0,0.0,0.0,0.0,0.0,0.0,0.0,0.0,0.0,0.0,0.0,0.0,-65000.0,0.0,0.0,0.0,0.0,-65000.0,0.0,-65000.0,0.0,0.0,0.0,0.0,422497568.0,422497568.0,,,1620597252,17:54:12,20210509
112,1990-09-30,RHT.AX,AUD,1990-09-30,1990-09-30,Q3,0.0,0.0,0.0,0.0,0.0,0.0,0.0,0.0,0.0,0.0,0.0,0.0,-55250.0,0.0,0.0,0.0,0.0,-55250.0,0.0,-55250.0,0.0,0.0,0.0,0.0,422497568.0,422497568.0,,,1620597252,17:54:12,20210509
113,1990-06-30,RHT.AX,AUD,1990-06-30,1990-06-30,Q2,0.0,0.0,0.0,0.0,0.0,0.0,0.0,0.0,0.0,0.0,0.0,0.0,-55250.0,0.0,0.0,0.0,0.0,-55250.0,0.0,-55250.0,0.0,0.0,0.0,0.0,422497568.0,422497568.0,,,1620597252,17:54:12,20210509
114,1990-03-31,RHT.AX,AUD,1990-03-31,1990-03-31,Q1,0.0,0.0,0.0,0.0,0.0,0.0,0.0,0.0,0.0,0.0,0.0,0.0,-55250.0,0.0,0.0,0.0,0.0,-55250.0,0.0,-55250.0,0.0,0.0,0.0,0.0,422497568.0,422497568.0,,,1620597252,17:54:12,20210509
115,1990-01-31,RHT.AX,AUD,1990-01-31,1990-01-31,Q1,0.0,0.0,0.0,0.0,0.0,0.0,0.0,0.0,0.0,0.0,0.0,0.0,-55250.0,0.0,0.0,0.0,0.0,-55250.0,0.0,-55250.0,0.0,0.0,0.0,0.0,422497568.0,422497568.0,,,1620597252,17:54:12,20210509
116,1989-09-30,RHT.AX,AUD,1989-09-30,1989-09-30,Q3,0.0,0.0,0.0,0.0,0.0,0.0,0.0,0.0,0.0,0.0,0.0,0.0,-45000.0,0.0,0.0,0.0,0.0,-45000.0,0.0,-45000.0,0.0,0.0,0.0,0.0,422497568.0,422497568.0,,,1620597252,17:54:12,20210509
117,1989-06-30,RHT.AX,AUD,1989-06-30,1989-06-30,Q2,0.0,0.0,0.0,0.0,0.0,0.0,0.0,0.0,0.0,0.0,0.0,0.0,-45000.0,0.0,0.0,0.0,0.0,-45000.0,0.0,-45000.0,0.0,0.0,0.0,0.0,422497568.0,422497568.0,,,1620597252,17:54:12,20210509
118,1989-03-31,RHT.AX,AUD,1989-03-31,1989-03-31,Q1,0.0,0.0,0.0,0.0,0.0,0.0,0.0,0.0,0.0,0.0,0.0,0.0,-45000.0,0.0,0.0,0.0,0.0,-45000.0,0.0,-45000.0,0.0,0.0,0.0,0.0,422497568.0,422497568.0,,,1620597252,17:54:12,20210509
119,1989-01-31,RHT.AX,AUD,1989-01-31,1989-01-31,Q1,0.0,0.0,0.0,0.0,0.0,0.0,0.0,0.0,0.0,0.0,0.0,0.0,-45000.0,0.0,0.0,0.0,0.0,-45000.0,0.0,-45000.0,0.0,0.0,0.0,0.0,422497568.0,422497568.0,,,1620597252,17:54:12,20210509
