,date,symbol,reportedCurrency,fillingDate,acceptedDate,period,revenue,costOfRevenue,grossProfit,grossProfitRatio,researchAndDevelopmentExpenses,generalAndAdministrativeExpenses,sellingAndMarketingExpenses,otherExpenses,operatingExpenses,costAndExpenses,interestExpense,depreciationAndAmortization,ebitda,ebitdaratio,operatingIncome,operatingIncomeRatio,totalOtherIncomeExpensesNet,incomeBeforeTax,incomeBeforeTaxRatio,incomeTaxExpense,netIncome,netIncomeRatio,eps,epsdiluted,weightedAverageShsOut,weightedAverageShsOutDil,link,finalLink,timestamp,est_time,est_date
0,2019-06-30,D2O.AX,AUD,2019-06-30,2019-06-30,Q2,23414000.0,17925750.0,5488250.0,0.2344003587597164,0.0,125250.0,0.0,698500.0,1929000.0,0.0,569250.0,0.0,4132750.0,5.665476982638679,3434000.0,0.1466643888271974,-213250.0,2651750.0,0.11325489023661058,795500.0,1856250.0,0.07927949090287861,0.016,0.016,116816340,116816340,,,1620590957,16:09:17,20210509
1,2019-03-31,D2O.AX,AUD,2019-03-31,2019-03-31,Q1,23414000.0,17925750.0,5488250.0,0.2344003587597164,0.0,125250.0,0.0,698500.0,1929000.0,0.0,569250.0,0.0,4132750.0,5.665476982638679,3434000.0,0.1466643888271974,-213250.0,2651750.0,0.11325489023661058,795500.0,1856250.0,0.07927949090287861,0.016,0.016,116816340,116816340,,,1620590957,16:09:17,20210509
2,2019-01-31,D2O.AX,AUD,2019-01-31,2019-01-31,Q1,23414000.0,17925750.0,5488250.0,0.2344003587597164,0.0,125250.0,0.0,698500.0,1929000.0,0.0,569250.0,0.0,4132750.0,5.665476982638679,3434000.0,0.1466643888271974,-213250.0,2651750.0,0.11325489023661058,795500.0,1856250.0,0.07927949090287861,0.016,0.016,116816340,116816340,,,1620590957,16:09:17,20210509
3,2018-06-30,D2O.AX,AUD,2018-06-30,2018-06-30,Q2,6586500.0,3173750.0,3412750.0,0.5181431716389585,0.0,111500.0,0.0,466750.0,980000.0,0.0,152000.0,0.0,2788750.0,2.361810847153743,2321250.0,0.35242541562286495,428000.0,2598000.0,0.3944431792302437,781750.0,1816250.0,0.2757534350565551,0.02125,0.02125,85342909,85342909,,,1620590957,16:09:17,20210509
4,2018-03-31,D2O.AX,AUD,2018-03-31,2018-03-31,Q1,6586500.0,3173750.0,3412750.0,0.5181431716389585,0.0,111500.0,0.0,466750.0,980000.0,0.0,152000.0,0.0,2788750.0,2.361810847153743,2321250.0,0.35242541562286495,428000.0,2598000.0,0.3944431792302437,781750.0,1816250.0,0.2757534350565551,0.02125,0.02125,85342909,85342909,,,1620590957,16:09:17,20210509
5,2018-01-31,D2O.AX,AUD,2018-01-31,2018-01-31,Q1,6586500.0,3173750.0,3412750.0,0.5181431716389585,0.0,111500.0,0.0,466750.0,980000.0,0.0,152000.0,0.0,2788750.0,2.361810847153743,2321250.0,0.35242541562286495,428000.0,2598000.0,0.3944431792302437,781750.0,1816250.0,0.2757534350565551,0.02125,0.02125,85342909,85342909,,,1620590957,16:09:17,20210509
6,2017-06-30,D2O.AX,AUD,2017-06-30,2017-06-30,Q2,1021250.0,35000.0,986250.0,0.9657282741738066,0.0,57500.0,0.0,6500.0,404750.0,0.0,0.0,0.0,339250.0,3.0103168754605747,524000.0,0.5130966952264382,191250.0,737750.0,0.7223990208078336,221250.0,516500.0,0.5057527539779682,0.00785175,0.00785175,65743657,65743657,,,1620590957,16:09:17,20210509
7,2017-03-31,D2O.AX,AUD,2017-03-31,2017-03-31,Q1,1021250.0,35000.0,986250.0,0.9657282741738066,0.0,57500.0,0.0,6500.0,404750.0,0.0,0.0,0.0,339250.0,3.0103168754605747,524000.0,0.5130966952264382,191250.0,737750.0,0.7223990208078336,221250.0,516500.0,0.5057527539779682,0.00785175,0.00785175,65743657,65743657,,,1620590957,16:09:17,20210509
8,2017-01-31,D2O.AX,AUD,2017-01-31,2017-01-31,Q1,1021250.0,35000.0,986250.0,0.9657282741738066,0.0,57500.0,0.0,6500.0,404750.0,0.0,0.0,0.0,339250.0,3.0103168754605747,524000.0,0.5130966952264382,191250.0,737750.0,0.7223990208078336,221250.0,516500.0,0.5057527539779682,0.00785175,0.00785175,65743657,65743657,,,1620590957,16:09:17,20210509
