,date,symbol,reportedCurrency,fillingDate,acceptedDate,period,revenue,costOfRevenue,grossProfit,grossProfitRatio,researchAndDevelopmentExpenses,generalAndAdministrativeExpenses,sellingAndMarketingExpenses,otherExpenses,operatingExpenses,costAndExpenses,interestExpense,depreciationAndAmortization,ebitda,ebitdaratio,operatingIncome,operatingIncomeRatio,totalOtherIncomeExpensesNet,incomeBeforeTax,incomeBeforeTaxRatio,incomeTaxExpense,netIncome,netIncomeRatio,eps,epsdiluted,weightedAverageShsOut,weightedAverageShsOutDil,link,finalLink,timestamp,est_time,est_date
0,2020-09-30,REXN,USD,2020-10-29,2020-10-29 07:04:22,Q3,0.0,0.0,0.0,0.0,149594.0,1356313.0,0.0,0.0,0.0,1505907.0,0.0,8555.0,-1497352.0,0.0,-1505907.0,0.0,100637.0,-1403496.0,0.0,0.0,-1403496.0,0.0,-1.32,-1.32,1059937.0,1059937.0,https://www.sec.gov/Archives/edgar/data/1228627/000114036120024042/0001140361-20-024042-index.htm,https://www.sec.gov/Archives/edgar/data/1228627/000114036120024042/brhc10016325_10q.htm,1620597208,17:53:28,20210509
1,2020-06-30,REXN,USD,2020-08-14,2020-08-14 07:30:31,Q2,0.0,0.0,0.0,0.0,231607.0,2116891.0,0.0,0.0,0.0,2348498.0,0.0,9203.0,-2339295.0,0.0,-2348498.0,0.0,-168702.0,-2511158.0,0.0,0.0,-2511158.0,0.0,-2.48,-2.48,1004785.0,1004785.0,https://www.sec.gov/Archives/edgar/data/1228627/000114036120018406/0001140361-20-018406-index.htm,https://www.sec.gov/Archives/edgar/data/1228627/000114036120018406/brhc10014414_10q.htm,1620597208,17:53:28,20210509
2,2020-03-31,REXN,USD,2020-05-07,2020-05-07 07:10:32,Q1,1150000.0,0.0,0.0,0.0,456790.0,1256006.0,0.0,0.0,0.0,1712796.0,0.0,9255.0,-553541.0,-0.48134,-562796.0,-0.4893878260869565,-58392.0,-586770.0,-0.5102347826086957,0.0,-586770.0,-0.5102347826086957,-0.6,-0.6,1004785.0,1004785.0,https://www.sec.gov/Archives/edgar/data/1228627/000114036120010906/0001140361-20-010906-index.htm,https://www.sec.gov/Archives/edgar/data/1228627/000114036120003785/form10k.htm,1620597208,17:53:28,20210509
3,2019-12-31,REXN,USD,2020-02-21,2020-02-21 16:39:30,Q4,0.0,0.0,0.0,0.0,454727.0,1553483.0,0.0,0.0,0.0,2008210.0,0.0,9532.0,-1998678.0,0.0,-2008210.0,0.0,82155.0,-1868924.0,0.0,0.0,-1868924.0,0.0,-1.8600237861831137,-1.8600237861831137,1004785.0,1004785.0,https://www.sec.gov/Archives/edgar/data/1228627/000114036120003785/0001140361-20-003785-index.htm,https://www.sec.gov/Archives/edgar/data/1228627/000114036120003785/form10k.htm,1620597208,17:53:28,20210509
4,2019-09-30,REXN,USD,2019-11-06,2019-11-06 17:01:37,Q3,0.0,0.0,0.0,0.0,1131418.0,1149206.0,0.0,0.0,0.0,2280624.0,0.0,9383.0,-2271241.0,0.0,-2280624.0,0.0,242860.0,-1959230.0,0.0,0.0,-1959230.0,0.0,-1.96,-1.96,1004785.0,1004785.0,https://www.sec.gov/Archives/edgar/data/1228627/000114036119019932/0001140361-19-019932-index.htm,https://www.sec.gov/Archives/edgar/data/1228627/000114036119019932/form10q.htm,1620597208,17:53:28,20210509
5,2019-06-30,REXN,USD,2019-08-07,2019-08-07 07:00:54,Q2,0.0,0.0,0.0,0.0,1648401.0,1340016.0,0.0,0.0,0.0,2988417.0,0.0,10544.0,-2977873.0,0.0,-2988417.0,0.0,427483.0,-2464284.0,0.0,0.0,-2464284.0,0.0,-2.44,-2.44,1004785.0,1004785.0,https://www.sec.gov/Archives/edgar/data/1228627/000114036119014413/0001140361-19-014413-index.htm,https://www.sec.gov/Archives/edgar/data/1228627/000114036119014413/form10q.htm,1620597208,17:53:28,20210509
6,2019-03-31,REXN,USD,2019-05-10,2019-05-10 16:16:40,Q1,0.0,0.0,0.0,0.0,2242229.0,1695523.0,0.0,0.0,0.0,3937752.0,0.0,11533.0,-3926219.0,0.0,-3937752.0,0.0,1513371.0,-2342996.0,0.0,0.0,-2342996.0,0.0,-2.479978,-2.479978,944988.0,944988.0,https://www.sec.gov/Archives/edgar/data/1228627/000114036119008945/0001140361-19-008945-index.htm,https://www.sec.gov/Archives/edgar/data/1228627/000114036119004539/form10k.htm,1620597208,17:53:28,20210509
7,2018-12-31,REXN,USD,2019-03-07,2019-03-07 16:27:58,Q4,0.0,0.0,0.0,0.0,2729977.0,2236493.0,0.0,0.0,0.0,4966470.0,0.0,11007.0,-4955463.0,0.0,-4966470.0,0.0,1793918.0,-3116570.0,0.0,0.0,-3116570.0,0.0,-3.2979995513170537,-3.2979995513170537,944988.0,944988.0,https://www.sec.gov/Archives/edgar/data/1228627/000114036119004539/0001140361-19-004539-index.htm,https://www.sec.gov/Archives/edgar/data/1228627/000114036119004539/form10k.htm,1620597208,17:53:28,20210509
8,2018-09-30,REXN,USD,2018-11-02,2018-11-02 16:20:16,Q3,0.0,0.0,0.0,0.0,2887955.0,1795952.0,0.0,0.0,0.0,4683907.0,0.0,10016.0,-4673891.0,0.0,-4683907.0,0.0,-710065.0,-5338819.0,0.0,0.0,-5338819.0,0.0,-8.160033,-8.160033,661485.0,661485.0,https://www.sec.gov/Archives/edgar/data/1228627/000114036118042255/0001140361-18-042255-index.htm,https://www.sec.gov/Archives/edgar/data/1228627/000114036118042255/form10q.htm,1620597208,17:53:28,20210509
9,2018-06-30,REXN,USD,2018-08-03,2018-08-03 16:21:50,Q2,0.0,0.0,0.0,0.0,3432593.0,1568848.0,0.0,0.0,0.0,5001441.0,0.0,12588.0,-4988853.0,0.0,-5001441.0,0.0,1095700.0,-3838268.0,0.0,0.0,-3838268.0,0.0,-5.760023,-5.760023,661339.0,661339.0,https://www.sec.gov/Archives/edgar/data/1228627/000114036118035394/0001140361-18-035394-index.htm,https://www.sec.gov/Archives/edgar/data/1228627/000114036118035394/form10q.htm,1620597208,17:53:28,20210509
10,2018-03-31,REXN,USD,2018-05-04,2018-05-04 16:25:10,Q1,0.0,0.0,0.0,0.0,4058533.0,1827322.0,0.0,368750.0,0.0,5885855.0,0.0,14600.0,-5871255.0,0.0,-5885855.0,0.0,3735246.0,-2074873.0,0.0,0.0,-2074873.0,0.0,-3.360013,-3.360013,661069.0,661069.0,https://www.sec.gov/Archives/edgar/data/1228627/000114036118021763/0001140361-18-021763-index.htm,https://www.sec.gov/Archives/edgar/data/1228627/000114036118012817/form10k.htm,1620597208,17:53:28,20210509
11,2017-12-31,REXN,USD,2018-03-09,2018-03-09 16:16:41,Q4,0.0,0.0,0.0,0.0,3263640.0,1634589.0,0.0,0.0,0.0,4898229.0,219577.0,11395.0,-4886834.0,0.0,-4898229.0,0.0,1453669.0,-3592463.0,0.0,0.0,-3592463.0,0.0,-5.434323799784893,-5.434323799784893,661069.0,661069.0,https://www.sec.gov/Archives/edgar/data/1228627/000114036118012817/0001140361-18-012817-index.htm,https://www.sec.gov/Archives/edgar/data/1228627/000114036118012817/form10k.htm,1620597208,17:53:28,20210509
12,2017-09-30,REXN,USD,2017-11-03,2017-11-03 16:16:34,Q3,0.0,0.0,0.0,0.0,2644999.0,1574323.0,0.0,0.0,0.0,4219322.0,0.0,11013.0,-4208309.0,0.0,-4219322.0,0.0,3120500.0,-1038072.0,0.0,0.0,-1038072.0,0.0,-1.920008,-1.920008,592900.0,592900.0,https://www.sec.gov/Archives/edgar/data/1228627/000114036117040967/0001140361-17-040967-index.htm,https://www.sec.gov/Archives/edgar/data/1228627/000114036117040967/form10q.htm,1620597208,17:53:28,20210509
13,2017-06-30,REXN,USD,2017-08-04,2017-08-04 16:16:23,Q2,0.0,0.0,0.0,0.0,2544262.0,1739663.0,0.0,0.0,0.0,4283925.0,333050.0,11023.0,-4272902.0,0.0,-4283925.0,0.0,5521249.0,947056.0,0.0,0.0,947056.0,0.0,1.920008,1.440006,541701.0,588860.0,https://www.sec.gov/Archives/edgar/data/1228627/000114036117030254/0001140361-17-030254-index.htm,https://www.sec.gov/Archives/edgar/data/1228627/000114036117030254/form10q.htm,1620597208,17:53:28,20210509
14,2017-03-31,REXN,USD,2017-05-03,2017-05-03 16:28:02,Q1,0.0,0.0,0.0,0.0,2262395.0,1690846.0,0.0,0.0,0.0,3953241.0,0.0,8927.0,-3944314.0,0.0,-3953241.0,0.0,-17689580.0,-21611024.0,0.0,0.0,-21611024.0,0.0,-43.200173,-43.200173,496909.0,496909.0,https://www.sec.gov/Archives/edgar/data/1228627/000114036117018125/0001140361-17-018125-index.htm,https://www.sec.gov/Archives/edgar/data/1228627/000114036117009132/form10k.htm,1620597208,17:53:28,20210509
15,2016-12-31,REXN,USD,2017-02-24,2017-02-24 16:16:32,Q4,0.0,0.0,0.0,0.0,2084956.0,1834091.0,0.0,0.0,0.0,3919047.0,0.0,8793.0,-3910254.0,0.0,-3919047.0,0.0,3358883.0,-525483.0,0.0,0.0,-525483.0,0.0,-1.0575034865538762,-1.0575034865538762,496909.0,496909.0,https://www.sec.gov/Archives/edgar/data/1228627/000114036117009132/0001140361-17-009132-index.htm,https://www.sec.gov/Archives/edgar/data/1228627/000114036117009132/form10k.htm,1620597208,17:53:28,20210509
16,2016-09-30,REXN,USD,2016-11-04,2016-11-04 16:14:44,Q3,0.0,0.0,0.0,0.0,2298585.0,1418990.0,0.0,0.0,0.0,3717575.0,143203.0,9070.0,-3708505.0,0.0,-3717575.0,0.0,967637.0,-2866996.0,0.0,0.0,-2866996.0,0.0,-4.800019,-4.800019,450918.0,450918.0,https://www.sec.gov/Archives/edgar/data/1228627/000114036116084902/0001140361-16-084902-index.htm,https://www.sec.gov/Archives/edgar/data/1228627/000114036116084902/form10q.htm,1620597208,17:53:28,20210509
17,2016-06-30,REXN,USD,2016-08-05,2016-08-05 16:08:46,Q2,0.0,0.0,0.0,0.0,2237033.0,1675749.0,0.0,0.0,0.0,3912782.0,0.0,8892.0,-3903890.0,0.0,-3912782.0,0.0,2118090.0,-1765824.0,0.0,0.0,-1765824.0,0.0,-4.800019,-4.800019,444132.0,444132.0,https://www.sec.gov/Archives/edgar/data/1228627/000114036116075030/0001140361-16-075030-index.htm,https://www.sec.gov/Archives/edgar/data/1228627/000114036116075030/form10q.htm,1620597208,17:53:28,20210509
18,2016-03-31,REXN,USD,2016-05-06,2016-05-06 16:11:40,Q1,0.0,0.0,0.0,0.0,3468575.0,1395406.0,0.0,0.0,0.0,4863981.0,0.0,6161.0,-4857820.0,0.0,-4863981.0,0.0,855955.0,-4149042.0,0.0,0.0,-4149042.0,0.0,-9.600038,-9.600038,422054.0,422054.0,https://www.sec.gov/Archives/edgar/data/1228627/000114036116063841/0001140361-16-063841-index.htm,https://www.sec.gov/Archives/edgar/data/1228627/000114036116057543/form10k.htm,1620597208,17:53:28,20210509
19,2015-12-31,REXN,USD,2016-03-14,2016-03-14 06:04:04,Q4,0.0,0.0,0.0,0.0,2916323.0,1450910.0,0.0,0.0,0.0,4367233.0,211116.0,7556.0,-4359677.0,0.0,-4367233.0,0.0,1704251.0,-2852155.0,0.0,0.0,-2852155.0,0.0,-6.757796395721875,-6.757796395721875,422054.0,422054.0,https://www.sec.gov/Archives/edgar/data/1228627/000114036116057543/0001140361-16-057543-index.htm,https://www.sec.gov/Archives/edgar/data/1228627/000114036116057543/form10k.htm,1620597208,17:53:28,20210509
20,2015-09-30,REXN,USD,2015-11-02,2015-11-02 16:43:36,Q3,0.0,0.0,0.0,0.0,3103807.0,1554748.0,0.0,0.0,0.0,4658555.0,0.0,7299.0,-4651256.0,0.0,-4658555.0,0.0,608301.0,-4026530.0,0.0,0.0,-4026530.0,0.0,-9.600038,-9.600038,376459.0,376459.0,https://www.sec.gov/Archives/edgar/data/1228627/000114036115039272/0001140361-15-039272-index.htm,https://www.sec.gov/Archives/edgar/data/1228627/000114036115039272/form10q.htm,1620597208,17:53:28,20210509
21,2015-06-30,REXN,USD,2015-08-07,2015-08-07 16:24:51,Q2,0.0,0.0,0.0,0.0,3235088.0,1584852.0,0.0,0.0,0.0,4819940.0,0.0,6478.0,-4813462.0,0.0,-4819940.0,0.0,1558760.0,-3234160.0,0.0,0.0,-3234160.0,0.0,-9.600038,-9.600038,374684.0,374684.0,https://www.sec.gov/Archives/edgar/data/1228627/000114036115030473/0001140361-15-030473-index.htm,https://www.sec.gov/Archives/edgar/data/1228627/000114036115030473/form10q.htm,1620597208,17:53:28,20210509
22,2015-03-31,REXN,USD,2015-05-08,2015-05-08 16:22:19,Q1,0.0,0.0,0.0,0.0,2893008.0,1524700.0,0.0,0.0,0.0,4417708.0,0.0,6165.0,-4411543.0,0.0,-4417708.0,0.0,115415.0,-4271711.0,0.0,0.0,-4271711.0,0.0,-9.600038,-9.600038,373119.0,373119.0,https://www.sec.gov/Archives/edgar/data/1228627/000114036115018528/0001140361-15-018528-index.htm,https://www.sec.gov/Archives/edgar/data/1228627/000114036115011969/form10k.htm,1620597208,17:53:28,20210509
23,2014-12-31,REXN,USD,2015-03-16,2015-03-16 16:26:50,Q4,0.0,0.0,0.0,0.0,2218180.0,1656731.0,0.0,0.0,0.0,3852493.0,0.0,5907.0,-3846586.0,0.0,-3852493.0,0.0,1613658.0,-2210118.0,0.0,0.0,-2210118.0,0.0,-5.9233595716112015,-5.9233595716112015,373119.0,373119.0,https://www.sec.gov/Archives/edgar/data/1228627/000114036115011969/0001140361-15-011969-index.htm,https://www.sec.gov/Archives/edgar/data/1228627/000114036115011969/form10k.htm,1620597208,17:53:28,20210509
24,2014-09-30,REXN,USD,2014-11-12,2014-11-12 16:32:25,Q3,0.0,0.0,0.0,0.0,1824740.0,1313222.0,0.0,0.0,0.0,3141706.0,0.0,3744.0,-3137962.0,0.0,-3141706.0,0.0,1201394.0,-1905448.0,0.0,0.0,-1905448.0,0.0,-4.800019,-4.800019,371289.0,371289.0,https://www.sec.gov/Archives/edgar/data/1228627/000114036114041326/0001140361-14-041326-index.htm,https://www.sec.gov/Archives/edgar/data/1228627/000114036114041326/form10q.htm,1620597208,17:53:28,20210509
25,2014-06-30,REXN,USD,2014-08-13,2014-08-13 16:33:58,Q2,0.0,0.0,0.0,0.0,1701407.0,1797899.0,0.0,0.0,0.0,3508936.0,0.0,9630.0,-3499306.0,0.0,-3508936.0,0.0,3665365.0,194464.0,0.0,0.0,194464.0,0.0,0.525197964717448,0.525197964717448,370268.0,370268.0,https://www.sec.gov/Archives/edgar/data/1228627/000114036114032243/0001140361-14-032243-index.htm,https://www.sec.gov/Archives/edgar/data/1228627/000114036114032243/form10q.htm,1620597208,17:53:28,20210509
26,2014-03-31,REXN,USD,2014-05-14,2014-05-14 17:07:40,Q1,0.0,0.0,0.0,0.0,1271574.0,1485476.0,0.0,0.0,0.0,2766094.0,206172.0,9044.0,-2757050.0,0.0,-2766094.0,0.0,-11660524.0,-14600499.0,0.0,0.0,-14600499.0,0.0,-43.200173,-43.200173,354399.0,354399.0,https://www.sec.gov/Archives/edgar/data/1228627/000114036114020971/0001140361-14-020971-index.htm,https://www.sec.gov/Archives/edgar/data/1228627/000114036114013828/form10k.htm,1620597208,17:53:28,20210509
27,2013-12-31,REXN,USD,2014-03-21,2014-03-21 16:19:07,Q4,0.0,0.0,0.0,0.0,994262.0,1329200.0,0.0,0.0,0.0,2332399.0,0.0,8937.0,-2323462.0,0.0,-2332399.0,0.0,-310149.0,-2719665.0,0.0,0.0,-2719665.0,0.0,-7.674019960552936,-7.674019960552936,354399.0,354399.0,https://www.sec.gov/Archives/edgar/data/1228627/000114036114013828/0001140361-14-013828-index.htm,https://www.sec.gov/Archives/edgar/data/1228627/000114036114013828/form10k.htm,1620597208,17:53:28,20210509
28,2013-09-30,REXN,USD,2013-11-13,2013-11-13 16:15:13,Q3,0.0,0.0,0.0,0.0,781281.0,1032961.0,0.0,0.0,0.0,1823887.0,0.0,9645.0,-1814242.0,0.0,-1823887.0,0.0,-217751.0,-2140904.0,0.0,0.0,-2140904.0,0.0,-9.600038,-9.600038,271803.0,271803.0,https://www.sec.gov/Archives/edgar/data/1228627/000114036113042173/0001140361-13-042173-index.htm,https://www.sec.gov/Archives/edgar/data/1228627/000114036113042173/form10q.htm,1620597208,17:53:28,20210509
29,2013-06-30,REXN,USD,2013-08-12,2013-08-12 16:12:19,Q2,0.0,0.0,0.0,0.0,925130.0,979162.0,0.0,0.0,0.0,1913527.0,0.0,9235.0,-1904292.0,0.0,-1913527.0,0.0,-1206656.0,-3108750.0,0.0,0.0,-3108750.0,0.0,-14.400058,-14.400058,249056.0,249056.0,https://www.sec.gov/Archives/edgar/data/1228627/000114036113031714/0001140361-13-031714-index.htm,https://www.sec.gov/Archives/edgar/data/1228627/000114036113031714/form10q.htm,1620597208,17:53:28,20210509
30,2013-03-31,REXN,USD,2013-05-09,2013-05-09 16:11:20,Q1,0.0,0.0,0.0,0.0,552466.0,1347243.0,0.0,0.0,0.0,1909025.0,0.0,9316.0,-1899709.0,0.0,-1909025.0,0.0,368902.0,-1530105.0,0.0,0.0,-1530105.0,0.0,-4.800019,-4.800019,248809.0,248809.0,https://www.sec.gov/Archives/edgar/data/1228627/000114036113019748/0001140361-13-019748-index.htm,https://www.sec.gov/Archives/edgar/data/1228627/000114036113013730/form10k.htm,1620597208,17:53:28,20210509
31,2012-12-31,REXN,USD,2013-03-22,2013-03-22 16:14:39,Q4,0.0,0.0,0.0,0.0,265695.0,770707.0,0.0,0.0,0.0,1046625.0,0.0,10223.0,-1036402.0,0.0,-1046625.0,0.0,1319421.0,-55404.0,0.0,0.0,-55404.0,0.0,-0.22267683242969508,-0.22267683242969508,248809.0,248809.0,https://www.sec.gov/Archives/edgar/data/1228627/000114036113013730/0001140361-13-013730-index.htm,https://www.sec.gov/Archives/edgar/data/1228627/000114036113013730/form10k.htm,1620597208,17:53:28,20210509
32,2012-09-30,REXN,USD,2012-11-08,2012-11-08 16:35:07,Q3,0.0,0.0,0.0,0.0,1066245.0,722813.0,0.0,0.0,0.0,1799779.0,0.0,10721.0,-1789058.0,0.0,-1799779.0,0.0,-1195932.0,-2989070.0,0.0,0.0,-2989070.0,0.0,-14.400058,-14.400058,198635.0,198635.0,https://www.sec.gov/Archives/edgar/data/1228627/000114036112046272/0001140361-12-046272-index.htm,https://www.sec.gov/Archives/edgar/data/1228627/000114036112046272/form10q.htm,1620597208,17:53:28,20210509
33,2012-06-30,REXN,USD,2012-08-08,2012-08-08 15:31:05,Q2,0.0,0.0,0.0,0.0,1018256.0,819967.0,0.0,0.0,0.0,1848944.0,0.0,10721.0,-1838223.0,0.0,-1848944.0,0.0,802248.0,-1042402.0,0.0,0.0,-1042402.0,0.0,-4.800019,-4.800019,198635.0,198635.0,https://www.sec.gov/Archives/edgar/data/1228627/000114036112035725/0001140361-12-035725-index.htm,https://www.sec.gov/Archives/edgar/data/1228627/000114036112035725/form10q.htm,1620597208,17:53:28,20210509
34,2012-03-31,REXN,USD,2012-05-09,2012-05-09 16:04:04,Q1,0.0,0.0,0.0,0.0,1042700.0,830761.0,0.0,0.0,0.0,1884182.0,0.0,10721.0,-1873461.0,0.0,-1884182.0,0.0,-261861.0,-2139794.0,0.0,0.0,-2139794.0,0.0,-9.600038,-9.600038,198635.0,198635.0,https://www.sec.gov/Archives/edgar/data/1228627/000114036112023967/0001140361-12-023967-index.htm,https://www.sec.gov/Archives/edgar/data/1228627/000114036112016054/form10k.htm,1620597208,17:53:28,20210509
35,2011-12-31,REXN,USD,2012-03-16,2012-03-15 18:43:17,Q4,0.0,0.0,0.0,0.0,1485264.0,908596.0,0.0,0.0,0.0,2404026.0,0.0,10166.0,-2393860.0,0.0,-2404026.0,0.0,2784981.0,389281.0,0.0,0.0,389281.0,0.0,1.9597805019256425,1.9597805019256425,198635.0,198635.0,https://www.sec.gov/Archives/edgar/data/1228627/000114036112016054/0001140361-12-016054-index.htm,https://www.sec.gov/Archives/edgar/data/1228627/000114036112016054/form10k.htm,1620597208,17:53:28,20210509
36,2011-09-30,REXN,USD,2011-11-09,2011-11-09 17:15:55,Q3,0.0,0.0,0.0,0.0,2372201.0,972731.0,0.0,0.0,0.0,3355059.0,0.0,10127.0,-3344932.0,0.0,-3355059.0,0.0,1866249.0,-1469218.0,0.0,0.0,-1469218.0,0.0,-9.600038,-9.600038,198416.0,198416.0,https://www.sec.gov/Archives/edgar/data/1228627/000114036111052700/0001140361-11-052700-index.htm,https://www.sec.gov/Archives/edgar/data/1228627/000114036111052700/form10q.htm,1620597208,17:53:28,20210509
37,2011-06-30,REXN,USD,2011-08-09,2011-08-09 16:32:38,Q2,18750.0,0.0,18750.0,1.0,5435844.0,1030842.0,0.0,0.0,0.0,6477336.0,0.0,10650.0,-6447936.0,-343.88992,-6458586.0,-344.45792,590885.0,-5828852.0,-310.87210666666664,0.0,-5828852.0,-310.87210666666664,-28.800115,-28.800115,198410.0,198410.0,https://www.sec.gov/Archives/edgar/data/1228627/000114036111040635/0001140361-11-040635-index.htm,https://www.sec.gov/Archives/edgar/data/1228627/000114036111040635/form10q.htm,1620597208,17:53:28,20210509
38,2011-03-31,REXN,USD,2011-05-09,2011-05-09 17:05:34,Q1,18750.0,0.0,18750.0,1.0,2736277.0,1181686.0,0.0,0.0,0.0,3932090.0,0.0,14127.0,-3899213.0,-207.95802666666665,-3913340.0,-208.71146666666667,-467625.0,-4436161.0,-236.59525333333335,0.0,-4436161.0,-236.59525333333335,-24.000096,-24.000096,179690.0,179690.0,https://www.sec.gov/Archives/edgar/data/1228627/000114036111026016/0001140361-11-026016-index.htm,https://www.sec.gov/Archives/edgar/data/1228627/000114036111017219/form10k.htm,1620597208,17:53:28,20210509
39,2010-12-31,REXN,USD,2011-03-16,2011-03-16 17:26:26,Q4,18750.0,0.0,18750.0,1.0,1500101.0,1659084.0,0.0,0.0,0.0,3175001.0,0.0,15816.0,-3140435.0,-167.48986666666667,-3156251.0,-168.33338666666666,-3725433.0,-7026195.0,-374.7304,0.0,-7026195.0,-374.7304,-39.10175858422839,-39.10175858422839,179690.0,179690.0,https://www.sec.gov/Archives/edgar/data/1228627/000114036111017219/0001140361-11-017219-index.htm,https://www.sec.gov/Archives/edgar/data/1228627/000114036111017219/form10k.htm,1620597208,17:53:28,20210509
40,2010-09-30,REXN,USD,2010-11-15,2010-11-15 17:25:54,Q3,18750.0,0.0,18750.0,1.0,690089.0,1684524.0,0.0,0.0,0.0,2386276.0,0.0,11663.0,-2355863.0,-125.64602666666667,-2367526.0,-126.26805333333333,0.0,-2318108.0,-123.63242666666666,0.0,-2318108.0,-123.63242666666666,-14.400058,-14.400058,173047.0,173047.0,https://www.sec.gov/Archives/edgar/data/1228627/000114036110045796/0001140361-10-045796-index.htm,https://www.sec.gov/Archives/edgar/data/1228627/000114036110045796/form10-q.htm,1620597208,17:53:28,20210509
41,2010-06-30,REXN,USD,2010-08-16,2010-08-16 16:00:40,Q2,18750.0,0.0,18750.0,1.0,1328389.0,1867742.0,0.0,0.0,0.0,3207764.0,0.0,11633.0,-3177381.0,-169.46032,-3189014.0,-170.08074666666667,56047.0,-3106700.0,-165.69066666666666,0.0,-3106700.0,-165.69066666666666,-19.200077,-19.200077,154681.0,154681.0,https://www.sec.gov/Archives/edgar/data/1228627/000114036110033716/0001140361-10-033716-index.htm,https://www.sec.gov/Archives/edgar/data/1228627/000114036110033716/form10-q.htm,1620597208,17:53:28,20210509
42,2010-03-31,REXN,USD,2010-05-21,2010-05-21 16:10:10,Q1,18750.0,0.0,18750.0,1.0,491122.0,1109199.0,0.0,0.0,0.0,1611868.0,0.0,11547.0,-1581571.0,-84.35045333333333,-1593118.0,-84.96629333333334,0.0,-1571104.0,-83.79221333333334,0.0,-1571104.0,-83.79221333333334,-9.600038,-9.600038,150565.0,150565.0,https://www.sec.gov/Archives/edgar/data/1228627/000114036110022639/0001140361-10-022639-index.htm,https://www.sec.gov/Archives/edgar/data/1228627/000114036110014461/form10k.htm,1620597208,17:53:28,20210509
43,2009-12-31,REXN,USD,2010-03-31,2010-03-31 16:01:19,Q4,18750.0,0.0,18750.0,1.0,1233205.0,703098.0,0.0,0.0,0.0,1936269.0,0.0,-34.0,-1917553.0,-102.26949333333333,-1917519.0,-102.26768,0.0,-1882383.0,-100.39376,0.0,-1882383.0,-100.39376,-12.50212864875635,-12.50212864875635,150565.0,150565.0,https://www.sec.gov/Archives/edgar/data/1228627/000114036110014461/0001140361-10-014461-index.htm,https://www.sec.gov/Archives/edgar/data/1228627/000114036110014461/form10k.htm,1620597208,17:53:28,20210509
44,2009-09-30,REXN,USD,2009-11-16,2009-11-16 16:21:11,Q3,18750.0,0.0,18750.0,1.0,424609.0,831685.0,0.0,0.0,0.0,1273586.0,0.0,17292.0,-1237544.0,-66.00234666666667,-1254836.0,-66.92458666666667,0.0,-1237429.0,-65.99621333333333,0.0,-1237429.0,-65.99621333333333,-9.600038,-9.600038,127139.0,127139.0,https://www.sec.gov/Archives/edgar/data/1228627/000114036109026314/0001140361-09-026314-index.htm,https://www.sec.gov/Archives/edgar/data/1228627/000114036109026314/form10q.htm,1620597208,17:53:28,20210509
45,2009-06-30,REXN,USD,2009-08-10,2009-08-10 16:30:08,Q2,18750.0,0.0,18750.0,1.0,872231.0,935296.0,0.0,0.0,0.0,1819882.0,0.0,12355.0,-1788777.0,-95.40144,-1801132.0,-96.06037333333333,11025.0,-1782814.0,-95.08341333333334,0.0,-1782814.0,-95.08341333333334,-14.400058,-14.400058,121279.0,121279.0,https://www.sec.gov/Archives/edgar/data/1228627/000114036109018473/0001140361-09-018473-index.htm,https://www.sec.gov/Archives/edgar/data/1228627/000114036109018473/form10q.htm,1620597208,17:53:28,20210509
46,2009-03-31,REXN,USD,2009-05-11,2009-05-11 16:22:10,Q1,18750.0,0.0,18750.0,1.0,721926.0,777244.0,0.0,0.0,0.0,1511161.0,0.0,11991.0,-1480420.0,-78.95573333333333,-1492411.0,-79.59525333333333,0.0,-1484802.0,-79.18944,0.0,-1484802.0,-79.18944,-14.400058,-14.400058,116719.0,116719.0,https://www.sec.gov/Archives/edgar/data/1228627/000114036109011689/0001140361-09-011689-index.htm,https://www.sec.gov/Archives/edgar/data/1228627/000114036109007160/form10-k.htm,1620597208,17:53:28,20210509
47,2008-12-31,REXN,USD,2009-03-16,2009-03-16 16:44:01,Q4,18750.0,0.0,0.0,0.0,1010430.0,684468.0,0.0,0.0,0.0,1709067.0,0.0,14169.0,-1676148.0,-89.39456,-1690317.0,-90.15024,1999.0,-1648024.0,-87.89461333333334,0.0,-1648024.0,-87.89461333333334,-14.119586356977013,-14.119586356977013,116719.0,116719.0,https://www.sec.gov/Archives/edgar/data/1228627/000114036109007160/0001140361-09-007160-index.htm,https://www.sec.gov/Archives/edgar/data/1228627/000114036109007160/form10-k.htm,1620597208,17:53:28,20210509
48,2008-09-30,REXN,USD,2008-11-14,2008-11-14 16:38:27,Q3,18750.0,0.0,0.0,0.0,567905.0,702942.0,0.0,0.0,0.0,1284722.0,0.0,51375.0,-1214597.0,-64.77850666666667,-1265972.0,-67.51850666666667,0.0,-1213850.0,-64.73866666666666,0.0,-1213850.0,-64.73866666666666,-9.600038,-9.600038,116719.0,116719.0,https://www.sec.gov/Archives/edgar/data/1228627/000114036108025547/0001140361-08-025547-index.htm,https://www.sec.gov/Archives/edgar/data/1228627/000114036108025547/form10-q.htm,1620597208,17:53:28,20210509
49,2008-06-30,REXN,USD,2008-08-14,2008-08-14 16:44:57,Q2,18750.0,0.0,0.0,0.0,71206.0,745010.0,0.0,0.0,0.0,826270.0,0.0,-8696.0,-816216.0,-43.53152,-807520.0,-43.06773333333334,0.0,-746844.0,-39.83168,0.0,-746844.0,-39.83168,-4.800019,-4.800019,116532.0,116532.0,https://www.sec.gov/Archives/edgar/data/1228627/000114036108019448/0001140361-08-019448-index.htm,https://www.sec.gov/Archives/edgar/data/1228627/000114036108019448/form10q.htm,1620597208,17:53:28,20210509
50,2008-03-31,REXN,USD,2008-05-15,2008-05-15 16:16:57,Q1,18750.0,0.0,0.0,0.0,779966.0,609645.0,0.0,0.0,0.0,1407256.0,0.0,-1105.0,-1389611.0,-74.11258666666667,-1388506.0,-74.05365333333333,-22365.0,-1303430.0,-69.51626666666667,0.0,-1303430.0,-69.51626666666667,-9.600038,-9.600038,115295.0,115295.0,https://www.sec.gov/Archives/edgar/data/1228627/000114036108012671/0001140361-08-012671-index.htm,https://www.sec.gov/Archives/edgar/data/1228627/000114036108008151/form10ksb.htm,1620597208,17:53:28,20210509
51,2007-12-31,REXN,USD,2008-03-31,2008-03-31 15:49:51,Q4,18750.0,0.0,0.0,0.0,86069.0,635725.0,0.0,0.0,0.0,927265.0,0.0,108.0,-908407.0,-48.448373333333336,-908515.0,-48.45413333333333,0.0,0.0,0.0,0.0,-896890.0,-47.834133333333334,-7.779088425343684,-7.779088425343684,115295.0,115295.0,https://www.sec.gov/Archives/edgar/data/1228627/000114036108008151/0001140361-08-008151-index.htm,https://www.sec.gov/Archives/edgar/data/1228627/000114036108008151/form10ksb.htm,1620597208,17:53:28,20210509
52,2007-09-30,REXN,USD,2007-11-14,2007-11-14 17:14:59,Q3,18750.0,0.0,0.0,0.0,465934.0,601323.0,0.0,0.0,0.0,1081732.0,0.0,-4275.0,-1067257.0,-56.92037333333333,-1062982.0,-56.692373333333336,0.0,0.0,0.0,0.0,-1039376.0,-55.433386666666664,-9.600038,-9.600038,104871.0,104871.0,https://www.sec.gov/Archives/edgar/data/1228627/000114036107022023/0001140361-07-022023-index.htm,https://www.sec.gov/Archives/edgar/data/1228627/000114036107022023/form10qsb.htm,1620597208,17:53:28,20210509
53,2007-06-30,REXN,USD,2007-08-14,2007-08-14 17:01:35,Q2,18750.0,0.0,0.0,0.0,401509.0,823540.0,0.0,0.0,0.0,12235890.0,0.0,-3334.0,-12220474.0,-651.7586133333333,-12217140.0,-651.5808,0.0,0.0,0.0,0.0,-1183412.0,-63.11530666666667,-9.600038,-9.600038,104838.0,104838.0,https://www.sec.gov/Archives/edgar/data/1228627/000114036107016422/0001140361-07-016422-index.htm,https://www.sec.gov/Archives/edgar/data/1228627/000114036107016422/form10qsb.htm,1620597208,17:53:28,20210509
54,2007-03-31,REXN,USD,2007-05-15,2007-05-15 15:12:34,Q1,18750.0,0.0,0.0,0.0,573782.0,667564.0,0.0,0.0,0.0,1257668.0,0.0,-2429.0,-1241347.0,-66.20517333333333,-1238918.0,-66.07562666666666,0.0,0.0,0.0,0.0,-1184327.0,-63.16410666666667,-9.600038,-9.600038,104808.0,104808.0,https://www.sec.gov/Archives/edgar/data/1228627/000114036107009971/0001140361-07-009971-index.htm,https://www.sec.gov/Archives/edgar/data/1228627/000114036107006848/form10-ksb.htm,1620597208,17:53:28,20210509
55,2006-12-31,REXN,USD,2007-04-02,2007-04-02 17:15:33,Q4,-251627.0,0.0,0.0,0.0,132760.0,223837.0,0.0,0.0,0.0,675200.0,0.0,-47571.0,-974398.0,3.872390482738339,-926827.0,3.683336843820417,0.0,0.0,0.0,0.0,-600211.0,2.38532033525814,-5.726767040683917,-5.726767040683917,104808.0,104808.0,https://www.sec.gov/Archives/edgar/data/1228627/000114036107006848/0001140361-07-006848-index.htm,https://www.sec.gov/Archives/edgar/data/1228627/000114036107006848/form10-ksb.htm,1620597208,17:53:28,20210509
56,2006-09-30,REXN,USD,2006-11-14,2006-11-14 17:20:04,Q3,89848.0,0.0,0.0,0.0,635047.0,1104641.0,0.0,0.0,0.0,1794505.0,0.0,54817.0,-1649840.0,-18.362567892440566,-1704657.0,-18.972676075149142,0.0,0.0,0.0,0.0,-1708655.0,-19.017173448490784,-14.400058,-14.400058,104719.0,104719.0,https://www.sec.gov/Archives/edgar/data/1228627/000114036106016398/0001140361-06-016398-index.htm,https://www.sec.gov/Archives/edgar/data/1228627/000114036106016398/form10qsb.htm,1620597208,17:53:28,20210509
57,2006-06-30,REXN,USD,2006-08-14,2006-08-14 17:01:08,Q2,106837.0,0.0,0.0,0.0,449320.0,1107710.0,0.0,0.0,0.0,1578217.0,0.0,21187.0,-1450193.0,-13.573883579658732,-1471380.0,-13.772195026067749,0.0,0.0,0.0,0.0,-1501949.0,-14.05832249127175,-14.400058,-14.400058,101017.0,101017.0,https://www.sec.gov/Archives/edgar/data/1228627/000114036106011780/0001140361-06-011780-index.htm,https://www.sec.gov/Archives/edgar/data/1228627/000114036106011780/form10qsb.htm,1620597208,17:53:28,20210509
58,2006-03-31,REXN,USD,2006-05-15,2006-05-15 14:40:08,Q1,129942.0,0.0,0.0,0.0,1801135.0,922466.0,0.0,0.0,0.0,2744678.0,0.0,21077.0,-2593659.0,-19.96012836496283,-2614736.0,-20.122331501746935,0.0,0.0,0.0,0.0,-2675188.0,-20.587554447368827,-28.800115,-28.800115,96692.0,96692.0,https://www.sec.gov/Archives/edgar/data/1228627/000114036106007416/0001140361-06-007416-index.htm,https://www.sec.gov/Archives/edgar/data/1228627/000114036106004951/form10ksb.htm,1620597208,17:53:28,20210509
59,2005-12-31,REXN,USD,2006-03-31,2006-03-31 16:20:52,Q4,115049.0,0.0,0.0,0.0,783625.0,1114293.0,0.0,0.0,0.0,2109836.0,0.0,33293.0,-1961494.0,-17.049205121296144,-1994787.0,-17.338586167632922,0.0,0.0,0.0,0.0,-3106668.0,-27.00299872228355,-32.12952467629173,-32.12952467629173,96692.0,96692.0,https://www.sec.gov/Archives/edgar/data/1228627/000114036106004951/0001140361-06-004951-index.htm,https://www.sec.gov/Archives/edgar/data/1228627/000114036106004951/form10ksb.htm,1620597208,17:53:28,20210509
60,2005-09-30,REXN,USD,2005-11-14,2005-11-14 14:24:05,Q3,76292.0,0.0,0.0,0.0,185334.0,920907.0,0.0,0.0,0.0,1136315.0,0.0,30073.0,-1029950.0,-13.500104860273686,-1060023.0,-13.894287736590993,-33289.0,0.0,0.0,0.0,-1171870.0,-15.360326115451162,-14.400058,-14.400058,91549.0,91549.0,https://www.sec.gov/Archives/edgar/data/1228627/000114036105009568/0001140361-05-009568-index.htm,https://www.sec.gov/Archives/edgar/data/1228627/000114036105009568/body.htm,1620597208,17:53:28,20210509
