,date,symbol,reportedCurrency,fillingDate,acceptedDate,period,revenue,costOfRevenue,grossProfit,grossProfitRatio,researchAndDevelopmentExpenses,generalAndAdministrativeExpenses,sellingAndMarketingExpenses,otherExpenses,operatingExpenses,costAndExpenses,interestExpense,depreciationAndAmortization,ebitda,ebitdaratio,operatingIncome,operatingIncomeRatio,totalOtherIncomeExpensesNet,incomeBeforeTax,incomeBeforeTaxRatio,incomeTaxExpense,netIncome,netIncomeRatio,eps,epsdiluted,weightedAverageShsOut,weightedAverageShsOutDil,link,finalLink,timestamp,est_time,est_date
0,2019-06-30,AGTA.PA,EUR,2019-06-30,2019-06-30,Q2,101188750,27328250,73860500,0.7299279811243838,0.0,2645750.0,2764750.0,3500.0,6935750.0,87559250,65750.0,4099500.0,17729000.0,0.17520722412323506,13629500.0,0.13469382712999223,0.0,12988750.0,0.1283616014626132,2906750.0,10082000.0,0.09963558201875208,0.758,0.758,13301976,13301976,https://www.infogreffe.com/recherche-entreprise-dirigeants/resultats-entreprise-dirigeants.html?ga_cat=globale&ga_q=A.G.T.A#phrase=A.G.T.A,https://www.infogreffe.com/recherche-entreprise-dirigeants/resultats-entreprise-dirigeants.html?ga_cat=globale&ga_q=A.G.T.A#phrase=A.G.T.A,1620586335,14:52:15,20210509
1,2019-03-31,AGTA.PA,EUR,2019-03-31,2019-03-31,Q1,101188750,27328250,73860500,0.7299279811243838,0.0,2645750.0,2764750.0,3500.0,6935750.0,87559250,65750.0,4099500.0,17729000.0,0.17520722412323506,13629500.0,0.13469382712999223,0.0,12988750.0,0.1283616014626132,2906750.0,10082000.0,0.09963558201875208,0.758,0.758,13301976,13301976,https://www.infogreffe.com/recherche-entreprise-dirigeants/resultats-entreprise-dirigeants.html?ga_cat=globale&ga_q=A.G.T.A#phrase=A.G.T.A,https://www.infogreffe.com/recherche-entreprise-dirigeants/resultats-entreprise-dirigeants.html?ga_cat=globale&ga_q=A.G.T.A#phrase=A.G.T.A,1620586335,14:52:15,20210509
2,2019-01-31,AGTA.PA,EUR,2019-01-31,2019-01-31,Q1,101188750,27328250,73860500,0.7299279811243838,0.0,2645750.0,2764750.0,3500.0,6935750.0,87559250,65750.0,4099500.0,17729000.0,0.17520722412323506,13629500.0,0.13469382712999223,0.0,12988750.0,0.1283616014626132,2906750.0,10082000.0,0.09963558201875208,0.758,0.758,13301976,13301976,https://www.infogreffe.com/recherche-entreprise-dirigeants/resultats-entreprise-dirigeants.html?ga_cat=globale&ga_q=A.G.T.A#phrase=A.G.T.A,https://www.infogreffe.com/recherche-entreprise-dirigeants/resultats-entreprise-dirigeants.html?ga_cat=globale&ga_q=A.G.T.A#phrase=A.G.T.A,1620586335,14:52:15,20210509
3,2018-06-30,AGTA.PA,EUR,2018-06-30,2018-06-30,Q2,93838000,24501000,69337000,0.7389010848483557,0.0,2427000.0,2508250.0,3500.0,6516500.0,84626000,7750.0,3241000.0,12453000.0,0.13270743195720283,9212000.0,0.09816918519150024,0.0,8804000.0,0.09382126643790362,2335250.0,6468750.0,0.06893529273854941,0.48675,0.48675,13291039,13291039,https://www.infogreffe.com/recherche-entreprise-dirigeants/resultats-entreprise-dirigeants.html?ga_cat=globale&ga_q=A.G.T.A#phrase=A.G.T.A,https://www.infogreffe.com/recherche-entreprise-dirigeants/resultats-entreprise-dirigeants.html?ga_cat=globale&ga_q=A.G.T.A#phrase=A.G.T.A,1620586335,14:52:15,20210509
4,2018-03-31,AGTA.PA,EUR,2018-03-31,2018-03-31,Q1,93838000,24501000,69337000,0.7389010848483557,0.0,2427000.0,2508250.0,3500.0,6516500.0,84626000,7750.0,3241000.0,12453000.0,0.13270743195720283,9212000.0,0.09816918519150024,0.0,8804000.0,0.09382126643790362,2335250.0,6468750.0,0.06893529273854941,0.48675,0.48675,13291039,13291039,https://www.infogreffe.com/recherche-entreprise-dirigeants/resultats-entreprise-dirigeants.html?ga_cat=globale&ga_q=A.G.T.A#phrase=A.G.T.A,https://www.infogreffe.com/recherche-entreprise-dirigeants/resultats-entreprise-dirigeants.html?ga_cat=globale&ga_q=A.G.T.A#phrase=A.G.T.A,1620586335,14:52:15,20210509
5,2018-01-31,AGTA.PA,EUR,2018-01-31,2018-01-31,Q1,93838000,24501000,69337000,0.7389010848483557,0.0,2427000.0,2508250.0,3500.0,6516500.0,84626000,7750.0,3241000.0,12453000.0,0.13270743195720283,9212000.0,0.09816918519150024,0.0,8804000.0,0.09382126643790362,2335250.0,6468750.0,0.06893529273854941,0.48675,0.48675,13291039,13291039,https://www.infogreffe.com/recherche-entreprise-dirigeants/resultats-entreprise-dirigeants.html?ga_cat=globale&ga_q=A.G.T.A#phrase=A.G.T.A,https://www.infogreffe.com/recherche-entreprise-dirigeants/resultats-entreprise-dirigeants.html?ga_cat=globale&ga_q=A.G.T.A#phrase=A.G.T.A,1620586335,14:52:15,20210509
6,2017-06-30,AGTA.PA,EUR,2017-06-30,2017-06-30,Q2,91697500,24369250,67328250,0.7342430273453475,0.0,2500250.0,2453500.0,3250.0,6277500.0,81528500,24250.0,3334750.0,13503750.0,0.14726410207475668,10169000.0,0.11089724365440716,0.0,10666250.0,0.11631996510264729,2440750.0,8225500.0,0.0897025545952725,0.6195,0.6195,13278061,13278061,https://www.infogreffe.com/recherche-entreprise-dirigeants/resultats-entreprise-dirigeants.html?ga_cat=globale&ga_q=A.G.T.A#phrase=A.G.T.A,https://www.infogreffe.com/recherche-entreprise-dirigeants/resultats-entreprise-dirigeants.html?ga_cat=globale&ga_q=A.G.T.A#phrase=A.G.T.A,1620586335,14:52:15,20210509
7,2017-03-31,AGTA.PA,EUR,2017-03-31,2017-03-31,Q1,91697500,24369250,67328250,0.7342430273453475,0.0,2500250.0,2453500.0,3250.0,6277500.0,81528500,24250.0,3334750.0,13503750.0,0.14726410207475668,10169000.0,0.11089724365440716,0.0,10666250.0,0.11631996510264729,2440750.0,8225500.0,0.0897025545952725,0.6195,0.6195,13278061,13278061,https://www.infogreffe.com/recherche-entreprise-dirigeants/resultats-entreprise-dirigeants.html?ga_cat=globale&ga_q=A.G.T.A#phrase=A.G.T.A,https://www.infogreffe.com/recherche-entreprise-dirigeants/resultats-entreprise-dirigeants.html?ga_cat=globale&ga_q=A.G.T.A#phrase=A.G.T.A,1620586335,14:52:15,20210509
8,2017-01-31,AGTA.PA,EUR,2017-01-31,2017-01-31,Q1,91697500,24369250,67328250,0.7342430273453475,0.0,2500250.0,2453500.0,3250.0,6277500.0,81528500,24250.0,3334750.0,13503750.0,0.14726410207475668,10169000.0,0.11089724365440716,0.0,10666250.0,0.11631996510264729,2440750.0,8225500.0,0.0897025545952725,0.6195,0.6195,13278061,13278061,https://www.infogreffe.com/recherche-entreprise-dirigeants/resultats-entreprise-dirigeants.html?ga_cat=globale&ga_q=A.G.T.A#phrase=A.G.T.A,https://www.infogreffe.com/recherche-entreprise-dirigeants/resultats-entreprise-dirigeants.html?ga_cat=globale&ga_q=A.G.T.A#phrase=A.G.T.A,1620586335,14:52:15,20210509
9,2016-06-30,AGTA.PA,EUR,2016-06-30,2016-06-30,Q2,87968750,24092500,63876250,0.7261243339253997,0.0,2221750.0,2380500.0,3250.0,6001250.0,79242750,19750.0,3281250.0,12007250.0,0.13649449378330372,8726000.0,0.0991943161634103,0.0,7072250.0,0.08039502664298401,1628500.0,5443750.0,0.06188277087033748,0.4105,0.4105,13262587,13262587,https://www.infogreffe.com/recherche-entreprise-dirigeants/resultats-entreprise-dirigeants.html?ga_cat=globale&ga_q=A.G.T.A#phrase=A.G.T.A,https://www.infogreffe.com/recherche-entreprise-dirigeants/resultats-entreprise-dirigeants.html?ga_cat=globale&ga_q=A.G.T.A#phrase=A.G.T.A,1620586335,14:52:15,20210509
10,2016-03-31,AGTA.PA,EUR,2016-03-31,2016-03-31,Q1,87968750,24092500,63876250,0.7261243339253997,0.0,2221750.0,2380500.0,3250.0,6001250.0,79242750,19750.0,3281250.0,12007250.0,0.13649449378330372,8726000.0,0.0991943161634103,0.0,7072250.0,0.08039502664298401,1628500.0,5443750.0,0.06188277087033748,0.4105,0.4105,13262587,13262587,https://www.infogreffe.com/recherche-entreprise-dirigeants/resultats-entreprise-dirigeants.html?ga_cat=globale&ga_q=A.G.T.A#phrase=A.G.T.A,https://www.infogreffe.com/recherche-entreprise-dirigeants/resultats-entreprise-dirigeants.html?ga_cat=globale&ga_q=A.G.T.A#phrase=A.G.T.A,1620586335,14:52:15,20210509
11,2016-01-31,AGTA.PA,EUR,2016-01-31,2016-01-31,Q1,87968750,24092500,63876250,0.7261243339253997,0.0,2221750.0,2380500.0,3250.0,6001250.0,79242750,19750.0,3281250.0,12007250.0,0.13649449378330372,8726000.0,0.0991943161634103,0.0,7072250.0,0.08039502664298401,1628500.0,5443750.0,0.06188277087033748,0.4105,0.4105,13262587,13262587,https://www.infogreffe.com/recherche-entreprise-dirigeants/resultats-entreprise-dirigeants.html?ga_cat=globale&ga_q=A.G.T.A#phrase=A.G.T.A,https://www.infogreffe.com/recherche-entreprise-dirigeants/resultats-entreprise-dirigeants.html?ga_cat=globale&ga_q=A.G.T.A#phrase=A.G.T.A,1620586335,14:52:15,20210509
12,2015-09-30,AGTA.PA,EUR,2015-09-30,2015-09-30,Q3,81376000,22469000,58907000,0.7238866496264255,0.0,2580000.0,2130750.0,2250.0,5642250.0,72664750,37250.0,2974750.0,11686000.0,0.14360499410145497,8711250.0,0.10704937573731813,0.0,8241500.0,0.10127678922532442,1908000.0,6333500.0,0.07783007274872199,0.47825,0.47825,13246432,13246432,https://www.infogreffe.com/recherche-entreprise-dirigeants/resultats-entreprise-dirigeants.html?ga_cat=globale&ga_q=A.G.T.A#phrase=A.G.T.A,https://www.infogreffe.com/recherche-entreprise-dirigeants/resultats-entreprise-dirigeants.html?ga_cat=globale&ga_q=A.G.T.A#phrase=A.G.T.A,1620586335,14:52:15,20210509
13,2015-06-30,AGTA.PA,EUR,2015-06-30,2015-06-30,Q2,81376000,22469000,58907000,0.7238866496264255,0.0,2580000.0,2130750.0,2250.0,5642250.0,72664750,37250.0,2974750.0,11686000.0,0.14360499410145497,8711250.0,0.10704937573731813,0.0,8241500.0,0.10127678922532442,1908000.0,6333500.0,0.07783007274872199,0.47825,0.47825,13246432,13246432,https://www.infogreffe.com/recherche-entreprise-dirigeants/resultats-entreprise-dirigeants.html?ga_cat=globale&ga_q=A.G.T.A#phrase=A.G.T.A,https://www.infogreffe.com/recherche-entreprise-dirigeants/resultats-entreprise-dirigeants.html?ga_cat=globale&ga_q=A.G.T.A#phrase=A.G.T.A,1620586335,14:52:15,20210509
14,2015-03-31,AGTA.PA,EUR,2015-03-31,2015-03-31,Q1,81376000,22469000,58907000,0.7238866496264255,0.0,2580000.0,2130750.0,2250.0,5642250.0,72664750,37250.0,2974750.0,11686000.0,0.14360499410145497,8711250.0,0.10704937573731813,0.0,8241500.0,0.10127678922532442,1908000.0,6333500.0,0.07783007274872199,0.47825,0.47825,13246432,13246432,https://www.infogreffe.com/recherche-entreprise-dirigeants/resultats-entreprise-dirigeants.html?ga_cat=globale&ga_q=A.G.T.A#phrase=A.G.T.A,https://www.infogreffe.com/recherche-entreprise-dirigeants/resultats-entreprise-dirigeants.html?ga_cat=globale&ga_q=A.G.T.A#phrase=A.G.T.A,1620586335,14:52:15,20210509
15,2015-01-31,AGTA.PA,EUR,2015-01-31,2015-01-31,Q1,81376000,22469000,58907000,0.7238866496264255,0.0,2580000.0,2130750.0,2250.0,5642250.0,72664750,37250.0,2974750.0,11686000.0,0.14360499410145497,8711250.0,0.10704937573731813,0.0,8241500.0,0.10127678922532442,1908000.0,6333500.0,0.07783007274872199,0.47825,0.47825,13246432,13246432,https://www.infogreffe.com/recherche-entreprise-dirigeants/resultats-entreprise-dirigeants.html?ga_cat=globale&ga_q=A.G.T.A#phrase=A.G.T.A,https://www.infogreffe.com/recherche-entreprise-dirigeants/resultats-entreprise-dirigeants.html?ga_cat=globale&ga_q=A.G.T.A#phrase=A.G.T.A,1620586335,14:52:15,20210509
16,2014-09-30,AGTA.PA,EUR,2014-09-30,2014-09-30,Q3,72785250,20261000,52524250,0.7216331605648122,0.0,2296000.0,1855500.0,1750.0,5097500.0,64755000,95000.0,2579000.0,10609250.0,0.14576098866185114,8030250.0,0.11032798540913166,0.0,7911750.0,0.10869990829185859,1652750.0,6259000.0,0.08599269769630523,0.473,0.473,13231649,13231649,https://www.infogreffe.com/recherche-entreprise-dirigeants/resultats-entreprise-dirigeants.html?ga_cat=globale&ga_q=A.G.T.A#phrase=A.G.T.A,https://www.infogreffe.com/recherche-entreprise-dirigeants/resultats-entreprise-dirigeants.html?ga_cat=globale&ga_q=A.G.T.A#phrase=A.G.T.A,1620586335,14:52:15,20210509
17,2014-06-30,AGTA.PA,EUR,2014-06-30,2014-06-30,Q2,72785250,20261000,52524250,0.7216331605648122,0.0,2296000.0,1855500.0,1750.0,5097500.0,64755000,95000.0,2579000.0,10609250.0,0.14576098866185114,8030250.0,0.11032798540913166,0.0,7911750.0,0.10869990829185859,1652750.0,6259000.0,0.08599269769630523,0.473,0.473,13231649,13231649,https://www.infogreffe.com/recherche-entreprise-dirigeants/resultats-entreprise-dirigeants.html?ga_cat=globale&ga_q=A.G.T.A#phrase=A.G.T.A,https://www.infogreffe.com/recherche-entreprise-dirigeants/resultats-entreprise-dirigeants.html?ga_cat=globale&ga_q=A.G.T.A#phrase=A.G.T.A,1620586335,14:52:15,20210509
18,2014-03-31,AGTA.PA,EUR,2014-03-31,2014-03-31,Q1,72785250,20261000,52524250,0.7216331605648122,0.0,2296000.0,1855500.0,1750.0,5097500.0,64755000,95000.0,2579000.0,10609250.0,0.14576098866185114,8030250.0,0.11032798540913166,0.0,7911750.0,0.10869990829185859,1652750.0,6259000.0,0.08599269769630523,0.473,0.473,13231649,13231649,https://www.infogreffe.com/recherche-entreprise-dirigeants/resultats-entreprise-dirigeants.html?ga_cat=globale&ga_q=A.G.T.A#phrase=A.G.T.A,https://www.infogreffe.com/recherche-entreprise-dirigeants/resultats-entreprise-dirigeants.html?ga_cat=globale&ga_q=A.G.T.A#phrase=A.G.T.A,1620586335,14:52:15,20210509
19,2014-01-31,AGTA.PA,EUR,2014-01-31,2014-01-31,Q1,72785250,20261000,52524250,0.7216331605648122,0.0,2296000.0,1855500.0,1750.0,5097500.0,64755000,95000.0,2579000.0,10609250.0,0.14576098866185114,8030250.0,0.11032798540913166,0.0,7911750.0,0.10869990829185859,1652750.0,6259000.0,0.08599269769630523,0.473,0.473,13231649,13231649,https://www.infogreffe.com/recherche-entreprise-dirigeants/resultats-entreprise-dirigeants.html?ga_cat=globale&ga_q=A.G.T.A#phrase=A.G.T.A,https://www.infogreffe.com/recherche-entreprise-dirigeants/resultats-entreprise-dirigeants.html?ga_cat=globale&ga_q=A.G.T.A#phrase=A.G.T.A,1620586335,14:52:15,20210509
20,2013-09-30,AGTA.PA,EUR,2013-09-30,2013-09-30,Q3,65301000,17867750,47433250,0.7263786159476884,0.0,2394750.0,1376000.0,2750.0,4570500.0,57713000,83000.0,2259000.0,9847000.0,0.15079401540558338,7588000.0,0.11620036446608781,0.0,7541750.0,0.11549210578704767,1770250.0,5771500.0,0.0883830262936249,0.4355,0.4355,13252026,13252026,https://www.infogreffe.com/recherche-entreprise-dirigeants/resultats-entreprise-dirigeants.html?ga_cat=globale&ga_q=A.G.T.A#phrase=A.G.T.A,https://www.infogreffe.com/recherche-entreprise-dirigeants/resultats-entreprise-dirigeants.html?ga_cat=globale&ga_q=A.G.T.A#phrase=A.G.T.A,1620586335,14:52:15,20210509
21,2013-06-30,AGTA.PA,EUR,2013-06-30,2013-06-30,Q2,65301000,17867750,47433250,0.7263786159476884,0.0,2394750.0,1376000.0,2750.0,4570500.0,57713000,83000.0,2259000.0,9847000.0,0.15079401540558338,7588000.0,0.11620036446608781,0.0,7541750.0,0.11549210578704767,1770250.0,5771500.0,0.0883830262936249,0.4355,0.4355,13252026,13252026,https://www.infogreffe.com/recherche-entreprise-dirigeants/resultats-entreprise-dirigeants.html?ga_cat=globale&ga_q=A.G.T.A#phrase=A.G.T.A,https://www.infogreffe.com/recherche-entreprise-dirigeants/resultats-entreprise-dirigeants.html?ga_cat=globale&ga_q=A.G.T.A#phrase=A.G.T.A,1620586335,14:52:15,20210509
22,2013-03-31,AGTA.PA,EUR,2013-03-31,2013-03-31,Q1,65301000,17867750,47433250,0.7263786159476884,0.0,2394750.0,1376000.0,2750.0,4570500.0,57713000,83000.0,2259000.0,9847000.0,0.15079401540558338,7588000.0,0.11620036446608781,0.0,7541750.0,0.11549210578704767,1770250.0,5771500.0,0.0883830262936249,0.4355,0.4355,13252026,13252026,https://www.infogreffe.com/recherche-entreprise-dirigeants/resultats-entreprise-dirigeants.html?ga_cat=globale&ga_q=A.G.T.A#phrase=A.G.T.A,https://www.infogreffe.com/recherche-entreprise-dirigeants/resultats-entreprise-dirigeants.html?ga_cat=globale&ga_q=A.G.T.A#phrase=A.G.T.A,1620586335,14:52:15,20210509
23,2013-01-31,AGTA.PA,EUR,2013-01-31,2013-01-31,Q1,65301000,17867750,47433250,0.7263786159476884,0.0,2394750.0,1376000.0,2750.0,4570500.0,57713000,83000.0,2259000.0,9847000.0,0.15079401540558338,7588000.0,0.11620036446608781,0.0,7541750.0,0.11549210578704767,1770250.0,5771500.0,0.0883830262936249,0.4355,0.4355,13252026,13252026,https://www.infogreffe.com/recherche-entreprise-dirigeants/resultats-entreprise-dirigeants.html?ga_cat=globale&ga_q=A.G.T.A#phrase=A.G.T.A,https://www.infogreffe.com/recherche-entreprise-dirigeants/resultats-entreprise-dirigeants.html?ga_cat=globale&ga_q=A.G.T.A#phrase=A.G.T.A,1620586335,14:52:15,20210509
24,2012-09-30,AGTA.PA,EUR,2012-09-30,2012-09-30,Q3,63513250,17530000,45983250,0.723994599552062,0.0,2374250.0,1370750.0,2000.0,4552500.0,57379750,104500.0,2522500.0,8656000.0,0.13628652289089285,6133500.0,0.09657040066442829,0.0,6163750.0,0.09704667923622236,1333500.0,4830250.0,0.07605106021184556,0.36375,0.36375,13275142,13275142,https://www.infogreffe.com/recherche-entreprise-dirigeants/resultats-entreprise-dirigeants.html?ga_cat=globale&ga_q=A.G.T.A#phrase=A.G.T.A,https://www.infogreffe.com/recherche-entreprise-dirigeants/resultats-entreprise-dirigeants.html?ga_cat=globale&ga_q=A.G.T.A#phrase=A.G.T.A,1620586335,14:52:15,20210509
25,2012-06-30,AGTA.PA,EUR,2012-06-30,2012-06-30,Q2,63513250,17530000,45983250,0.723994599552062,0.0,2374250.0,1370750.0,2000.0,4552500.0,57379750,104500.0,2522500.0,8656000.0,0.13628652289089285,6133500.0,0.09657040066442829,0.0,6163750.0,0.09704667923622236,1333500.0,4830250.0,0.07605106021184556,0.36375,0.36375,13275142,13275142,https://www.infogreffe.com/recherche-entreprise-dirigeants/resultats-entreprise-dirigeants.html?ga_cat=globale&ga_q=A.G.T.A#phrase=A.G.T.A,https://www.infogreffe.com/recherche-entreprise-dirigeants/resultats-entreprise-dirigeants.html?ga_cat=globale&ga_q=A.G.T.A#phrase=A.G.T.A,1620586335,14:52:15,20210509
26,2012-03-31,AGTA.PA,EUR,2012-03-31,2012-03-31,Q1,63513250,17530000,45983250,0.723994599552062,0.0,2374250.0,1370750.0,2000.0,4552500.0,57379750,104500.0,2522500.0,8656000.0,0.13628652289089285,6133500.0,0.09657040066442829,0.0,6163750.0,0.09704667923622236,1333500.0,4830250.0,0.07605106021184556,0.36375,0.36375,13275142,13275142,https://www.infogreffe.com/recherche-entreprise-dirigeants/resultats-entreprise-dirigeants.html?ga_cat=globale&ga_q=A.G.T.A#phrase=A.G.T.A,https://www.infogreffe.com/recherche-entreprise-dirigeants/resultats-entreprise-dirigeants.html?ga_cat=globale&ga_q=A.G.T.A#phrase=A.G.T.A,1620586335,14:52:15,20210509
27,2012-01-31,AGTA.PA,EUR,2012-01-31,2012-01-31,Q1,63513250,17530000,45983250,0.723994599552062,0.0,2374250.0,1370750.0,2000.0,4552500.0,57379750,104500.0,2522500.0,8656000.0,0.13628652289089285,6133500.0,0.09657040066442829,0.0,6163750.0,0.09704667923622236,1333500.0,4830250.0,0.07605106021184556,0.36375,0.36375,13275142,13275142,https://www.infogreffe.com/recherche-entreprise-dirigeants/resultats-entreprise-dirigeants.html?ga_cat=globale&ga_q=A.G.T.A#phrase=A.G.T.A,https://www.infogreffe.com/recherche-entreprise-dirigeants/resultats-entreprise-dirigeants.html?ga_cat=globale&ga_q=A.G.T.A#phrase=A.G.T.A,1620586335,14:52:15,20210509
28,2011-09-30,AGTA.PA,EUR,2011-09-30,2011-09-30,Q3,60271000,17524000,42747000,0.7092465696603674,0.0,0.0,0.0,0.0,8019000.0,54288500,0.0,2469000.0,8451500.0,0.1402249838230658,5982500.0,0.09926000895953278,0.0,5908000.0,0.09802392527085994,1165750.0,4742250.0,0.07868211909541903,0.35725,0.35725,13277847,13277847,https://www.infogreffe.com/recherche-entreprise-dirigeants/resultats-entreprise-dirigeants.html?ga_cat=globale&ga_q=A.G.T.A#phrase=A.G.T.A,https://www.infogreffe.com/recherche-entreprise-dirigeants/resultats-entreprise-dirigeants.html?ga_cat=globale&ga_q=A.G.T.A#phrase=A.G.T.A,1620586335,14:52:15,20210509
29,2011-06-30,AGTA.PA,EUR,2011-06-30,2011-06-30,Q2,60271000,17524000,42747000,0.7092465696603674,0.0,0.0,0.0,0.0,8019000.0,54288500,0.0,2469000.0,8451500.0,0.1402249838230658,5982500.0,0.09926000895953278,0.0,5908000.0,0.09802392527085994,1165750.0,4742250.0,0.07868211909541903,0.35725,0.35725,13277847,13277847,https://www.infogreffe.com/recherche-entreprise-dirigeants/resultats-entreprise-dirigeants.html?ga_cat=globale&ga_q=A.G.T.A#phrase=A.G.T.A,https://www.infogreffe.com/recherche-entreprise-dirigeants/resultats-entreprise-dirigeants.html?ga_cat=globale&ga_q=A.G.T.A#phrase=A.G.T.A,1620586335,14:52:15,20210509
30,2011-03-31,AGTA.PA,EUR,2011-03-31,2011-03-31,Q1,60271000,17524000,42747000,0.7092465696603674,0.0,0.0,0.0,0.0,8019000.0,54288500,0.0,2469000.0,8451500.0,0.1402249838230658,5982500.0,0.09926000895953278,0.0,5908000.0,0.09802392527085994,1165750.0,4742250.0,0.07868211909541903,0.35725,0.35725,13277847,13277847,https://www.infogreffe.com/recherche-entreprise-dirigeants/resultats-entreprise-dirigeants.html?ga_cat=globale&ga_q=A.G.T.A#phrase=A.G.T.A,https://www.infogreffe.com/recherche-entreprise-dirigeants/resultats-entreprise-dirigeants.html?ga_cat=globale&ga_q=A.G.T.A#phrase=A.G.T.A,1620586335,14:52:15,20210509
31,2011-01-31,AGTA.PA,EUR,2011-01-31,2011-01-31,Q1,60271000,17524000,42747000,0.7092465696603674,0.0,0.0,0.0,0.0,8019000.0,54288500,0.0,2469000.0,8451500.0,0.1402249838230658,5982500.0,0.09926000895953278,0.0,5908000.0,0.09802392527085994,1165750.0,4742250.0,0.07868211909541903,0.35725,0.35725,13277847,13277847,https://www.infogreffe.com/recherche-entreprise-dirigeants/resultats-entreprise-dirigeants.html?ga_cat=globale&ga_q=A.G.T.A#phrase=A.G.T.A,https://www.infogreffe.com/recherche-entreprise-dirigeants/resultats-entreprise-dirigeants.html?ga_cat=globale&ga_q=A.G.T.A#phrase=A.G.T.A,1620586335,14:52:15,20210509
32,2010-09-30,AGTA.PA,EUR,2010-09-30,2010-09-30,Q3,56774750,16976250,39798500,0.7009894363251269,0.0,0.0,0.0,0.0,8425500.0,52412500,389000.0,2319500.0,6681750.0,0.1176887612891294,4362250.0,0.07683433216350578,0.0,4015000.0,0.07071805688268112,1011000.0,3004000.0,0.05291084504995619,0.226,0.226,13284059,13284059,https://www.infogreffe.com/recherche-entreprise-dirigeants/resultats-entreprise-dirigeants.html?ga_cat=globale&ga_q=A.G.T.A#phrase=A.G.T.A,https://www.infogreffe.com/recherche-entreprise-dirigeants/resultats-entreprise-dirigeants.html?ga_cat=globale&ga_q=A.G.T.A#phrase=A.G.T.A,1620586335,14:52:15,20210509
33,2010-06-30,AGTA.PA,EUR,2010-06-30,2010-06-30,Q2,56774750,16976250,39798500,0.7009894363251269,0.0,0.0,0.0,0.0,8425500.0,52412500,389000.0,2319500.0,6681750.0,0.1176887612891294,4362250.0,0.07683433216350578,0.0,4015000.0,0.07071805688268112,1011000.0,3004000.0,0.05291084504995619,0.226,0.226,13284059,13284059,https://www.infogreffe.com/recherche-entreprise-dirigeants/resultats-entreprise-dirigeants.html?ga_cat=globale&ga_q=A.G.T.A#phrase=A.G.T.A,https://www.infogreffe.com/recherche-entreprise-dirigeants/resultats-entreprise-dirigeants.html?ga_cat=globale&ga_q=A.G.T.A#phrase=A.G.T.A,1620586335,14:52:15,20210509
34,2010-03-31,AGTA.PA,EUR,2010-03-31,2010-03-31,Q1,56774750,16976250,39798500,0.7009894363251269,0.0,0.0,0.0,0.0,8425500.0,52412500,389000.0,2319500.0,6681750.0,0.1176887612891294,4362250.0,0.07683433216350578,0.0,4015000.0,0.07071805688268112,1011000.0,3004000.0,0.05291084504995619,0.226,0.226,13284059,13284059,https://www.infogreffe.com/recherche-entreprise-dirigeants/resultats-entreprise-dirigeants.html?ga_cat=globale&ga_q=A.G.T.A#phrase=A.G.T.A,https://www.infogreffe.com/recherche-entreprise-dirigeants/resultats-entreprise-dirigeants.html?ga_cat=globale&ga_q=A.G.T.A#phrase=A.G.T.A,1620586335,14:52:15,20210509
35,2010-01-31,AGTA.PA,EUR,2010-01-31,2010-01-31,Q1,56774750,16976250,39798500,0.7009894363251269,0.0,0.0,0.0,0.0,8425500.0,52412500,389000.0,2319500.0,6681750.0,0.1176887612891294,4362250.0,0.07683433216350578,0.0,4015000.0,0.07071805688268112,1011000.0,3004000.0,0.05291084504995619,0.226,0.226,13284059,13284059,https://www.infogreffe.com/recherche-entreprise-dirigeants/resultats-entreprise-dirigeants.html?ga_cat=globale&ga_q=A.G.T.A#phrase=A.G.T.A,https://www.infogreffe.com/recherche-entreprise-dirigeants/resultats-entreprise-dirigeants.html?ga_cat=globale&ga_q=A.G.T.A#phrase=A.G.T.A,1620586335,14:52:15,20210509
36,2009-09-30,AGTA.PA,EUR,2009-09-30,2009-09-30,Q3,55532500,16522500,39010000,0.7024715256831585,-209750.0,0.0,0.0,0.0,7489000.0,50592500,127000.0,2266000.0,7206000.0,0.12976185116823483,4940000.0,0.08895691712060505,0.0,4938750.0,0.08893440777922838,1239500.0,3699250.0,0.0666141448701211,0.2775,0.2775,13280755,13280755,https://www.infogreffe.com/recherche-entreprise-dirigeants/resultats-entreprise-dirigeants.html?ga_cat=globale&ga_q=A.G.T.A#phrase=A.G.T.A,https://www.infogreffe.com/recherche-entreprise-dirigeants/resultats-entreprise-dirigeants.html?ga_cat=globale&ga_q=A.G.T.A#phrase=A.G.T.A,1620586335,14:52:15,20210509
37,2009-06-30,AGTA.PA,EUR,2009-06-30,2009-06-30,Q2,55532500,16522500,39010000,0.7024715256831585,-209750.0,0.0,0.0,0.0,7489000.0,50592500,127000.0,2266000.0,7206000.0,0.12976185116823483,4940000.0,0.08895691712060505,0.0,4938750.0,0.08893440777922838,1239500.0,3699250.0,0.0666141448701211,0.2775,0.2775,13280755,13280755,https://www.infogreffe.com/recherche-entreprise-dirigeants/resultats-entreprise-dirigeants.html?ga_cat=globale&ga_q=A.G.T.A#phrase=A.G.T.A,https://www.infogreffe.com/recherche-entreprise-dirigeants/resultats-entreprise-dirigeants.html?ga_cat=globale&ga_q=A.G.T.A#phrase=A.G.T.A,1620586335,14:52:15,20210509
38,2009-03-31,AGTA.PA,EUR,2009-03-31,2009-03-31,Q1,55532500,16522500,39010000,0.7024715256831585,-209750.0,0.0,0.0,0.0,7489000.0,50592500,127000.0,2266000.0,7206000.0,0.12976185116823483,4940000.0,0.08895691712060505,0.0,4938750.0,0.08893440777922838,1239500.0,3699250.0,0.0666141448701211,0.2775,0.2775,13280755,13280755,https://www.infogreffe.com/recherche-entreprise-dirigeants/resultats-entreprise-dirigeants.html?ga_cat=globale&ga_q=A.G.T.A#phrase=A.G.T.A,https://www.infogreffe.com/recherche-entreprise-dirigeants/resultats-entreprise-dirigeants.html?ga_cat=globale&ga_q=A.G.T.A#phrase=A.G.T.A,1620586335,14:52:15,20210509
39,2009-01-31,AGTA.PA,EUR,2009-01-31,2009-01-31,Q1,55532500,16522500,39010000,0.7024715256831585,-209750.0,0.0,0.0,0.0,7489000.0,50592500,127000.0,2266000.0,7206000.0,0.12976185116823483,4940000.0,0.08895691712060505,0.0,4938750.0,0.08893440777922838,1239500.0,3699250.0,0.0666141448701211,0.2775,0.2775,13280755,13280755,https://www.infogreffe.com/recherche-entreprise-dirigeants/resultats-entreprise-dirigeants.html?ga_cat=globale&ga_q=A.G.T.A#phrase=A.G.T.A,https://www.infogreffe.com/recherche-entreprise-dirigeants/resultats-entreprise-dirigeants.html?ga_cat=globale&ga_q=A.G.T.A#phrase=A.G.T.A,1620586335,14:52:15,20210509
40,2008-09-30,AGTA.PA,EUR,2008-09-30,2008-09-30,Q3,57055500,17763000,39292500,0.6886715566422168,0.0,0.0,0.0,0.0,33065750.0,50828750,799500.0,1984750.0,8211500.0,0.14392126964096363,6226750.0,0.10913496507786279,0.0,5518500.0,0.09672161316612772,1172250.0,4346250.0,0.07617582879827536,0.3275,0.3275,13286717,13286717,https://www.infogreffe.com/recherche-entreprise-dirigeants/resultats-entreprise-dirigeants.html?ga_cat=globale&ga_q=A.G.T.A#phrase=A.G.T.A,https://www.infogreffe.com/recherche-entreprise-dirigeants/resultats-entreprise-dirigeants.html?ga_cat=globale&ga_q=A.G.T.A#phrase=A.G.T.A,1620586335,14:52:15,20210509
41,2008-06-30,AGTA.PA,EUR,2008-06-30,2008-06-30,Q2,57055500,17763000,39292500,0.6886715566422168,0.0,0.0,0.0,0.0,33065750.0,50828750,799500.0,1984750.0,8211500.0,0.14392126964096363,6226750.0,0.10913496507786279,0.0,5518500.0,0.09672161316612772,1172250.0,4346250.0,0.07617582879827536,0.3275,0.3275,13286717,13286717,https://www.infogreffe.com/recherche-entreprise-dirigeants/resultats-entreprise-dirigeants.html?ga_cat=globale&ga_q=A.G.T.A#phrase=A.G.T.A,https://www.infogreffe.com/recherche-entreprise-dirigeants/resultats-entreprise-dirigeants.html?ga_cat=globale&ga_q=A.G.T.A#phrase=A.G.T.A,1620586335,14:52:15,20210509
42,2008-03-31,AGTA.PA,EUR,2008-03-31,2008-03-31,Q1,57055500,17763000,39292500,0.6886715566422168,0.0,0.0,0.0,0.0,33065750.0,50828750,799500.0,1984750.0,8211500.0,0.14392126964096363,6226750.0,0.10913496507786279,0.0,5518500.0,0.09672161316612772,1172250.0,4346250.0,0.07617582879827536,0.3275,0.3275,13286717,13286717,https://www.infogreffe.com/recherche-entreprise-dirigeants/resultats-entreprise-dirigeants.html?ga_cat=globale&ga_q=A.G.T.A#phrase=A.G.T.A,https://www.infogreffe.com/recherche-entreprise-dirigeants/resultats-entreprise-dirigeants.html?ga_cat=globale&ga_q=A.G.T.A#phrase=A.G.T.A,1620586335,14:52:15,20210509
43,2008-01-31,AGTA.PA,EUR,2008-01-31,2008-01-31,Q1,57055500,17763000,39292500,0.6886715566422168,0.0,0.0,0.0,0.0,33065750.0,50828750,799500.0,1984750.0,8211500.0,0.14392126964096363,6226750.0,0.10913496507786279,0.0,5518500.0,0.09672161316612772,1172250.0,4346250.0,0.07617582879827536,0.3275,0.3275,13286717,13286717,https://www.infogreffe.com/recherche-entreprise-dirigeants/resultats-entreprise-dirigeants.html?ga_cat=globale&ga_q=A.G.T.A#phrase=A.G.T.A,https://www.infogreffe.com/recherche-entreprise-dirigeants/resultats-entreprise-dirigeants.html?ga_cat=globale&ga_q=A.G.T.A#phrase=A.G.T.A,1620586335,14:52:15,20210509
44,2007-09-30,AGTA.PA,EUR,2007-09-30,2007-09-30,Q3,49481000,15741000,33740000,0.6818778925244033,0.0,0.0,0.0,0.0,28418250.0,44159250,137500.0,1765000.0,7086750.0,0.14322164062973666,5321750.0,0.10755138335926921,0.0,5453500.0,0.11021402154362281,1236500.0,4217000.0,0.08522463167680523,0.3175,0.3175,13281123,13281123,https://www.infogreffe.com/recherche-entreprise-dirigeants/resultats-entreprise-dirigeants.html?ga_cat=globale&ga_q=A.G.T.A#phrase=A.G.T.A,https://www.infogreffe.com/recherche-entreprise-dirigeants/resultats-entreprise-dirigeants.html?ga_cat=globale&ga_q=A.G.T.A#phrase=A.G.T.A,1620586335,14:52:15,20210509
45,2007-06-30,AGTA.PA,EUR,2007-06-30,2007-06-30,Q2,49481000,15741000,33740000,0.6818778925244033,0.0,0.0,0.0,0.0,28418250.0,44159250,137500.0,1765000.0,7086750.0,0.14322164062973666,5321750.0,0.10755138335926921,0.0,5453500.0,0.11021402154362281,1236500.0,4217000.0,0.08522463167680523,0.3175,0.3175,13281123,13281123,https://www.infogreffe.com/recherche-entreprise-dirigeants/resultats-entreprise-dirigeants.html?ga_cat=globale&ga_q=A.G.T.A#phrase=A.G.T.A,https://www.infogreffe.com/recherche-entreprise-dirigeants/resultats-entreprise-dirigeants.html?ga_cat=globale&ga_q=A.G.T.A#phrase=A.G.T.A,1620586335,14:52:15,20210509
46,2007-03-31,AGTA.PA,EUR,2007-03-31,2007-03-31,Q1,49481000,15741000,33740000,0.6818778925244033,0.0,0.0,0.0,0.0,28418250.0,44159250,137500.0,1765000.0,7086750.0,0.14322164062973666,5321750.0,0.10755138335926921,0.0,5453500.0,0.11021402154362281,1236500.0,4217000.0,0.08522463167680523,0.3175,0.3175,13281123,13281123,https://www.infogreffe.com/recherche-entreprise-dirigeants/resultats-entreprise-dirigeants.html?ga_cat=globale&ga_q=A.G.T.A#phrase=A.G.T.A,https://www.infogreffe.com/recherche-entreprise-dirigeants/resultats-entreprise-dirigeants.html?ga_cat=globale&ga_q=A.G.T.A#phrase=A.G.T.A,1620586335,14:52:15,20210509
47,2007-01-31,AGTA.PA,EUR,2007-01-31,2007-01-31,Q1,49481000,15741000,33740000,0.6818778925244033,0.0,0.0,0.0,0.0,28418250.0,44159250,137500.0,1765000.0,7086750.0,0.14322164062973666,5321750.0,0.10755138335926921,0.0,5453500.0,0.11021402154362281,1236500.0,4217000.0,0.08522463167680523,0.3175,0.3175,13281123,13281123,https://www.infogreffe.com/recherche-entreprise-dirigeants/resultats-entreprise-dirigeants.html?ga_cat=globale&ga_q=A.G.T.A#phrase=A.G.T.A,https://www.infogreffe.com/recherche-entreprise-dirigeants/resultats-entreprise-dirigeants.html?ga_cat=globale&ga_q=A.G.T.A#phrase=A.G.T.A,1620586335,14:52:15,20210509
48,2006-09-30,AGTA.PA,EUR,2006-09-30,2006-09-30,Q3,41227750,12639000,28588750,0.6934346405030593,0.0,0.0,0.0,0.0,23209250.0,36990750,234750.0,1142500.0,5379500.0,0.13048250268326553,4237000.0,0.10277058534603513,0.0,4452500.0,0.10799764721577093,-1020250.0,3432250.0,0.08325096567239298,0.26,0.2575,13205616,13224021,https://www.infogreffe.com/recherche-entreprise-dirigeants/resultats-entreprise-dirigeants.html?ga_cat=globale&ga_q=A.G.T.A#phrase=A.G.T.A,https://www.infogreffe.com/recherche-entreprise-dirigeants/resultats-entreprise-dirigeants.html?ga_cat=globale&ga_q=A.G.T.A#phrase=A.G.T.A,1620586335,14:52:15,20210509
49,2006-06-30,AGTA.PA,EUR,2006-06-30,2006-06-30,Q2,41227750,12639000,28588750,0.6934346405030593,0.0,0.0,0.0,0.0,23209250.0,36990750,234750.0,1142500.0,5379500.0,0.13048250268326553,4237000.0,0.10277058534603513,0.0,4452500.0,0.10799764721577093,-1020250.0,3432250.0,0.08325096567239298,0.26,0.2575,13205616,13224021,https://www.infogreffe.com/recherche-entreprise-dirigeants/resultats-entreprise-dirigeants.html?ga_cat=globale&ga_q=A.G.T.A#phrase=A.G.T.A,https://www.infogreffe.com/recherche-entreprise-dirigeants/resultats-entreprise-dirigeants.html?ga_cat=globale&ga_q=A.G.T.A#phrase=A.G.T.A,1620586335,14:52:15,20210509
50,2006-03-31,AGTA.PA,EUR,2006-03-31,2006-03-31,Q1,41227750,12639000,28588750,0.6934346405030593,0.0,0.0,0.0,0.0,23209250.0,36990750,234750.0,1142500.0,5379500.0,0.13048250268326553,4237000.0,0.10277058534603513,0.0,4452500.0,0.10799764721577093,-1020250.0,3432250.0,0.08325096567239298,0.26,0.2575,13205616,13224021,https://www.infogreffe.com/recherche-entreprise-dirigeants/resultats-entreprise-dirigeants.html?ga_cat=globale&ga_q=A.G.T.A#phrase=A.G.T.A,https://www.infogreffe.com/recherche-entreprise-dirigeants/resultats-entreprise-dirigeants.html?ga_cat=globale&ga_q=A.G.T.A#phrase=A.G.T.A,1620586335,14:52:15,20210509
51,2006-01-31,AGTA.PA,EUR,2006-01-31,2006-01-31,Q1,41227750,12639000,28588750,0.6934346405030593,0.0,0.0,0.0,0.0,23209250.0,36990750,234750.0,1142500.0,5379500.0,0.13048250268326553,4237000.0,0.10277058534603513,0.0,4452500.0,0.10799764721577093,-1020250.0,3432250.0,0.08325096567239298,0.26,0.2575,13205616,13224021,https://www.infogreffe.com/recherche-entreprise-dirigeants/resultats-entreprise-dirigeants.html?ga_cat=globale&ga_q=A.G.T.A#phrase=A.G.T.A,https://www.infogreffe.com/recherche-entreprise-dirigeants/resultats-entreprise-dirigeants.html?ga_cat=globale&ga_q=A.G.T.A#phrase=A.G.T.A,1620586335,14:52:15,20210509
52,2005-09-30,AGTA.PA,EUR,2005-09-30,2005-09-30,Q3,35416750,10647750,24769000,0.6993583544509308,0.0,0.0,0.0,0.0,4026500.0,15858000,226000.0,1183750.0,20742500.0,0.5856692101900937,19558750.0,0.5522457594217426,0.0,3723000.0,0.10511975265940551,-880250.0,2842750.0,0.0802656934924859,0.2171707066797057,0.21695757667526128,13089933,13102792,https://www.infogreffe.com/recherche-entreprise-dirigeants/resultats-entreprise-dirigeants.html?ga_cat=globale&ga_q=A.G.T.A#phrase=A.G.T.A,https://www.infogreffe.com/recherche-entreprise-dirigeants/resultats-entreprise-dirigeants.html?ga_cat=globale&ga_q=A.G.T.A#phrase=A.G.T.A,1620586335,14:52:15,20210509
53,2005-06-30,AGTA.PA,EUR,2005-06-30,2005-06-30,Q2,35416750,10647750,24769000,0.6993583544509308,0.0,0.0,0.0,0.0,4026500.0,15858000,226000.0,1183750.0,20742500.0,0.5856692101900937,19558750.0,0.5522457594217426,0.0,3723000.0,0.10511975265940551,-880250.0,2842750.0,0.0802656934924859,0.2171707066797057,0.21695757667526128,13089933,13102792,https://www.infogreffe.com/recherche-entreprise-dirigeants/resultats-entreprise-dirigeants.html?ga_cat=globale&ga_q=A.G.T.A#phrase=A.G.T.A,https://www.infogreffe.com/recherche-entreprise-dirigeants/resultats-entreprise-dirigeants.html?ga_cat=globale&ga_q=A.G.T.A#phrase=A.G.T.A,1620586335,14:52:15,20210509
54,2005-03-31,AGTA.PA,EUR,2005-03-31,2005-03-31,Q1,35416750,10647750,24769000,0.6993583544509308,0.0,0.0,0.0,0.0,4026500.0,15858000,226000.0,1183750.0,20742500.0,0.5856692101900937,19558750.0,0.5522457594217426,0.0,3723000.0,0.10511975265940551,-880250.0,2842750.0,0.0802656934924859,0.2171707066797057,0.21695757667526128,13089933,13102792,https://www.infogreffe.com/recherche-entreprise-dirigeants/resultats-entreprise-dirigeants.html?ga_cat=globale&ga_q=A.G.T.A#phrase=A.G.T.A,https://www.infogreffe.com/recherche-entreprise-dirigeants/resultats-entreprise-dirigeants.html?ga_cat=globale&ga_q=A.G.T.A#phrase=A.G.T.A,1620586335,14:52:15,20210509
55,2005-01-31,AGTA.PA,EUR,2005-01-31,2005-01-31,Q1,35416750,10647750,24769000,0.6993583544509308,0.0,0.0,0.0,0.0,4026500.0,15858000,226000.0,1183750.0,20742500.0,0.5856692101900937,19558750.0,0.5522457594217426,0.0,3723000.0,0.10511975265940551,-880250.0,2842750.0,0.0802656934924859,0.2171707066797057,0.21695757667526128,13089933,13102792,https://www.infogreffe.com/recherche-entreprise-dirigeants/resultats-entreprise-dirigeants.html?ga_cat=globale&ga_q=A.G.T.A#phrase=A.G.T.A,https://www.infogreffe.com/recherche-entreprise-dirigeants/resultats-entreprise-dirigeants.html?ga_cat=globale&ga_q=A.G.T.A#phrase=A.G.T.A,1620586335,14:52:15,20210509
56,2004-09-30,AGTA.PA,EUR,2004-09-30,2004-09-30,Q3,34319750,15459500,18860250,0.5495450870125802,0.0,13814750.0,0.0,0.0,1529000.0,30803250,77750.0,0.0,3577500.0,9.593221523410202,3516500.0,0.1024628675908187,0.0,3499750.0,0.10197481042257009,-838250.0,2302750.0,0.06709693398116245,0.1775,0.1775,13067821,13067821,https://www.infogreffe.com/recherche-entreprise-dirigeants/resultats-entreprise-dirigeants.html?ga_cat=globale&ga_q=A.G.T.A#phrase=A.G.T.A,https://www.infogreffe.com/recherche-entreprise-dirigeants/resultats-entreprise-dirigeants.html?ga_cat=globale&ga_q=A.G.T.A#phrase=A.G.T.A,1620586335,14:52:15,20210509
57,2004-06-30,AGTA.PA,EUR,2004-06-30,2004-06-30,Q2,34319750,15459500,18860250,0.5495450870125802,0.0,13814750.0,0.0,0.0,1529000.0,30803250,77750.0,0.0,3577500.0,9.593221523410202,3516500.0,0.1024628675908187,0.0,3499750.0,0.10197481042257009,-838250.0,2302750.0,0.06709693398116245,0.1775,0.1775,13067821,13067821,https://www.infogreffe.com/recherche-entreprise-dirigeants/resultats-entreprise-dirigeants.html?ga_cat=globale&ga_q=A.G.T.A#phrase=A.G.T.A,https://www.infogreffe.com/recherche-entreprise-dirigeants/resultats-entreprise-dirigeants.html?ga_cat=globale&ga_q=A.G.T.A#phrase=A.G.T.A,1620586335,14:52:15,20210509
58,2004-03-31,AGTA.PA,EUR,2004-03-31,2004-03-31,Q1,34319750,15459500,18860250,0.5495450870125802,0.0,13814750.0,0.0,0.0,1529000.0,30803250,77750.0,0.0,3577500.0,9.593221523410202,3516500.0,0.1024628675908187,0.0,3499750.0,0.10197481042257009,-838250.0,2302750.0,0.06709693398116245,0.1775,0.1775,13067821,13067821,https://www.infogreffe.com/recherche-entreprise-dirigeants/resultats-entreprise-dirigeants.html?ga_cat=globale&ga_q=A.G.T.A#phrase=A.G.T.A,https://www.infogreffe.com/recherche-entreprise-dirigeants/resultats-entreprise-dirigeants.html?ga_cat=globale&ga_q=A.G.T.A#phrase=A.G.T.A,1620586335,14:52:15,20210509
59,2004-01-31,AGTA.PA,EUR,2004-01-31,2004-01-31,Q1,34319750,15459500,18860250,0.5495450870125802,0.0,13814750.0,0.0,0.0,1529000.0,30803250,77750.0,0.0,3577500.0,9.593221523410202,3516500.0,0.1024628675908187,0.0,3499750.0,0.10197481042257009,-838250.0,2302750.0,0.06709693398116245,0.1775,0.1775,13067821,13067821,https://www.infogreffe.com/recherche-entreprise-dirigeants/resultats-entreprise-dirigeants.html?ga_cat=globale&ga_q=A.G.T.A#phrase=A.G.T.A,https://www.infogreffe.com/recherche-entreprise-dirigeants/resultats-entreprise-dirigeants.html?ga_cat=globale&ga_q=A.G.T.A#phrase=A.G.T.A,1620586335,14:52:15,20210509
60,2003-09-30,AGTA.PA,EUR,2003-09-30,2003-09-30,Q3,31858750,14192000,17666750,0.5545336838388197,0.0,12981500.0,0.0,0.0,1852500.0,29026000,100750.0,0.0,2944000.0,10.821586277173912,2832750.0,0.08891591791893906,0.0,2843250.0,0.08924549770471221,-605000.0,1917500.0,0.06018754659238043,0.1475,0.1475,13011470,13011470,https://www.infogreffe.com/recherche-entreprise-dirigeants/resultats-entreprise-dirigeants.html?ga_cat=globale&ga_q=A.G.T.A#phrase=A.G.T.A,https://www.infogreffe.com/recherche-entreprise-dirigeants/resultats-entreprise-dirigeants.html?ga_cat=globale&ga_q=A.G.T.A#phrase=A.G.T.A,1620586335,14:52:15,20210509
61,2003-06-30,AGTA.PA,EUR,2003-06-30,2003-06-30,Q2,31858750,14192000,17666750,0.5545336838388197,0.0,12981500.0,0.0,0.0,1852500.0,29026000,100750.0,0.0,2944000.0,10.821586277173912,2832750.0,0.08891591791893906,0.0,2843250.0,0.08924549770471221,-605000.0,1917500.0,0.06018754659238043,0.1475,0.1475,13011470,13011470,https://www.infogreffe.com/recherche-entreprise-dirigeants/resultats-entreprise-dirigeants.html?ga_cat=globale&ga_q=A.G.T.A#phrase=A.G.T.A,https://www.infogreffe.com/recherche-entreprise-dirigeants/resultats-entreprise-dirigeants.html?ga_cat=globale&ga_q=A.G.T.A#phrase=A.G.T.A,1620586335,14:52:15,20210509
62,2003-03-31,AGTA.PA,EUR,2003-03-31,2003-03-31,Q1,31858750,14192000,17666750,0.5545336838388197,0.0,12981500.0,0.0,0.0,1852500.0,29026000,100750.0,0.0,2944000.0,10.821586277173912,2832750.0,0.08891591791893906,0.0,2843250.0,0.08924549770471221,-605000.0,1917500.0,0.06018754659238043,0.1475,0.1475,13011470,13011470,https://www.infogreffe.com/recherche-entreprise-dirigeants/resultats-entreprise-dirigeants.html?ga_cat=globale&ga_q=A.G.T.A#phrase=A.G.T.A,https://www.infogreffe.com/recherche-entreprise-dirigeants/resultats-entreprise-dirigeants.html?ga_cat=globale&ga_q=A.G.T.A#phrase=A.G.T.A,1620586335,14:52:15,20210509
63,2003-01-31,AGTA.PA,EUR,2003-01-31,2003-01-31,Q1,31858750,14192000,17666750,0.5545336838388197,0.0,12981500.0,0.0,0.0,1852500.0,29026000,100750.0,0.0,2944000.0,10.821586277173912,2832750.0,0.08891591791893906,0.0,2843250.0,0.08924549770471221,-605000.0,1917500.0,0.06018754659238043,0.1475,0.1475,13011470,13011470,https://www.infogreffe.com/recherche-entreprise-dirigeants/resultats-entreprise-dirigeants.html?ga_cat=globale&ga_q=A.G.T.A#phrase=A.G.T.A,https://www.infogreffe.com/recherche-entreprise-dirigeants/resultats-entreprise-dirigeants.html?ga_cat=globale&ga_q=A.G.T.A#phrase=A.G.T.A,1620586335,14:52:15,20210509
64,2002-09-30,AGTA.PA,EUR,2002-09-30,2002-09-30,Q3,29580500,14856000,14724500,0.49777725190581634,0.0,10674250.0,0.0,0.0,1381500.0,26911750,262000.0,0.0,2676750.0,11.050901279536752,2668750.0,0.09021990838559187,0.0,2414750.0,0.0816331705008367,-603750.0,1532500.0,0.05180777877317828,0.1175,0.1175,13011470,13011470,https://www.infogreffe.com/recherche-entreprise-dirigeants/resultats-entreprise-dirigeants.html?ga_cat=globale&ga_q=A.G.T.A#phrase=A.G.T.A,https://www.infogreffe.com/recherche-entreprise-dirigeants/resultats-entreprise-dirigeants.html?ga_cat=globale&ga_q=A.G.T.A#phrase=A.G.T.A,1620586335,14:52:15,20210509
65,2002-06-30,AGTA.PA,EUR,2002-06-30,2002-06-30,Q2,29580500,14856000,14724500,0.49777725190581634,0.0,10674250.0,0.0,0.0,1381500.0,26911750,262000.0,0.0,2676750.0,11.050901279536752,2668750.0,0.09021990838559187,0.0,2414750.0,0.0816331705008367,-603750.0,1532500.0,0.05180777877317828,0.1175,0.1175,13011470,13011470,https://www.infogreffe.com/recherche-entreprise-dirigeants/resultats-entreprise-dirigeants.html?ga_cat=globale&ga_q=A.G.T.A#phrase=A.G.T.A,https://www.infogreffe.com/recherche-entreprise-dirigeants/resultats-entreprise-dirigeants.html?ga_cat=globale&ga_q=A.G.T.A#phrase=A.G.T.A,1620586335,14:52:15,20210509
66,2002-03-31,AGTA.PA,EUR,2002-03-31,2002-03-31,Q1,29580500,14856000,14724500,0.49777725190581634,0.0,10674250.0,0.0,0.0,1381500.0,26911750,262000.0,0.0,2676750.0,11.050901279536752,2668750.0,0.09021990838559187,0.0,2414750.0,0.0816331705008367,-603750.0,1532500.0,0.05180777877317828,0.1175,0.1175,13011470,13011470,https://www.infogreffe.com/recherche-entreprise-dirigeants/resultats-entreprise-dirigeants.html?ga_cat=globale&ga_q=A.G.T.A#phrase=A.G.T.A,https://www.infogreffe.com/recherche-entreprise-dirigeants/resultats-entreprise-dirigeants.html?ga_cat=globale&ga_q=A.G.T.A#phrase=A.G.T.A,1620586335,14:52:15,20210509
67,2002-01-31,AGTA.PA,EUR,2002-01-31,2002-01-31,Q1,29580500,14856000,14724500,0.49777725190581634,0.0,10674250.0,0.0,0.0,1381500.0,26911750,262000.0,0.0,2676750.0,11.050901279536752,2668750.0,0.09021990838559187,0.0,2414750.0,0.0816331705008367,-603750.0,1532500.0,0.05180777877317828,0.1175,0.1175,13011470,13011470,https://www.infogreffe.com/recherche-entreprise-dirigeants/resultats-entreprise-dirigeants.html?ga_cat=globale&ga_q=A.G.T.A#phrase=A.G.T.A,https://www.infogreffe.com/recherche-entreprise-dirigeants/resultats-entreprise-dirigeants.html?ga_cat=globale&ga_q=A.G.T.A#phrase=A.G.T.A,1620586335,14:52:15,20210509
