,date,symbol,reportedCurrency,fillingDate,acceptedDate,period,revenue,costOfRevenue,grossProfit,grossProfitRatio,researchAndDevelopmentExpenses,generalAndAdministrativeExpenses,sellingAndMarketingExpenses,otherExpenses,operatingExpenses,costAndExpenses,interestExpense,depreciationAndAmortization,ebitda,ebitdaratio,operatingIncome,operatingIncomeRatio,totalOtherIncomeExpensesNet,incomeBeforeTax,incomeBeforeTaxRatio,incomeTaxExpense,netIncome,netIncomeRatio,eps,epsdiluted,weightedAverageShsOut,weightedAverageShsOutDil,link,finalLink,timestamp,est_time,est_date
0,2019-06-30,PIKK.ME,RUB,2019-06-30,2019-06-30,Q2,70158750000.0,51232000000.0,18926750000.0,0.26977034225951857,160000000.0,639000000.0,2031250000.0,0.0,596250000.0,56396250000.0,709250000.0,133250000.0,13895750000.0,0.19806153900974577,13762500000.0,0.1961622748409856,0.0,14809500000.0,0.21108557378801646,3531250000.0,11225000000.0,0.1599942986441463,16.995,16.995,660497344,660497344,http://www.cbr.ru/eng/search/?text=PIKK&category=Any&time=Any&dateFrom=&dateTo=,http://www.cbr.ru/eng/search/?text=PIKK&category=Any&time=Any&dateFrom=&dateTo=,1620596579,17:42:59,20210509
1,2019-03-31,PIKK.ME,RUB,2019-03-31,2019-03-31,Q1,70158750000.0,51232000000.0,18926750000.0,0.26977034225951857,160000000.0,639000000.0,2031250000.0,0.0,596250000.0,56396250000.0,709250000.0,133250000.0,13895750000.0,0.19806153900974577,13762500000.0,0.1961622748409856,0.0,14809500000.0,0.21108557378801646,3531250000.0,11225000000.0,0.1599942986441463,16.995,16.995,660497344,660497344,http://www.cbr.ru/eng/search/?text=PIKK&category=Any&time=Any&dateFrom=&dateTo=,http://www.cbr.ru/eng/search/?text=PIKK&category=Any&time=Any&dateFrom=&dateTo=,1620596579,17:42:59,20210509
2,2019-01-31,PIKK.ME,RUB,2019-01-31,2019-01-31,Q1,70158750000.0,51232000000.0,18926750000.0,0.26977034225951857,160000000.0,639000000.0,2031250000.0,0.0,596250000.0,56396250000.0,709250000.0,133250000.0,13895750000.0,0.19806153900974577,13762500000.0,0.1961622748409856,0.0,14809500000.0,0.21108557378801646,3531250000.0,11225000000.0,0.1599942986441463,16.995,16.995,660497344,660497344,http://www.cbr.ru/eng/search/?text=PIKK&category=Any&time=Any&dateFrom=&dateTo=,http://www.cbr.ru/eng/search/?text=PIKK&category=Any&time=Any&dateFrom=&dateTo=,1620596579,17:42:59,20210509
3,2018-06-30,PIKK.ME,RUB,2018-06-30,2018-06-30,Q2,61439250000.0,47664000000.0,13775250000.0,0.22420927989843625,153000000.0,377250000.0,1461000000.0,0.0,881500000.0,52247750000.0,2343250000.0,141500000.0,9333000000.0,0.15190615119813475,9191500000.0,0.1496030631884341,0.0,7145250000.0,0.11629780636970666,1832250000.0,5118500000.0,0.08330993623782842,7.75,7.75,647075000,647075000,http://www.cbr.ru/eng/search/?text=PIKK&category=Any&time=Any&dateFrom=&dateTo=,http://www.cbr.ru/eng/search/?text=PIKK&category=Any&time=Any&dateFrom=&dateTo=,1620596579,17:42:59,20210509
4,2018-03-31,PIKK.ME,RUB,2018-03-31,2018-03-31,Q1,61439250000.0,47664000000.0,13775250000.0,0.22420927989843625,153000000.0,377250000.0,1461000000.0,0.0,881500000.0,52247750000.0,2343250000.0,141500000.0,9333000000.0,0.15190615119813475,9191500000.0,0.1496030631884341,0.0,7145250000.0,0.11629780636970666,1832250000.0,5118500000.0,0.08330993623782842,7.75,7.75,647075000,647075000,http://www.cbr.ru/eng/search/?text=PIKK&category=Any&time=Any&dateFrom=&dateTo=,http://www.cbr.ru/eng/search/?text=PIKK&category=Any&time=Any&dateFrom=&dateTo=,1620596579,17:42:59,20210509
5,2018-01-31,PIKK.ME,RUB,2018-01-31,2018-01-31,Q1,61439250000.0,47664000000.0,13775250000.0,0.22420927989843625,153000000.0,377250000.0,1461000000.0,0.0,881500000.0,52247750000.0,2343250000.0,141500000.0,9333000000.0,0.15190615119813475,9191500000.0,0.1496030631884341,0.0,7145250000.0,0.11629780636970666,1832250000.0,5118500000.0,0.08330993623782842,7.75,7.75,647075000,647075000,http://www.cbr.ru/eng/search/?text=PIKK&category=Any&time=Any&dateFrom=&dateTo=,http://www.cbr.ru/eng/search/?text=PIKK&category=Any&time=Any&dateFrom=&dateTo=,1620596579,17:42:59,20210509
6,2017-06-30,PIKK.ME,RUB,2017-06-30,2017-06-30,Q2,43783500000.0,36685250000.0,7098250000.0,0.16212157547934725,0.0,2116500000.0,1417500000.0,0.0,676500000.0,41062500000.0,2833250000.0,412250000.0,3133250000.0,0.0715623465460733,2721000000.0,0.06214669909897564,0.0,744250000.0,0.016998412644032568,105750000.0,779250000.0,0.017797800541299806,1.205,1.205,647075000,647075000,http://www.cbr.ru/eng/search/?text=PIKK&category=Any&time=Any&dateFrom=&dateTo=,http://www.cbr.ru/eng/search/?text=PIKK&category=Any&time=Any&dateFrom=&dateTo=,1620596579,17:42:59,20210509
7,2017-03-31,PIKK.ME,RUB,2017-03-31,2017-03-31,Q1,43783500000.0,36685250000.0,7098250000.0,0.16212157547934725,0.0,2116500000.0,1417500000.0,0.0,676500000.0,41062500000.0,2833250000.0,412250000.0,3133250000.0,0.0715623465460733,2721000000.0,0.06214669909897564,0.0,744250000.0,0.016998412644032568,105750000.0,779250000.0,0.017797800541299806,1.205,1.205,647075000,647075000,http://www.cbr.ru/eng/search/?text=PIKK&category=Any&time=Any&dateFrom=&dateTo=,http://www.cbr.ru/eng/search/?text=PIKK&category=Any&time=Any&dateFrom=&dateTo=,1620596579,17:42:59,20210509
8,2017-01-31,PIKK.ME,RUB,2017-01-31,2017-01-31,Q1,43783500000.0,36685250000.0,7098250000.0,0.16212157547934725,0.0,2116500000.0,1417500000.0,0.0,676500000.0,41062500000.0,2833250000.0,412250000.0,3133250000.0,0.0715623465460733,2721000000.0,0.06214669909897564,0.0,744250000.0,0.016998412644032568,105750000.0,779250000.0,0.017797800541299806,1.205,1.205,647075000,647075000,http://www.cbr.ru/eng/search/?text=PIKK&category=Any&time=Any&dateFrom=&dateTo=,http://www.cbr.ru/eng/search/?text=PIKK&category=Any&time=Any&dateFrom=&dateTo=,1620596579,17:42:59,20210509
9,2016-06-30,PIKK.ME,RUB,2016-06-30,2016-06-30,Q2,15022500000.0,10385250000.0,4637250000.0,0.3086869695456815,0.0,1205000000.0,729750000.0,0.0,148250000.0,12468250000.0,796250000.0,232500000.0,2786750000.0,0.1855050757197537,2554250000.0,0.17002829089698784,0.0,5788500000.0,0.3853220169745382,672250000.0,5020500000.0,0.3341987019470794,7.6,7.6,660497000,660497000,http://www.cbr.ru/eng/search/?text=PIKK&category=Any&time=Any&dateFrom=&dateTo=,http://www.cbr.ru/eng/search/?text=PIKK&category=Any&time=Any&dateFrom=&dateTo=,1620596579,17:42:59,20210509
10,2016-03-31,PIKK.ME,RUB,2016-03-31,2016-03-31,Q1,15022500000.0,10385250000.0,4637250000.0,0.3086869695456815,0.0,1205000000.0,729750000.0,0.0,148250000.0,12468250000.0,796250000.0,232500000.0,2786750000.0,0.1855050757197537,2554250000.0,0.17002829089698784,0.0,5788500000.0,0.3853220169745382,672250000.0,5020500000.0,0.3341987019470794,7.6,7.6,660497000,660497000,http://www.cbr.ru/eng/search/?text=PIKK&category=Any&time=Any&dateFrom=&dateTo=,http://www.cbr.ru/eng/search/?text=PIKK&category=Any&time=Any&dateFrom=&dateTo=,1620596579,17:42:59,20210509
11,2016-01-31,PIKK.ME,RUB,2016-01-31,2016-01-31,Q1,15022500000.0,10385250000.0,4637250000.0,0.3086869695456815,0.0,1205000000.0,729750000.0,0.0,148250000.0,12468250000.0,796250000.0,232500000.0,2786750000.0,0.1855050757197537,2554250000.0,0.17002829089698784,0.0,5788500000.0,0.3853220169745382,672250000.0,5020500000.0,0.3341987019470794,7.6,7.6,660497000,660497000,http://www.cbr.ru/eng/search/?text=PIKK&category=Any&time=Any&dateFrom=&dateTo=,http://www.cbr.ru/eng/search/?text=PIKK&category=Any&time=Any&dateFrom=&dateTo=,1620596579,17:42:59,20210509
12,2015-09-30,PIKK.ME,RUB,2015-09-30,2015-09-30,Q3,12783000000.0,8373750000.0,4409250000.0,0.34493076742548695,0.0,911250000.0,400000000.0,0.0,71250000.0,9756250000.0,935250000.0,281000000.0,3307750000.0,0.258761636548541,3026750000.0,0.23677931627943363,0.0,3320500000.0,0.25975905499491514,458250000.0,2793000000.0,0.21849331142924197,4.2275,4.2275,660497000,660497000,http://www.cbr.ru/eng/search/?text=PIKK&category=Any&time=Any&dateFrom=&dateTo=,http://www.cbr.ru/eng/search/?text=PIKK&category=Any&time=Any&dateFrom=&dateTo=,1620596579,17:42:59,20210509
13,2015-06-30,PIKK.ME,RUB,2015-06-30,2015-06-30,Q2,12783000000.0,8373750000.0,4409250000.0,0.34493076742548695,0.0,911250000.0,400000000.0,0.0,71250000.0,9756250000.0,935250000.0,281000000.0,3307750000.0,0.258761636548541,3026750000.0,0.23677931627943363,0.0,3320500000.0,0.25975905499491514,458250000.0,2793000000.0,0.21849331142924197,4.2275,4.2275,660497000,660497000,http://www.cbr.ru/eng/search/?text=PIKK&category=Any&time=Any&dateFrom=&dateTo=,http://www.cbr.ru/eng/search/?text=PIKK&category=Any&time=Any&dateFrom=&dateTo=,1620596579,17:42:59,20210509
14,2015-03-31,PIKK.ME,RUB,2015-03-31,2015-03-31,Q1,12783000000.0,8373750000.0,4409250000.0,0.34493076742548695,0.0,911250000.0,400000000.0,0.0,71250000.0,9756250000.0,935250000.0,281000000.0,3307750000.0,0.258761636548541,3026750000.0,0.23677931627943363,0.0,3320500000.0,0.25975905499491514,458250000.0,2793000000.0,0.21849331142924197,4.2275,4.2275,660497000,660497000,http://www.cbr.ru/eng/search/?text=PIKK&category=Any&time=Any&dateFrom=&dateTo=,http://www.cbr.ru/eng/search/?text=PIKK&category=Any&time=Any&dateFrom=&dateTo=,1620596579,17:42:59,20210509
15,2015-01-31,PIKK.ME,RUB,2015-01-31,2015-01-31,Q1,12783000000.0,8373750000.0,4409250000.0,0.34493076742548695,0.0,911250000.0,400000000.0,0.0,71250000.0,9756250000.0,935250000.0,281000000.0,3307750000.0,0.258761636548541,3026750000.0,0.23677931627943363,0.0,3320500000.0,0.25975905499491514,458250000.0,2793000000.0,0.21849331142924197,4.2275,4.2275,660497000,660497000,http://www.cbr.ru/eng/search/?text=PIKK&category=Any&time=Any&dateFrom=&dateTo=,http://www.cbr.ru/eng/search/?text=PIKK&category=Any&time=Any&dateFrom=&dateTo=,1620596579,17:42:59,20210509
16,2014-09-30,PIKK.ME,RUB,2014-09-30,2014-09-30,Q3,15315000000.0,11310000000.0,4005000000.0,0.2615083251714006,0.0,261750000.0,234500000.0,0.0,73250000.0,12416750000.0,786750000.0,49500000.0,2947750000.0,0.1924746980084884,2898250000.0,0.18924257264120142,0.0,1101750000.0,0.07193927522037219,153750000.0,860000000.0,0.056154097290238326,1.3025,1.3025,660497000,660497000,http://www.cbr.ru/eng/search/?text=PIKK&category=Any&time=Any&dateFrom=&dateTo=,http://www.cbr.ru/eng/search/?text=PIKK&category=Any&time=Any&dateFrom=&dateTo=,1620596579,17:42:59,20210509
17,2014-06-30,PIKK.ME,RUB,2014-06-30,2014-06-30,Q2,15315000000.0,11310000000.0,4005000000.0,0.2615083251714006,0.0,261750000.0,234500000.0,0.0,73250000.0,12416750000.0,786750000.0,49500000.0,2947750000.0,0.1924746980084884,2898250000.0,0.18924257264120142,0.0,1101750000.0,0.07193927522037219,153750000.0,860000000.0,0.056154097290238326,1.3025,1.3025,660497000,660497000,http://www.cbr.ru/eng/search/?text=PIKK&category=Any&time=Any&dateFrom=&dateTo=,http://www.cbr.ru/eng/search/?text=PIKK&category=Any&time=Any&dateFrom=&dateTo=,1620596579,17:42:59,20210509
18,2014-03-31,PIKK.ME,RUB,2014-03-31,2014-03-31,Q1,15315000000.0,11310000000.0,4005000000.0,0.2615083251714006,0.0,261750000.0,234500000.0,0.0,73250000.0,12416750000.0,786750000.0,49500000.0,2947750000.0,0.1924746980084884,2898250000.0,0.18924257264120142,0.0,1101750000.0,0.07193927522037219,153750000.0,860000000.0,0.056154097290238326,1.3025,1.3025,660497000,660497000,http://www.cbr.ru/eng/search/?text=PIKK&category=Any&time=Any&dateFrom=&dateTo=,http://www.cbr.ru/eng/search/?text=PIKK&category=Any&time=Any&dateFrom=&dateTo=,1620596579,17:42:59,20210509
19,2014-01-31,PIKK.ME,RUB,2014-01-31,2014-01-31,Q1,15315000000.0,11310000000.0,4005000000.0,0.2615083251714006,0.0,261750000.0,234500000.0,0.0,73250000.0,12416750000.0,786750000.0,49500000.0,2947750000.0,0.1924746980084884,2898250000.0,0.18924257264120142,0.0,1101750000.0,0.07193927522037219,153750000.0,860000000.0,0.056154097290238326,1.3025,1.3025,660497000,660497000,http://www.cbr.ru/eng/search/?text=PIKK&category=Any&time=Any&dateFrom=&dateTo=,http://www.cbr.ru/eng/search/?text=PIKK&category=Any&time=Any&dateFrom=&dateTo=,1620596579,17:42:59,20210509
20,2013-09-30,PIKK.ME,RUB,2013-09-30,2013-09-30,Q3,15635750000.0,11220750000.0,4415000000.0,0.2823657323761252,0.0,275750000.0,229000000.0,0.0,103000000.0,12340000000.0,1095500000.0,55750000.0,3351500000.0,0.21434852821258973,3295750000.0,0.2107829813088595,0.0,2173500000.0,0.1390083622467742,311500000.0,1698500000.0,0.1086292630670099,2.8875,2.8875,588104000,588104000,http://www.cbr.ru/eng/search/?text=PIKK&category=Any&time=Any&dateFrom=&dateTo=,http://www.cbr.ru/eng/search/?text=PIKK&category=Any&time=Any&dateFrom=&dateTo=,1620596579,17:42:59,20210509
21,2013-06-30,PIKK.ME,RUB,2013-06-30,2013-06-30,Q2,15635750000.0,11220750000.0,4415000000.0,0.2823657323761252,0.0,275750000.0,229000000.0,0.0,103000000.0,12340000000.0,1095500000.0,55750000.0,3351500000.0,0.21434852821258973,3295750000.0,0.2107829813088595,0.0,2173500000.0,0.1390083622467742,311500000.0,1698500000.0,0.1086292630670099,2.8875,2.8875,588104000,588104000,http://www.cbr.ru/eng/search/?text=PIKK&category=Any&time=Any&dateFrom=&dateTo=,http://www.cbr.ru/eng/search/?text=PIKK&category=Any&time=Any&dateFrom=&dateTo=,1620596579,17:42:59,20210509
22,2013-03-31,PIKK.ME,RUB,2013-03-31,2013-03-31,Q1,15635750000.0,11220750000.0,4415000000.0,0.2823657323761252,0.0,275750000.0,229000000.0,0.0,103000000.0,12340000000.0,1095500000.0,55750000.0,3351500000.0,0.21434852821258973,3295750000.0,0.2107829813088595,0.0,2173500000.0,0.1390083622467742,311500000.0,1698500000.0,0.1086292630670099,2.8875,2.8875,588104000,588104000,http://www.cbr.ru/eng/search/?text=PIKK&category=Any&time=Any&dateFrom=&dateTo=,http://www.cbr.ru/eng/search/?text=PIKK&category=Any&time=Any&dateFrom=&dateTo=,1620596579,17:42:59,20210509
23,2013-01-31,PIKK.ME,RUB,2013-01-31,2013-01-31,Q1,15635750000.0,11220750000.0,4415000000.0,0.2823657323761252,0.0,275750000.0,229000000.0,0.0,103000000.0,12340000000.0,1095500000.0,55750000.0,3351500000.0,0.21434852821258973,3295750000.0,0.2107829813088595,0.0,2173500000.0,0.1390083622467742,311500000.0,1698500000.0,0.1086292630670099,2.8875,2.8875,588104000,588104000,http://www.cbr.ru/eng/search/?text=PIKK&category=Any&time=Any&dateFrom=&dateTo=,http://www.cbr.ru/eng/search/?text=PIKK&category=Any&time=Any&dateFrom=&dateTo=,1620596579,17:42:59,20210509
24,2012-09-30,PIKK.ME,RUB,2012-09-30,2012-09-30,Q3,16532250000.0,12925250000.0,3607000000.0,0.2181796186242042,0.0,335250000.0,187500000.0,0.0,40250000.0,13992500000.0,1472750000.0,53500000.0,2593250000.0,0.1568600765171105,2539750000.0,0.15362397737754993,0.0,1007750000.0,0.060956615100787856,226000000.0,790500000.0,0.04781563308079662,1.6025,1.6025,493260000,493260000,http://www.cbr.ru/eng/search/?text=PIKK&category=Any&time=Any&dateFrom=&dateTo=,http://www.cbr.ru/eng/search/?text=PIKK&category=Any&time=Any&dateFrom=&dateTo=,1620596579,17:42:59,20210509
25,2012-06-30,PIKK.ME,RUB,2012-06-30,2012-06-30,Q2,16532250000.0,12925250000.0,3607000000.0,0.2181796186242042,0.0,335250000.0,187500000.0,0.0,40250000.0,13992500000.0,1472750000.0,53500000.0,2593250000.0,0.1568600765171105,2539750000.0,0.15362397737754993,0.0,1007750000.0,0.060956615100787856,226000000.0,790500000.0,0.04781563308079662,1.6025,1.6025,493260000,493260000,http://www.cbr.ru/eng/search/?text=PIKK&category=Any&time=Any&dateFrom=&dateTo=,http://www.cbr.ru/eng/search/?text=PIKK&category=Any&time=Any&dateFrom=&dateTo=,1620596579,17:42:59,20210509
26,2012-03-31,PIKK.ME,RUB,2012-03-31,2012-03-31,Q1,16532250000.0,12925250000.0,3607000000.0,0.2181796186242042,0.0,335250000.0,187500000.0,0.0,40250000.0,13992500000.0,1472750000.0,53500000.0,2593250000.0,0.1568600765171105,2539750000.0,0.15362397737754993,0.0,1007750000.0,0.060956615100787856,226000000.0,790500000.0,0.04781563308079662,1.6025,1.6025,493260000,493260000,http://www.cbr.ru/eng/search/?text=PIKK&category=Any&time=Any&dateFrom=&dateTo=,http://www.cbr.ru/eng/search/?text=PIKK&category=Any&time=Any&dateFrom=&dateTo=,1620596579,17:42:59,20210509
27,2012-01-31,PIKK.ME,RUB,2012-01-31,2012-01-31,Q1,16532250000.0,12925250000.0,3607000000.0,0.2181796186242042,0.0,335250000.0,187500000.0,0.0,40250000.0,13992500000.0,1472750000.0,53500000.0,2593250000.0,0.1568600765171105,2539750000.0,0.15362397737754993,0.0,1007750000.0,0.060956615100787856,226000000.0,790500000.0,0.04781563308079662,1.6025,1.6025,493260000,493260000,http://www.cbr.ru/eng/search/?text=PIKK&category=Any&time=Any&dateFrom=&dateTo=,http://www.cbr.ru/eng/search/?text=PIKK&category=Any&time=Any&dateFrom=&dateTo=,1620596579,17:42:59,20210509
28,2011-09-30,PIKK.ME,RUB,2011-09-30,2011-09-30,Q3,11497750000.0,9147000000.0,2350750000.0,0.20445304516100976,0.0,1051250000.0,156000000.0,0.0,0.0,9949000000.0,1639500000.0,184000000.0,1732750000.0,0.1507033984910091,1548750000.0,0.13470026744363028,0.0,1603000000.0,0.139418581896458,401750000.0,1161250000.0,0.10099802135200366,2.355,2.355,493260000,493260000,http://www.cbr.ru/eng/search/?text=PIKK&category=Any&time=Any&dateFrom=&dateTo=,http://www.cbr.ru/eng/search/?text=PIKK&category=Any&time=Any&dateFrom=&dateTo=,1620596579,17:42:59,20210509
29,2011-06-30,PIKK.ME,RUB,2011-06-30,2011-06-30,Q2,11497750000.0,9147000000.0,2350750000.0,0.20445304516100976,0.0,1051250000.0,156000000.0,0.0,0.0,9949000000.0,1639500000.0,184000000.0,1732750000.0,0.1507033984910091,1548750000.0,0.13470026744363028,0.0,1603000000.0,0.139418581896458,401750000.0,1161250000.0,0.10099802135200366,2.355,2.355,493260000,493260000,http://www.cbr.ru/eng/search/?text=PIKK&category=Any&time=Any&dateFrom=&dateTo=,http://www.cbr.ru/eng/search/?text=PIKK&category=Any&time=Any&dateFrom=&dateTo=,1620596579,17:42:59,20210509
30,2011-03-31,PIKK.ME,RUB,2011-03-31,2011-03-31,Q1,11497750000.0,9147000000.0,2350750000.0,0.20445304516100976,0.0,1051250000.0,156000000.0,0.0,0.0,9949000000.0,1639500000.0,184000000.0,1732750000.0,0.1507033984910091,1548750000.0,0.13470026744363028,0.0,1603000000.0,0.139418581896458,401750000.0,1161250000.0,0.10099802135200366,2.355,2.355,493260000,493260000,http://www.cbr.ru/eng/search/?text=PIKK&category=Any&time=Any&dateFrom=&dateTo=,http://www.cbr.ru/eng/search/?text=PIKK&category=Any&time=Any&dateFrom=&dateTo=,1620596579,17:42:59,20210509
31,2011-01-31,PIKK.ME,RUB,2011-01-31,2011-01-31,Q1,11497750000.0,9147000000.0,2350750000.0,0.20445304516100976,0.0,1051250000.0,156000000.0,0.0,0.0,9949000000.0,1639500000.0,184000000.0,1732750000.0,0.1507033984910091,1548750000.0,0.13470026744363028,0.0,1603000000.0,0.139418581896458,401750000.0,1161250000.0,0.10099802135200366,2.355,2.355,493260000,493260000,http://www.cbr.ru/eng/search/?text=PIKK&category=Any&time=Any&dateFrom=&dateTo=,http://www.cbr.ru/eng/search/?text=PIKK&category=Any&time=Any&dateFrom=&dateTo=,1620596579,17:42:59,20210509
32,2010-09-30,PIKK.ME,RUB,2010-09-30,2010-09-30,Q3,9522500000.0,8899500000.0,623000000.0,0.06542399579942242,0.0,843000000.0,122000000.0,0.0,93250000.0,9957750000.0,0.0,189750000.0,-245500000.0,-0.02578104489367288,-435250000.0,-0.04570753478603308,0.0,-2034000000.0,-0.2135993699133631,-512750000.0,-1532000000.0,-0.16088212129167762,-3.105,-3.105,493260000,493260000,http://www.cbr.ru/eng/search/?text=PIKK&category=Any&time=Any&dateFrom=&dateTo=,http://www.cbr.ru/eng/search/?text=PIKK&category=Any&time=Any&dateFrom=&dateTo=,1620596579,17:42:59,20210509
33,2010-06-30,PIKK.ME,RUB,2010-06-30,2010-06-30,Q2,9522500000.0,8899500000.0,623000000.0,0.06542399579942242,0.0,843000000.0,122000000.0,0.0,93250000.0,9957750000.0,0.0,189750000.0,-245500000.0,-0.02578104489367288,-435250000.0,-0.04570753478603308,0.0,-2034000000.0,-0.2135993699133631,-512750000.0,-1532000000.0,-0.16088212129167762,-3.105,-3.105,493260000,493260000,http://www.cbr.ru/eng/search/?text=PIKK&category=Any&time=Any&dateFrom=&dateTo=,http://www.cbr.ru/eng/search/?text=PIKK&category=Any&time=Any&dateFrom=&dateTo=,1620596579,17:42:59,20210509
34,2010-03-31,PIKK.ME,RUB,2010-03-31,2010-03-31,Q1,9522500000.0,8899500000.0,623000000.0,0.06542399579942242,0.0,843000000.0,122000000.0,0.0,93250000.0,9957750000.0,0.0,189750000.0,-245500000.0,-0.02578104489367288,-435250000.0,-0.04570753478603308,0.0,-2034000000.0,-0.2135993699133631,-512750000.0,-1532000000.0,-0.16088212129167762,-3.105,-3.105,493260000,493260000,http://www.cbr.ru/eng/search/?text=PIKK&category=Any&time=Any&dateFrom=&dateTo=,http://www.cbr.ru/eng/search/?text=PIKK&category=Any&time=Any&dateFrom=&dateTo=,1620596579,17:42:59,20210509
35,2010-01-31,PIKK.ME,RUB,2010-01-31,2010-01-31,Q1,9522500000.0,8899500000.0,623000000.0,0.06542399579942242,0.0,843000000.0,122000000.0,0.0,93250000.0,9957750000.0,0.0,189750000.0,-245500000.0,-0.02578104489367288,-435250000.0,-0.04570753478603308,0.0,-2034000000.0,-0.2135993699133631,-512750000.0,-1532000000.0,-0.16088212129167762,-3.105,-3.105,493260000,493260000,http://www.cbr.ru/eng/search/?text=PIKK&category=Any&time=Any&dateFrom=&dateTo=,http://www.cbr.ru/eng/search/?text=PIKK&category=Any&time=Any&dateFrom=&dateTo=,1620596579,17:42:59,20210509
36,2009-09-30,PIKK.ME,RUB,2009-09-30,2009-09-30,Q3,10293748504.0,8304498078.0,1989250426.0,0.19324839976681055,0.0,0.0,72996818.0,0.0,3643006446.0,12099499144.0,1153499749.0,78997802.0,-1726752838.0,-0.16774771963090113,-1805750640.0,-0.17542206702430235,0.0,-2953749487.0,-0.286945954221848,216497621.0,-2778743518.0,-0.26994476472008433,-5.65,-5.65,490793000,490793000,http://www.cbr.ru/eng/search/?text=PIKK&category=Any&time=Any&dateFrom=&dateTo=,http://www.cbr.ru/eng/search/?text=PIKK&category=Any&time=Any&dateFrom=&dateTo=,1620596579,17:42:59,20210509
37,2009-06-30,PIKK.ME,RUB,2009-06-30,2009-06-30,Q2,10293748504.0,8304498078.0,1989250426.0,0.19324839976681055,0.0,0.0,72996818.0,0.0,3643006446.0,12099499144.0,1153499749.0,78997802.0,-1726752838.0,-0.16774771963090113,-1805750640.0,-0.17542206702430235,0.0,-2953749487.0,-0.286945954221848,216497621.0,-2778743518.0,-0.26994476472008433,-5.65,-5.65,490793000,490793000,http://www.cbr.ru/eng/search/?text=PIKK&category=Any&time=Any&dateFrom=&dateTo=,http://www.cbr.ru/eng/search/?text=PIKK&category=Any&time=Any&dateFrom=&dateTo=,1620596579,17:42:59,20210509
38,2009-03-31,PIKK.ME,RUB,2009-03-31,2009-03-31,Q1,10293748504.0,8304498078.0,1989250426.0,0.19324839976681055,0.0,0.0,72996818.0,0.0,3643006446.0,12099499144.0,1153499749.0,78997802.0,-1726752838.0,-0.16774771963090113,-1805750640.0,-0.17542206702430235,0.0,-2953749487.0,-0.286945954221848,216497621.0,-2778743518.0,-0.26994476472008433,-5.65,-5.65,490793000,490793000,http://www.cbr.ru/eng/search/?text=PIKK&category=Any&time=Any&dateFrom=&dateTo=,http://www.cbr.ru/eng/search/?text=PIKK&category=Any&time=Any&dateFrom=&dateTo=,1620596579,17:42:59,20210509
39,2009-01-31,PIKK.ME,RUB,2009-01-31,2009-01-31,Q1,10293748504.0,8304498078.0,1989250426.0,0.19324839976681055,0.0,0.0,72996818.0,0.0,3643006446.0,12099499144.0,1153499749.0,78997802.0,-1726752838.0,-0.16774771963090113,-1805750640.0,-0.17542206702430235,0.0,-2953749487.0,-0.286945954221848,216497621.0,-2778743518.0,-0.26994476472008433,-5.65,-5.65,490793000,490793000,http://www.cbr.ru/eng/search/?text=PIKK&category=Any&time=Any&dateFrom=&dateTo=,http://www.cbr.ru/eng/search/?text=PIKK&category=Any&time=Any&dateFrom=&dateTo=,1620596579,17:42:59,20210509
40,2008-09-30,PIKK.ME,RUB,2008-09-30,2008-09-30,Q3,8423751520.0,6317752570.0,2105998950.0,0.2500072497390094,0.0,0.0,201752378.75,0.0,3516998398.75,10103504771.25,687251245.0,67001423.75,-1612751827.5,-0.19145292019487298,-1679753251.25,-0.1994067901055562,0.0,-7597749235.0,-0.901943655028419,-335747592.5,-7185748113.75,-0.8530341970189074,-14.25,-14.25,490244000,490244000,http://www.cbr.ru/eng/search/?text=PIKK&category=Any&time=Any&dateFrom=&dateTo=,http://www.cbr.ru/eng/search/?text=PIKK&category=Any&time=Any&dateFrom=&dateTo=,1620596579,17:42:59,20210509
41,2008-06-30,PIKK.ME,RUB,2008-06-30,2008-06-30,Q2,8423751520.0,6317752570.0,2105998950.0,0.2500072497390094,0.0,0.0,201752378.75,0.0,3516998398.75,10103504771.25,687251245.0,67001423.75,-1612751827.5,-0.19145292019487298,-1679753251.25,-0.1994067901055562,0.0,-7597749235.0,-0.901943655028419,-335747592.5,-7185748113.75,-0.8530341970189074,-14.25,-14.25,490244000,490244000,http://www.cbr.ru/eng/search/?text=PIKK&category=Any&time=Any&dateFrom=&dateTo=,http://www.cbr.ru/eng/search/?text=PIKK&category=Any&time=Any&dateFrom=&dateTo=,1620596579,17:42:59,20210509
42,2008-03-31,PIKK.ME,RUB,2008-03-31,2008-03-31,Q1,8423751520.0,6317752570.0,2105998950.0,0.2500072497390094,0.0,0.0,201752378.75,0.0,3516998398.75,10103504771.25,687251245.0,67001423.75,-1612751827.5,-0.19145292019487298,-1679753251.25,-0.1994067901055562,0.0,-7597749235.0,-0.901943655028419,-335747592.5,-7185748113.75,-0.8530341970189074,-14.25,-14.25,490244000,490244000,http://www.cbr.ru/eng/search/?text=PIKK&category=Any&time=Any&dateFrom=&dateTo=,http://www.cbr.ru/eng/search/?text=PIKK&category=Any&time=Any&dateFrom=&dateTo=,1620596579,17:42:59,20210509
43,2008-01-31,PIKK.ME,RUB,2008-01-31,2008-01-31,Q1,8423751520.0,6317752570.0,2105998950.0,0.2500072497390094,0.0,0.0,201752378.75,0.0,3516998398.75,10103504771.25,687251245.0,67001423.75,-1612751827.5,-0.19145292019487298,-1679753251.25,-0.1994067901055562,0.0,-7597749235.0,-0.901943655028419,-335747592.5,-7185748113.75,-0.8530341970189074,-14.25,-14.25,490244000,490244000,http://www.cbr.ru/eng/search/?text=PIKK&category=Any&time=Any&dateFrom=&dateTo=,http://www.cbr.ru/eng/search/?text=PIKK&category=Any&time=Any&dateFrom=&dateTo=,1620596579,17:42:59,20210509
44,2007-09-30,PIKK.ME,RUB,2007-09-30,2007-09-30,Q3,14787251952.5,10326248451.25,4461003501.25,0.3016790080793749,0.0,0.0,219750145.625,0.0,964753441.25,11705001118.75,515751669.375,194249080.625,3276499914.375,0.22157598483476573,3082250833.75,0.20843973198339266,0.0,5370001001.25,0.36315070700760754,898752852.5,4463497102.5,0.3018476399021105,9.35,9.35,477843000,477843000,http://www.cbr.ru/eng/search/?text=PIKK&category=Any&time=Any&dateFrom=&dateTo=,http://www.cbr.ru/eng/search/?text=PIKK&category=Any&time=Any&dateFrom=&dateTo=,1620596579,17:42:59,20210509
45,2007-06-30,PIKK.ME,RUB,2007-06-30,2007-06-30,Q2,14787251952.5,10326248451.25,4461003501.25,0.3016790080793749,0.0,0.0,219750145.625,0.0,964753441.25,11705001118.75,515751669.375,194249080.625,3276499914.375,0.22157598483476573,3082250833.75,0.20843973198339266,0.0,5370001001.25,0.36315070700760754,898752852.5,4463497102.5,0.3018476399021105,9.35,9.35,477843000,477843000,http://www.cbr.ru/eng/search/?text=PIKK&category=Any&time=Any&dateFrom=&dateTo=,http://www.cbr.ru/eng/search/?text=PIKK&category=Any&time=Any&dateFrom=&dateTo=,1620596579,17:42:59,20210509
46,2007-03-31,PIKK.ME,RUB,2007-03-31,2007-03-31,Q1,14787251952.5,10326248451.25,4461003501.25,0.3016790080793749,0.0,0.0,219750145.625,0.0,964753441.25,11705001118.75,515751669.375,194249080.625,3276499914.375,0.22157598483476573,3082250833.75,0.20843973198339266,0.0,5370001001.25,0.36315070700760754,898752852.5,4463497102.5,0.3018476399021105,9.35,9.35,477843000,477843000,http://www.cbr.ru/eng/search/?text=PIKK&category=Any&time=Any&dateFrom=&dateTo=,http://www.cbr.ru/eng/search/?text=PIKK&category=Any&time=Any&dateFrom=&dateTo=,1620596579,17:42:59,20210509
47,2007-01-31,PIKK.ME,RUB,2007-01-31,2007-01-31,Q1,14787251952.5,10326248451.25,4461003501.25,0.3016790080793749,0.0,0.0,219750145.625,0.0,964753441.25,11705001118.75,515751669.375,194249080.625,3276499914.375,0.22157598483476573,3082250833.75,0.20843973198339266,0.0,5370001001.25,0.36315070700760754,898752852.5,4463497102.5,0.3018476399021105,9.35,9.35,477843000,477843000,http://www.cbr.ru/eng/search/?text=PIKK&category=Any&time=Any&dateFrom=&dateTo=,http://www.cbr.ru/eng/search/?text=PIKK&category=Any&time=Any&dateFrom=&dateTo=,1620596579,17:42:59,20210509
48,2006-09-30,PIKK.ME,RUB,2006-09-30,2006-09-30,Q3,10511502313.625,8066251664.75,2445250648.875,0.23262618186417258,0.0,0.0,116747011.125,0.0,431501270.5,8783503075.0,340500598.375,169003128.625,1897002367.25,0.1804691956154647,1727999238.625,0.16439127225279387,0.0,2851249091.25,0.2712503889719183,826252143.0,2026247409.5,0.1927647779588632,4.45025,4.45025,456260000,456260000,http://www.cbr.ru/eng/search/?text=PIKK&category=Any&time=Any&dateFrom=&dateTo=,http://www.cbr.ru/eng/search/?text=PIKK&category=Any&time=Any&dateFrom=&dateTo=,1620596579,17:42:59,20210509
49,2006-06-30,PIKK.ME,RUB,2006-06-30,2006-06-30,Q2,10511502313.625,8066251664.75,2445250648.875,0.23262618186417258,0.0,0.0,116747011.125,0.0,431501270.5,8783503075.0,340500598.375,169003128.625,1897002367.25,0.1804691956154647,1727999238.625,0.16439127225279387,0.0,2851249091.25,0.2712503889719183,826252143.0,2026247409.5,0.1927647779588632,4.45025,4.45025,456260000,456260000,http://www.cbr.ru/eng/search/?text=PIKK&category=Any&time=Any&dateFrom=&dateTo=,http://www.cbr.ru/eng/search/?text=PIKK&category=Any&time=Any&dateFrom=&dateTo=,1620596579,17:42:59,20210509
50,2006-03-31,PIKK.ME,RUB,2006-03-31,2006-03-31,Q1,10511502313.625,8066251664.75,2445250648.875,0.23262618186417258,0.0,0.0,116747011.125,0.0,431501270.5,8783503075.0,340500598.375,169003128.625,1897002367.25,0.1804691956154647,1727999238.625,0.16439127225279387,0.0,2851249091.25,0.2712503889719183,826252143.0,2026247409.5,0.1927647779588632,4.45025,4.45025,456260000,456260000,http://www.cbr.ru/eng/search/?text=PIKK&category=Any&time=Any&dateFrom=&dateTo=,http://www.cbr.ru/eng/search/?text=PIKK&category=Any&time=Any&dateFrom=&dateTo=,1620596579,17:42:59,20210509
51,2006-01-31,PIKK.ME,RUB,2006-01-31,2006-01-31,Q1,10511502313.625,8066251664.75,2445250648.875,0.23262618186417258,0.0,0.0,116747011.125,0.0,431501270.5,8783503075.0,340500598.375,169003128.625,1897002367.25,0.1804691956154647,1727999238.625,0.16439127225279387,0.0,2851249091.25,0.2712503889719183,826252143.0,2026247409.5,0.1927647779588632,4.45025,4.45025,456260000,456260000,http://www.cbr.ru/eng/search/?text=PIKK&category=Any&time=Any&dateFrom=&dateTo=,http://www.cbr.ru/eng/search/?text=PIKK&category=Any&time=Any&dateFrom=&dateTo=,1620596579,17:42:59,20210509
52,2005-09-30,PIKK.ME,RUB,2005-09-30,2005-09-30,Q3,5534664430.5,4879638460.125,655025970.375,0.11834971724127187,0.0,0.0,80526497.625,0.0,-18868794.75,5044104508.5,138411878.625,102808345.5,593368267.5,0.10720943879273188,490559922.0,0.08863408579870902,0.0,292883070.375,0.05291794544236551,151769490.75,139080118.5,0.025128916169437132,1.87975,1.87975,463616667,463616667,http://www.cbr.ru/eng/search/?text=PIKK&category=Any&time=Any&dateFrom=&dateTo=,http://www.cbr.ru/eng/search/?text=PIKK&category=Any&time=Any&dateFrom=&dateTo=,1620596579,17:42:59,20210509
53,2005-06-30,PIKK.ME,RUB,2005-06-30,2005-06-30,Q2,5534664430.5,4879638460.125,655025970.375,0.11834971724127187,0.0,0.0,80526497.625,0.0,-18868794.75,5044104508.5,138411878.625,102808345.5,593368267.5,0.10720943879273188,490559922.0,0.08863408579870902,0.0,292883070.375,0.05291794544236551,151769490.75,139080118.5,0.025128916169437132,1.87975,1.87975,463616667,463616667,http://www.cbr.ru/eng/search/?text=PIKK&category=Any&time=Any&dateFrom=&dateTo=,http://www.cbr.ru/eng/search/?text=PIKK&category=Any&time=Any&dateFrom=&dateTo=,1620596579,17:42:59,20210509
54,2005-03-31,PIKK.ME,RUB,2005-03-31,2005-03-31,Q1,5534664430.5,4879638460.125,655025970.375,0.11834971724127187,0.0,0.0,80526497.625,0.0,-18868794.75,5044104508.5,138411878.625,102808345.5,593368267.5,0.10720943879273188,490559922.0,0.08863408579870902,0.0,292883070.375,0.05291794544236551,151769490.75,139080118.5,0.025128916169437132,1.87975,1.87975,463616667,463616667,http://www.cbr.ru/eng/search/?text=PIKK&category=Any&time=Any&dateFrom=&dateTo=,http://www.cbr.ru/eng/search/?text=PIKK&category=Any&time=Any&dateFrom=&dateTo=,1620596579,17:42:59,20210509
55,2005-01-31,PIKK.ME,RUB,2005-01-31,2005-01-31,Q1,5534664430.5,4879638460.125,655025970.375,0.11834971724127187,0.0,0.0,80526497.625,0.0,-18868794.75,5044104508.5,138411878.625,102808345.5,593368267.5,0.10720943879273188,490559922.0,0.08863408579870902,0.0,292883070.375,0.05291794544236551,151769490.75,139080118.5,0.025128916169437132,1.87975,1.87975,463616667,463616667,http://www.cbr.ru/eng/search/?text=PIKK&category=Any&time=Any&dateFrom=&dateTo=,http://www.cbr.ru/eng/search/?text=PIKK&category=Any&time=Any&dateFrom=&dateTo=,1620596579,17:42:59,20210509
56,2004-09-30,PIKK.ME,RUB,2004-09-30,2004-09-30,Q3,3173734415.67,2878613416.77,295120998.9,0.09298856181628469,0.0,0.0,68035422.0,0.0,-3255980.91,3018245706.84,138771433.71,74852848.98,230341557.81,0.07257745218777958,155488708.83,0.04899235048222368,0.0,174247046.61,0.05490284434314114,48270437.67,127247066.31,0.04009379791885868,1.71975,1.71975,462729091,462729091,http://www.cbr.ru/eng/search/?text=PIKK&category=Any&time=Any&dateFrom=&dateTo=,http://www.cbr.ru/eng/search/?text=PIKK&category=Any&time=Any&dateFrom=&dateTo=,1620596579,17:42:59,20210509
57,2004-06-30,PIKK.ME,RUB,2004-06-30,2004-06-30,Q2,3173734415.67,2878613416.77,295120998.9,0.09298856181628469,0.0,0.0,68035422.0,0.0,-3255980.91,3018245706.84,138771433.71,74852848.98,230341557.81,0.07257745218777958,155488708.83,0.04899235048222368,0.0,174247046.61,0.05490284434314114,48270437.67,127247066.31,0.04009379791885868,1.71975,1.71975,462729091,462729091,http://www.cbr.ru/eng/search/?text=PIKK&category=Any&time=Any&dateFrom=&dateTo=,http://www.cbr.ru/eng/search/?text=PIKK&category=Any&time=Any&dateFrom=&dateTo=,1620596579,17:42:59,20210509
58,2004-03-31,PIKK.ME,RUB,2004-03-31,2004-03-31,Q1,3173734415.67,2878613416.77,295120998.9,0.09298856181628469,0.0,0.0,68035422.0,0.0,-3255980.91,3018245706.84,138771433.71,74852848.98,230341557.81,0.07257745218777958,155488708.83,0.04899235048222368,0.0,174247046.61,0.05490284434314114,48270437.67,127247066.31,0.04009379791885868,1.71975,1.71975,462729091,462729091,http://www.cbr.ru/eng/search/?text=PIKK&category=Any&time=Any&dateFrom=&dateTo=,http://www.cbr.ru/eng/search/?text=PIKK&category=Any&time=Any&dateFrom=&dateTo=,1620596579,17:42:59,20210509
59,2004-01-31,PIKK.ME,RUB,2004-01-31,2004-01-31,Q1,3173734415.67,2878613416.77,295120998.9,0.09298856181628469,0.0,0.0,68035422.0,0.0,-3255980.91,3018245706.84,138771433.71,74852848.98,230341557.81,0.07257745218777958,155488708.83,0.04899235048222368,0.0,174247046.61,0.05490284434314114,48270437.67,127247066.31,0.04009379791885868,1.71975,1.71975,462729091,462729091,http://www.cbr.ru/eng/search/?text=PIKK&category=Any&time=Any&dateFrom=&dateTo=,http://www.cbr.ru/eng/search/?text=PIKK&category=Any&time=Any&dateFrom=&dateTo=,1620596579,17:42:59,20210509
