,date,symbol,reportedCurrency,fillingDate,acceptedDate,period,revenue,costOfRevenue,grossProfit,grossProfitRatio,researchAndDevelopmentExpenses,generalAndAdministrativeExpenses,sellingAndMarketingExpenses,otherExpenses,operatingExpenses,costAndExpenses,interestExpense,depreciationAndAmortization,ebitda,ebitdaratio,operatingIncome,operatingIncomeRatio,totalOtherIncomeExpensesNet,incomeBeforeTax,incomeBeforeTaxRatio,incomeTaxExpense,netIncome,netIncomeRatio,eps,epsdiluted,weightedAverageShsOut,weightedAverageShsOutDil,link,finalLink,timestamp,est_time,est_date
0,2020-09-30,LAND.L,GBP,2020-09-30,2020-09-30,Q3,184750000,49000000.0,135750000.0,0.7347767253044655,0.0,0.0,0.0,0.0,18250000.0,66750000,24000000.0,0.0,-182250000,-1.0137174211248285,118000000.0,0.638700947225981,0.0,-209250000,-1.1326116373477673,-1250000.0,-208000000,-1.1258457374830853,-0.2810810810810811,-0.2807017543859649,740000000,741000000,https://find-and-update.company-information.service.gov.uk/search/companies?q=Land+Securities+Group+PLC,https://find-and-update.company-information.service.gov.uk/search/companies?q=Land+Securities+Group+PLC,1620594314,17:05:14,20210509
1,2020-06-30,LAND.L,GBP,2020-06-30,2020-06-30,Q2,184750000,49000000.0,135750000.0,0.7347767253044655,0.0,0.0,0.0,0.0,18250000.0,66750000,24000000.0,0.0,-182250000,-1.0137174211248285,118000000.0,0.638700947225981,0.0,-209250000,-1.1326116373477673,-1250000.0,-208000000,-1.1258457374830853,-0.2810810810810811,-0.2807017543859649,740000000,741000000,https://find-and-update.company-information.service.gov.uk/search/companies?q=Land+Securities+Group+PLC,https://find-and-update.company-information.service.gov.uk/search/companies?q=Land+Securities+Group+PLC,1620594314,17:05:14,20210509
2,2020-03-31,LAND.L,GBP,2020-03-31,2020-03-31,Q1,184750000,49000000.0,135750000.0,0.7347767253044655,0.0,0.0,0.0,0.0,18250000.0,66750000,24000000.0,0.0,-182250000,-1.0137174211248285,118000000.0,0.638700947225981,0.0,-209250000,-1.1326116373477673,-1250000.0,-208000000,-1.1258457374830853,-0.2810810810810811,-0.2807017543859649,740000000,741000000,https://find-and-update.company-information.service.gov.uk/search/companies?q=Land+Securities+Group+PLC,https://find-and-update.company-information.service.gov.uk/search/companies?q=Land+Securities+Group+PLC,1620594314,17:05:14,20210509
3,2020-01-31,LAND.L,GBP,2020-01-31,2020-01-31,Q1,184750000,49000000.0,135750000.0,0.7347767253044655,0.0,0.0,0.0,0.0,18250000.0,66750000,24000000.0,0.0,-182250000,-1.0137174211248285,118000000.0,0.638700947225981,0.0,-209250000,-1.1326116373477673,-1250000.0,-208000000,-1.1258457374830853,-0.2810810810810811,-0.2807017543859649,740000000,741000000,https://find-and-update.company-information.service.gov.uk/search/companies?q=Land+Securities+Group+PLC,https://find-and-update.company-information.service.gov.uk/search/companies?q=Land+Securities+Group+PLC,1620594314,17:05:14,20210509
4,2019-06-30,LAND.L,GBP,2019-06-30,2019-06-30,Q2,188500000,44250000.0,144250000.0,0.7652519893899205,0.0,0.0,0.0,0.0,19750000.0,63500000,24750000.0,250000.0,125250000,0.6644562334217506,125000000.0,0.6631299734748011,0.0,-30750000,-0.16312997347480107,-1000000.0,-29750000,-0.15782493368700265,-0.04025,-0.04025,740000000,740000000,https://find-and-update.company-information.service.gov.uk/search/companies?q=Land+Securities+Group+PLC,https://find-and-update.company-information.service.gov.uk/search/companies?q=Land+Securities+Group+PLC,1620594314,17:05:14,20210509
5,2019-03-31,LAND.L,GBP,2019-03-31,2019-03-31,Q1,188500000,44250000.0,144250000.0,0.7652519893899205,0.0,0.0,0.0,0.0,19750000.0,63500000,24750000.0,250000.0,125250000,0.6644562334217506,125000000.0,0.6631299734748011,0.0,-30750000,-0.16312997347480107,-1000000.0,-29750000,-0.15782493368700265,-0.04025,-0.04025,740000000,740000000,https://find-and-update.company-information.service.gov.uk/search/companies?q=Land+Securities+Group+PLC,https://find-and-update.company-information.service.gov.uk/search/companies?q=Land+Securities+Group+PLC,1620594314,17:05:14,20210509
6,2019-01-31,LAND.L,GBP,2019-01-31,2019-01-31,Q1,188500000,44250000.0,144250000.0,0.7652519893899205,0.0,0.0,0.0,0.0,19750000.0,63500000,24750000.0,250000.0,125250000,0.6644562334217506,125000000.0,0.6631299734748011,0.0,-30750000,-0.16312997347480107,-1000000.0,-29750000,-0.15782493368700265,-0.04025,-0.04025,740000000,740000000,https://find-and-update.company-information.service.gov.uk/search/companies?q=Land+Securities+Group+PLC,https://find-and-update.company-information.service.gov.uk/search/companies?q=Land+Securities+Group+PLC,1620594314,17:05:14,20210509
7,2018-06-30,LAND.L,GBP,2018-06-30,2018-06-30,Q2,212500000,65000000.0,147500000.0,0.6941176470588235,0.0,0.0,0.0,0.0,20250000.0,85250000,31500000.0,500000.0,127750000,0.6011764705882353,127250000.0,0.5988235294117648,0.0,-62750000,-0.2952941176470588,250000.0,-63000000,-0.2964705882352941,-0.08225,-0.08225,765000000,765000000,https://find-and-update.company-information.service.gov.uk/search/companies?q=Land+Securities+Group+PLC,https://find-and-update.company-information.service.gov.uk/search/companies?q=Land+Securities+Group+PLC,1620594314,17:05:14,20210509
8,2018-03-31,LAND.L,GBP,2018-03-31,2018-03-31,Q1,212500000,65000000.0,147500000.0,0.6941176470588235,0.0,0.0,0.0,0.0,20250000.0,85250000,31500000.0,500000.0,127750000,0.6011764705882353,127250000.0,0.5988235294117648,0.0,-62750000,-0.2952941176470588,250000.0,-63000000,-0.2964705882352941,-0.08225,-0.08225,765000000,765000000,https://find-and-update.company-information.service.gov.uk/search/companies?q=Land+Securities+Group+PLC,https://find-and-update.company-information.service.gov.uk/search/companies?q=Land+Securities+Group+PLC,1620594314,17:05:14,20210509
9,2018-01-31,LAND.L,GBP,2018-01-31,2018-01-31,Q1,212500000,65000000.0,147500000.0,0.6941176470588235,0.0,0.0,0.0,0.0,20250000.0,85250000,31500000.0,500000.0,127750000,0.6011764705882353,127250000.0,0.5988235294117648,0.0,-62750000,-0.2952941176470588,250000.0,-63000000,-0.2964705882352941,-0.08225,-0.08225,765000000,765000000,https://find-and-update.company-information.service.gov.uk/search/companies?q=Land+Securities+Group+PLC,https://find-and-update.company-information.service.gov.uk/search/companies?q=Land+Securities+Group+PLC,1620594314,17:05:14,20210509
10,2017-06-30,LAND.L,GBP,2017-06-30,2017-06-30,Q2,196250000,46000000.0,150250000.0,0.7656050955414013,0.0,0.0,0.0,0.0,19750000.0,65750000,38500000.0,500000.0,131000000,0.6675159235668789,130500000.0,0.664968152866242,0.0,28000000,0.14267515923566879,-250000.0,28250000,0.14394904458598726,0.03814345991561181,0.0380952380952381,740625000,741562500,https://find-and-update.company-information.service.gov.uk/search/companies?q=Land+Securities+Group+PLC,https://find-and-update.company-information.service.gov.uk/search/companies?q=Land+Securities+Group+PLC,1620594314,17:05:14,20210509
11,2017-03-31,LAND.L,GBP,2017-03-31,2017-03-31,Q1,196250000,46000000.0,150250000.0,0.7656050955414013,0.0,0.0,0.0,0.0,19750000.0,65750000,38500000.0,500000.0,131000000,0.6675159235668789,130500000.0,0.664968152866242,0.0,28000000,0.14267515923566879,-250000.0,28250000,0.14394904458598726,0.03814345991561181,0.0380952380952381,740625000,741562500,https://find-and-update.company-information.service.gov.uk/search/companies?q=Land+Securities+Group+PLC,https://find-and-update.company-information.service.gov.uk/search/companies?q=Land+Securities+Group+PLC,1620594314,17:05:14,20210509
12,2017-01-31,LAND.L,GBP,2017-01-31,2017-01-31,Q1,196250000,46000000.0,150250000.0,0.7656050955414013,0.0,0.0,0.0,0.0,19750000.0,65750000,38500000.0,500000.0,131000000,0.6675159235668789,130500000.0,0.664968152866242,0.0,28000000,0.14267515923566879,-250000.0,28250000,0.14394904458598726,0.03814345991561181,0.0380952380952381,740625000,741562500,https://find-and-update.company-information.service.gov.uk/search/companies?q=Land+Securities+Group+PLC,https://find-and-update.company-information.service.gov.uk/search/companies?q=Land+Securities+Group+PLC,1620594314,17:05:14,20210509
13,2016-06-30,LAND.L,GBP,2016-06-30,2016-06-30,Q2,234700000,81950000.0,152750000.0,0.6508308478909246,0.0,0.0,0.0,-1150000.0,20025000.0,101425000,44575000.0,375000.0,133650000,0.5694503621644653,133275000.0,0.5678525777588411,0.0,333900000,1.4226672347677887,-600000.0,334500000,1.4252236898167874,0.45173325,0.45013325,740343750,743156250,https://find-and-update.company-information.service.gov.uk/search/companies?q=Land+Securities+Group+PLC,https://find-and-update.company-information.service.gov.uk/search/companies?q=Land+Securities+Group+PLC,1620594314,17:05:14,20210509
14,2016-03-31,LAND.L,GBP,2016-03-31,2016-03-31,Q1,234700000,81950000.0,152750000.0,0.6508308478909246,0.0,0.0,0.0,-1150000.0,20025000.0,101425000,44575000.0,375000.0,133650000,0.5694503621644653,133275000.0,0.5678525777588411,0.0,333900000,1.4226672347677887,-600000.0,334500000,1.4252236898167874,0.45173325,0.45013325,740343750,743156250,https://find-and-update.company-information.service.gov.uk/search/companies?q=Land+Securities+Group+PLC,https://find-and-update.company-information.service.gov.uk/search/companies?q=Land+Securities+Group+PLC,1620594314,17:05:14,20210509
15,2016-01-31,LAND.L,GBP,2016-01-31,2016-01-31,Q1,234700000,81950000.0,152750000.0,0.6508308478909246,0.0,0.0,0.0,-1150000.0,20025000.0,101425000,44575000.0,375000.0,133650000,0.5694503621644653,133275000.0,0.5678525777588411,0.0,333900000,1.4226672347677887,-600000.0,334500000,1.4252236898167874,0.45173325,0.45013325,740343750,743156250,https://find-and-update.company-information.service.gov.uk/search/companies?q=Land+Securities+Group+PLC,https://find-and-update.company-information.service.gov.uk/search/companies?q=Land+Securities+Group+PLC,1620594314,17:05:14,20210509
16,2015-09-30,LAND.L,GBP,2015-09-30,2015-09-30,Q3,191575000,51150000.0,140425000.0,0.7330027404410805,0.0,0.0,0.0,-2125000.0,23025000.0,73425000,46200000.0,275000.0,118425000,0.6181652094479969,118150000.0,0.6167297403105834,0.0,604125000,3.153464700508939,-75000.0,604200000,3.15385619209187,0.81626675,0.81253325,740250000,743531250,https://find-and-update.company-information.service.gov.uk/search/companies?q=Land+Securities+Group+PLC,https://find-and-update.company-information.service.gov.uk/search/companies?q=Land+Securities+Group+PLC,1620594314,17:05:14,20210509
17,2015-06-30,LAND.L,GBP,2015-06-30,2015-06-30,Q2,191575000,51150000.0,140425000.0,0.7330027404410805,0.0,0.0,0.0,-2125000.0,23025000.0,73425000,46200000.0,275000.0,118425000,0.6181652094479969,118150000.0,0.6167297403105834,0.0,604125000,3.153464700508939,-75000.0,604200000,3.15385619209187,0.81626675,0.81253325,740250000,743531250,https://find-and-update.company-information.service.gov.uk/search/companies?q=Land+Securities+Group+PLC,https://find-and-update.company-information.service.gov.uk/search/companies?q=Land+Securities+Group+PLC,1620594314,17:05:14,20210509
18,2015-03-31,LAND.L,GBP,2015-03-31,2015-03-31,Q1,191575000,51150000.0,140425000.0,0.7330027404410805,0.0,0.0,0.0,-2125000.0,23025000.0,73425000,46200000.0,275000.0,118425000,0.6181652094479969,118150000.0,0.6167297403105834,0.0,604125000,3.153464700508939,-75000.0,604200000,3.15385619209187,0.81626675,0.81253325,740250000,743531250,https://find-and-update.company-information.service.gov.uk/search/companies?q=Land+Securities+Group+PLC,https://find-and-update.company-information.service.gov.uk/search/companies?q=Land+Securities+Group+PLC,1620594314,17:05:14,20210509
19,2015-01-31,LAND.L,GBP,2015-01-31,2015-01-31,Q1,191575000,51150000.0,140425000.0,0.7330027404410805,0.0,0.0,0.0,-2125000.0,23025000.0,73425000,46200000.0,275000.0,118425000,0.6181652094479969,118150000.0,0.6167297403105834,0.0,604125000,3.153464700508939,-75000.0,604200000,3.15385619209187,0.81626675,0.81253325,740250000,743531250,https://find-and-update.company-information.service.gov.uk/search/companies?q=Land+Securities+Group+PLC,https://find-and-update.company-information.service.gov.uk/search/companies?q=Land+Securities+Group+PLC,1620594314,17:05:14,20210509
20,2014-09-30,LAND.L,GBP,2014-09-30,2014-09-30,Q3,178225000,58525000.0,119700000.0,0.671622948520129,0.0,0.0,0.0,-1400000.0,4800000.0,62425000,49325000.0,675000.0,116475000,0.6535278440173937,115800000.0,0.6497404965633329,0.0,277225000,1.5554776265955954,-1925000.0,279150000,1.5662785804460653,0.37946675,0.37813325,735562500,738281250,https://find-and-update.company-information.service.gov.uk/search/companies?q=Land+Securities+Group+PLC,https://find-and-update.company-information.service.gov.uk/search/companies?q=Land+Securities+Group+PLC,1620594314,17:05:14,20210509
21,2014-06-30,LAND.L,GBP,2014-06-30,2014-06-30,Q2,178225000,58525000.0,119700000.0,0.671622948520129,0.0,0.0,0.0,-1400000.0,4800000.0,62425000,49325000.0,675000.0,116475000,0.6535278440173937,115800000.0,0.6497404965633329,0.0,277225000,1.5554776265955954,-1925000.0,279150000,1.5662785804460653,0.37946675,0.37813325,735562500,738281250,https://find-and-update.company-information.service.gov.uk/search/companies?q=Land+Securities+Group+PLC,https://find-and-update.company-information.service.gov.uk/search/companies?q=Land+Securities+Group+PLC,1620594314,17:05:14,20210509
22,2014-03-31,LAND.L,GBP,2014-03-31,2014-03-31,Q1,178225000,58525000.0,119700000.0,0.671622948520129,0.0,0.0,0.0,-1400000.0,4800000.0,62425000,49325000.0,675000.0,116475000,0.6535278440173937,115800000.0,0.6497404965633329,0.0,277225000,1.5554776265955954,-1925000.0,279150000,1.5662785804460653,0.37946675,0.37813325,735562500,738281250,https://find-and-update.company-information.service.gov.uk/search/companies?q=Land+Securities+Group+PLC,https://find-and-update.company-information.service.gov.uk/search/companies?q=Land+Securities+Group+PLC,1620594314,17:05:14,20210509
23,2014-01-31,LAND.L,GBP,2014-01-31,2014-01-31,Q1,178225000,58525000.0,119700000.0,0.671622948520129,0.0,0.0,0.0,-1400000.0,4800000.0,62425000,49325000.0,675000.0,116475000,0.6535278440173937,115800000.0,0.6497404965633329,0.0,277225000,1.5554776265955954,-1925000.0,279150000,1.5662785804460653,0.37946675,0.37813325,735562500,738281250,https://find-and-update.company-information.service.gov.uk/search/companies?q=Land+Securities+Group+PLC,https://find-and-update.company-information.service.gov.uk/search/companies?q=Land+Securities+Group+PLC,1620594314,17:05:14,20210509
24,2013-09-30,LAND.L,GBP,2013-09-30,2013-09-30,Q3,183200000,72675000.0,111475000.0,0.6084879912663755,0.0,0.0,0.0,-1125000.0,72675000.0,71725000,45875000.0,650000.0,112125000,0.6120360262008734,111475000.0,0.6084879912663755,0.0,133250000,0.7273471615720524,0.0,133250000,0.7273471615720524,0.1824,0.1816,730218750,733406250,https://find-and-update.company-information.service.gov.uk/search/companies?q=Land+Securities+Group+PLC,https://find-and-update.company-information.service.gov.uk/search/companies?q=Land+Securities+Group+PLC,1620594314,17:05:14,20210509
25,2013-06-30,LAND.L,GBP,2013-06-30,2013-06-30,Q2,183200000,72675000.0,111475000.0,0.6084879912663755,0.0,0.0,0.0,-1125000.0,72675000.0,71725000,45875000.0,650000.0,112125000,0.6120360262008734,111475000.0,0.6084879912663755,0.0,133250000,0.7273471615720524,0.0,133250000,0.7273471615720524,0.1824,0.1816,730218750,733406250,https://find-and-update.company-information.service.gov.uk/search/companies?q=Land+Securities+Group+PLC,https://find-and-update.company-information.service.gov.uk/search/companies?q=Land+Securities+Group+PLC,1620594314,17:05:14,20210509
26,2013-03-31,LAND.L,GBP,2013-03-31,2013-03-31,Q1,183200000,72675000.0,111475000.0,0.6084879912663755,0.0,0.0,0.0,-1125000.0,72675000.0,71725000,45875000.0,650000.0,112125000,0.6120360262008734,111475000.0,0.6084879912663755,0.0,133250000,0.7273471615720524,0.0,133250000,0.7273471615720524,0.1824,0.1816,730218750,733406250,https://find-and-update.company-information.service.gov.uk/search/companies?q=Land+Securities+Group+PLC,https://find-and-update.company-information.service.gov.uk/search/companies?q=Land+Securities+Group+PLC,1620594314,17:05:14,20210509
27,2013-01-31,LAND.L,GBP,2013-01-31,2013-01-31,Q1,183200000,72675000.0,111475000.0,0.6084879912663755,0.0,0.0,0.0,-1125000.0,72675000.0,71725000,45875000.0,650000.0,112125000,0.6120360262008734,111475000.0,0.6084879912663755,0.0,133250000,0.7273471615720524,0.0,133250000,0.7273471615720524,0.1824,0.1816,730218750,733406250,https://find-and-update.company-information.service.gov.uk/search/companies?q=Land+Securities+Group+PLC,https://find-and-update.company-information.service.gov.uk/search/companies?q=Land+Securities+Group+PLC,1620594314,17:05:14,20210509
28,2012-09-30,LAND.L,GBP,2012-09-30,2012-09-30,Q3,167875000,59900000.0,107975000.0,0.643186895011169,0.0,0.0,0.0,-18300000.0,-16850000.0,44200000,44125000.0,1150000.0,124825000,0.7435591958302308,123675000.0,0.7367088607594937,0.0,128925000,0.767982129560685,-2000000.0,130725000,0.7787043931496649,0.18,0.17973325,725812500,727406250,https://find-and-update.company-information.service.gov.uk/search/companies?q=Land+Securities+Group+PLC,https://find-and-update.company-information.service.gov.uk/search/companies?q=Land+Securities+Group+PLC,1620594314,17:05:14,20210509
29,2012-06-30,LAND.L,GBP,2012-06-30,2012-06-30,Q2,167875000,59900000.0,107975000.0,0.643186895011169,0.0,0.0,0.0,-18300000.0,-16850000.0,44200000,44125000.0,1150000.0,124825000,0.7435591958302308,123675000.0,0.7367088607594937,0.0,128925000,0.767982129560685,-2000000.0,130725000,0.7787043931496649,0.18,0.17973325,725812500,727406250,https://find-and-update.company-information.service.gov.uk/search/companies?q=Land+Securities+Group+PLC,https://find-and-update.company-information.service.gov.uk/search/companies?q=Land+Securities+Group+PLC,1620594314,17:05:14,20210509
30,2012-03-31,LAND.L,GBP,2012-03-31,2012-03-31,Q1,167875000,59900000.0,107975000.0,0.643186895011169,0.0,0.0,0.0,-18300000.0,-16850000.0,44200000,44125000.0,1150000.0,124825000,0.7435591958302308,123675000.0,0.7367088607594937,0.0,128925000,0.767982129560685,-2000000.0,130725000,0.7787043931496649,0.18,0.17973325,725812500,727406250,https://find-and-update.company-information.service.gov.uk/search/companies?q=Land+Securities+Group+PLC,https://find-and-update.company-information.service.gov.uk/search/companies?q=Land+Securities+Group+PLC,1620594314,17:05:14,20210509
31,2012-01-31,LAND.L,GBP,2012-01-31,2012-01-31,Q1,167875000,59900000.0,107975000.0,0.643186895011169,0.0,0.0,0.0,-18300000.0,-16850000.0,44200000,44125000.0,1150000.0,124825000,0.7435591958302308,123675000.0,0.7367088607594937,0.0,128925000,0.767982129560685,-2000000.0,130725000,0.7787043931496649,0.18,0.17973325,725812500,727406250,https://find-and-update.company-information.service.gov.uk/search/companies?q=Land+Securities+Group+PLC,https://find-and-update.company-information.service.gov.uk/search/companies?q=Land+Securities+Group+PLC,1620594314,17:05:14,20210509
32,2011-09-30,LAND.L,GBP,2011-09-30,2011-09-30,Q3,175475000,67700000.0,107775000.0,0.6141900555634706,0.0,0.0,0.0,-16850000.0,-30325000.0,39000000,53375000.0,1625000.0,138100000,0.7870066961105571,136475000.0,0.7777461176805813,0.0,306825000,1.7485396780168114,-4200000.0,310400000,1.7689129505627583,0.4328,0.43253325,717093750,717750000,https://find-and-update.company-information.service.gov.uk/search/companies?q=Land+Securities+Group+PLC,https://find-and-update.company-information.service.gov.uk/search/companies?q=Land+Securities+Group+PLC,1620594314,17:05:14,20210509
33,2011-06-30,LAND.L,GBP,2011-06-30,2011-06-30,Q2,175475000,67700000.0,107775000.0,0.6141900555634706,0.0,0.0,0.0,-16850000.0,-30325000.0,39000000,53375000.0,1625000.0,138100000,0.7870066961105571,136475000.0,0.7777461176805813,0.0,306825000,1.7485396780168114,-4200000.0,310400000,1.7689129505627583,0.4328,0.43253325,717093750,717750000,https://find-and-update.company-information.service.gov.uk/search/companies?q=Land+Securities+Group+PLC,https://find-and-update.company-information.service.gov.uk/search/companies?q=Land+Securities+Group+PLC,1620594314,17:05:14,20210509
34,2011-03-31,LAND.L,GBP,2011-03-31,2011-03-31,Q1,175475000,67700000.0,107775000.0,0.6141900555634706,0.0,0.0,0.0,-16850000.0,-30325000.0,39000000,53375000.0,1625000.0,138100000,0.7870066961105571,136475000.0,0.7777461176805813,0.0,306825000,1.7485396780168114,-4200000.0,310400000,1.7689129505627583,0.4328,0.43253325,717093750,717750000,https://find-and-update.company-information.service.gov.uk/search/companies?q=Land+Securities+Group+PLC,https://find-and-update.company-information.service.gov.uk/search/companies?q=Land+Securities+Group+PLC,1620594314,17:05:14,20210509
35,2011-01-31,LAND.L,GBP,2011-01-31,2011-01-31,Q1,175475000,67700000.0,107775000.0,0.6141900555634706,0.0,0.0,0.0,-16850000.0,-30325000.0,39000000,53375000.0,1625000.0,138100000,0.7870066961105571,136475000.0,0.7777461176805813,0.0,306825000,1.7485396780168114,-4200000.0,310400000,1.7689129505627583,0.4328,0.43253325,717093750,717750000,https://find-and-update.company-information.service.gov.uk/search/companies?q=Land+Securities+Group+PLC,https://find-and-update.company-information.service.gov.uk/search/companies?q=Land+Securities+Group+PLC,1620594314,17:05:14,20210509
36,2010-09-30,LAND.L,GBP,2010-09-30,2010-09-30,Q3,208350000,98125000.0,110225000.0,0.5290376769858411,0.0,0.0,0.0,-14950000.0,5225000.0,104550000,57125000.0,1200000.0,105000000,0.503959683225342,103800000.0,0.49820014398848095,0.0,267325000,1.2830573554115672,-5775000.0,272225000,1.306575473962083,0.38410675,0.38389325,708750000,709125000,https://find-and-update.company-information.service.gov.uk/search/companies?q=Land+Securities+Group+PLC,https://find-and-update.company-information.service.gov.uk/search/companies?q=Land+Securities+Group+PLC,1620594314,17:05:14,20210509
37,2010-06-30,LAND.L,GBP,2010-06-30,2010-06-30,Q2,208350000,98125000.0,110225000.0,0.5290376769858411,0.0,0.0,0.0,-14950000.0,5225000.0,104550000,57125000.0,1200000.0,105000000,0.503959683225342,103800000.0,0.49820014398848095,0.0,267325000,1.2830573554115672,-5775000.0,272225000,1.306575473962083,0.38410675,0.38389325,708750000,709125000,https://find-and-update.company-information.service.gov.uk/search/companies?q=Land+Securities+Group+PLC,https://find-and-update.company-information.service.gov.uk/search/companies?q=Land+Securities+Group+PLC,1620594314,17:05:14,20210509
38,2010-03-31,LAND.L,GBP,2010-03-31,2010-03-31,Q1,208350000,98125000.0,110225000.0,0.5290376769858411,0.0,0.0,0.0,-14950000.0,5225000.0,104550000,57125000.0,1200000.0,105000000,0.503959683225342,103800000.0,0.49820014398848095,0.0,267325000,1.2830573554115672,-5775000.0,272225000,1.306575473962083,0.38410675,0.38389325,708750000,709125000,https://find-and-update.company-information.service.gov.uk/search/companies?q=Land+Securities+Group+PLC,https://find-and-update.company-information.service.gov.uk/search/companies?q=Land+Securities+Group+PLC,1620594314,17:05:14,20210509
39,2010-01-31,LAND.L,GBP,2010-01-31,2010-01-31,Q1,208350000,98125000.0,110225000.0,0.5290376769858411,0.0,0.0,0.0,-14950000.0,5225000.0,104550000,57125000.0,1200000.0,105000000,0.503959683225342,103800000.0,0.49820014398848095,0.0,267325000,1.2830573554115672,-5775000.0,272225000,1.306575473962083,0.38410675,0.38389325,708750000,709125000,https://find-and-update.company-information.service.gov.uk/search/companies?q=Land+Securities+Group+PLC,https://find-and-update.company-information.service.gov.uk/search/companies?q=Land+Securities+Group+PLC,1620594314,17:05:14,20210509
40,2009-09-30,LAND.L,GBP,2009-09-30,2009-09-30,Q3,205300000,81600000.0,123700000.0,0.602532878714077,0.0,0.0,0.0,-24050000.0,11825000.0,94575000,60925000.0,1150000.0,111875000,0.5449342425718461,110725000.0,0.5393326838772527,0.0,-1193300000,-5.812469556746225,125000.0,-1297825000,-6.321602532878714,-2.6642545547857326,-2.6627171892030517,487125000,487406250,https://find-and-update.company-information.service.gov.uk/search/companies?q=Land+Securities+Group+PLC,https://find-and-update.company-information.service.gov.uk/search/companies?q=Land+Securities+Group+PLC,1620594314,17:05:14,20210509
41,2009-06-30,LAND.L,GBP,2009-06-30,2009-06-30,Q2,205300000,81600000.0,123700000.0,0.602532878714077,0.0,0.0,0.0,-24050000.0,11825000.0,94575000,60925000.0,1150000.0,111875000,0.5449342425718461,110725000.0,0.5393326838772527,0.0,-1193300000,-5.812469556746225,125000.0,-1297825000,-6.321602532878714,-2.6642545547857326,-2.6627171892030517,487125000,487406250,https://find-and-update.company-information.service.gov.uk/search/companies?q=Land+Securities+Group+PLC,https://find-and-update.company-information.service.gov.uk/search/companies?q=Land+Securities+Group+PLC,1620594314,17:05:14,20210509
42,2009-03-31,LAND.L,GBP,2009-03-31,2009-03-31,Q1,205300000,81600000.0,123700000.0,0.602532878714077,0.0,0.0,0.0,-24050000.0,11825000.0,94575000,60925000.0,1150000.0,111875000,0.5449342425718461,110725000.0,0.5393326838772527,0.0,-1193300000,-5.812469556746225,125000.0,-1297825000,-6.321602532878714,-2.6642545547857326,-2.6627171892030517,487125000,487406250,https://find-and-update.company-information.service.gov.uk/search/companies?q=Land+Securities+Group+PLC,https://find-and-update.company-information.service.gov.uk/search/companies?q=Land+Securities+Group+PLC,1620594314,17:05:14,20210509
43,2009-01-31,LAND.L,GBP,2009-01-31,2009-01-31,Q1,205300000,81600000.0,123700000.0,0.602532878714077,0.0,0.0,0.0,-24050000.0,11825000.0,94575000,60925000.0,1150000.0,111875000,0.5449342425718461,110725000.0,0.5393326838772527,0.0,-1193300000,-5.812469556746225,125000.0,-1297825000,-6.321602532878714,-2.6642545547857326,-2.6627171892030517,487125000,487406250,https://find-and-update.company-information.service.gov.uk/search/companies?q=Land+Securities+Group+PLC,https://find-and-update.company-information.service.gov.uk/search/companies?q=Land+Securities+Group+PLC,1620594314,17:05:14,20210509
44,2008-09-30,LAND.L,GBP,2008-09-30,2008-09-30,Q3,204500000,79350000.0,125150000.0,0.6119804400977995,0.0,0.0,0.0,-24050000.0,-21700000.0,59600000,68925000.0,1950000.0,146850000,0.7180929095354524,144900000.0,0.7085574572127139,0.0,-247000000,-1.2078239608801955,-3775000.0,-207700000,-1.015647921760391,-0.3813313360163674,-0.38044708944009753,544670685,545936625,https://find-and-update.company-information.service.gov.uk/search/companies?q=Land+Securities+Group+PLC,https://find-and-update.company-information.service.gov.uk/search/companies?q=Land+Securities+Group+PLC,1620594314,17:05:14,20210509
45,2008-06-30,LAND.L,GBP,2008-06-30,2008-06-30,Q2,204500000,79350000.0,125150000.0,0.6119804400977995,0.0,0.0,0.0,-24050000.0,-21700000.0,59600000,68925000.0,1950000.0,146850000,0.7180929095354524,144900000.0,0.7085574572127139,0.0,-247000000,-1.2078239608801955,-3775000.0,-207700000,-1.015647921760391,-0.3813313360163674,-0.38044708944009753,544670685,545936625,https://find-and-update.company-information.service.gov.uk/search/companies?q=Land+Securities+Group+PLC,https://find-and-update.company-information.service.gov.uk/search/companies?q=Land+Securities+Group+PLC,1620594314,17:05:14,20210509
46,2008-03-31,LAND.L,GBP,2008-03-31,2008-03-31,Q1,204500000,79350000.0,125150000.0,0.6119804400977995,0.0,0.0,0.0,-24050000.0,-21700000.0,59600000,68925000.0,1950000.0,146850000,0.7180929095354524,144900000.0,0.7085574572127139,0.0,-247000000,-1.2078239608801955,-3775000.0,-207700000,-1.015647921760391,-0.3813313360163674,-0.38044708944009753,544670685,545936625,https://find-and-update.company-information.service.gov.uk/search/companies?q=Land+Securities+Group+PLC,https://find-and-update.company-information.service.gov.uk/search/companies?q=Land+Securities+Group+PLC,1620594314,17:05:14,20210509
47,2008-01-31,LAND.L,GBP,2008-01-31,2008-01-31,Q1,204500000,79350000.0,125150000.0,0.6119804400977995,0.0,0.0,0.0,-24050000.0,-21700000.0,59600000,68925000.0,1950000.0,146850000,0.7180929095354524,144900000.0,0.7085574572127139,0.0,-247000000,-1.2078239608801955,-3775000.0,-207700000,-1.015647921760391,-0.3813313360163674,-0.38044708944009753,544670685,545936625,https://find-and-update.company-information.service.gov.uk/search/companies?q=Land+Securities+Group+PLC,https://find-and-update.company-information.service.gov.uk/search/companies?q=Land+Securities+Group+PLC,1620594314,17:05:14,20210509
48,2007-09-30,LAND.L,GBP,2007-09-30,2007-09-30,Q3,410275000,261550000.0,148725000.0,0.3625007616842362,0.0,0.0,0.0,-44900000.0,-16625000.0,253150000,57900000.0,8225000.0,165350000,0.4030223630491743,157125000.0,0.3829748339528365,0.0,494775000,1.2059594174638961,-387300000.0,882075000,2.1499603924197186,1.785843,1.778615,493927590,495931995,https://find-and-update.company-information.service.gov.uk/search/companies?q=Land+Securities+Group+PLC,https://find-and-update.company-information.service.gov.uk/search/companies?q=Land+Securities+Group+PLC,1620594314,17:05:14,20210509
49,2007-06-30,LAND.L,GBP,2007-06-30,2007-06-30,Q2,410275000,261550000.0,148725000.0,0.3625007616842362,0.0,0.0,0.0,-44900000.0,-16625000.0,253150000,57900000.0,8225000.0,165350000,0.4030223630491743,157125000.0,0.3829748339528365,0.0,494775000,1.2059594174638961,-387300000.0,882075000,2.1499603924197186,1.785843,1.778615,493927590,495931995,https://find-and-update.company-information.service.gov.uk/search/companies?q=Land+Securities+Group+PLC,https://find-and-update.company-information.service.gov.uk/search/companies?q=Land+Securities+Group+PLC,1620594314,17:05:14,20210509
50,2007-03-31,LAND.L,GBP,2007-03-31,2007-03-31,Q1,410275000,261550000.0,148725000.0,0.3625007616842362,0.0,0.0,0.0,-44900000.0,-16625000.0,253150000,57900000.0,8225000.0,165350000,0.4030223630491743,157125000.0,0.3829748339528365,0.0,494775000,1.2059594174638961,-387300000.0,882075000,2.1499603924197186,1.785843,1.778615,493927590,495931995,https://find-and-update.company-information.service.gov.uk/search/companies?q=Land+Securities+Group+PLC,https://find-and-update.company-information.service.gov.uk/search/companies?q=Land+Securities+Group+PLC,1620594314,17:05:14,20210509
51,2007-01-31,LAND.L,GBP,2007-01-31,2007-01-31,Q1,410275000,261550000.0,148725000.0,0.3625007616842362,0.0,0.0,0.0,-44900000.0,-16625000.0,253150000,57900000.0,8225000.0,165350000,0.4030223630491743,157125000.0,0.3829748339528365,0.0,494775000,1.2059594174638961,-387300000.0,882075000,2.1499603924197186,1.785843,1.778615,493927590,495931995,https://find-and-update.company-information.service.gov.uk/search/companies?q=Land+Securities+Group+PLC,https://find-and-update.company-information.service.gov.uk/search/companies?q=Land+Securities+Group+PLC,1620594314,17:05:14,20210509
52,2006-09-30,LAND.L,GBP,2006-09-30,2006-09-30,Q3,457175000,316950000.0,140225000.0,0.30672062120632143,0.0,0.0,0.0,-57450000.0,-96850000.0,226525000,42900000.0,6425000.0,237075000,0.5185651008913436,230650000.0,0.5045114015420791,0.0,589800000,1.2900967900694482,170825000.0,418975000,0.91644337507519,0.848263,0.84482675,493927590,495931995,https://find-and-update.company-information.service.gov.uk/search/companies?q=Land+Securities+Group+PLC,https://find-and-update.company-information.service.gov.uk/search/companies?q=Land+Securities+Group+PLC,1620594314,17:05:14,20210509
53,2006-06-30,LAND.L,GBP,2006-06-30,2006-06-30,Q2,457175000,316950000.0,140225000.0,0.30672062120632143,0.0,0.0,0.0,-57450000.0,-96850000.0,226525000,42900000.0,6425000.0,237075000,0.5185651008913436,230650000.0,0.5045114015420791,0.0,589800000,1.2900967900694482,170825000.0,418975000,0.91644337507519,0.848263,0.84482675,493927590,495931995,https://find-and-update.company-information.service.gov.uk/search/companies?q=Land+Securities+Group+PLC,https://find-and-update.company-information.service.gov.uk/search/companies?q=Land+Securities+Group+PLC,1620594314,17:05:14,20210509
54,2006-03-31,LAND.L,GBP,2006-03-31,2006-03-31,Q1,457175000,316950000.0,140225000.0,0.30672062120632143,0.0,0.0,0.0,-57450000.0,-96850000.0,226525000,42900000.0,6425000.0,237075000,0.5185651008913436,230650000.0,0.5045114015420791,0.0,589800000,1.2900967900694482,170825000.0,418975000,0.91644337507519,0.848263,0.84482675,493927590,495931995,https://find-and-update.company-information.service.gov.uk/search/companies?q=Land+Securities+Group+PLC,https://find-and-update.company-information.service.gov.uk/search/companies?q=Land+Securities+Group+PLC,1620594314,17:05:14,20210509
55,2006-01-31,LAND.L,GBP,2006-01-31,2006-01-31,Q1,457175000,316950000.0,140225000.0,0.30672062120632143,0.0,0.0,0.0,-57450000.0,-96850000.0,226525000,42900000.0,6425000.0,237075000,0.5185651008913436,230650000.0,0.5045114015420791,0.0,589800000,1.2900967900694482,170825000.0,418975000,0.91644337507519,0.848263,0.84482675,493927590,495931995,https://find-and-update.company-information.service.gov.uk/search/companies?q=Land+Securities+Group+PLC,https://find-and-update.company-information.service.gov.uk/search/companies?q=Land+Securities+Group+PLC,1620594314,17:05:14,20210509
56,2005-09-30,LAND.L,GBP,2005-09-30,2005-09-30,Q3,406775000,287375000.0,119400000.0,0.29352836334583,0.0,0.0,0.0,-70750000.0,-215875000.0,80400000,62225000.0,8900000.0,335275000,0.8242271526027902,326375000.0,0.8023477352344662,0.0,326875000,0.8035769159854956,61650000.0,265225000,0.6520189293835659,0.5386985,0.53663675,492345165,494244075,https://find-and-update.company-information.service.gov.uk/search/companies?q=Land+Securities+Group+PLC,https://find-and-update.company-information.service.gov.uk/search/companies?q=Land+Securities+Group+PLC,1620594314,17:05:14,20210509
57,2005-06-30,LAND.L,GBP,2005-06-30,2005-06-30,Q2,406775000,287375000.0,119400000.0,0.29352836334583,0.0,0.0,0.0,-70750000.0,-215875000.0,80400000,62225000.0,8900000.0,335275000,0.8242271526027902,326375000.0,0.8023477352344662,0.0,326875000,0.8035769159854956,61650000.0,265225000,0.6520189293835659,0.5386985,0.53663675,492345165,494244075,https://find-and-update.company-information.service.gov.uk/search/companies?q=Land+Securities+Group+PLC,https://find-and-update.company-information.service.gov.uk/search/companies?q=Land+Securities+Group+PLC,1620594314,17:05:14,20210509
58,2005-03-31,LAND.L,GBP,2005-03-31,2005-03-31,Q1,406775000,287375000.0,119400000.0,0.29352836334583,0.0,0.0,0.0,-70750000.0,-215875000.0,80400000,62225000.0,8900000.0,335275000,0.8242271526027902,326375000.0,0.8023477352344662,0.0,326875000,0.8035769159854956,61650000.0,265225000,0.6520189293835659,0.5386985,0.53663675,492345165,494244075,https://find-and-update.company-information.service.gov.uk/search/companies?q=Land+Securities+Group+PLC,https://find-and-update.company-information.service.gov.uk/search/companies?q=Land+Securities+Group+PLC,1620594314,17:05:14,20210509
59,2005-01-31,LAND.L,GBP,2005-01-31,2005-01-31,Q1,406775000,287375000.0,119400000.0,0.29352836334583,0.0,0.0,0.0,-70750000.0,-215875000.0,80400000,62225000.0,8900000.0,335275000,0.8242271526027902,326375000.0,0.8023477352344662,0.0,326875000,0.8035769159854956,61650000.0,265225000,0.6520189293835659,0.5386985,0.53663675,492345165,494244075,https://find-and-update.company-information.service.gov.uk/search/companies?q=Land+Securities+Group+PLC,https://find-and-update.company-information.service.gov.uk/search/companies?q=Land+Securities+Group+PLC,1620594314,17:05:14,20210509
60,2004-09-30,LAND.L,GBP,2004-09-30,2004-09-30,Q3,321450000,0.0,321450000.0,1.0,0.0,0.0,0.0,34150000.0,208850000.0,216125000,47625000.0,7275000.0,112600000,0.3502877585938715,105325000.0,0.3276559340488412,0.0,93275000,0.2901695442526054,21200000.0,72075000,0.2242183854409706,0.14654725,0.14635775,491290215,491923185,https://find-and-update.company-information.service.gov.uk/search/companies?q=Land+Securities+Group+PLC,https://find-and-update.company-information.service.gov.uk/search/companies?q=Land+Securities+Group+PLC,1620594314,17:05:14,20210509
61,2004-06-30,LAND.L,GBP,2004-06-30,2004-06-30,Q2,321450000,0.0,321450000.0,1.0,0.0,0.0,0.0,34150000.0,208850000.0,216125000,47625000.0,7275000.0,112600000,0.3502877585938715,105325000.0,0.3276559340488412,0.0,93275000,0.2901695442526054,21200000.0,72075000,0.2242183854409706,0.14654725,0.14635775,491290215,491923185,https://find-and-update.company-information.service.gov.uk/search/companies?q=Land+Securities+Group+PLC,https://find-and-update.company-information.service.gov.uk/search/companies?q=Land+Securities+Group+PLC,1620594314,17:05:14,20210509
62,2004-03-31,LAND.L,GBP,2004-03-31,2004-03-31,Q1,321450000,0.0,321450000.0,1.0,0.0,0.0,0.0,34150000.0,208850000.0,216125000,47625000.0,7275000.0,112600000,0.3502877585938715,105325000.0,0.3276559340488412,0.0,93275000,0.2901695442526054,21200000.0,72075000,0.2242183854409706,0.14654725,0.14635775,491290215,491923185,https://find-and-update.company-information.service.gov.uk/search/companies?q=Land+Securities+Group+PLC,https://find-and-update.company-information.service.gov.uk/search/companies?q=Land+Securities+Group+PLC,1620594314,17:05:14,20210509
63,2004-01-31,LAND.L,GBP,2004-01-31,2004-01-31,Q1,321450000,0.0,321450000.0,1.0,0.0,0.0,0.0,34150000.0,208850000.0,216125000,47625000.0,7275000.0,112600000,0.3502877585938715,105325000.0,0.3276559340488412,0.0,93275000,0.2901695442526054,21200000.0,72075000,0.2242183854409706,0.14654725,0.14635775,491290215,491923185,https://find-and-update.company-information.service.gov.uk/search/companies?q=Land+Securities+Group+PLC,https://find-and-update.company-information.service.gov.uk/search/companies?q=Land+Securities+Group+PLC,1620594314,17:05:14,20210509
64,2003-09-30,LAND.L,GBP,2003-09-30,2003-09-30,Q3,267825000,0.0,0.0,0.0,0.0,0.0,0.0,55075000.0,136050000.0,142650000,39225000.0,6600000.0,131775000,0.4920190422850742,125175000.0,0.4673760851302156,0.0,79900000,0.29832913282927287,22425000.0,57475000,0.21459908522356017,0.1101,0.1100525,520934310,521039805,https://find-and-update.company-information.service.gov.uk/search/companies?q=Land+Securities+Group+PLC,https://find-and-update.company-information.service.gov.uk/search/companies?q=Land+Securities+Group+PLC,1620594314,17:05:14,20210509
65,2003-06-30,LAND.L,GBP,2003-06-30,2003-06-30,Q2,267825000,0.0,0.0,0.0,0.0,0.0,0.0,55075000.0,136050000.0,142650000,39225000.0,6600000.0,131775000,0.4920190422850742,125175000.0,0.4673760851302156,0.0,79900000,0.29832913282927287,22425000.0,57475000,0.21459908522356017,0.1101,0.1100525,520934310,521039805,https://find-and-update.company-information.service.gov.uk/search/companies?q=Land+Securities+Group+PLC,https://find-and-update.company-information.service.gov.uk/search/companies?q=Land+Securities+Group+PLC,1620594314,17:05:14,20210509
66,2003-03-31,LAND.L,GBP,2003-03-31,2003-03-31,Q1,267825000,0.0,0.0,0.0,0.0,0.0,0.0,55075000.0,136050000.0,142650000,39225000.0,6600000.0,131775000,0.4920190422850742,125175000.0,0.4673760851302156,0.0,79900000,0.29832913282927287,22425000.0,57475000,0.21459908522356017,0.1101,0.1100525,520934310,521039805,https://find-and-update.company-information.service.gov.uk/search/companies?q=Land+Securities+Group+PLC,https://find-and-update.company-information.service.gov.uk/search/companies?q=Land+Securities+Group+PLC,1620594314,17:05:14,20210509
67,2003-01-31,LAND.L,GBP,2003-01-31,2003-01-31,Q1,267825000,0.0,0.0,0.0,0.0,0.0,0.0,55075000.0,136050000.0,142650000,39225000.0,6600000.0,131775000,0.4920190422850742,125175000.0,0.4673760851302156,0.0,79900000,0.29832913282927287,22425000.0,57475000,0.21459908522356017,0.1101,0.1100525,520934310,521039805,https://find-and-update.company-information.service.gov.uk/search/companies?q=Land+Securities+Group+PLC,https://find-and-update.company-information.service.gov.uk/search/companies?q=Land+Securities+Group+PLC,1620594314,17:05:14,20210509
68,2002-09-30,LAND.L,GBP,2002-09-30,2002-09-30,Q3,244275000,0.0,244275000.0,1.0,0.0,0.0,0.0,1350000.0,117000000.0,121000000,36775000.0,4000000.0,127275000,0.5210316241940436,123275000.0,0.5046566369870024,0.0,90875000,0.37201924060996827,24975000.0,65900000,0.2697779142360045,0.1192,0.11730425,553004790,584547795,https://find-and-update.company-information.service.gov.uk/search/companies?q=Land+Securities+Group+PLC,https://find-and-update.company-information.service.gov.uk/search/companies?q=Land+Securities+Group+PLC,1620594314,17:05:14,20210509
69,2002-06-30,LAND.L,GBP,2002-06-30,2002-06-30,Q2,244275000,0.0,244275000.0,1.0,0.0,0.0,0.0,1350000.0,117000000.0,121000000,36775000.0,4000000.0,127275000,0.5210316241940436,123275000.0,0.5046566369870024,0.0,90875000,0.37201924060996827,24975000.0,65900000,0.2697779142360045,0.1192,0.11730425,553004790,584547795,https://find-and-update.company-information.service.gov.uk/search/companies?q=Land+Securities+Group+PLC,https://find-and-update.company-information.service.gov.uk/search/companies?q=Land+Securities+Group+PLC,1620594314,17:05:14,20210509
70,2002-03-31,LAND.L,GBP,2002-03-31,2002-03-31,Q1,244275000,0.0,244275000.0,1.0,0.0,0.0,0.0,1350000.0,117000000.0,121000000,36775000.0,4000000.0,127275000,0.5210316241940436,123275000.0,0.5046566369870024,0.0,90875000,0.37201924060996827,24975000.0,65900000,0.2697779142360045,0.1192,0.11730425,553004790,584547795,https://find-and-update.company-information.service.gov.uk/search/companies?q=Land+Securities+Group+PLC,https://find-and-update.company-information.service.gov.uk/search/companies?q=Land+Securities+Group+PLC,1620594314,17:05:14,20210509
71,2002-01-31,LAND.L,GBP,2002-01-31,2002-01-31,Q1,244275000,0.0,244275000.0,1.0,0.0,0.0,0.0,1350000.0,117000000.0,121000000,36775000.0,4000000.0,127275000,0.5210316241940436,123275000.0,0.5046566369870024,0.0,90875000,0.37201924060996827,24975000.0,65900000,0.2697779142360045,0.1192,0.11730425,553004790,584547795,https://find-and-update.company-information.service.gov.uk/search/companies?q=Land+Securities+Group+PLC,https://find-and-update.company-information.service.gov.uk/search/companies?q=Land+Securities+Group+PLC,1620594314,17:05:14,20210509
72,2001-09-30,LAND.L,GBP,2001-09-30,2001-09-30,Q3,162600000,0.0,162600000.0,1.0,0.0,0.0,0.0,1575000.0,49375000.0,51325000,34950000.0,1950000.0,113225000,0.6963407134071341,111275000.0,0.6843480934809348,0.0,81175000,0.4992312423124231,22525000.0,58650000,0.3607011070110701,0.10569225,0.10450725,551738850,583809330,https://find-and-update.company-information.service.gov.uk/search/companies?q=Land+Securities+Group+PLC,https://find-and-update.company-information.service.gov.uk/search/companies?q=Land+Securities+Group+PLC,1620594314,17:05:14,20210509
73,2001-06-30,LAND.L,GBP,2001-06-30,2001-06-30,Q2,162600000,0.0,162600000.0,1.0,0.0,0.0,0.0,1575000.0,49375000.0,51325000,34950000.0,1950000.0,113225000,0.6963407134071341,111275000.0,0.6843480934809348,0.0,81175000,0.4992312423124231,22525000.0,58650000,0.3607011070110701,0.10569225,0.10450725,551738850,583809330,https://find-and-update.company-information.service.gov.uk/search/companies?q=Land+Securities+Group+PLC,https://find-and-update.company-information.service.gov.uk/search/companies?q=Land+Securities+Group+PLC,1620594314,17:05:14,20210509
74,2001-03-31,LAND.L,GBP,2001-03-31,2001-03-31,Q1,162600000,0.0,162600000.0,1.0,0.0,0.0,0.0,1575000.0,49375000.0,51325000,34950000.0,1950000.0,113225000,0.6963407134071341,111275000.0,0.6843480934809348,0.0,81175000,0.4992312423124231,22525000.0,58650000,0.3607011070110701,0.10569225,0.10450725,551738850,583809330,https://find-and-update.company-information.service.gov.uk/search/companies?q=Land+Securities+Group+PLC,https://find-and-update.company-information.service.gov.uk/search/companies?q=Land+Securities+Group+PLC,1620594314,17:05:14,20210509
75,2001-01-31,LAND.L,GBP,2001-01-31,2001-01-31,Q1,162600000,0.0,162600000.0,1.0,0.0,0.0,0.0,1575000.0,49375000.0,51325000,34950000.0,1950000.0,113225000,0.6963407134071341,111275000.0,0.6843480934809348,0.0,81175000,0.4992312423124231,22525000.0,58650000,0.3607011070110701,0.10569225,0.10450725,551738850,583809330,https://find-and-update.company-information.service.gov.uk/search/companies?q=Land+Securities+Group+PLC,https://find-and-update.company-information.service.gov.uk/search/companies?q=Land+Securities+Group+PLC,1620594314,17:05:14,20210509
76,2000-09-30,LAND.L,GBP,2000-09-30,2000-09-30,Q3,132050000,0.0,132050000.0,1.0,0.0,0.0,0.0,6500000.0,31625000.0,32275000,35725000.0,650000.0,100425000,0.7605073835668308,99775000.0,0.7555850056796668,0.0,81925000,0.6204089360090874,18925000.0,63000000,0.4770920106020447,0.107588,0.10664025,584864280,617567730,https://find-and-update.company-information.service.gov.uk/search/companies?q=Land+Securities+Group+PLC,https://find-and-update.company-information.service.gov.uk/search/companies?q=Land+Securities+Group+PLC,1620594314,17:05:14,20210509
77,2000-06-30,LAND.L,GBP,2000-06-30,2000-06-30,Q2,132050000,0.0,132050000.0,1.0,0.0,0.0,0.0,6500000.0,31625000.0,32275000,35725000.0,650000.0,100425000,0.7605073835668308,99775000.0,0.7555850056796668,0.0,81925000,0.6204089360090874,18925000.0,63000000,0.4770920106020447,0.107588,0.10664025,584864280,617567730,https://find-and-update.company-information.service.gov.uk/search/companies?q=Land+Securities+Group+PLC,https://find-and-update.company-information.service.gov.uk/search/companies?q=Land+Securities+Group+PLC,1620594314,17:05:14,20210509
78,2000-03-31,LAND.L,GBP,2000-03-31,2000-03-31,Q1,132050000,0.0,132050000.0,1.0,0.0,0.0,0.0,6500000.0,31625000.0,32275000,35725000.0,650000.0,100425000,0.7605073835668308,99775000.0,0.7555850056796668,0.0,81925000,0.6204089360090874,18925000.0,63000000,0.4770920106020447,0.107588,0.10664025,584864280,617567730,https://find-and-update.company-information.service.gov.uk/search/companies?q=Land+Securities+Group+PLC,https://find-and-update.company-information.service.gov.uk/search/companies?q=Land+Securities+Group+PLC,1620594314,17:05:14,20210509
79,2000-01-31,LAND.L,GBP,2000-01-31,2000-01-31,Q1,132050000,0.0,132050000.0,1.0,0.0,0.0,0.0,6500000.0,31625000.0,32275000,35725000.0,650000.0,100425000,0.7605073835668308,99775000.0,0.7555850056796668,0.0,81925000,0.6204089360090874,18925000.0,63000000,0.4770920106020447,0.107588,0.10664025,584864280,617567730,https://find-and-update.company-information.service.gov.uk/search/companies?q=Land+Securities+Group+PLC,https://find-and-update.company-information.service.gov.uk/search/companies?q=Land+Securities+Group+PLC,1620594314,17:05:14,20210509
80,1999-09-30,LAND.L,GBP,1999-09-30,1999-09-30,Q3,125050000,0.0,125050000.0,1.0,0.0,0.0,0.0,150000.0,25025000.0,25575000,36125000.0,550000.0,100025000,0.7998800479808077,99475000.0,0.7954818072770892,0.0,73325000,0.5863654538184726,19225000.0,54100000,0.43262694922031186,0.0928955,0.0924215,582226905,621365550,https://find-and-update.company-information.service.gov.uk/search/companies?q=Land+Securities+Group+PLC,https://find-and-update.company-information.service.gov.uk/search/companies?q=Land+Securities+Group+PLC,1620594314,17:05:14,20210509
81,1999-06-30,LAND.L,GBP,1999-06-30,1999-06-30,Q2,125050000,0.0,125050000.0,1.0,0.0,0.0,0.0,150000.0,25025000.0,25575000,36125000.0,550000.0,100025000,0.7998800479808077,99475000.0,0.7954818072770892,0.0,73325000,0.5863654538184726,19225000.0,54100000,0.43262694922031186,0.0928955,0.0924215,582226905,621365550,https://find-and-update.company-information.service.gov.uk/search/companies?q=Land+Securities+Group+PLC,https://find-and-update.company-information.service.gov.uk/search/companies?q=Land+Securities+Group+PLC,1620594314,17:05:14,20210509
82,1999-03-31,LAND.L,GBP,1999-03-31,1999-03-31,Q1,125050000,0.0,125050000.0,1.0,0.0,0.0,0.0,150000.0,25025000.0,25575000,36125000.0,550000.0,100025000,0.7998800479808077,99475000.0,0.7954818072770892,0.0,73325000,0.5863654538184726,19225000.0,54100000,0.43262694922031186,0.0928955,0.0924215,582226905,621365550,https://find-and-update.company-information.service.gov.uk/search/companies?q=Land+Securities+Group+PLC,https://find-and-update.company-information.service.gov.uk/search/companies?q=Land+Securities+Group+PLC,1620594314,17:05:14,20210509
83,1999-01-31,LAND.L,GBP,1999-01-31,1999-01-31,Q1,125050000,0.0,125050000.0,1.0,0.0,0.0,0.0,150000.0,25025000.0,25575000,36125000.0,550000.0,100025000,0.7998800479808077,99475000.0,0.7954818072770892,0.0,73325000,0.5863654538184726,19225000.0,54100000,0.43262694922031186,0.0928955,0.0924215,582226905,621365550,https://find-and-update.company-information.service.gov.uk/search/companies?q=Land+Securities+Group+PLC,https://find-and-update.company-information.service.gov.uk/search/companies?q=Land+Securities+Group+PLC,1620594314,17:05:14,20210509
84,1998-09-30,LAND.L,GBP,1998-09-30,1998-09-30,Q3,121000000,0.0,0.0,0.0,0.0,0.0,0.0,0.0,23925000.0,24250000,38600000.0,325000.0,97075000,0.8022727272727272,96750000.0,0.7995867768595041,0.0,66500000,0.5495867768595041,17325000.0,49175000,0.40640495867768595,0.087208,0.086734,563237805,588556605,https://find-and-update.company-information.service.gov.uk/search/companies?q=Land+Securities+Group+PLC,https://find-and-update.company-information.service.gov.uk/search/companies?q=Land+Securities+Group+PLC,1620594314,17:05:14,20210509
85,1998-06-30,LAND.L,GBP,1998-06-30,1998-06-30,Q2,121000000,0.0,0.0,0.0,0.0,0.0,0.0,0.0,23925000.0,24250000,38600000.0,325000.0,97075000,0.8022727272727272,96750000.0,0.7995867768595041,0.0,66500000,0.5495867768595041,17325000.0,49175000,0.40640495867768595,0.087208,0.086734,563237805,588556605,https://find-and-update.company-information.service.gov.uk/search/companies?q=Land+Securities+Group+PLC,https://find-and-update.company-information.service.gov.uk/search/companies?q=Land+Securities+Group+PLC,1620594314,17:05:14,20210509
86,1998-03-31,LAND.L,GBP,1998-03-31,1998-03-31,Q1,121000000,0.0,0.0,0.0,0.0,0.0,0.0,0.0,23925000.0,24250000,38600000.0,325000.0,97075000,0.8022727272727272,96750000.0,0.7995867768595041,0.0,66500000,0.5495867768595041,17325000.0,49175000,0.40640495867768595,0.087208,0.086734,563237805,588556605,https://find-and-update.company-information.service.gov.uk/search/companies?q=Land+Securities+Group+PLC,https://find-and-update.company-information.service.gov.uk/search/companies?q=Land+Securities+Group+PLC,1620594314,17:05:14,20210509
87,1998-01-31,LAND.L,GBP,1998-01-31,1998-01-31,Q1,121000000,0.0,0.0,0.0,0.0,0.0,0.0,0.0,23925000.0,24250000,38600000.0,325000.0,97075000,0.8022727272727272,96750000.0,0.7995867768595041,0.0,66500000,0.5495867768595041,17325000.0,49175000,0.40640495867768595,0.087208,0.086734,563237805,588556605,https://find-and-update.company-information.service.gov.uk/search/companies?q=Land+Securities+Group+PLC,https://find-and-update.company-information.service.gov.uk/search/companies?q=Land+Securities+Group+PLC,1620594314,17:05:14,20210509
88,1997-09-30,LAND.L,GBP,1997-09-30,1997-09-30,Q3,117750000,0.0,117750000.0,1.0,0.0,0.0,0.0,2025000.0,24450000.0,24775000,40525000.0,325000.0,93300000,0.7923566878980892,92975000.0,0.7895966029723992,0.0,60950000,0.5176220806794055,16350000.0,44600000,0.37876857749469217,0.08270525,0.08270525,539923410,539923410,https://find-and-update.company-information.service.gov.uk/search/companies?q=Land+Securities+Group+PLC,https://find-and-update.company-information.service.gov.uk/search/companies?q=Land+Securities+Group+PLC,1620594314,17:05:14,20210509
89,1997-06-30,LAND.L,GBP,1997-06-30,1997-06-30,Q2,117750000,0.0,117750000.0,1.0,0.0,0.0,0.0,2025000.0,24450000.0,24775000,40525000.0,325000.0,93300000,0.7923566878980892,92975000.0,0.7895966029723992,0.0,60950000,0.5176220806794055,16350000.0,44600000,0.37876857749469217,0.08270525,0.08270525,539923410,539923410,https://find-and-update.company-information.service.gov.uk/search/companies?q=Land+Securities+Group+PLC,https://find-and-update.company-information.service.gov.uk/search/companies?q=Land+Securities+Group+PLC,1620594314,17:05:14,20210509
90,1997-03-31,LAND.L,GBP,1997-03-31,1997-03-31,Q1,117750000,0.0,117750000.0,1.0,0.0,0.0,0.0,2025000.0,24450000.0,24775000,40525000.0,325000.0,93300000,0.7923566878980892,92975000.0,0.7895966029723992,0.0,60950000,0.5176220806794055,16350000.0,44600000,0.37876857749469217,0.08270525,0.08270525,539923410,539923410,https://find-and-update.company-information.service.gov.uk/search/companies?q=Land+Securities+Group+PLC,https://find-and-update.company-information.service.gov.uk/search/companies?q=Land+Securities+Group+PLC,1620594314,17:05:14,20210509
91,1997-01-31,LAND.L,GBP,1997-01-31,1997-01-31,Q1,117750000,0.0,117750000.0,1.0,0.0,0.0,0.0,2025000.0,24450000.0,24775000,40525000.0,325000.0,93300000,0.7923566878980892,92975000.0,0.7895966029723992,0.0,60950000,0.5176220806794055,16350000.0,44600000,0.37876857749469217,0.08270525,0.08270525,539923410,539923410,https://find-and-update.company-information.service.gov.uk/search/companies?q=Land+Securities+Group+PLC,https://find-and-update.company-information.service.gov.uk/search/companies?q=Land+Securities+Group+PLC,1620594314,17:05:14,20210509
92,1996-09-30,LAND.L,GBP,1996-09-30,1996-09-30,Q3,115550000,0.0,115550000.0,1.0,0.0,0.0,0.0,-275000.0,20750000.0,21075000,40525000.0,325000.0,94800000,0.8204240588489832,94475000.0,0.8176114236261359,0.0,59400000,0.5140631761142362,16425000.0,42975000,0.3719169190826482,0.0798615,0.0798615,538129995,538129995,https://find-and-update.company-information.service.gov.uk/search/companies?q=Land+Securities+Group+PLC,https://find-and-update.company-information.service.gov.uk/search/companies?q=Land+Securities+Group+PLC,1620594314,17:05:14,20210509
93,1996-06-30,LAND.L,GBP,1996-06-30,1996-06-30,Q2,115550000,0.0,115550000.0,1.0,0.0,0.0,0.0,-275000.0,20750000.0,21075000,40525000.0,325000.0,94800000,0.8204240588489832,94475000.0,0.8176114236261359,0.0,59400000,0.5140631761142362,16425000.0,42975000,0.3719169190826482,0.0798615,0.0798615,538129995,538129995,https://find-and-update.company-information.service.gov.uk/search/companies?q=Land+Securities+Group+PLC,https://find-and-update.company-information.service.gov.uk/search/companies?q=Land+Securities+Group+PLC,1620594314,17:05:14,20210509
94,1996-03-31,LAND.L,GBP,1996-03-31,1996-03-31,Q1,115550000,0.0,115550000.0,1.0,0.0,0.0,0.0,-275000.0,20750000.0,21075000,40525000.0,325000.0,94800000,0.8204240588489832,94475000.0,0.8176114236261359,0.0,59400000,0.5140631761142362,16425000.0,42975000,0.3719169190826482,0.0798615,0.0798615,538129995,538129995,https://find-and-update.company-information.service.gov.uk/search/companies?q=Land+Securities+Group+PLC,https://find-and-update.company-information.service.gov.uk/search/companies?q=Land+Securities+Group+PLC,1620594314,17:05:14,20210509
95,1996-01-31,LAND.L,GBP,1996-01-31,1996-01-31,Q1,115550000,0.0,115550000.0,1.0,0.0,0.0,0.0,-275000.0,20750000.0,21075000,40525000.0,325000.0,94800000,0.8204240588489832,94475000.0,0.8176114236261359,0.0,59400000,0.5140631761142362,16425000.0,42975000,0.3719169190826482,0.0798615,0.0798615,538129995,538129995,https://find-and-update.company-information.service.gov.uk/search/companies?q=Land+Securities+Group+PLC,https://find-and-update.company-information.service.gov.uk/search/companies?q=Land+Securities+Group+PLC,1620594314,17:05:14,20210509
96,1995-09-30,LAND.L,GBP,1995-09-30,1995-09-30,Q3,115100000,0.0,115100000.0,1.0,0.0,0.0,0.0,850000.0,21425000.0,21750000,36925000.0,325000.0,93675000,0.8138575152041703,93350000.0,0.8110338835794961,0.0,61175000,0.5314943527367506,16250000.0,44925000,0.39031277150304083,0.08341625,0.08341625,537919005,537919005,https://find-and-update.company-information.service.gov.uk/search/companies?q=Land+Securities+Group+PLC,https://find-and-update.company-information.service.gov.uk/search/companies?q=Land+Securities+Group+PLC,1620594314,17:05:14,20210509
97,1995-06-30,LAND.L,GBP,1995-06-30,1995-06-30,Q2,115100000,0.0,115100000.0,1.0,0.0,0.0,0.0,850000.0,21425000.0,21750000,36925000.0,325000.0,93675000,0.8138575152041703,93350000.0,0.8110338835794961,0.0,61175000,0.5314943527367506,16250000.0,44925000,0.39031277150304083,0.08341625,0.08341625,537919005,537919005,https://find-and-update.company-information.service.gov.uk/search/companies?q=Land+Securities+Group+PLC,https://find-and-update.company-information.service.gov.uk/search/companies?q=Land+Securities+Group+PLC,1620594314,17:05:14,20210509
98,1995-03-31,LAND.L,GBP,1995-03-31,1995-03-31,Q1,115100000,0.0,115100000.0,1.0,0.0,0.0,0.0,850000.0,21425000.0,21750000,36925000.0,325000.0,93675000,0.8138575152041703,93350000.0,0.8110338835794961,0.0,61175000,0.5314943527367506,16250000.0,44925000,0.39031277150304083,0.08341625,0.08341625,537919005,537919005,https://find-and-update.company-information.service.gov.uk/search/companies?q=Land+Securities+Group+PLC,https://find-and-update.company-information.service.gov.uk/search/companies?q=Land+Securities+Group+PLC,1620594314,17:05:14,20210509
99,1995-01-31,LAND.L,GBP,1995-01-31,1995-01-31,Q1,115100000,0.0,115100000.0,1.0,0.0,0.0,0.0,850000.0,21425000.0,21750000,36925000.0,325000.0,93675000,0.8138575152041703,93350000.0,0.8110338835794961,0.0,61175000,0.5314943527367506,16250000.0,44925000,0.39031277150304083,0.08341625,0.08341625,537919005,537919005,https://find-and-update.company-information.service.gov.uk/search/companies?q=Land+Securities+Group+PLC,https://find-and-update.company-information.service.gov.uk/search/companies?q=Land+Securities+Group+PLC,1620594314,17:05:14,20210509
100,1994-09-30,LAND.L,GBP,1994-09-30,1994-09-30,Q3,112225000,0.0,112225000.0,1.0,0.0,0.0,0.0,575000.0,20700000.0,21000000,36825000.0,300000.0,91525000,0.8155491200712853,91225000.0,0.8128759189128982,0.0,59275000,0.5281799955446648,14125000.0,45150000,0.40231677433726887,0.08460125,0.08460125,534121185,534121185,https://find-and-update.company-information.service.gov.uk/search/companies?q=Land+Securities+Group+PLC,https://find-and-update.company-information.service.gov.uk/search/companies?q=Land+Securities+Group+PLC,1620594314,17:05:14,20210509
101,1994-06-30,LAND.L,GBP,1994-06-30,1994-06-30,Q2,112225000,0.0,112225000.0,1.0,0.0,0.0,0.0,575000.0,20700000.0,21000000,36825000.0,300000.0,91525000,0.8155491200712853,91225000.0,0.8128759189128982,0.0,59275000,0.5281799955446648,14125000.0,45150000,0.40231677433726887,0.08460125,0.08460125,534121185,534121185,https://find-and-update.company-information.service.gov.uk/search/companies?q=Land+Securities+Group+PLC,https://find-and-update.company-information.service.gov.uk/search/companies?q=Land+Securities+Group+PLC,1620594314,17:05:14,20210509
102,1994-03-31,LAND.L,GBP,1994-03-31,1994-03-31,Q1,112225000,0.0,112225000.0,1.0,0.0,0.0,0.0,575000.0,20700000.0,21000000,36825000.0,300000.0,91525000,0.8155491200712853,91225000.0,0.8128759189128982,0.0,59275000,0.5281799955446648,14125000.0,45150000,0.40231677433726887,0.08460125,0.08460125,534121185,534121185,https://find-and-update.company-information.service.gov.uk/search/companies?q=Land+Securities+Group+PLC,https://find-and-update.company-information.service.gov.uk/search/companies?q=Land+Securities+Group+PLC,1620594314,17:05:14,20210509
103,1994-01-31,LAND.L,GBP,1994-01-31,1994-01-31,Q1,112225000,0.0,112225000.0,1.0,0.0,0.0,0.0,575000.0,20700000.0,21000000,36825000.0,300000.0,91525000,0.8155491200712853,91225000.0,0.8128759189128982,0.0,59275000,0.5281799955446648,14125000.0,45150000,0.40231677433726887,0.08460125,0.08460125,534121185,534121185,https://find-and-update.company-information.service.gov.uk/search/companies?q=Land+Securities+Group+PLC,https://find-and-update.company-information.service.gov.uk/search/companies?q=Land+Securities+Group+PLC,1620594314,17:05:14,20210509
104,1993-09-30,LAND.L,GBP,1993-09-30,1993-09-30,Q3,109225000,0.0,109225000.0,1.0,0.0,0.0,0.0,-1075000.0,18800000.0,19125000,35925000.0,325000.0,90425000,0.8278782330052643,90100000.0,0.8249027237354085,0.0,57275000,0.5243762874799726,15850000.0,41425000,0.37926298924238955,0.07772875,0.07772875,532433265,532433265,https://find-and-update.company-information.service.gov.uk/search/companies?q=Land+Securities+Group+PLC,https://find-and-update.company-information.service.gov.uk/search/companies?q=Land+Securities+Group+PLC,1620594314,17:05:14,20210509
105,1993-06-30,LAND.L,GBP,1993-06-30,1993-06-30,Q2,109225000,0.0,109225000.0,1.0,0.0,0.0,0.0,-1075000.0,18800000.0,19125000,35925000.0,325000.0,90425000,0.8278782330052643,90100000.0,0.8249027237354085,0.0,57275000,0.5243762874799726,15850000.0,41425000,0.37926298924238955,0.07772875,0.07772875,532433265,532433265,https://find-and-update.company-information.service.gov.uk/search/companies?q=Land+Securities+Group+PLC,https://find-and-update.company-information.service.gov.uk/search/companies?q=Land+Securities+Group+PLC,1620594314,17:05:14,20210509
106,1993-03-31,LAND.L,GBP,1993-03-31,1993-03-31,Q1,109225000,0.0,109225000.0,1.0,0.0,0.0,0.0,-1075000.0,18800000.0,19125000,35925000.0,325000.0,90425000,0.8278782330052643,90100000.0,0.8249027237354085,0.0,57275000,0.5243762874799726,15850000.0,41425000,0.37926298924238955,0.07772875,0.07772875,532433265,532433265,https://find-and-update.company-information.service.gov.uk/search/companies?q=Land+Securities+Group+PLC,https://find-and-update.company-information.service.gov.uk/search/companies?q=Land+Securities+Group+PLC,1620594314,17:05:14,20210509
107,1993-01-31,LAND.L,GBP,1993-01-31,1993-01-31,Q1,109225000,0.0,109225000.0,1.0,0.0,0.0,0.0,-1075000.0,18800000.0,19125000,35925000.0,325000.0,90425000,0.8278782330052643,90100000.0,0.8249027237354085,0.0,57275000,0.5243762874799726,15850000.0,41425000,0.37926298924238955,0.07772875,0.07772875,532433265,532433265,https://find-and-update.company-information.service.gov.uk/search/companies?q=Land+Securities+Group+PLC,https://find-and-update.company-information.service.gov.uk/search/companies?q=Land+Securities+Group+PLC,1620594314,17:05:14,20210509
108,1992-09-30,LAND.L,GBP,1992-09-30,1992-09-30,Q3,101675000,0.0,0.0,0.0,0.0,0.0,0.0,0.0,18975000.0,19325000,32950000.0,350000.0,82700000,0.8133759527907548,82350000.0,0.8099336119990165,0.0,56875000,0.5593803786574871,15725000.0,41150000,0.4047209245143841,0.07725475,0.07725475,532222275,532222275,https://find-and-update.company-information.service.gov.uk/search/companies?q=Land+Securities+Group+PLC,https://find-and-update.company-information.service.gov.uk/search/companies?q=Land+Securities+Group+PLC,1620594314,17:05:14,20210509
109,1992-06-30,LAND.L,GBP,1992-06-30,1992-06-30,Q2,101675000,0.0,0.0,0.0,0.0,0.0,0.0,0.0,18975000.0,19325000,32950000.0,350000.0,82700000,0.8133759527907548,82350000.0,0.8099336119990165,0.0,56875000,0.5593803786574871,15725000.0,41150000,0.4047209245143841,0.07725475,0.07725475,532222275,532222275,https://find-and-update.company-information.service.gov.uk/search/companies?q=Land+Securities+Group+PLC,https://find-and-update.company-information.service.gov.uk/search/companies?q=Land+Securities+Group+PLC,1620594314,17:05:14,20210509
110,1992-03-31,LAND.L,GBP,1992-03-31,1992-03-31,Q1,101675000,0.0,0.0,0.0,0.0,0.0,0.0,0.0,18975000.0,19325000,32950000.0,350000.0,82700000,0.8133759527907548,82350000.0,0.8099336119990165,0.0,56875000,0.5593803786574871,15725000.0,41150000,0.4047209245143841,0.07725475,0.07725475,532222275,532222275,https://find-and-update.company-information.service.gov.uk/search/companies?q=Land+Securities+Group+PLC,https://find-and-update.company-information.service.gov.uk/search/companies?q=Land+Securities+Group+PLC,1620594314,17:05:14,20210509
111,1992-01-31,LAND.L,GBP,1992-01-31,1992-01-31,Q1,101675000,0.0,0.0,0.0,0.0,0.0,0.0,0.0,18975000.0,19325000,32950000.0,350000.0,82700000,0.8133759527907548,82350000.0,0.8099336119990165,0.0,56875000,0.5593803786574871,15725000.0,41150000,0.4047209245143841,0.07725475,0.07725475,532222275,532222275,https://find-and-update.company-information.service.gov.uk/search/companies?q=Land+Securities+Group+PLC,https://find-and-update.company-information.service.gov.uk/search/companies?q=Land+Securities+Group+PLC,1620594314,17:05:14,20210509
112,1991-09-30,LAND.L,GBP,1991-09-30,1991-09-30,Q3,89925000,0.0,89925000.0,1.0,0.0,0.0,0.0,73575000.0,89550000.0,89925000,29500000.0,375000.0,83675000,1.0746937556020317,0.0,0.0,0.0,53800000,0.5982763413956075,14925000.0,38875000,0.4323046983597442,0.07322625,0.07322625,531905790,531905790,https://find-and-update.company-information.service.gov.uk/search/companies?q=Land+Securities+Group+PLC,https://find-and-update.company-information.service.gov.uk/search/companies?q=Land+Securities+Group+PLC,1620594314,17:05:14,20210509
113,1991-06-30,LAND.L,GBP,1991-06-30,1991-06-30,Q2,89925000,0.0,89925000.0,1.0,0.0,0.0,0.0,73575000.0,89550000.0,89925000,29500000.0,375000.0,83675000,1.0746937556020317,0.0,0.0,0.0,53800000,0.5982763413956075,14925000.0,38875000,0.4323046983597442,0.07322625,0.07322625,531905790,531905790,https://find-and-update.company-information.service.gov.uk/search/companies?q=Land+Securities+Group+PLC,https://find-and-update.company-information.service.gov.uk/search/companies?q=Land+Securities+Group+PLC,1620594314,17:05:14,20210509
114,1991-03-31,LAND.L,GBP,1991-03-31,1991-03-31,Q1,89925000,0.0,89925000.0,1.0,0.0,0.0,0.0,73575000.0,89550000.0,89925000,29500000.0,375000.0,83675000,1.0746937556020317,0.0,0.0,0.0,53800000,0.5982763413956075,14925000.0,38875000,0.4323046983597442,0.07322625,0.07322625,531905790,531905790,https://find-and-update.company-information.service.gov.uk/search/companies?q=Land+Securities+Group+PLC,https://find-and-update.company-information.service.gov.uk/search/companies?q=Land+Securities+Group+PLC,1620594314,17:05:14,20210509
115,1991-01-31,LAND.L,GBP,1991-01-31,1991-01-31,Q1,89925000,0.0,89925000.0,1.0,0.0,0.0,0.0,73575000.0,89550000.0,89925000,29500000.0,375000.0,83675000,1.0746937556020317,0.0,0.0,0.0,53800000,0.5982763413956075,14925000.0,38875000,0.4323046983597442,0.07322625,0.07322625,531905790,531905790,https://find-and-update.company-information.service.gov.uk/search/companies?q=Land+Securities+Group+PLC,https://find-and-update.company-information.service.gov.uk/search/companies?q=Land+Securities+Group+PLC,1620594314,17:05:14,20210509
116,1990-09-30,LAND.L,GBP,1990-09-30,1990-09-30,Q3,74075000,0.0,74075000.0,1.0,0.0,0.0,0.0,60275000.0,73750000.0,74075000,27775000.0,325000.0,71875000,1.0306086956521738,0.0,0.0,0.0,43775000,0.5909551130610867,12725000.0,31050000,0.41916976037799525,0.0582965,0.0582965,531589305,531589305,https://find-and-update.company-information.service.gov.uk/search/companies?q=Land+Securities+Group+PLC,https://find-and-update.company-information.service.gov.uk/search/companies?q=Land+Securities+Group+PLC,1620594314,17:05:14,20210509
117,1990-06-30,LAND.L,GBP,1990-06-30,1990-06-30,Q2,74075000,0.0,74075000.0,1.0,0.0,0.0,0.0,60275000.0,73750000.0,74075000,27775000.0,325000.0,71875000,1.0306086956521738,0.0,0.0,0.0,43775000,0.5909551130610867,12725000.0,31050000,0.41916976037799525,0.0582965,0.0582965,531589305,531589305,https://find-and-update.company-information.service.gov.uk/search/companies?q=Land+Securities+Group+PLC,https://find-and-update.company-information.service.gov.uk/search/companies?q=Land+Securities+Group+PLC,1620594314,17:05:14,20210509
118,1990-03-31,LAND.L,GBP,1990-03-31,1990-03-31,Q1,74075000,0.0,74075000.0,1.0,0.0,0.0,0.0,60275000.0,73750000.0,74075000,27775000.0,325000.0,71875000,1.0306086956521738,0.0,0.0,0.0,43775000,0.5909551130610867,12725000.0,31050000,0.41916976037799525,0.0582965,0.0582965,531589305,531589305,https://find-and-update.company-information.service.gov.uk/search/companies?q=Land+Securities+Group+PLC,https://find-and-update.company-information.service.gov.uk/search/companies?q=Land+Securities+Group+PLC,1620594314,17:05:14,20210509
119,1990-01-31,LAND.L,GBP,1990-01-31,1990-01-31,Q1,74075000,0.0,74075000.0,1.0,0.0,0.0,0.0,60275000.0,73750000.0,74075000,27775000.0,325000.0,71875000,1.0306086956521738,0.0,0.0,0.0,43775000,0.5909551130610867,12725000.0,31050000,0.41916976037799525,0.0582965,0.0582965,531589305,531589305,https://find-and-update.company-information.service.gov.uk/search/companies?q=Land+Securities+Group+PLC,https://find-and-update.company-information.service.gov.uk/search/companies?q=Land+Securities+Group+PLC,1620594314,17:05:14,20210509
120,1989-09-30,LAND.L,GBP,1989-09-30,1989-09-30,Q3,62250000,0.0,62250000.0,1.0,0.0,0.0,0.0,50175000.0,61950000.0,62250000,21800000.0,300000.0,59400000,1.047979797979798,0.0,0.0,0.0,37300000,0.5991967871485944,10925000.0,26375000,0.42369477911646586,0.049645,0.049645,531272820,531272820,https://find-and-update.company-information.service.gov.uk/search/companies?q=Land+Securities+Group+PLC,https://find-and-update.company-information.service.gov.uk/search/companies?q=Land+Securities+Group+PLC,1620594314,17:05:14,20210509
121,1989-06-30,LAND.L,GBP,1989-06-30,1989-06-30,Q2,62250000,0.0,62250000.0,1.0,0.0,0.0,0.0,50175000.0,61950000.0,62250000,21800000.0,300000.0,59400000,1.047979797979798,0.0,0.0,0.0,37300000,0.5991967871485944,10925000.0,26375000,0.42369477911646586,0.049645,0.049645,531272820,531272820,https://find-and-update.company-information.service.gov.uk/search/companies?q=Land+Securities+Group+PLC,https://find-and-update.company-information.service.gov.uk/search/companies?q=Land+Securities+Group+PLC,1620594314,17:05:14,20210509
122,1989-03-31,LAND.L,GBP,1989-03-31,1989-03-31,Q1,62250000,0.0,62250000.0,1.0,0.0,0.0,0.0,50175000.0,61950000.0,62250000,21800000.0,300000.0,59400000,1.047979797979798,0.0,0.0,0.0,37300000,0.5991967871485944,10925000.0,26375000,0.42369477911646586,0.049645,0.049645,531272820,531272820,https://find-and-update.company-information.service.gov.uk/search/companies?q=Land+Securities+Group+PLC,https://find-and-update.company-information.service.gov.uk/search/companies?q=Land+Securities+Group+PLC,1620594314,17:05:14,20210509
123,1989-01-31,LAND.L,GBP,1989-01-31,1989-01-31,Q1,62250000,0.0,62250000.0,1.0,0.0,0.0,0.0,50175000.0,61950000.0,62250000,21800000.0,300000.0,59400000,1.047979797979798,0.0,0.0,0.0,37300000,0.5991967871485944,10925000.0,26375000,0.42369477911646586,0.049645,0.049645,531272820,531272820,https://find-and-update.company-information.service.gov.uk/search/companies?q=Land+Securities+Group+PLC,https://find-and-update.company-information.service.gov.uk/search/companies?q=Land+Securities+Group+PLC,1620594314,17:05:14,20210509
124,1988-09-30,LAND.L,GBP,1988-09-30,1988-09-30,Q3,53300000,0.0,53300000.0,1.0,0.0,0.0,0.0,42400000.0,53075000.0,53300000,18450000.0,225000.0,52075000,1.0235237638022083,0.0,0.0,0.0,33400000,0.626641651031895,9400000.0,24000000,0.450281425891182,0.045188,0.045188,531114577,531114577,https://find-and-update.company-information.service.gov.uk/search/companies?q=Land+Securities+Group+PLC,https://find-and-update.company-information.service.gov.uk/search/companies?q=Land+Securities+Group+PLC,1620594314,17:05:14,20210509
125,1988-06-30,LAND.L,GBP,1988-06-30,1988-06-30,Q2,53300000,0.0,53300000.0,1.0,0.0,0.0,0.0,42400000.0,53075000.0,53300000,18450000.0,225000.0,52075000,1.0235237638022083,0.0,0.0,0.0,33400000,0.626641651031895,9400000.0,24000000,0.450281425891182,0.045188,0.045188,531114577,531114577,https://find-and-update.company-information.service.gov.uk/search/companies?q=Land+Securities+Group+PLC,https://find-and-update.company-information.service.gov.uk/search/companies?q=Land+Securities+Group+PLC,1620594314,17:05:14,20210509
126,1988-03-31,LAND.L,GBP,1988-03-31,1988-03-31,Q1,53300000,0.0,53300000.0,1.0,0.0,0.0,0.0,42400000.0,53075000.0,53300000,18450000.0,225000.0,52075000,1.0235237638022083,0.0,0.0,0.0,33400000,0.626641651031895,9400000.0,24000000,0.450281425891182,0.045188,0.045188,531114577,531114577,https://find-and-update.company-information.service.gov.uk/search/companies?q=Land+Securities+Group+PLC,https://find-and-update.company-information.service.gov.uk/search/companies?q=Land+Securities+Group+PLC,1620594314,17:05:14,20210509
127,1988-01-31,LAND.L,GBP,1988-01-31,1988-01-31,Q1,53300000,0.0,53300000.0,1.0,0.0,0.0,0.0,42400000.0,53075000.0,53300000,18450000.0,225000.0,52075000,1.0235237638022083,0.0,0.0,0.0,33400000,0.626641651031895,9400000.0,24000000,0.450281425891182,0.045188,0.045188,531114577,531114577,https://find-and-update.company-information.service.gov.uk/search/companies?q=Land+Securities+Group+PLC,https://find-and-update.company-information.service.gov.uk/search/companies?q=Land+Securities+Group+PLC,1620594314,17:05:14,20210509
128,1987-09-30,LAND.L,GBP,1987-09-30,1987-09-30,Q3,47400000,0.0,47400000.0,1.0,0.0,0.0,0.0,37375000.0,47200000.0,47400000,10850000.0,200000.0,41200000,1.1504854368932038,0.0,0.0,0.0,30150000,0.6360759493670886,7775000.0,22375000,0.4720464135021097,0.0421325,0.0421325,531061830,531061830,https://find-and-update.company-information.service.gov.uk/search/companies?q=Land+Securities+Group+PLC,https://find-and-update.company-information.service.gov.uk/search/companies?q=Land+Securities+Group+PLC,1620594314,17:05:14,20210509
129,1987-06-30,LAND.L,GBP,1987-06-30,1987-06-30,Q2,47400000,0.0,47400000.0,1.0,0.0,0.0,0.0,37375000.0,47200000.0,47400000,10850000.0,200000.0,41200000,1.1504854368932038,0.0,0.0,0.0,30150000,0.6360759493670886,7775000.0,22375000,0.4720464135021097,0.0421325,0.0421325,531061830,531061830,https://find-and-update.company-information.service.gov.uk/search/companies?q=Land+Securities+Group+PLC,https://find-and-update.company-information.service.gov.uk/search/companies?q=Land+Securities+Group+PLC,1620594314,17:05:14,20210509
130,1987-03-31,LAND.L,GBP,1987-03-31,1987-03-31,Q1,47400000,0.0,47400000.0,1.0,0.0,0.0,0.0,37375000.0,47200000.0,47400000,10850000.0,200000.0,41200000,1.1504854368932038,0.0,0.0,0.0,30150000,0.6360759493670886,7775000.0,22375000,0.4720464135021097,0.0421325,0.0421325,531061830,531061830,https://find-and-update.company-information.service.gov.uk/search/companies?q=Land+Securities+Group+PLC,https://find-and-update.company-information.service.gov.uk/search/companies?q=Land+Securities+Group+PLC,1620594314,17:05:14,20210509
131,1987-01-31,LAND.L,GBP,1987-01-31,1987-01-31,Q1,47400000,0.0,47400000.0,1.0,0.0,0.0,0.0,37375000.0,47200000.0,47400000,10850000.0,200000.0,41200000,1.1504854368932038,0.0,0.0,0.0,30150000,0.6360759493670886,7775000.0,22375000,0.4720464135021097,0.0421325,0.0421325,531061830,531061830,https://find-and-update.company-information.service.gov.uk/search/companies?q=Land+Securities+Group+PLC,https://find-and-update.company-information.service.gov.uk/search/companies?q=Land+Securities+Group+PLC,1620594314,17:05:14,20210509
132,1986-09-30,LAND.L,GBP,1986-09-30,1986-09-30,Q3,41550000,0.0,41550000.0,1.0,0.0,0.0,0.0,32175000.0,41350000.0,41550000,5275000.0,200000.0,33700000,1.2329376854599408,0.0,0.0,0.0,28225000,0.6793020457280385,8350000.0,19875000,0.47833935018050544,0.037425,0.037425,531061830,531061830,https://find-and-update.company-information.service.gov.uk/search/companies?q=Land+Securities+Group+PLC,https://find-and-update.company-information.service.gov.uk/search/companies?q=Land+Securities+Group+PLC,1620594314,17:05:14,20210509
133,1986-06-30,LAND.L,GBP,1986-06-30,1986-06-30,Q2,41550000,0.0,41550000.0,1.0,0.0,0.0,0.0,32175000.0,41350000.0,41550000,5275000.0,200000.0,33700000,1.2329376854599408,0.0,0.0,0.0,28225000,0.6793020457280385,8350000.0,19875000,0.47833935018050544,0.037425,0.037425,531061830,531061830,https://find-and-update.company-information.service.gov.uk/search/companies?q=Land+Securities+Group+PLC,https://find-and-update.company-information.service.gov.uk/search/companies?q=Land+Securities+Group+PLC,1620594314,17:05:14,20210509
134,1986-03-31,LAND.L,GBP,1986-03-31,1986-03-31,Q1,41550000,0.0,41550000.0,1.0,0.0,0.0,0.0,32175000.0,41350000.0,41550000,5275000.0,200000.0,33700000,1.2329376854599408,0.0,0.0,0.0,28225000,0.6793020457280385,8350000.0,19875000,0.47833935018050544,0.037425,0.037425,531061830,531061830,https://find-and-update.company-information.service.gov.uk/search/companies?q=Land+Securities+Group+PLC,https://find-and-update.company-information.service.gov.uk/search/companies?q=Land+Securities+Group+PLC,1620594314,17:05:14,20210509
135,1986-01-31,LAND.L,GBP,1986-01-31,1986-01-31,Q1,41550000,0.0,41550000.0,1.0,0.0,0.0,0.0,32175000.0,41350000.0,41550000,5275000.0,200000.0,33700000,1.2329376854599408,0.0,0.0,0.0,28225000,0.6793020457280385,8350000.0,19875000,0.47833935018050544,0.037425,0.037425,531061830,531061830,https://find-and-update.company-information.service.gov.uk/search/companies?q=Land+Securities+Group+PLC,https://find-and-update.company-information.service.gov.uk/search/companies?q=Land+Securities+Group+PLC,1620594314,17:05:14,20210509
