,date,symbol,reportedCurrency,fillingDate,acceptedDate,period,revenue,costOfRevenue,grossProfit,grossProfitRatio,researchAndDevelopmentExpenses,generalAndAdministrativeExpenses,sellingAndMarketingExpenses,otherExpenses,operatingExpenses,costAndExpenses,interestExpense,depreciationAndAmortization,ebitda,ebitdaratio,operatingIncome,operatingIncomeRatio,totalOtherIncomeExpensesNet,incomeBeforeTax,incomeBeforeTaxRatio,incomeTaxExpense,netIncome,netIncomeRatio,eps,epsdiluted,weightedAverageShsOut,weightedAverageShsOutDil,link,finalLink,timestamp,est_time,est_date
0,2020-12-31,UUU,USD,2021-02-09,2021-02-09 16:44:41,Q3,14522813.0,9821319.0,4701494.0,0.32373163518665427,332276.0,0.0,0.0,0.0,3904465.0,13725784.0,71848.0,6532.0,803561.0,0.05533094724830513,797029.0,0.05488117212553794,0.0,725181.0,0.049933921203832894,0.0,725181.0,0.049933921203832894,0.3135393125561257,0.3135393125561257,2312887.0,2312887.0,https://www.sec.gov/Archives/edgar/data/102109/000110465921016716/0001104659-21-016716-index.htm,https://www.sec.gov/Archives/edgar/data/102109/000110465921016716/tm215390d1_10q.htm,1620599387,18:29:47,20210509
1,2020-09-30,UUU,USD,2020-11-09,2020-11-09 12:33:16,Q2,6457295.0,4353267.0,2104028.0,0.32583736688505016,91750.0,0.0,0.0,0.0,1355959.0,5709226.0,22224.0,2174.0,750243.0,0.11618533766848192,748069.0,0.11584866418523546,0.0,725845.0,0.11240697536662023,0.0,725845.0,0.11240697536662023,0.31,0.31,2312887.0,2312887.0,https://www.sec.gov/Archives/edgar/data/102109/000110465920122894/0001104659-20-122894-index.htm,https://www.sec.gov/Archives/edgar/data/102109/000110465920122894/tm2033214d1_10q.htm,1620599387,18:29:47,20210509
2,2020-06-30,UUU,USD,2020-08-11 00:00:00,2020-08-11 13:51:17,Q1,2940768.0,1863625.0,1077143.0,0.3662794888954178,133918.0,0.0,0.0,0.0,1120587.0,2984212.0,35538.0,2669.0,-40775.0,-0.013865425630311538,-43444.0,-0.014773011675861543,0.0,-78982.0,-0.0268576099848747,0.0,-78982.0,-0.0268576099848747,-0.03,-0.03,2312887.0,2312887.0,https://www.sec.gov/Archives/edgar/data/102109/000110465920093207/0001104659-20-093207-index.htm,https://www.sec.gov/Archives/edgar/data/102109/000110465920093207/tm2026021d1_10k.htm,1620599387,18:29:47,20210509
3,2020-03-31,UUU,USD,2020-08-11,2020-08-11,Q4,3613786.0,2960099.0,653687.0,0.1808870254077026,204742.0,0.0,0.0,0.0,1377962.0,4338061.0,77367.0,159749.0,-564526.0,-0.1562145627881673,-724275.0,-0.20042000273397484,-2690648.0,-3492290.0,-0.9663798575787277,0.0,-3492290.0,-0.9663798575787277,-1.509926771173862,-1.509926771173862,2312887.0,2312887.0,https://www.sec.gov/Archives/edgar/data/102109/000110465920093207/0001104659-20-093207-index.htm,https://www.sec.gov/Archives/edgar/data/102109/000110465920093207/tm2026021d1_10k.htm,1620599387,18:29:47,20210509
4,2019-12-31,UUU,USD,2020-02-19 00:00:00,2020-02-19 16:39:20,Q3,3223678.0,2453686.0,769992.0,0.23885512138619303,169768.0,0.0,0.0,0.0,1253681.0,3707367.0,119308.0,3383.0,-480306.0,-0.14899316867255352,-483689.0,-0.15004259110246124,-408836.0,-1011833.0,-0.31387533122104627,0.0,-1011833.0,-0.31387533122104627,-0.44,-0.44,2312887.0,2312887.0,https://www.sec.gov/Archives/edgar/data/102109/000110465920022854/0001104659-20-022854-index.html,https://www.sec.gov/Archives/edgar/data/102109/000110465920022854/tm205254d1_10q.htm,1620599387,18:29:47,20210509
5,2019-09-30,UUU,USD,2019-11-19 00:00:00,2019-11-19 16:46:13,Q2,3622269.0,2531923.0,1090346.0,0.3010118795705123,176733.0,0.0,0.0,0.0,1311642.0,3843565.0,105691.0,-1115.0,-222411.0,-0.0614010168764385,-221296.0,-0.061093198765746,-373827.0,-700814.0,-0.1934737591272211,0.0,-700814.0,-0.1934737591272211,-0.3,-0.3,2312887.0,2312887.0,https://www.sec.gov/Archives/edgar/data/102109/000110465919065463/0001104659-19-065463-index.html,https://www.sec.gov/Archives/edgar/data/102109/000110465919065463/tm1919628d1_10q.htm,1620599387,18:29:47,20210509
6,2019-06-30,UUU,USD,2019-07-15 00:00:00,2019-07-15 17:02:58,Q1,4343291.0,3098462.0,1244829.0,0.2866096239004018,140643.0,0.0,0.0,0.0,1377482.0,4475944.0,107337.0,1923.0,-130730.0,-0.030099295672336945,-132653.0,-0.030542047493479024,-368964.0,-608954.0,-0.14020566432228465,0.0,-608954.0,-0.14020566432228465,-0.26,-0.26,2312887.0,2312887.0,https://www.sec.gov/Archives/edgar/data/102109/000114420419034727/0001144204-19-034727-index.html,https://www.sec.gov/Archives/edgar/data/102109/000114420419034727/tv524350_10k.htm,1620599387,18:29:47,20210509
7,2019-03-31,UUU,USD,2019-07-15,2019-07-15 17:02:58,Q4,4523930.0,2727713.0,1796217.0,0.39704792072379547,142079.0,0.0,0.0,0.0,1589677.0,4317390.0,0.0,2761.0,209301.0,0.04626530472398998,206540.0,0.04565499466172111,-285700.0,-270836.0,-0.059867416162495884,0.0,-270836.0,-0.059867416162495884,-0.11709867364899366,-0.11709867364899366,2312887.0,2312887.0,https://www.sec.gov/Archives/edgar/data/102109/000114420419034727/tv524350_10k.htm,https://www.sec.gov/Archives/edgar/data/102109/000114420419034727/tv524350_10k.htm,1620599387,18:29:47,20210509
8,2018-12-31,UUU,USD,2019-02-19 00:00:00,2019-02-19 17:02:19,Q3,4491862.0,3430484.0,1061378.0,0.23628909347615754,86461.0,0.0,0.0,0.0,1207046.0,4637530.0,0.0,2759.0,-142909.0,-0.03181509138081268,-145668.0,-0.0324293132781016,-255401.0,-516993.0,-0.11509547710949268,0.0,-516993.0,-0.11509547710949268,-0.22,-0.22,2312887.0,2312887.0,https://www.sec.gov/Archives/edgar/data/102109/000114420419008907/0001144204-19-008907-index.html,https://www.sec.gov/Archives/edgar/data/102109/000114420419008907/tv513588_10q.htm,1620599387,18:29:47,20210509
9,2018-09-30,UUU,USD,2018-11-19 00:00:00,2018-11-19 16:11:58,Q2,4526252.0,3069760.0,1456492.0,0.32178765123992215,120918.0,0.0,0.0,0.0,1219486.0,4289246.0,0.0,7446.0,244452.0,0.054007598339641714,237006.0,0.05236252864400833,-264396.0,-121324.0,-0.026804517291569272,0.0,-121324.0,-0.026804517291569272,-0.05,-0.05,2312887.0,2312887.0,https://www.sec.gov/Archives/edgar/data/102109/000114420418060767/0001144204-18-060767-index.html,https://www.sec.gov/Archives/edgar/data/102109/000114420418060767/tv506180_10q.htm,1620599387,18:29:47,20210509
10,2018-06-30,UUU,USD,2018-07-16 00:00:00,2018-07-16 15:57:32,Q1,4045996.0,2805852.0,1240144.0,0.30651142512251617,153387.0,0.0,0.0,0.0,1351158.0,4157010.0,0.0,7092.0,-103922.0,-0.025685146500391994,-111014.0,-0.027437990546703456,-244400.0,-438833.0,-0.10846105631345163,0.0,-438833.0,-0.10846105631345163,-0.19,-0.19,2312887.0,2312887.0,https://www.sec.gov/Archives/edgar/data/102109/000114420418038512/0001144204-18-038512-index.html,https://www.sec.gov/Archives/edgar/data/102109/000114420418038512/tv498410_10k.htm,1620599387,18:29:47,20210509
11,2018-03-31,UUU,USD,2018-07-16,2018-07-16 15:57:32,Q4,4416705.0,3080519.0,1336186.0,0.3025300535127431,140954.0,0.0,0.0,0.0,1331591.0,4412110.0,0.0,7702.0,12297.0,0.0027842022503200914,4595.0,0.001040368328878655,-468124.0,-535926.0,-0.12134068270350862,0.0,-535926.0,-0.12134068270350862,-0.23171300629905395,-0.23171300629905395,2312887.0,2312887.0,https://www.sec.gov/Archives/edgar/data/102109/000114420418038512/tv498410_10k.htm,https://www.sec.gov/Archives/edgar/data/102109/000114420418038512/tv498410_10k.htm,1620599387,18:29:47,20210509
12,2017-12-31,UUU,USD,2018-02-20 00:00:00,2018-02-20 14:50:17,Q3,3555431.0,2487883.0,1067548.0,0.30025839342684474,169521.0,0.0,0.0,0.0,1305554.0,3793437.0,0.0,7704.0,-230302.0,-0.06477470663894194,-238006.0,-0.06694153254556198,-676705.0,-1014796.0,-0.2854213736674963,0.0,-1014796.0,-0.2854213736674963,-0.44,-0.44,2312887.0,2312887.0,https://www.sec.gov/Archives/edgar/data/102109/000114420418009787/0001144204-18-009787-index.html,https://www.sec.gov/Archives/edgar/data/102109/000114420418009787/tv484889_10q.htm,1620599387,18:29:47,20210509
13,2017-09-30,UUU,USD,2017-11-17 00:00:00,2017-11-17 14:42:34,Q2,3582816.0,2424028.0,1158788.0,0.3234293918526656,168701.0,0.0,0.0,0.0,1314502.0,3738530.0,0.0,5851.0,-149863.0,-0.04182827139322812,-155714.0,-0.04346134437269455,9989.0,-167925.0,-0.04686955735376865,0.0,-167925.0,-0.04686955735376865,-0.07,-0.07,2312887.0,2312887.0,https://www.sec.gov/Archives/edgar/data/102109/000114420417059917/0001144204-17-059917-index.html,https://www.sec.gov/Archives/edgar/data/102109/000114420417059917/tv478313_10q.htm,1620599387,18:29:47,20210509
14,2017-06-30,UUU,USD,2017-07-14 00:00:00,2017-07-14 17:08:19,Q1,3318237.0,2336704.0,981533.0,0.29579954656644475,174723.0,0.0,0.0,0.0,1318643.0,3655347.0,0.0,10029.0,-327081.0,-0.09857071691985834,-337110.0,-0.10159310501329472,-188110.0,-543663.0,-0.1638409191386872,0.0,-543663.0,-0.1638409191386872,-0.24,-0.24,2312887.0,2312887.0,https://www.sec.gov/Archives/edgar/data/102109/000114420417036858/0001144204-17-036858-index.html,https://www.sec.gov/Archives/edgar/data/102109/000114420417036858/v470477_10k.htm,1620599387,18:29:47,20210509
15,2017-03-31,UUU,USD,2017-07-14,2017-07-14 17:08:19,Q4,3513484.0,2723276.0,790208.0,0.2249072430669956,162887.0,0.0,0.0,0.0,1329637.0,4052913.0,0.0,7937.0,-531492.0,-0.15127207068539375,-539429.0,-0.15353108196878085,-501793.0,-1055351.0,-0.30037165389112347,0.0,-1055351.0,-0.30037165389112347,-0.4562916389776068,-0.4562916389776068,2312887.0,2312887.0,https://www.sec.gov/Archives/edgar/data/102109/000114420417036858/v470477_10k.htm,https://www.sec.gov/Archives/edgar/data/102109/000114420417036858/v470477_10k.htm,1620599387,18:29:47,20210509
16,2016-12-31,UUU,USD,2017-02-21 00:00:00,2017-02-21 17:18:02,Q3,3177632.0,2128852.0,1048780.0,0.3300508051278436,199638.0,0.0,0.0,0.0,1208503.0,3337355.0,0.0,6164.0,-153559.0,-0.048324979103936516,-159723.0,-0.05026478837071127,-369745.0,-549806.0,-0.17302381144197942,0.0,-549806.0,-0.17302381144197942,-0.24,-0.24,2312887.0,2312887.0,https://www.sec.gov/Archives/edgar/data/102109/000114420417010218/0001144204-17-010218-index.html,https://www.sec.gov/Archives/edgar/data/102109/000114420417010218/v457105_10q.htm,1620599387,18:29:47,20210509
17,2016-09-30,UUU,USD,2016-10-12 00:00:00,2016-10-12 17:01:09,Q2,4213705.0,2967089.0,1246616.0,0.29584795328576635,182352.0,0.0,0.0,0.0,1337247.0,4304336.0,0.0,7759.0,-82872.0,-0.01966725245360081,-90631.0,-0.021508624832540485,51114.0,-64066.0,-0.01520419678169212,0.0,-64066.0,-0.01520419678169212,-0.03,-0.03,2312887.0,2312887.0,https://www.sec.gov/Archives/edgar/data/102109/000114420416127865/0001144204-16-127865-index.html,https://www.sec.gov/Archives/edgar/data/102109/000114420416127865/v445758_10q.htm,1620599387,18:29:47,20210509
18,2016-06-30,UUU,USD,2016-10-12,2016-10-12 17:01:09,Q1,3178607.0,2115613.0,1062994.0,0.33442133613875513,137631.0,0.0,0.0,0.0,1251351.0,3366964.0,0.0,7874.0,-180483.0,-0.05678053310774185,-188357.0,-0.05925771886867423,-197086.0,-389679.0,-0.12259426849560201,0.0,-389679.0,-0.12259426849560201,-0.17,-0.17,2312887.0,2312887.0,https://www.sec.gov/Archives/edgar/data/102109/000114420416127865/v445758_10q.htm,https://www.sec.gov/Archives/edgar/data/102109/000114420416127865/v445758_10q.htm,1620599387,18:29:47,20210509
19,2016-03-31,UUU,USD,2016-09-28,2016-09-28 15:52:10,Q4,3413218.0,2509239.0,903979.0,0.2648465465727651,170207.0,0.0,0.0,0.0,1191253.0,3700492.0,0.0,9383.0,-277891.0,-0.08141612988095105,-287274.0,-0.08416514854896465,-478316.0,-775240.0,-0.22712876821814487,0.0,-775240.0,-0.22712876821814487,-0.33518282562010165,-0.33518282562010165,2312887.0,2312887.0,https://www.sec.gov/Archives/edgar/data/102109/000114420416125749/v442952_10k.htm,https://www.sec.gov/Archives/edgar/data/102109/000114420416125749/v442952_10k.htm,1620599387,18:29:47,20210509
20,2015-12-31,UUU,USD,2016-02-18 00:00:00,2016-02-18 14:39:53,Q3,4112908.0,2804540.0,1308368.0,0.3181126346614123,147640.0,0.0,0.0,0.0,1289308.0,4093848.0,0.0,9382.0,28442.0,0.006915301776747741,19060.0,0.004634190699135502,-186097.0,-174172.0,-0.042347652804293215,0.0,-174172.0,-0.042347652804293215,-0.08,-0.08,2312887.0,2312887.0,https://www.sec.gov/Archives/edgar/data/102109/000114420416083207/0001144204-16-083207-index.html,https://www.sec.gov/Archives/edgar/data/102109/000114420416083207/v430090_10q.htm,1620599387,18:29:47,20210509
21,2015-09-30,UUU,USD,2015-12-02 00:00:00,2015-12-02 10:24:54,Q2,3278225.0,2593568.0,684657.0,0.2088499111561897,147128.0,0.0,0.0,0.0,1300958.0,3894526.0,0.0,9384.0,-606917.0,-0.18513585858200704,-616301.0,-0.187998383271435,209700.0,-411302.0,-0.12546484759282844,0.0,-411302.0,-0.12546484759282844,-0.18,-0.18,2312887.0,2312887.0,https://www.sec.gov/Archives/edgar/data/102109/000114420415068931/0001144204-15-068931-index.html,https://www.sec.gov/Archives/edgar/data/102109/000114420415068931/v423241_10q.htm,1620599387,18:29:47,20210509
22,2015-06-30,UUU,USD,2015-08-25 00:00:00,2015-08-25 17:28:46,Q1,2936490.0,2054063.0,882427.0,0.3005040030785053,200303.0,0.0,0.0,0.0,1364089.0,3418152.0,0.0,9385.0,-472277.0,-0.16083044723462364,-481662.0,-0.16402643972906428,-287133.0,-777077.0,-0.2646278379970645,0.0,-777077.0,-0.2646278379970645,-0.34,-0.34,2312887.0,2312887.0,https://www.sec.gov/Archives/edgar/data/102109/000114420415051819/0001144204-15-051819-index.html,https://www.sec.gov/Archives/edgar/data/102109/000114420415051819/v412993_10k.htm,1620599387,18:29:47,20210509
23,2015-03-31,UUU,USD,2015-08-25,2015-08-25 17:28:46,Q4,2782210.0,1941439.0,840771.0,0.30219537705636884,204181.0,0.0,0.0,0.0,1080746.0,3022185.0,0.0,11072.0,-228903.0,-0.0822738039184677,-239975.0,-0.08625337411626009,-793090.0,-1033190.0,-0.3713558645824722,-25000.0,-1008190.0,-0.36237020210552046,-0.4359011054150073,-0.4359011054150073,2312887.0,2312887.0,https://www.sec.gov/Archives/edgar/data/102109/000114420415051819/v412993_10k.htm,https://www.sec.gov/Archives/edgar/data/102109/000114420415051819/v412993_10k.htm,1620599387,18:29:47,20210509
24,2014-12-31,UUU,USD,2015-02-17,2015-02-17 13:23:47,Q3,2371016.0,1988681.0,382335.0,0.16125365666026717,150651.0,0.0,0.0,0.0,1142935.0,3131616.0,0.0,11523.0,-749077.0,-0.31593080772124693,-760600.0,-0.3207907496195724,-245092.0,-999734.0,-0.4216479348937333,0.0,-999734.0,-0.4216479348937333,-0.43,-0.43,2312887.0,2312887.0,https://www.sec.gov/Archives/edgar/data/102109/000114420415009808/v400015_10q.htm,https://www.sec.gov/Archives/edgar/data/102109/000114420415009808/v400015_10q.htm,1620599387,18:29:47,20210509
25,2014-09-30,UUU,USD,2014-11-19 00:00:00,2014-11-19 09:01:01,Q2,2223943.0,1730427.0,493516.0,0.22191036370986128,259982.0,0.0,0.0,0.0,1379226.0,3109653.0,0.0,11735.0,-873975.0,-0.39298444249695247,-885710.0,-0.3982611065121723,-77850.0,-954212.0,-0.4290631549459676,0.0,-954212.0,-0.4290631549459676,-0.41,-0.41,2312887.0,2312887.0,https://www.sec.gov/Archives/edgar/data/102109/000114420414069628/0001144204-14-069628-index.html,https://www.sec.gov/Archives/edgar/data/102109/000114420414069628/v393534_10q.htm,1620599387,18:29:47,20210509
26,2014-06-30,UUU,USD,2014-08-04 00:00:00,2014-08-04 06:18:08,Q1,2514385.0,1902897.0,611488.0,0.24319585107292638,161964.0,0.0,0.0,0.0,1349455.0,3252352.0,0.0,11737.0,-726230.0,-0.2888300717670524,-737967.0,-0.29349801243644075,-12527.0,-742849.0,-0.29543964030965825,0.0,-742849.0,-0.29543964030965825,-0.32,-0.32,2312887.0,2312887.0,https://www.sec.gov/Archives/edgar/data/102109/000114420414046584/0001144204-14-046584-index.html,https://www.sec.gov/Archives/edgar/data/102109/000114420414046584/v381546_10k.htm,1620599387,18:29:47,20210509
27,2014-03-31,UUU,USD,2014-08-04,2014-08-04 06:18:08,Q4,2636933.0,2479898.0,157035.0,0.05955213879154305,224959.0,0.0,0.0,0.0,1277672.0,3757570.0,0.0,13485.0,-1107152.0,-0.4198635308519405,-1120637.0,-0.42497742642683756,-389310.0,-1504305.0,-0.5704752452944386,0.0,-1504305.0,-0.5704752452944386,-0.6504014247129237,-0.6504014247129237,2312887.0,2312887.0,https://www.sec.gov/Archives/edgar/data/102109/000114420414046584/v381546_10k.htm,https://www.sec.gov/Archives/edgar/data/102109/000114420414046584/v381546_10k.htm,1620599387,18:29:47,20210509
28,2013-12-31,UUU,USD,2014-02-13,2014-02-13 12:39:03,Q3,3738914.0,2613444.0,1125470.0,0.30101521457835084,146385.0,0.0,0.0,0.0,1223456.0,3836900.0,0.0,10139.0,-87847.0,-0.023495325113121083,-97986.0,-0.02620707510255652,-275057.0,-367191.0,-0.09820792882639183,0.0,-367191.0,-0.09820792882639183,-0.16,-0.16,2287887.0,2287887.0,https://www.sec.gov/Archives/edgar/data/102109/000114420414008385/v366462_10q.htm,https://www.sec.gov/Archives/edgar/data/102109/000114420414008385/v366462_10q.htm,1620599387,18:29:47,20210509
29,2013-09-30,UUU,USD,2013-11-14 00:00:00,2013-11-14 11:01:17,Q2,3195611.0,2386456.0,809155.0,0.25320822841077967,94508.0,0.0,0.0,0.0,1126254.0,3512710.0,0.0,10179.0,-306920.0,-0.09604423066512163,-317099.0,-0.09922953701185783,232379.0,-79317.0,-0.024820605511747206,2479901.0,-2559218.0,-0.8008540463779853,-1.12,-1.12,2287887.0,2287887.0,https://www.sec.gov/Archives/edgar/data/102109/000114420413061453/0001144204-13-061453-index.html,https://www.sec.gov/Archives/edgar/data/102109/000114420413061453/v358647_10q.htm,1620599387,18:29:47,20210509
30,2013-06-30,UUU,USD,2013-08-16 00:00:00,2013-08-16 16:56:12,Q1,3005669.0,2256345.0,749324.0,0.2493035660280623,126636.0,0.0,0.0,0.0,1216380.0,3472725.0,0.0,10140.0,-456916.0,-0.15201806985399924,-467056.0,-0.15539169482734128,272041.0,-188596.0,-0.06274676286710214,-169066.0,-19530.0,-0.006497721472324464,-0.01,-0.01,2287887.0,2287887.0,https://www.sec.gov/Archives/edgar/data/102109/000114420413046606/0001144204-13-046606-index.html,https://www.sec.gov/Archives/edgar/data/102109/000114420413046606/v351464_10q.htm,1620599387,18:29:47,20210509
31,2013-03-31,UUU,USD,2013-06-27 00:00:00,2013-06-27 13:37:55,Q4,4113976.0,2951313.0,1162663.0,0.28261297586568324,169383.0,0.0,0.0,0.0,1286128.0,4237441.0,0.0,6644.0,-116821.0,-0.028396130653168615,-123465.0,-0.03001111333658728,260312.0,207309.0,0.05039139751909102,38112.0,169197.0,0.04112736681011265,0.0739533901805465,0.0739533901805465,2287887.0,2287887.0,https://www.sec.gov/Archives/edgar/data/102109/000114420413036855/0001144204-13-036855-index.html,https://www.sec.gov/Archives/edgar/data/102109/000114420413036855/v345934_10k.htm,1620599387,18:29:47,20210509
32,2012-12-31,UUU,USD,2013-02-13 00:00:00,2013-02-13 12:38:47,Q3,4753736.0,3726676.0,1027060.0,0.216053226346604,124063.0,0.0,0.0,0.0,1414713.0,5141389.0,0.0,9896.0,-377757.0,-0.0794652879335327,-387653.0,-0.08154701901830476,589426.0,206893.0,0.04352218970510773,183636.0,23257.0,0.004892362554420355,0.010065037357097848,0.010049093952568726,2310672.0,2314338.0,https://www.sec.gov/Archives/edgar/data/102109/000114420413008079/0001144204-13-008079-index.html,https://www.sec.gov/Archives/edgar/data/102109/000114420413008079/v331533_10q.htm,1620599387,18:29:47,20210509
33,2012-09-30,UUU,USD,2012-11-14 00:00:00,2012-11-14 10:06:49,Q2,3456813.0,2283481.0,1173332.0,0.3394259394419079,123549.0,0.0,0.0,0.0,1366460.0,3649941.0,0.0,10024.0,-183104.0,-0.0529690208871582,-193128.0,-0.05586880169682305,-16433.0,-204356.0,-0.059116880201503526,13837.0,-218193.0,-0.06311970013998443,-0.09,-0.09,2314714.0,2314714.0,https://www.sec.gov/Archives/edgar/data/102109/000114420412062000/0001144204-12-062000-index.html,https://www.sec.gov/Archives/edgar/data/102109/000114420412062000/v326097_10q.htm,1620599387,18:29:47,20210509
34,2012-06-30,UUU,USD,2012-08-13 00:00:00,2012-08-13 11:23:36,Q1,3059352.0,2081007.0,978345.0,0.31978830811230613,126146.0,0.0,0.0,0.0,1486070.0,3567077.0,0.0,13738.0,-493987.0,-0.1614678533231874,-507725.0,-0.16595834673486412,-46254.0,-544332.0,-0.17792395252327944,-181744.0,-362588.0,-0.11851790836752359,-0.16,-0.16,2326662.0,2326662.0,https://www.sec.gov/Archives/edgar/data/102109/000114420412044690/0001144204-12-044690-index.html,https://www.sec.gov/Archives/edgar/data/102109/000114420412044690/v319358_10q.htm,1620599387,18:29:47,20210509
35,2012-03-31,UUU,USD,2012-06-28,2012-06-28 14:27:56,Q4,3609589.0,2790515.0,819074.0,0.22691613920587636,137095.0,0.0,0.0,0.0,1307149.0,4097664.0,0.0,8422.0,-479653.0,-0.13288299582029978,-488075.0,-0.13521622544838208,-25612.0,-501188.0,-0.13884904901915426,-240034.0,-261154.0,-0.07235006533984895,-0.11224406467290908,-0.11224406467290908,2326662.0,2326662.0,https://www.sec.gov/Archives/edgar/data/102109/000114420412036899/v314940_10k.htm,https://www.sec.gov/Archives/edgar/data/102109/000114420412036899/v314940_10k.htm,1620599387,18:29:47,20210509
36,2011-12-31,UUU,USD,2012-02-13 00:00:00,2012-02-13 10:01:33,Q3,3186197.0,2367670.0,818527.0,0.25689780010463886,139332.0,0.0,0.0,0.0,1174863.0,3542533.0,0.0,11899.0,-344437.0,-0.10810285741904847,-356336.0,-0.11183740365081005,284440.0,-49228.0,-0.015450394310207435,-116454.0,67226.0,0.021099134799260687,0.02827935761697216,0.028209557914861065,2377211.0,2383093.0,https://www.sec.gov/Archives/edgar/data/102109/000114420412007498/0001144204-12-007498-index.html,https://www.sec.gov/Archives/edgar/data/102109/000114420412007498/v300017_10q.htm,1620599387,18:29:47,20210509
37,2011-09-30,UUU,USD,2011-11-14 00:00:00,2011-11-14 07:21:53,Q2,3307514.0,2306855.0,1000659.0,0.30254112303077174,151773.0,0.0,0.0,0.0,1234611.0,3541466.0,0.0,9907.0,-224045.0,-0.0677381864445623,-233952.0,-0.07073348744706749,2485.0,-215626.0,-0.06519277015909834,94315.0,-309941.0,-0.0937081445460246,-0.13,-0.13,2387887.0,2387887.0,https://www.sec.gov/Archives/edgar/data/102109/000114420411063405/0001144204-11-063405-index.html,https://www.sec.gov/Archives/edgar/data/102109/000114420411063405/v238977_10q.htm,1620599387,18:29:47,20210509
38,2011-06-30,UUU,USD,2011-08-15 00:00:00,2011-08-15 12:35:33,Q1,3201302.0,2328364.0,872938.0,0.2726821774390545,142753.0,0.0,0.0,0.0,1244148.0,3572512.0,4480.0,11294.0,-359916.0,-0.1124280058551177,-371210.0,-0.11595594542470532,239189.0,-126847.0,-0.039623565661721386,-127428.0,581.0,0.00018148865680276338,0.00024331134597240154,0.00024244417107461606,2387887.0,2396428.0,https://www.sec.gov/Archives/edgar/data/102109/000114420411046797/0001144204-11-046797-index.html,https://www.sec.gov/Archives/edgar/data/102109/000114420411046797/v232050_10q.htm,1620599387,18:29:47,20210509
39,2011-03-31,UUU,USD,2011-06-28 00:00:00,2011-06-28 11:03:28,Q4,3378294.0,3669845.0,834779.0,0.24710075558847158,112120.0,0.0,0.0,0.0,1138662.0,4808507.0,-13.0,17597.0,-1412616.0,-0.4181447795840149,-1430213.0,-0.4233536216800551,0.0,201752.0,0.05972008356880722,-46241.0,247993.0,0.07340776143224953,0.10385457938336277,0.10385457938336277,2387887.0,2387887.0,https://www.sec.gov/Archives/edgar/data/102109/000114420411037844/0001144204-11-037844-index.html,https://www.sec.gov/Archives/edgar/data/102109/000114420411037844/v227146_10k.htm,1620599387,18:29:47,20210509
40,2010-12-31,UUU,USD,2011-02-11,2011-02-11 15:39:30,Q3,2475511.0,1723931.0,751580.0,0.30360600296262064,181986.0,0.0,0.0,0.0,1243922.0,2967853.0,0.0,18521.0,-473821.0,-0.19140331026604204,-492342.0,-0.1988849978852851,0.0,-55801.0,-0.022541204624015,-75346.0,19545.0,0.007895339588472845,0.008185060683357295,0.008157805218574503,2387887.0,2395865.0,https://www.sec.gov/Archives/edgar/data/102109/000114420411007742/v210994_10q.htm,https://www.sec.gov/Archives/edgar/data/102109/000114420411007742/v210994_10q.htm,1620599387,18:29:47,20210509
41,2010-09-30,UUU,USD,2010-11-12 00:00:00,2010-11-12 06:43:18,Q2,3714378.0,2650234.0,1064144.0,0.28649318943844704,154430.0,0.0,0.0,0.0,1233311.0,3883545.0,2050.0,11151.0,-158016.0,-0.04254171223284221,-169167.0,-0.04554382994945587,0.0,325525.0,0.08763916865757874,57149.0,268376.0,0.07225328170692374,0.11239057794610884,0.11206848314020253,2387887.0,2394750.0,https://www.sec.gov/Archives/edgar/data/102109/000114420410059254/0001144204-10-059254-index.html,https://www.sec.gov/Archives/edgar/data/102109/000114420410059254/v201948_10q.htm,1620599387,18:29:47,20210509
42,2010-06-30,UUU,USD,2010-08-13 00:00:00,2010-08-13 09:52:12,Q1,3681421.0,2570179.0,1111242.0,0.3018513774979824,167103.0,0.0,0.0,0.0,1374985.0,3945164.0,7064.0,13756.0,-249987.0,-0.06790502906350564,-263743.0,-0.07164162968592834,0.0,199442.0,0.05417527634030447,-82425.0,281867.0,0.07656472867406362,0.11804034278003943,0.11767365471451091,2387887.0,2395328.0,https://www.sec.gov/Archives/edgar/data/102109/000114420410043418/0001144204-10-043418-index.html,https://www.sec.gov/Archives/edgar/data/102109/000114420410043418/v193641_10q.htm,1620599387,18:29:47,20210509
43,2010-03-31,UUU,USD,2010-06-23 00:00:00,2010-06-23 10:22:44,Q4,6301918.0,6256512.0,1195105.0,0.1896414710569068,245277.0,0.0,0.0,0.0,1123382.0,7379894.0,9261.0,18344.0,-1059632.0,-0.16814436493778562,-1077976.0,-0.1710552247744258,0.0,450850.0,0.0715417115868534,-17373.0,468223.0,0.07429849134818955,0.19608256169575863,0.19608256169575863,2387887.0,2387887.0,https://www.sec.gov/Archives/edgar/data/102109/000114420410034617/0001144204-10-034617-index.html,https://www.sec.gov/Archives/edgar/data/102109/000114420410034617/v188826_10k.htm,1620599387,18:29:47,20210509
44,2009-12-31,UUU,USD,2010-02-16 00:00:00,2010-02-16 06:13:49,Q3,6321490.0,5002489.0,1319001.0,0.20865349783041656,126713.0,0.0,0.0,0.0,1441920.0,6444409.0,27444.0,14185.0,-108734.0,-0.017200691609098488,-122919.0,-0.019444624605907783,0.0,517686.0,0.08189303471175309,254196.0,263490.0,0.04168162885648795,0.11034441747034093,0.11000746910175806,2387887.0,2395201.0,https://www.sec.gov/Archives/edgar/data/102109/000114420410007640/0001144204-10-007640-index.html,https://www.sec.gov/Archives/edgar/data/102109/000114420410007640/v174339_10q.htm,1620599387,18:29:47,20210509
45,2009-09-30,UUU,USD,2009-11-12 00:00:00,2009-11-12 07:37:44,Q2,7900805.0,6253133.0,1647672.0,0.2085448254956299,221547.0,0.0,0.0,0.0,1556854.0,7809987.0,36104.0,9685.0,100503.0,0.012720602520882366,90818.0,0.011494778063754263,0.0,949572.0,0.12018674046505387,24702.0,924870.0,0.1170602236101258,0.3873173228046386,0.3863260615852706,2387887.0,2394014.0,https://www.sec.gov/Archives/edgar/data/102109/000114420409058084/0001144204-09-058084-index.html,https://www.sec.gov/Archives/edgar/data/102109/000114420409058084/v165608_10q.htm,1620599387,18:29:47,20210509
46,2009-06-30,UUU,USD,2009-08-12 00:00:00,2009-08-12 16:47:20,Q1,5914905.0,4745071.0,1169834.0,0.19777731003287458,119151.0,0.0,0.0,0.0,1322229.0,6067300.0,5642.0,14147.0,-138248.0,-0.023372818329288468,-152395.0,-0.025764572719257535,721107.0,567221.0,0.09589689098979612,-44244.0,611465.0,0.10337697731409042,0.25294973230884554,0.2524233408562409,2417338.0,2422379.0,https://www.sec.gov/Archives/edgar/data/102109/000114420409042391/0001144204-09-042391-index.html,https://www.sec.gov/Archives/edgar/data/102109/000114420409042391/v157522_10q.htm,1620599387,18:29:47,20210509
47,2009-03-31,UUU,USD,2009-06-23 00:00:00,2009-06-23 11:35:51,Q4,5928367.0,4634521.0,1293846.0,0.21824660990117514,156700.0,0.0,0.0,0.0,1382984.0,6017505.0,0.0,15274.0,-73864.0,-0.012459417576543423,-89138.0,-0.015035843766082633,0.0,85328.0,0.014393171003077238,48945.0,78150.0,0.013182382264795685,0.03232895027505463,0.03232895027505463,2417338.0,2417338.0,https://www.sec.gov/Archives/edgar/data/102109/000114420409033903/0001144204-09-033903-index.html,https://www.sec.gov/Archives/edgar/data/102109/000114420409033903/v153045_10k.htm,1620599387,18:29:47,20210509
48,2008-12-31,UUU,USD,2009-02-12 00:00:00,2009-02-12 15:36:42,Q3,5595049.0,4257264.0,1337785.0,0.23910156997731388,107632.0,0.0,0.0,0.0,1285408.0,5542672.0,0.0,11311.0,63688.0,0.011382920864500025,52377.0,0.009361312117195042,458745.0,504155.0,0.09010734311710228,211642.0,292513.0,0.052280686013652426,0.12,0.12,2467028.0,2467028.0,https://www.sec.gov/Archives/edgar/data/102109/000114420409007437/0001144204-09-007437-index.html,https://www.sec.gov/Archives/edgar/data/102109/000114420409007437/v139837_10q.htm,1620599387,18:29:47,20210509
49,2008-09-30,UUU,USD,2008-11-13 00:00:00,2008-11-13 15:20:25,Q2,8381379.0,6490106.0,1891273.0,0.2256517692374966,85184.0,0.0,0.0,0.0,1734474.0,8224580.0,0.0,11313.0,168112.0,0.020057797171563294,156799.0,0.018708019288949943,600190.0,753730.0,0.08992911548326356,97429.0,4091214.0,0.48813136835835724,1.64,1.64,2486176.0,2486176.0,https://www.sec.gov/Archives/edgar/data/102109/000114420408063343/0001144204-08-063343-index.html,https://www.sec.gov/Archives/edgar/data/102109/000114420408063343/v131982_10q.htm,1620599387,18:29:47,20210509
50,2008-06-30,UUU,USD,2008-07-08 00:00:00,2008-07-08 16:02:08,Q1,6192801.0,4615735.0,1577066.0,0.2546611783585489,86234.0,0.0,0.0,0.0,1330168.0,5945903.0,0.0,11312.0,258210.0,0.041695187686476606,246898.0,0.03986855059608729,292772.0,558505.0,0.09018616939249299,101366.0,403480.0,0.06515307047650974,0.16,0.16,2487867.0,2487867.0,https://www.sec.gov/Archives/edgar/data/102109/000114420408039010/0001144204-08-039010-index.html,https://www.sec.gov/Archives/edgar/data/102109/000114420408039010/v119379_10k.htm,1620599387,18:29:47,20210509
51,2008-03-31,UUU,USD,2008-07-08,2008-07-08 16:02:08,Q4,-1883471.0,-2411590.0,528119.0,-0.28039667188929374,109699.0,0.0,0.0,0.0,-2295755.0,-4707345.0,0.0,-192588.0,2631286.0,-1.3970408888695394,2823874.0,-1.499292529590315,2179869.0,3180648.0,-1.6887162053464055,-170748.0,-5042267.0,2.6771142215622117,-2.026742989074577,-2.026742989074577,2487867.0,2487867.0,https://www.sec.gov/Archives/edgar/data/102109/000114420408039010/v119379_10k.htm,https://www.sec.gov/Archives/edgar/data/102109/000114420408039010/v119379_10k.htm,1620599387,18:29:47,20210509
52,2007-12-31,UUU,USD,2008-02-13,2008-02-13 12:13:08,Q3,9120408.0,6795273.0,2325135.0,0.25493760805437654,94143.0,0.0,0.0,0.0,4420770.0,11216043.0,0.0,90440.0,-2005195.0,-0.21985803705272836,-2095635.0,-0.22977426009889032,-1248946.0,-1490682.0,-0.16344466168618774,145107.0,-1635789.0,-0.17935480517976826,-0.66,-0.66,2489132.0,2489132.0,https://www.sec.gov/Archives/edgar/data/102109/000114420408008264/v103292_10q.htm,https://www.sec.gov/Archives/edgar/data/102109/000114420408008264/v103292_10q.htm,1620599387,18:29:47,20210509
53,2007-09-30,UUU,USD,2007-11-14 00:00:00,2007-11-14 16:08:19,Q2,13678994.0,11744753.0,1934241.0,0.14140228440775687,90778.0,0.0,0.0,0.0,1992412.0,13737165.0,0.0,72306.0,14135.0,0.0010333362234094116,-58171.0,-0.00425257880806147,497336.0,426130.0,0.031152144667948536,108000.0,318130.0,0.023256827219896435,0.1280920275164529,0.1264672454485427,2483605.0,2515513.0,https://www.sec.gov/Archives/edgar/data/102109/000114420407061460/0001144204-07-061460-index.html,https://www.sec.gov/Archives/edgar/data/102109/000114420407061460/v094214_10q.htm,1620599387,18:29:47,20210509
54,2007-06-30,UUU,USD,2007-07-13 00:00:00,2007-07-13 15:27:29,Q1,12955431.0,9877428.0,3078003.0,0.23758399083751053,69890.0,0.0,0.0,0.0,2366747.0,12244175.0,0.0,76345.0,787601.0,0.06079311448611783,711256.0,0.05490021906642859,557585.0,1220878.0,0.0942367722077328,429876.0,791002.0,0.06105562987445188,0.32,0.31,2479979.0,2533733.0,https://www.sec.gov/Archives/edgar/data/102109/000114420407036503/0001144204-07-036503-index.html,https://www.sec.gov/Archives/edgar/data/102109/000114420407036503/v080850_10k.htm,1620599387,18:29:47,20210509
55,2007-03-31,UUU,USD,2007-07-13,2007-07-13 15:27:29,Q4,11168233.0,8667839.0,2500394.0,0.22388447662221947,72995.0,0.0,0.0,0.0,1864632.0,10532471.0,0.0,42434.0,678196.0,0.060725452271635096,635762.0,0.05692592552465551,669473.0,2178987.0,0.19510579695104857,446075.0,833996.0,0.07467573429028566,0.33629155730754173,0.33629155730754173,2479979.0,2479979.0,https://www.sec.gov/Archives/edgar/data/102109/000114420407036503/v080850_10k.htm,https://www.sec.gov/Archives/edgar/data/102109/000114420407036503/v080850_10k.htm,1620599387,18:29:47,20210509
56,2006-12-31,UUU,USD,2007-02-14,2007-02-14 09:55:08,Q3,8620893.0,5825551.0,2795342.0,0.32425202354326865,85599.0,0.0,0.0,0.0,2035551.0,7861102.0,0.0,102340.0,862131.0,0.10000483708590281,759791.0,0.08813367710282449,977191.0,1688460.0,0.1958567401312138,-731.0,1712883.0,0.19868974130638206,0.71,0.68,2417972.0,2514536.0,https://www.sec.gov/Archives/edgar/data/102109/000114420407007504/v065741_10q.htm,https://www.sec.gov/Archives/edgar/data/102109/000114420407007504/v065741_10q.htm,1620599387,18:29:47,20210509
57,2006-09-30,UUU,USD,2006-11-14,2006-11-14 12:02:08,Q2,8018088.0,5410166.0,2607922.0,0.3252548487868928,85628.0,0.0,0.0,0.0,1817272.0,7227438.0,0.0,2986.0,793636.0,0.09898070462683872,790650.0,0.09860829664129403,1116530.0,1926159.0,0.24022672238069726,509955.0,1416204.0,0.17662614827874176,0.59,0.57,2412340.0,2490647.0,https://www.sec.gov/Archives/edgar/data/102109/000114420406047132/v057406_10q.htm,https://www.sec.gov/Archives/edgar/data/102109/000114420406047132/v057406_10q.htm,1620599387,18:29:47,20210509
58,2006-06-30,UUU,USD,2006-06-30,2006-06-30,Q1,8038437.0,5257920.0,2780517.0,0.34590269227711806,52312.0,0.0,0.0,0.0,1899125.0,7157045.0,0.0,3212.0,884604.0,0.11004676655424431,881392.0,0.10964718638710486,1052979.0,1943468.0,0.24177187679644688,366000.0,1577468.0,0.19624063732787855,0.682517,0.622516,2309543.0,2534308.0,,,1620599387,18:29:47,20210509
59,2006-03-31,UUU,USD,2006-03-31,2006-03-31,Q4,7497594.0,4917534.0,2580060.0,0.34411839318053233,87569.0,0.0,0.0,0.0,1600056.0,6517590.0,0.0,7447.0,987451.0,0.13170238345794663,980004.0,0.1307091314893818,333268.0,1321101.0,0.17620332602698946,230023.0,1091078.0,0.1455237506858867,0.47242160029062025,0.47242160029062025,2309543.0,2309543.0,,,1620599387,18:29:47,20210509
60,2005-12-31,UUU,USD,2005-12-31,2005-12-31,Q3,7353597.0,4804297.0,2549300.0,0.3466738794633429,57492.0,0.0,0.0,0.0,1732824.0,6537121.0,0.0,7073.0,823549.0,0.11199267514931809,816476.0,0.1110308329379486,525021.0,1317714.0,0.17919312140711546,-139095.0,1456809.0,0.19810835431966153,0.652516,0.600015,2231274.0,2436075.0,,,1620599387,18:29:47,20210509
61,2005-09-30,UUU,USD,2005-11-14,2005-11-14,Q2,7119100.0,4840262.0,2278838.0,0.32010197918276184,49636.0,0.0,0.0,0.0,1750445.0,6590707.0,0.0,6907.0,535300.0,0.07519208888764028,528393.0,0.0742218819794637,549405.0,1062695.0,0.1492737846076049,-100000.0,1162695.0,0.16332050399629167,0.517513,0.480012,2231274.0,2433188.0,https://www.sec.gov/Archives/edgar/data/102109/000114420405035392/0001144204-05-035392-index.htm,https://www.sec.gov/Archives/edgar/data/102109/000114420405035392/v029261-10q.txt,1620599387,18:29:47,20210509
62,2005-06-30,UUU,USD,2005-08-12,2005-08-12,Q1,6923810.0,4874856.0,2048954.0,0.2959286866624012,52178.0,0.0,0.0,0.0,1940238.0,6815094.0,0.0,6911.0,115627.0,0.016699909442922323,108716.0,0.01570175958034666,701900.0,100442.0,0.014506752784955104,-87428.0,889770.0,0.1285087256871578,0.40501,0.375009,2203978.0,2384511.0,https://www.sec.gov/Archives/edgar/data/102109/000114420405024856/0001144204-05-024856-index.htm,https://www.sec.gov/Archives/edgar/data/102109/000114420405024856/v023547_10q.txt,1620599387,18:29:47,20210509
63,2005-03-31,UUU,USD,2005-03-31,2005-03-31,Q4,6119296.0,4231787.0,1887509.0,0.30845198532641666,70203.0,0.0,0.0,0.0,1734920.0,5966707.0,0.0,17748.0,170337.0,0.027836045192126676,152589.0,0.02493571155897672,441222.0,0.0,0.0,0.0,846670.0,0.13836068724245404,0.38415537723153315,0.38415537723153315,2203978.0,2203978.0,,,1620599387,18:29:47,20210509
64,2004-12-31,UUU,USD,2005-02-14 00:00:00,2005-02-14 17:27:00,Q3,5849144.0,4023316.0,1825828.0,0.3121530261522028,61116.0,0.0,0.0,0.0,1764942.0,5788258.0,0.0,3937.0,64823.0,0.01108247634183737,60886.0,0.01040938639910387,758472.0,0.0,0.0,0.0,793569.0,0.13567267278767628,0.367509,0.337508,2162055.0,2370442.0,https://www.sec.gov/Archives/edgar/data/102109/000114420405004712/0001144204-05-004712-index.html,https://www.sec.gov/Archives/edgar/data/102109/000114420405004712/v012897_10-q.txt,1620599387,18:29:47,20210509
65,2004-09-30,UUU,USD,2004-11-15 00:00:00,2004-11-15 15:04:30,Q2,6622221.0,4500443.0,2121778.0,0.3204027772555461,79995.0,0.0,0.0,0.0,1721119.0,6221562.0,0.0,4268.0,404927.0,0.06114670591633834,400659.0,0.06050220915309229,661860.0,0.0,0.0,0.0,1043836.0,0.1576262707028352,0.495012,0.442511,2106812.0,2343938.0,https://www.sec.gov/Archives/edgar/data/102109/000114420404018958/0001144204-04-018958-index.html,https://www.sec.gov/Archives/edgar/data/102109/000114420404018958/v08729_10q.txt,1620599387,18:29:47,20210509
66,2004-06-30,UUU,USD,2004-07-14 00:00:00,2004-07-14 13:25:43,Q1,4874782.0,3390069.0,1484713.0,0.3045701325720822,66226.0,0.0,0.0,0.0,1247584.0,4637653.0,0.0,8095.0,245224.0,0.050304608493261856,237129.0,0.04864402141470121,541939.0,0.0,0.0,0.0,766297.0,0.15719615769484666,0.367509,0.330008,2086217.0,2342985.0,https://www.sec.gov/Archives/edgar/data/102109/000114420404009977/0001144204-04-009977-index.html,https://www.sec.gov/Archives/edgar/data/102109/000114420404009977/v04539_10k.htm,1620599387,18:29:47,20210509
67,2004-03-31,UUU,USD,2004-03-31,2004-03-31,Q4,3942492.0,2410535.0,1531957.0,0.38857580433898153,71557.0,0.0,0.0,0.0,1614507.0,4025042.0,0.0,8160.0,-74390.0,-0.018868776398278043,-82550.0,-0.0209385332931557,584173.0,0.0,0.0,0.0,484289.0,0.12283829618424083,0.2321374046899244,0.2321374046899244,2086217.0,2086217.0,,,1620599387,18:29:47,20210509
68,2003-12-31,UUU,USD,2004-02-12 00:00:00,2004-02-12 11:03:42,Q3,3838192.0,2607525.0,1230667.0,0.3206371645816572,68130.0,0.0,0.0,0.0,1120772.0,3728297.0,0.0,8045.0,117940.0,0.030728009437776954,109895.0,0.028631970469429356,410781.0,0.0,0.0,0.0,493792.0,0.12865224042986906,0.247512,0.213761,2018933.0,2299435.0,https://www.sec.gov/Archives/edgar/data/102109/000111635404000010/0001116354-04-000010-index.html,https://www.sec.gov/Archives/edgar/data/102109/000111635404000010/usi12310310q.txt,1620599387,18:29:47,20210509
69,2003-09-30,UUU,USD,2003-11-14 00:00:00,2003-11-14 12:56:05,Q2,4988483.0,3412776.0,1575707.0,0.3158689725914672,65860.0,0.0,0.0,0.0,1309720.0,4722496.0,0.0,8473.0,274460.0,0.05501873014301141,265987.0,0.0533202177896567,505122.0,0.0,0.0,0.0,740446.0,0.14843109618695705,0.371269,0.320641,2004509.0,2299476.0,https://www.sec.gov/Archives/edgar/data/102109/000111635403000062/0001116354-03-000062-index.html,https://www.sec.gov/Archives/edgar/data/102109/000111635403000062/usi9300310q.txt,1620599387,18:29:47,20210509
70,2003-06-30,UUU,USD,2003-08-14 00:00:00,2003-08-14 12:42:12,Q1,4431950.0,2971705.0,1460245.0,0.32948137952819867,64617.0,0.0,0.0,0.0,1235947.0,4207652.0,0.0,8540.0,232838.0,0.052536242511761186,224298.0,0.0506093254662169,660910.0,0.0,0.0,0.0,852498.0,0.1923528018140999,0.427521,0.382519,1996387.0,2222450.0,https://www.sec.gov/Archives/edgar/data/102109/000111635403000041/0001116354-03-000041-index.html,https://www.sec.gov/Archives/edgar/data/102109/000111635403000041/usi6300310q.txt,1620599387,18:29:47,20210509
71,2003-03-31,UUU,USD,2003-06-27 00:00:00,2003-06-27 14:07:07,Q4,3859238.0,2544395.0,1314843.0,0.340700158943294,67915.0,0.0,0.0,0.0,1199780.0,3744175.0,0.0,9279.0,124342.0,0.03221931376090306,115063.0,0.02981495310732326,444679.0,0.0,0.0,0.0,519884.0,0.1347115674130489,0.260412435063943,0.260412435063943,1996387.0,1996387.0,https://www.sec.gov/Archives/edgar/data/102109/000010210903000002/0000102109-03-000002-index.html,https://www.sec.gov/Archives/edgar/data/102109/000010210903000002/r10k-33103.txt,1620599387,18:29:47,20210509
72,2002-12-31,UUU,USD,2003-02-14 00:00:00,2003-02-14 10:04:15,Q3,4252447.0,2962846.0,1289601.0,0.30326092247592973,83657.0,0.0,0.0,0.0,1088846.0,4051692.0,0.0,9335.0,210090.0,0.04940449581147043,200755.0,0.047209289145755375,512650.0,0.0,0.0,0.0,673365.0,0.15834765253982003,0.343142,0.30939,1973499.0,2179878.0,https://www.sec.gov/Archives/edgar/data/102109/000010210903000001/0000102109-03-000001-index.html,https://www.sec.gov/Archives/edgar/data/102109/000010210903000001/d10q-123102.txt,1620599387,18:29:47,20210509
73,2002-09-30,UUU,USD,2002-11-14 00:00:00,2002-11-14 16:00:05,Q2,4091272.0,2805125.0,1286147.0,0.31436360134452074,72581.0,954505.0,0.0,0.0,1027086.0,3832211.0,0.0,10375.0,269436.0,0.06585629114857189,259061.0,0.06332040499873878,407400.0,0.0,0.0,0.0,630129.0,0.15401787023693364,0.337517,0.30939,1874048.0,2047899.0,https://www.sec.gov/Archives/edgar/data/102109/000010210902000006/0000102109-02-000006-index.html,https://www.sec.gov/Archives/edgar/data/102109/000010210902000006/d10q-093002.txt,1620599387,18:29:47,20210509
74,2002-06-30,UUU,USD,2002-08-14 00:00:00,2002-08-14 10:27:54,Q1,3750926.0,2667701.0,1083225.0,0.28878868844653294,60400.0,949214.0,0.0,0.0,1009614.0,3677315.0,0.0,9088.0,82699.0,0.022047622373781835,73611.0,0.019624753994080396,540266.0,576940.0,0.15381268518760435,0.0,576940.0,0.15381268518760435,0.320641,0.30939,1803945.0,1880752.0,https://www.sec.gov/Archives/edgar/data/102109/000010210902000005/0000102109-02-000005-index.html,https://www.sec.gov/Archives/edgar/data/102109/000010210902000005/r10q-63002.txt,1620599387,18:29:47,20210509
75,2002-03-31,UUU,USD,2002-06-26 00:00:00,2002-06-26 16:40:01,Q4,2606831.0,1885395.0,721436.0,0.27674828172597304,68010.0,1213661.0,0.0,0.0,1281671.0,3167066.0,0.0,-2696.0,-562931.0,-0.21594457024640262,-560235.0,-0.21491036434659555,731327.0,0.0,0.0,0.0,139290.0,0.053432692798267324,0.07721410575156117,0.07721410575156117,1803945.0,1803945.0,https://www.sec.gov/Archives/edgar/data/102109/000010210902000004/0000102109-02-000004-index.html,https://www.sec.gov/Archives/edgar/data/102109/000010210902000004/r10k-33102.txt,1620599387,18:29:47,20210509
76,2001-12-31,UUU,USD,2002-02-14 00:00:00,2002-02-14 00:00:00,Q3,2965386.0,2175036.0,790350.0,0.2665251673812448,49894.0,800119.0,0.0,0.0,850013.0,3025049.0,0.0,12789.0,-46874.0,-0.015807048391002047,-59663.0,-0.02011980902317607,132044.0,0.0,0.0,0.0,36433.0,0.012286090242551896,0.022029977167624466,0.021574098528013227,1653792.0,1688738.0,https://www.sec.gov/Archives/edgar/data/102109/000010210902000002/0000102109-02-000002-index.html,https://www.sec.gov/Archives/edgar/data/102109/000010210902000002/d10q-123102.txt,1620599387,18:29:47,20210509
77,2001-09-30,UUU,USD,2001-11-19 00:00:00,2001-11-19 00:00:00,Q2,2653482.0,1904898.0,748584.0,0.2821138413601449,55814.0,732341.0,0.0,0.0,788155.0,2693053.0,0.0,9372.0,-30199.0,-0.011380894990054577,-39571.0,-0.014912857897660508,124000.0,0.0,0.0,0.0,23543.0,0.00887249282263833,0.014517195196246975,0.014301317205803384,1621732.0,1646212.0,https://www.sec.gov/Archives/edgar/data/102109/000010210901500024/0000102109-01-500024-index.html,https://www.sec.gov/Archives/edgar/data/102109/000010210901500024/d10q-930.txt,1620599387,18:29:47,20210509
78,2001-06-30,UUU,USD,2001-07-13 00:00:00,2001-07-13 00:00:00,Q1,2255130.0,1702848.0,552282.0,0.244900293996355,49099.0,631726.0,0.0,0.0,680825.0,2383673.0,0.0,11018.0,-117525.0,-0.05211451224541379,-128543.0,-0.057000261625715594,250286.0,0.0,0.0,0.0,62359.0,0.027652064404269375,0.038452099360436864,0.0378683585843711,1621732.0,1646731.0,https://www.sec.gov/Archives/edgar/data/102109/000010210901500019/0000102109-01-500019-index.html,https://www.sec.gov/Archives/edgar/data/102109/000010210901500019/d10k-331_.txt,1620599387,18:29:47,20210509
79,2001-03-31,UUU,USD,2002-02-06,2002-02-06,Q4,1417841.0,1219891.0,197950.0,0.13961368023635937,43353.0,655318.0,0.0,0.0,709662.0,1929553.0,0.0,10991.0,-500721.0,-0.3531573709604956,-511712.0,-0.3609092980101436,-24469.0,0.0,0.0,0.0,-600633.0,-0.42362507502604313,-0.370365140479438,-0.370365140479438,1621732.0,1621732.0,https://www.sec.gov/Archives/edgar/data/102109/000101410002000009/0001014100-02-000009-index.htm,https://www.sec.gov/Archives/edgar/data/102109/000101410002000009/edg0959.txt,1620599387,18:29:47,20210509
80,2000-12-31,UUU,USD,2001-02-20 00:00:00,2001-02-20 00:00:00,Q3,2522377.0,1801190.0,721187.0,0.28591562641111934,48704.0,660115.0,0.0,0.0,719927.0,2521117.0,0.0,11108.0,12368.0,0.0049033114399631775,1260.0,0.000499528817460673,-119561.0,0.0,0.0,0.0,-196270.0,-0.07781152460556055,-0.12102492890317265,-0.11621689636285583,1621732.0,1688825.0,https://www.sec.gov/Archives/edgar/data/102109/000010210901500014/0000102109-01-500014-index.html,https://www.sec.gov/Archives/edgar/data/102109/000010210901500014/dfds-1231.xfd,1620599387,18:29:47,20210509
81,2000-09-30,UUU,USD,2000-11-13 00:00:00,2000-11-13 00:00:00,Q2,1740167.0,1107885.0,632282.0,0.3633455869465402,34151.0,574625.0,0.0,0.0,619607.0,1727492.0,0.0,10831.0,23506.0,0.01350789895452563,12675.0,0.007283783682830441,57834.0,0.0,0.0,0.0,5490.0,0.0031548696188354337,0.0033852695759841946,0.0032507808683552176,1621732.0,1688825.0,https://www.sec.gov/Archives/edgar/data/102109/000010210900000005/0000102109-00-000005-index.html,https://www.sec.gov/Archives/edgar/data/102109/000010210900000005/0000102109-00-000005-0001.txt,1620599387,18:29:47,20210509
82,2000-06-30,UUU,USD,2000-08-09 00:00:00,2000-08-09 00:00:00,Q1,2051116.0,1477792.0,573324.0,0.2795180769883322,50559.0,563323.0,0.0,0.0,626810.0,2104602.0,0.0,12928.0,-40558.0,-0.01977362567499839,-53486.0,-0.026076535895580746,126421.0,0.0,0.0,0.0,32473.0,0.01583186908980282,0.022501,0.016876,1621732.0,1705632.0,https://www.sec.gov/Archives/edgar/data/102109/000010210900000003/0000102109-00-000003-index.html,https://www.sec.gov/Archives/edgar/data/102109/000010210900000003/0000102109-00-000003-0001.txt,1620599387,18:29:47,20210509
83,2000-03-31,UUU,USD,2000-06-29 00:00:00,2000-06-29 00:00:00,Q4,1367530.0,1250578.0,116952.0,0.08552061015114842,91651.0,539368.0,0.0,0.0,662755.0,1913333.0,0.0,0.0,-545803.0,-0.3991159243307277,-545803.0,-0.3991159243307277,627193.0,0.0,0.0,0.0,0.0,0.0,0.0,0.0,1621732.0,1621732.0,https://www.sec.gov/Archives/edgar/data/102109/000010210900000002/0000102109-00-000002-index.html,https://www.sec.gov/Archives/edgar/data/102109/000010210900000002/0000102109-00-000002-0001.txt,1620599387,18:29:47,20210509
84,1999-12-31,UUU,USD,2000-02-14 00:00:00,2000-02-14 00:00:00,Q3,2400000.0,1800000.0,600000.0,0.25,0.0,600000.0,0.0,0.0,600000.0,2400000.0,0.0,10000.0,0.0,0.0,0.0,0.0,0.0,0.0,0.0,0.0,100000.0,0.041666666666666664,0.033752,0.033752,1611510.0,1611510.0,https://www.sec.gov/Archives/edgar/data/102109/000101410000000010/0001014100-00-000010-index.html,https://www.sec.gov/Archives/edgar/data/102109/0001014100-00-000010.txt,1620599387,18:29:47,20210509
85,1999-09-30,UUU,USD,1999-11-15 00:00:00,1999-11-15 00:00:00,Q2,1820000.0,1350000.0,470000.0,0.25824175824175827,50000.0,570000.0,0.0,0.0,1110000.0,2460000.0,-20000.0,0.0,-680000.0,-0.373626,-640000.0,-0.3516483516483517,0.0,-660000.0,-0.3626373626373626,0.0,-660000.0,-0.3626373626373626,-0.4125,-0.4125,1600000.0,1600000.0,https://www.sec.gov/Archives/edgar/data/102109/000101410099000170/0001014100-99-000170-index.html,https://www.sec.gov/Archives/edgar/data/102109/0001014100-99-000170.txt,1620599387,18:29:47,20210509
86,1999-06-30,UUU,USD,1999-07-13 00:00:00,1999-07-13 00:00:00,Q1,2060000.0,1590000.0,470000.0,0.22815533980582525,60000.0,610000.0,0.0,0.0,669999.9999999997,2259999.9999999995,60000.0,10000.0,-190000.0,-0.09223300970873786,-200000.0,-0.0970873786407767,-10000.0,650000.0,0.3155339805825243,0.0,650000.0,0.3155339805825243,0.38012,0.38012,1710000.0,1710000.0,https://www.sec.gov/Archives/edgar/data/102109/000101410099000112/0001014100-99-000112-index.html,https://www.sec.gov/Archives/edgar/data/102109/0001014100-99-000112.txt,1620599387,18:29:47,20210509
87,1999-03-31,UUU,USD,1999-03-31,1999-03-31,Q4,1371628.0,1270737.0,100891.0,0.07355565794807338,29877.0,562020.0,0.0,0.0,491897.0,1762634.0,0.0,241161.0,-149845.0,-0.10924609296398148,-391006.0,-0.2850670881609299,-300242.0,0.0,0.0,0.0,-406552.0,-0.2964010650117962,-0.23774970760233918,-0.23774970760233918,1710000.0,1710000.0,,,1620599387,18:29:47,20210509
88,1998-12-31,UUU,USD,1999-02-12 00:00:00,1999-02-12 00:00:00,Q3,2000000.0,1700000.0,300000.0,0.15,0.0,500000.0,0.0,0.0,500000.0,2200000.0,0.0,0.0,-300000.0,-0.15,-200000.0,-0.1,100000.0,0.0,0.0,0.0,-200000.0,-0.1,-0.21,-0.21,952381.0,952381.0,https://www.sec.gov/Archives/edgar/data/102109/000010210999000001/0000102109-99-000001-index.html,https://www.sec.gov/Archives/edgar/data/102109/0000102109-99-000001.txt,1620599387,18:29:47,20210509
89,1998-09-30,UUU,USD,1998-11-13 00:00:00,1998-11-13 00:00:00,Q2,3000000.0,2700000.0,300000.0,0.1,0.0,500000.0,0.0,0.0,500000.0,3200000.0,0.0,0.0,-400000.0,-0.13333333333333333,-200000.0,-0.06666666666666667,200000.0,0.0,0.0,0.0,-100000.0,-0.03333333333333333,-0.13,-0.13,769231.0,769231.0,https://www.sec.gov/Archives/edgar/data/102109/000010210998000006/0000102109-98-000006-index.html,https://www.sec.gov/Archives/edgar/data/102109/0000102109-98-000006.txt,1620599387,18:29:47,20210509
90,1998-06-30,UUU,USD,1998-08-05 00:00:00,1998-08-05 00:00:00,Q1,2600000.0,2100000.0,500000.0,0.19230769230769232,0.0,500000.0,0.0,0.0,500000.0,2600000.0,0.0,0.0,100000.0,0.038461538461538464,0.0,0.0,-100000.0,0.0,0.0,0.0,-100000.0,-0.038461538461538464,-0.12,-0.12,1442411.0,1442411.0,https://www.sec.gov/Archives/edgar/data/102109/000010210998000003/0000102109-98-000003-index.html,https://www.sec.gov/Archives/edgar/data/102109/0000102109-98-000003.txt,1620599387,18:29:47,20210509
91,1998-03-31,UUU,USD,1998-06-29 00:00:00,1998-06-29 00:00:00,Q4,2566317.0,2093376.0,472941.0,0.1842878334983558,26529.0,592570.0,0.0,0.0,519099.0,2612475.0,0.0,258051.0,211893.0,0.08256696269400857,-46158.0,-0.017986086675964037,-100292.0,0.0,0.0,0.0,-145126.0,-0.05655030146314738,-0.10061348672465753,-0.10061348672465753,1442411.0,1442411.0,https://www.sec.gov/Archives/edgar/data/102109/000010210998000002/0000102109-98-000002-index.html,https://www.sec.gov/Archives/edgar/data/102109/0000102109-98-000002.txt,1620599387,18:29:47,20210509
92,1997-12-31,UUU,USD,1998-02-23 00:00:00,1998-02-23 00:00:00,Q3,2300000.0,2100000.0,200000.0,0.08695652173913043,100000.0,500000.0,0.0,0.0,600000.0,2700000.0,0.0,0.0,-400000.0,-0.17391304347826086,-400000.0,-0.17391304347826086,0.0,0.0,0.0,0.0,-400000.0,-0.17391304347826086,-0.48,-0.48,833333.0,833333.0,https://www.sec.gov/Archives/edgar/data/102109/000010210998000001/0000102109-98-000001-index.html,https://www.sec.gov/Archives/edgar/data/102109/0000102109-98-000001.txt,1620599387,18:29:47,20210509
93,1997-09-30,UUU,USD,1997-11-10 00:00:00,1997-11-10 00:00:00,Q2,3300000.0,2700000.0,600000.0,0.18181818181818182,100000.0,500000.0,0.0,0.0,700000.0,3400000.0,0.0,100000.0,0.0,0.0,-100000.0,-0.030303030303030304,100000.0,0.0,0.0,0.0,0.0,0.0,0.04,0.04,1442410.0,1442410.0,https://www.sec.gov/Archives/edgar/data/102109/000010210997000013/0000102109-97-000013-index.html,https://www.sec.gov/Archives/edgar/data/102109/0000102109-97-000013.txt,1620599387,18:29:47,20210509
94,1997-06-30,UUU,USD,1997-07-11 00:00:00,1997-07-11 00:00:00,Q1,3400000.0,2700000.0,700000.0,0.20588235294117646,100000.0,500000.0,0.0,0.0,600000.0,3300000.0,0.0,0.0,100000.0,0.029411764705882353,100000.0,0.029411764705882353,0.0,0.0,0.0,0.0,0.0,0.0,0.04,0.04,1442410.0,1442410.0,https://www.sec.gov/Archives/edgar/data/102109/000010210997000006/0000102109-97-000006-index.html,https://www.sec.gov/Archives/edgar/data/102109/0000102109-97-000006.txt,1620599387,18:29:47,20210509
95,1997-03-31,UUU,USD,1997-03-31,1997-03-31,Q4,2123149.0,2100896.0,22253.0,0.010481129680488746,50751.0,609962.0,0.0,0.0,560713.0,2661609.0,0.0,265096.0,-273364.0,-0.12875403469092372,-538460.0,-0.25361385376155887,311590.0,0.0,0.0,0.0,-483438.0,-0.2276985741462328,-0.3351599059906684,-0.3351599059906684,1442410.0,1442410.0,,,1620599387,18:29:47,20210509
96,1996-12-31,UUU,USD,1997-02-19 00:00:00,1997-02-19 00:00:00,Q3,3700000.0,3000000.0,700000.0,0.1891891891891892,100000.0,700000.0,0.0,0.0,800000.0,3800000.0,0.0,0.0,0.0,0.0,-100000.0,-0.02702702702702703,-100000.0,0.0,0.0,0.0,-300000.0,-0.08108108108108109,-0.36,-0.36,833333.0,833333.0,https://www.sec.gov/Archives/edgar/data/102109/000010210997000002/0000102109-97-000002-index.html,https://www.sec.gov/Archives/edgar/data/102109/0000102109-97-000002.txt,1620599387,18:29:47,20210509
97,1996-09-30,UUU,USD,1996-11-14 00:00:00,1996-11-14 00:00:00,Q2,5200000.0,4500000.0,700000.0,0.1346153846153846,100000.0,700000.0,0.0,0.0,800000.0,5300000.0,0.0,0.0,-500000.0,-0.09615384615384616,-100000.0,-0.019230769230769232,400000.0,0.0,0.0,0.0,200000.0,0.038461538461538464,0.2,0.2,1000000.0,1000000.0,https://www.sec.gov/Archives/edgar/data/102109/000010210996000015/0000102109-96-000015-index.html,https://www.sec.gov/Archives/edgar/data/102109/0000102109-96-000015.txt,1620599387,18:29:47,20210509
98,1996-06-30,UUU,USD,1996-07-01 00:00:00,1996-07-01 00:00:00,Q1,4300000.0,3500000.0,800000.0,0.18604651162790697,0.0,1100000.0,0.0,0.0,1100000.0,4600000.0,0.0,0.0,100000.0,0.023255813953488372,-300000.0,-0.06976744186046512,-400000.0,0.0,0.0,0.0,-800000.0,-0.18604651162790697,-1.04,-1.04,1442410.0,1442410.0,https://www.sec.gov/Archives/edgar/data/102109/000010210996000010/0000102109-96-000010-index.html,https://www.sec.gov/Archives/edgar/data/102109/0000102109-96-000010.txt,1620599387,18:29:47,20210509
99,1996-03-31,UUU,USD,1996-07-01 00:00:00,1996-07-01 00:00:00,Q4,4207889.0,3869364.0,338525.0,0.08045007841223949,0.0,796740.0,0.0,0.0,816791.0,4686155.0,0.0,381781.0,-96485.0,-0.02292954971008028,-478266.0,-0.11365936696524076,-200307.0,0.0,0.0,0.0,-698817.0,-0.16607305943669143,-0.4844787543070278,-0.4844787543070278,1442410.0,1442410.0,https://www.sec.gov/Archives/edgar/data/102109/000010210996000010/0000102109-96-000010-index.html,https://www.sec.gov/Archives/edgar/data/102109/0000102109-96-000010.txt,1620599387,18:29:47,20210509
100,1995-12-31,UUU,USD,1996-02-13 00:00:00,1996-02-13 00:00:00,Q3,5300000.0,4000000.0,1300000.0,0.24528301886792453,0.0,1100000.0,0.0,0.0,1200000.0,5200000.0,0.0,100000.0,200000.0,0.03773584905660377,100000.0,0.018867924528301886,0.0,0.0,0.0,0.0,100000.0,0.018867924528301886,0.08,0.08,892857.0,892857.0,https://www.sec.gov/Archives/edgar/data/102109/000010210996000005/0000102109-96-000005-index.html,https://www.sec.gov/Archives/edgar/data/102109/0000102109-96-000005.txt,1620599387,18:29:47,20210509
101,1995-09-30,UUU,USD,1995-11-14 00:00:00,1995-11-14 00:00:00,Q2,4900000.0,4000000.0,900000.0,0.1836734693877551,0.0,900000.0,0.0,0.0,1000000.0,5000000.0,0.0,100000.0,0.0,0.0,-100000.0,-0.02040816326530612,100000.0,0.0,0.0,0.0,-100000.0,-0.02040816326530612,-0.16,-0.16,625000.0,625000.0,https://www.sec.gov/Archives/edgar/data/102109/000010210995000024/0000102109-95-000024-index.html,https://www.sec.gov/Archives/edgar/data/102109/0000102109-95-000024.txt,1620599387,18:29:47,20210509
