,date,symbol,reportedCurrency,fillingDate,acceptedDate,period,revenue,costOfRevenue,grossProfit,grossProfitRatio,researchAndDevelopmentExpenses,generalAndAdministrativeExpenses,sellingAndMarketingExpenses,otherExpenses,operatingExpenses,costAndExpenses,interestExpense,depreciationAndAmortization,ebitda,ebitdaratio,operatingIncome,operatingIncomeRatio,totalOtherIncomeExpensesNet,incomeBeforeTax,incomeBeforeTaxRatio,incomeTaxExpense,netIncome,netIncomeRatio,eps,epsdiluted,weightedAverageShsOut,weightedAverageShsOutDil,link,finalLink,timestamp,est_time,est_date
0,2020-12-31,WVE,USD,2021-03-04,2021-03-04 07:14:41,Q4,9439000.0,0.0,0.0,0.0,30033000.0,9719000.0,0.0,659000.0,39752000.0,39752000.0,0.0,2510000.0,-27803000.0,-2.9455450789278523,-30313000.0,-3.2114630787159655,683000.0,-29630000.0,-3.13910371861426,-841000.0,-28789000.0,-3.0500052971713103,-0.8175838606350226,-0.8175838606350226,35212290,35212290,https://www.sec.gov/Archives/edgar/data/1631574/000156459021010718/0001564590-21-010718-index.htm,https://www.sec.gov/Archives/edgar/data/1631574/000156459021010718/wve-10k_20201231.htm,1620599979,18:39:39,20210509
1,2020-09-30,WVE,USD,2020-11-09,2020-11-09 08:00:06,Q3,3450000.0,0.0,3450000.0,1.0,28275000.0,9590000.0,0.0,0.0,37865000.0,37865000.0,17000.0,476000.0,-33939000.0,-9.837391304347825,-34415000.0,-9.97536231884058,1292000.0,-33100000.0,-9.594202898550725,0.0,-33100000.0,-9.594202898550725,-0.9400127057910747,-0.9400127057910747,35212290,35212290,https://www.sec.gov/Archives/edgar/data/1631574/000156459020052211/0001564590-20-052211-index.htm,https://www.sec.gov/Archives/edgar/data/1631574/000156459020052211/wve-10q_20200930.htm,1620599979,18:39:39,20210509
2,2020-06-30,WVE,USD,2020-08-10,2020-08-10 07:46:42,Q2,3027000.0,0.0,3027000.0,1.0,31478000.0,10205000.0,0.0,-2005000.0,41683000.0,41683000.0,133000.0,2023999.9999999995,-36632000.0,-12.101750908490255,-38656000.0,-12.770399735711926,-2005000.0,-40528000.0,-13.388833828873473,0.0,-40528000.0,-13.388833828873473,-1.15096,-1.15096,35212290,35212290,https://www.sec.gov/Archives/edgar/data/1631574/000156459020038620/0001564590-20-038620-index.htm,https://www.sec.gov/Archives/edgar/data/1631574/000156459020038620/wve-10q_20200630.htm,1620599979,18:39:39,20210509
3,2020-03-31,WVE,USD,2020-05-11,2020-05-11 07:50:20,Q1,4161000.0,0.0,4161000.0,1.0,41158000.0,12996000.0,0.0,2112000.0,54154000.0,54154000.0,385000.0,2039000.0,-47954000.0,-11.524633501562125,-49993000.0,-12.01465993751502,2112000.0,-47493000.0,-11.413842826243691,0.0,-47493000.0,-11.413842826243691,-1.37815,-1.37815,34461510,34461510,https://www.sec.gov/Archives/edgar/data/1631574/000156459020023860/0001564590-20-023860-index.htm,https://www.sec.gov/Archives/edgar/data/1631574/000156459020007972/wve-10k_20191231.htm,1620599979,18:39:39,20210509
4,2019-12-31,WVE,USD,2020-03-02,2020-03-02 07:45:26,Q4,2400000.0,0.0,2400000.0,1.0,49128000.0,13805000.0,0.0,3023000.0,62933000.0,62933000.0,740000.0,2004000.0000000005,-58529000.0,-24.387083333333333,-60533000.0,-25.222083333333334,3023000.0,-56770000.0,-23.654166666666665,0.0,-56770000.0,-23.654166666666665,-1.65468,-1.65468,34308780,34308780,https://www.sec.gov/Archives/edgar/data/1631574/000156459020007972/0001564590-20-007972-index.htm,https://www.sec.gov/Archives/edgar/data/1631574/000156459020007972/wve-10k_20191231.htm,1620599979,18:39:39,20210509
5,2019-09-30,WVE,USD,2019-11-05,2019-11-05 16:33:01,Q3,2929000.0,0.0,2929000.0,1.0,44585000.0,12523000.0,0.0,2239000.0,57108000.0,57108000.0,1214000.0,1946999.9999999995,-52232000.0,-17.8327074086719,-54179000.0,-18.497439399112324,2239000.0,-50726000.0,-17.318538750426768,0.0,-50726000.0,-17.318538750426768,-1.4797,-1.4797,34281200,34281200,https://www.sec.gov/Archives/edgar/data/1631574/000156459019040431/0001564590-19-040431-index.htm,https://www.sec.gov/Archives/edgar/data/1631574/000156459019040431/wve-10q_20190930.htm,1620599979,18:39:39,20210509
6,2019-06-30,WVE,USD,2019-08-06,2019-08-06 16:30:47,Q2,7628000.0,0.0,7628000.0,1.0,41605000.0,11640000.0,0.0,4476000.0,53245000.0,53245000.0,1552000.0,1854000.0,-43763000.0,-5.737152595700053,-45617000.0,-5.980204509701101,2123000.0,-41942000.0,-5.498426848453068,0.0,-41942000.0,-5.498426848453068,-1.22422,-1.22422,34260300,34260300,https://www.sec.gov/Archives/edgar/data/1631574/000156459019029396/0001564590-19-029396-index.htm,https://www.sec.gov/Archives/edgar/data/1631574/000156459019029396/wve-10q_20190630.htm,1620599979,18:39:39,20210509
7,2019-03-31,WVE,USD,2019-05-10,2019-05-10 16:02:30,Q1,3026000.0,0.0,3026000.0,1.0,40113000.0,10901000.0,0.0,0.0,51014000.0,51014000.0,1435000.0,1783000.0,-46205000.0,-15.269332452081956,-47988000.0,-15.858559153998678,2353000.0,-44200000.0,-14.606741573033707,0.0,-44200000.0,-14.606741573033707,-1.35595,-1.35595,32597160,32597160,https://www.sec.gov/Archives/edgar/data/1631574/000156459019018521/0001564590-19-018521-index.htm,https://www.sec.gov/Archives/edgar/data/1631574/000156459019005671/wve-10k_20181231.htm,1620599979,18:39:39,20210509
8,2018-12-31,WVE,USD,2019-03-01,2019-03-01 09:26:55,Q4,3620000.0,0.0,3620000.0,1.0,39809000.0,12754000.0,0.0,9933000.0,52563000.0,52563000.0,1020000.0,1714000.0000000005,-47229000.0,-13.046685082872928,-48943000.0,-13.520165745856353,9933000.0,-37990000.0,-10.494475138121548,-103000.0,-37887000.0,-10.466022099447514,-1.28568,-1.28568,29468550,29468550,https://www.sec.gov/Archives/edgar/data/1631574/000156459019005671/0001564590-19-005671-index.htm,https://www.sec.gov/Archives/edgar/data/1631574/000156459019005671/wve-10k_20181231.htm,1620599979,18:39:39,20210509
9,2018-09-30,WVE,USD,2018-11-09,2018-11-09 07:57:35,Q3,4493000.0,0.0,4493000.0,1.0,32876000.0,9849000.0,0.0,-468000.0,42725000.0,42725000.0,1069000.0,1457000.0,-36775000.0,-8.184954373469841,-38232000.0,-8.509236590251502,-468000.0,-37631000.0,-8.375472957934566,0.0,-37631000.0,-8.375472957934566,-1.28285,-1.28285,29333990,29333990,https://www.sec.gov/Archives/edgar/data/1631574/000156459018028757/0001564590-18-028757-index.htm,https://www.sec.gov/Archives/edgar/data/1631574/000156459018028757/wve-10q_20180930.htm,1620599979,18:39:39,20210509
10,2018-06-30,WVE,USD,2018-08-09,2018-08-09 16:07:07,Q2,4879000.0,0.0,4879000.0,1.0,32547000.0,8905000.0,0.0,-259000.0,41452000.0,41452000.0,0.0,1396000.0,-35177000.0,-7.209879073580652,-36573000.0,-7.496003279360525,679000.0,-35894000.0,-7.3568354170936665,0.0,-35894000.0,-7.3568354170936665,-1.0598678274484152,-1.2578872463571156,33866487,28535149,https://www.sec.gov/Archives/edgar/data/1631574/000156459018021038/0001564590-18-021038-index.htm,https://www.sec.gov/Archives/edgar/data/1631574/000156459018021038/wve-10q_20180630.htm,1620599979,18:39:39,20210509
11,2018-03-31,WVE,USD,2018-05-09,2018-05-09 17:26:36,Q1,1422000.0,0.0,1422000.0,1.0,29196000.0,8001000.0,0.0,343000.0,37197000.0,37197000.0,0.0,1282000.0,-34493000.0,-24.256680731364277,-35775000.0,-25.158227848101266,706000.0,-35069000.0,-24.661744022503516,172000.0,-35241000.0,-24.782700421940927,-1.0405862290942665,-1.2622558285713241,33866487,27919063,https://www.sec.gov/Archives/edgar/data/1631574/000156459018012539/0001564590-18-012539-index.htm,https://www.sec.gov/Archives/edgar/data/1631574/000156459018005308/wve-10k_20171231.htm,1620599979,18:39:39,20210509
12,2017-12-31,WVE,USD,2018-03-12,2018-03-12 16:54:50,Q4,1676000.0,0.0,1676000.0,1.0,25369000.0,6887000.0,0.0,-20419000.0,32256000.0,32256000.0,0.0,966000.0,-29614000.0,-17.66945107398568,-30580000.0,-18.24582338902148,172000.0,-30408000.0,-18.143198090692124,197000.0,-30211000.0,-18.02565632458234,-0.8920618191074853,-1.1394623288722654,33866487,26513382,https://www.sec.gov/Archives/edgar/data/1631574/000156459018005308/0001564590-18-005308-index.htm,https://www.sec.gov/Archives/edgar/data/1631574/000156459018005308/wve-10k_20171231.htm,1620599979,18:39:39,20210509
13,2017-09-30,WVE,USD,2017-11-09,2017-11-09 16:02:16,Q3,676000.0,0.0,676000.0,1.0,20097000.0,7571000.0,0.0,20224000.0,27668000.0,27668000.0,0.0,660000.0,-26332000.0,-38.95266272189349,-26992000.0,-39.928994082840234,441000.0,-26551000.0,-39.27662721893491,416000.0,-26135000.0,-38.6612426035503,-0.7717068499014971,-1.0021590036557042,33866487,26078696,https://www.sec.gov/Archives/edgar/data/1631574/000156459017023225/0001564590-17-023225-index.htm,https://www.sec.gov/Archives/edgar/data/1631574/000156459017023225/wve-10q_20170930.htm,1620599979,18:39:39,20210509
14,2017-06-30,WVE,USD,2017-08-09,2017-08-09 16:27:15,Q2,676000.0,0.0,676000.0,1.0,19103000.0,6667000.0,0.0,-64000.0,25770000.0,25770000.0,0.0,405000.0,-24689000.0,-36.52218934911242,-25094000.0,-37.12130177514793,419000.0,-24675000.0,-36.501479289940825,18000.0,-24693000.0,-36.52810650887574,-0.7291278838575729,-0.9789204837713791,33866487,25224725,https://www.sec.gov/Archives/edgar/data/1631574/000156459017016986/0001564590-17-016986-index.htm,https://www.sec.gov/Archives/edgar/data/1631574/000156459017016986/wve-10q_20170630.htm,1620599979,18:39:39,20210509
15,2017-03-31,WVE,USD,2017-05-10,2017-05-10 16:06:25,Q1,676000.0,0.0,676000.0,1.0,14740000.0,5850000.0,0.0,-72000.0,20590000.0,20590000.0,0.0,332000.0,-19582000.0,-28.967455621301774,-19914000.0,-29.458579881656803,221000.0,-19693000.0,-29.131656804733726,1303000.0,-20996000.0,-31.059171597633135,-0.6199639189030737,-0.8922398926932369,33866487,23531788,https://www.sec.gov/Archives/edgar/data/1631574/000156459017010229/0001564590-17-010229-index.htm,https://www.sec.gov/Archives/edgar/data/1631574/000156459017004649/wve-10k_20161231.htm,1620599979,18:39:39,20210509
16,2016-12-31,WVE,USD,2017-03-16,2017-03-16 16:53:17,Q4,676000.0,0.0,676000.0,1.0,13995000.0,5185000.0,0.0,-25000.0,19180000.0,19180000.0,0.0,259000.0,-18245000.0,-26.9896449704142,-18504000.0,-27.37278106508876,239000.0,-18265000.0,-27.01923076923077,189000.0,-18454000.0,-27.298816568047336,-0.5449044655856984,-0.8093636719128965,33866487,22800628,https://www.sec.gov/Archives/edgar/data/1631574/000156459017004649/0001564590-17-004649-index.htm,https://www.sec.gov/Archives/edgar/data/1631574/000156459017004649/wve-10k_20161231.htm,1620599979,18:39:39,20210509
17,2016-09-30,WVE,USD,2016-11-09,2016-11-09 17:15:25,Q3,392000.0,0.0,392000.0,1.0,13686000.0,3939000.0,0.0,-36000.0,17625000.0,17625000.0,0.0,188000.0,-17045000.0,-43.482142857142854,-17233000.0,-43.96173469387755,82000.0,-17151000.0,-43.75255102040816,384000.0,-17535000.0,-44.732142857142854,-0.517768494854515,-0.7768620488379743,33866487,22571575,https://www.sec.gov/Archives/edgar/data/1631574/000156459016028710/0001564590-16-028710-index.htm,https://www.sec.gov/Archives/edgar/data/1631574/000156459016028710/wve-10q_20160930.htm,1620599979,18:39:39,20210509
18,2016-06-30,WVE,USD,2016-08-15,2016-08-15 17:18:53,Q2,417000.0,0.0,417000.0,1.0,8401000.0,3654000.0,0.0,15000.0,12055000.0,12055000.0,0.0,184000.0,-11454000.0,-27.467625899280577,-11638000.0,-27.908872901678656,121000.0,-11517000.0,-27.618705035971225,48000.0,-11565000.0,-27.73381294964029,-0.3414880321067845,-0.5226749641449042,33866487,22126562,https://www.sec.gov/Archives/edgar/data/1631574/000119312516682053/0001193125-16-682053-index.htm,https://www.sec.gov/Archives/edgar/data/1631574/000119312516682053/d207833d10q.htm,1620599979,18:39:39,20210509
19,2016-03-31,WVE,USD,2016-05-16,2016-05-16 16:46:57,Q1,0.0,0.0,0.0,0.0,4736000.0,3216000.0,0.0,-4000.0,7952000.0,7952000.0,0.0,153000.0,-7799000.0,0.0,-7952000.0,0.0,100000.0,-7852000.0,0.0,5000.0,-7847000.0,0.0,-0.2317039851225195,-0.36410588757874596,33866487,21551423,https://www.sec.gov/Archives/edgar/data/1631574/000119312516591982/0001193125-16-591982-index.htm,https://www.sec.gov/Archives/edgar/data/1631574/000119312516523890/d132744d10k.htm,1620599979,18:39:39,20210509
20,2015-12-31,WVE,USD,2016-03-30,2016-03-30 16:44:05,Q4,152000.0,0.0,152000.0,1.0,3468000.0,3746000.0,0.0,142000.0,7214000.0,7214000.0,0.0,132000.0,-19166000.0,-126.09210526315789,-19298000.0,-126.96052631578948,142000.0,-19156000.0,-126.02631578947368,-44000.0,-19200000.0,-126.3157894736842,-0.5669321415002389,-1.828318075923765,33866487,10501455,https://www.sec.gov/Archives/edgar/data/1631574/000119312516523890/0001193125-16-523890-index.htm,https://www.sec.gov/Archives/edgar/data/1631574/000119312516523890/d132744d10k.htm,1620599979,18:39:39,20210509
21,2015-09-30,WVE,USD,2015-09-30,2015-09-30,Q3,0.0,0.0,0.0,0.0,2132000.0,2858000.0,0.0,112000.0,4990000.0,4990000.0,0.0,284000.0,-4706000.0,0.0,-4990000.0,0.0,112000.0,-4853000.0,0.0,83000.0,-4936000.0,0.0,-0.252374,-0.252374,19558297,19558297,,,1620599979,18:39:39,20210509
22,2015-06-30,WVE,USD,2015-06-30,2015-06-30,Q2,126000.0,0.0,0.0,0.0,1850000.0,1905000.0,0.0,-7000.0,3755000.0,3755000.0,0.0,89000.0,-3540000.0,-28.095238095238095,-3629000.0,-28.8015873015873,-7000.0,-3651000.0,-28.976190476190474,49000.0,-3700000.0,-29.365079365079364,-0.176752,-0.176752,20933297,20933297,,,1620599979,18:39:39,20210509
23,2015-03-31,WVE,USD,2015-03-31,2015-03-31,Q1,26000.0,0.0,0.0,0.0,1607000.0,1884000.0,0.0,50000.0,3491000.0,3491000.0,0.0,89000.0,-3376000.0,-129.84615384615384,-3465000.0,-133.26923076923077,50000.0,-3415000.0,-131.34615384615384,50000.0,-3465000.0,-133.26923076923077,-0.165526,-0.165526,20933297,20933297,,,1620599979,18:39:39,20210509
24,2014-12-31,WVE,USD,2014-12-31,2014-12-31,Q4,0.0,0.0,0.0,0.0,723000.0,1057000.0,0.0,21000.0,1780000.0,1780000.0,0.0,86000.0,-1433000.0,0.0,-1780000.0,0.0,21000.0,-1759000.0,0.0,-10000.0,-1749000.0,0.0,-0.08355110043105012,-0.08355110043105012,20933297,20933297,,,1620599979,18:39:39,20210509
25,2014-09-30,WVE,USD,2014-09-30,2014-09-30,Q3,0.0,0.0,0.0,0.0,585000.0,769000.0,0.0,25000.0,1354000.0,1354000.0,0.0,91000.0,-1263000.0,0.0,-1354000.0,0.0,25000.0,-1329000.0,0.0,34000.0,-1363000.0,0.0,-0.065112,-0.065112,20933297,20933297,,,1620599979,18:39:39,20210509
