,date,symbol,reportedCurrency,fillingDate,acceptedDate,period,revenue,costOfRevenue,grossProfit,grossProfitRatio,researchAndDevelopmentExpenses,generalAndAdministrativeExpenses,sellingAndMarketingExpenses,otherExpenses,operatingExpenses,costAndExpenses,interestExpense,depreciationAndAmortization,ebitda,ebitdaratio,operatingIncome,operatingIncomeRatio,totalOtherIncomeExpensesNet,incomeBeforeTax,incomeBeforeTaxRatio,incomeTaxExpense,netIncome,netIncomeRatio,eps,epsdiluted,weightedAverageShsOut,weightedAverageShsOutDil,link,finalLink,timestamp,est_time,est_date
0,2021-03-31,OGEN,USD,2021-05-03,2021-05-03 16:05:50,Q1,0.0,0.0,0.0,0.0,3260904.0,1976576.0,0.0,670.0,5238080.0,5238080.0,2568.0,12725.0,-5204652.0,0.0,-5238080.0,0.0,670.0,-5219945.0,0.0,0.0,-5219945.0,0.0,-0.05,-0.05,102973369.0,102973369.0,https://www.sec.gov/Archives/edgar/data/1174940/000149315221010331/0001493152-21-010331-index.htm,https://www.sec.gov/Archives/edgar/data/1174940/000149315221010331/form10-q.htm,1620596065,17:34:25,20210509
1,2020-12-31,OGEN,USD,2021-03-01,2021-03-01 17:00:06,Q4,0.0,0.0,0.0,0.0,3352550.0,1196471.0,0.0,210.757,4549621.0,4549621.0,4207.0,12858.0,-4536763.0,0.0,-4549621.0,0.0,132753.0,-4409083.0,0.0,0.0,-4409083.0,0.0,-0.07389107075815839,-0.07389107075815839,59670038.0,59670038.0,https://www.sec.gov/Archives/edgar/data/1174940/000149315221005122/0001493152-21-005122-index.htm,https://www.sec.gov/Archives/edgar/data/1174940/000149315221005122/form10-k.htm,1620596065,17:34:25,20210509
2,2020-09-30,OGEN,USD,2020-11-10,2020-11-10 16:00:45,Q3,0.0,0.0,0.0,0.0,3498361.0,1010006.0,0.0,0.0,4508967.0,4508967.0,3885.0,12862.0,-4496105.0,0.0,-4508967.0,0.0,11.807,-4496560.0,0.0,0.0,-4496560.0,0.0,-0.08,-0.08,59670038.0,59670038.0,https://www.sec.gov/Archives/edgar/data/1174940/000149315220020917/0001493152-20-020917-index.htm,https://www.sec.gov/Archives/edgar/data/1174940/000149315220020917/form10-q.htm,1620596065,17:34:25,20210509
3,2020-06-30,OGEN,USD,2020-08-14 00:00:00,2020-08-14 16:11:38,Q2,0.0,0.0,0.0,0.0,11543973.0,808333.0,0.0,0.0,12352906.0,12352906.0,885.0,12860.0,-12340046.0,0.0,-12352906.0,0.0,0.0,-12337296.0,0.0,0.0,-12337296.0,0.0,-0.24,-0.24,52222473.0,52222473.0,https://www.sec.gov/Archives/edgar/data/1174940/000149315220015841/0001493152-20-015841-index.htm,https://www.sec.gov/Archives/edgar/data/1174940/000149315220015841/form10q.htm,1620596065,17:34:25,20210509
4,2020-03-31,OGEN,USD,2020-05-15 00:00:00,2020-05-15 16:01:56,Q1,0.0,0.0,0.0,0.0,3712679.0,1519083.0,0.0,1795.0,5232362.0,5232362.0,1708.0,13125.0,-5219237.0,0.0,-5232362.0,0.0,1795.0,-5187760.0,0.0,0.0,-5187760.0,0.0,-0.11,-0.11,46124803.0,46124803.0,https://www.sec.gov/Archives/edgar/data/1174940/000149315220009088/0001493152-20-009088-index.htm,https://www.sec.gov/Archives/edgar/data/1174940/000149315220009088/form10-q.htm,1620596065,17:34:25,20210509
5,2019-12-31,OGEN,USD,2020-03-04,2020-03-04 16:06:38,Q4,0.0,0.0,0.0,0.0,2759798.0,898254.0,0.0,0.0,3658753.0,3658753.0,2769.0,18278.0,-3640475.0,0.0,-3658753.0,0.0,0.0,-3597277.0,0.0,0.0,-3597277.0,0.0,-0.07799007835328858,-0.07799007835328858,46124803.0,46124803.0,https://www.sec.gov/Archives/edgar/data/1174940/000149315220003343/0001493152-20-003343-index.htm,https://www.sec.gov/Archives/edgar/data/1174940/000149315220003343/form10-k.htm,1620596065,17:34:25,20210509
6,2019-09-30,OGEN,USD,2019-11-14 00:00:00,2019-11-14 16:06:27,Q3,0.0,0.0,0.0,0.0,3067612.0,852841.0,0.0,0.0,3920753.0,3920753.0,2501.0,18152.0,-3902601.0,0.0,-3920753.0,0.0,0.0,-3836549.0,0.0,0.0,-3836549.0,0.0,-0.08,-0.08,46124803.0,46124803.0,https://www.sec.gov/Archives/edgar/data/1174940/000149315219017458/0001493152-19-017458-index.html,https://www.sec.gov/Archives/edgar/data/1174940/000149315219017458/form10-q.htm,1620596065,17:34:25,20210509
7,2019-06-30,OGEN,USD,2019-08-14,2019-08-14 16:06:27,Q2,0.0,0.0,0.0,0.0,3879146.0,1025708.0,0.0,0.0,4905154.0,4905154.0,733.0,13322.0,-4891832.0,0.0,-4905154.0,0.0,0.0,-4806460.0,0.0,0.0,-4806460.0,0.0,-0.1,-0.1,46120545.0,46120545.0,https://www.sec.gov/Archives/edgar/data/1174940/000156459019032130/ogen-10q_20190630.htm,https://www.sec.gov/Archives/edgar/data/1174940/000156459019032130/ogen-10q_20190630.htm,1620596065,17:34:25,20210509
8,2019-03-31,OGEN,USD,2019-05-13 00:00:00,2019-05-13 16:01:17,Q1,0.0,0.0,0.0,0.0,2413762.0,980448.0,0.0,0.0,3394510.0,3394510.0,1297.0,12870.0,-3381640.0,0.0,-3394510.0,0.0,0.0,-3325717.0,0.0,0.0,-3325717.0,0.0,-0.11,-0.11,30552302.0,30552302.0,https://www.sec.gov/Archives/edgar/data/1174940/000156459019018818/0001564590-19-018818-index.html,https://www.sec.gov/Archives/edgar/data/1174940/000156459019018818/ogen-10q_20190331.htm,1620596065,17:34:25,20210509
9,2018-12-31,OGEN,USD,2019-03-29 00:00:00,2019-03-29 16:40:16,Q4,0.0,0.0,0.0,0.0,1793539.0,1031007.0,0.0,0.0,2824656.0,2824656.0,2143.0,11717.0,-2812939.0,0.0,-2824656.0,0.0,0.0,-2755620.0,0.0,0.0,-2755620.0,0.0,-0.09019353107991666,-0.09019353107991666,30552302.0,30552302.0,https://www.sec.gov/Archives/edgar/data/1174940/000156459019010173/0001564590-19-010173-index.html,https://www.sec.gov/Archives/edgar/data/1174940/000156459019010173/ogen-10k_20181231.htm,1620596065,17:34:25,20210509
10,2018-09-30,OGEN,USD,2018-11-13 00:00:00,2018-11-13 16:01:34,Q3,0.0,0.0,0.0,0.0,1580511.0,1183830.0,0.0,0.0,2764759.0,2764759.0,2142.0,7377.0,-2757382.0,0.0,-2764759.0,0.0,0.0,-2757835.0,0.0,0.0,-2757835.0,0.0,-0.35,-0.35,11937624.0,11937624.0,https://www.sec.gov/Archives/edgar/data/1174940/000156459018029292/0001564590-18-029292-index.html,https://www.sec.gov/Archives/edgar/data/1174940/000156459018029292/ogen-10q_20180930.htm,1620596065,17:34:25,20210509
11,2018-06-30,OGEN,USD,2018-08-13 00:00:00,2018-08-13 16:33:01,Q2,0.0,0.0,0.0,0.0,1271542.0,1012007.0,0.0,0.0,2283879.0,2283879.0,664.0,3307.0,-2280572.0,0.0,-2283879.0,0.0,0.0,-2281289.0,0.0,0.0,-2281289.0,0.0,-0.38,-0.38,6028701.0,6028701.0,https://www.sec.gov/Archives/edgar/data/1174940/000119312518247326/0001193125-18-247326-index.html,https://www.sec.gov/Archives/edgar/data/1174940/000119312518247326/d570114d10q.htm,1620596065,17:34:25,20210509
12,2018-03-31,OGEN,USD,2018-05-15 00:00:00,2018-05-15 16:06:50,Q1,0.0,0.0,0.0,0.0,1326241.0,795463.0,0.0,0.0,2122034.0,2122034.0,837.0,7709.0,-2114325.0,0.0,-2122034.0,0.0,0.0,-2119397.0,0.0,0.0,-2119397.0,0.0,-0.42,-0.42,4991475.0,4991475.0,https://www.sec.gov/Archives/edgar/data/1174940/000119312518164075/0001193125-18-164075-index.html,https://www.sec.gov/Archives/edgar/data/1174940/000119312518164075/d493615d10q.htm,1620596065,17:34:25,20210509
13,2017-12-31,OGEN,USD,2018-02-16 00:00:00,2018-02-16 16:07:12,Q4,0.0,0.0,0.0,0.0,815307.0,597076.0,0.0,0.0,1412383.0,1412383.0,51768.0,12461.0,-1399922.0,0.0,-1412383.0,0.0,-32.0,-1460733.0,0.0,0.0,-1460733.0,0.0,-0.29264556068096104,-0.29264556068096104,4991475.0,4991475.0,https://www.sec.gov/Archives/edgar/data/1174940/000119312518048564/0001193125-18-048564-index.html,https://www.sec.gov/Archives/edgar/data/1174940/000119312518048564/d442467d10k.htm,1620596065,17:34:25,20210509
14,2017-09-30,OGEN,USD,2017-10-31 00:00:00,2017-10-31 16:03:57,Q3,0.0,0.0,0.0,0.0,996477.0,925043.0,0.0,0.0,1921520.0,1921520.0,105894.0,17635.0,-1903885.0,0.0,-1921520.0,0.0,-42820.0,-2067230.0,0.0,0.0,-2067230.0,0.0,-0.4,-0.4,4927421.0,4927421.0,https://www.sec.gov/Archives/edgar/data/1174940/000119312517327138/0001193125-17-327138-index.html,https://www.sec.gov/Archives/edgar/data/1174940/000119312517327138/d460351d10q.htm,1620596065,17:34:25,20210509
15,2017-06-30,OGEN,USD,2017-08-14 00:00:00,2017-08-14 16:10:29,Q2,0.0,0.0,0.0,0.0,605411.0,791348.0,0.0,0.0,1396759.0,1396759.0,57865.0,17672.0,-1379087.0,0.0,-1396759.0,0.0,231805.0,-1220987.0,0.0,0.0,-1220866.0,0.0,-0.2,-0.2,4927421.0,4927421.0,https://www.sec.gov/Archives/edgar/data/1174940/000119312517257247/0001193125-17-257247-index.html,https://www.sec.gov/Archives/edgar/data/1174940/000119312517257247/d423255d10q.htm,1620596065,17:34:25,20210509
16,2017-03-31,OGEN,USD,2017-05-15 00:00:00,2017-05-15 16:11:54,Q1,0.0,0.0,0.0,0.0,1122461.0,865195.0,0.0,0.0,1987656.0,1987656.0,801.0,18035.0,-1969621.0,0.0,-1987656.0,0.0,3947.0,-1982575.0,0.0,0.0,-1982696.0,0.0,-0.4,-0.4,4919066.0,4919066.0,https://www.sec.gov/Archives/edgar/data/1174940/000119312517170652/0001193125-17-170652-index.html,https://www.sec.gov/Archives/edgar/data/1174940/000119312517170652/d383725d10q.htm,1620596065,17:34:25,20210509
17,2016-12-31,OGEN,USD,2017-02-27 00:00:00,2017-02-27 16:08:07,Q4,0.0,0.0,0.0,0.0,1775875.0,932033.0,0.0,0.0,2707908.0,2707908.0,1169.0,19642.0,-2688266.0,0.0,-2707908.0,0.0,7358.0,-2684183.0,0.0,0.0,-2674797.0,0.0,-0.5437611530318968,-0.5437611530318968,4919066.0,4919066.0,https://www.sec.gov/Archives/edgar/data/1174940/000119312517058912/0001193125-17-058912-index.html,https://www.sec.gov/Archives/edgar/data/1174940/000119312517058912/d315487d10k.htm,1620596065,17:34:25,20210509
18,2016-09-30,OGEN,USD,2016-11-14 00:00:00,2016-11-14 17:23:32,Q3,0.0,0.0,0.0,0.0,924800.0,1101870.0,0.0,0.0,2026670.0,2026670.0,1291.0,18937.0,-2007733.0,0.0,-2026670.0,0.0,3862.0,-2005573.0,0.0,0.0,-1963007.0,0.0,-0.4,-0.4,4911421.0,4911421.0,https://www.sec.gov/Archives/edgar/data/1174940/000119312516767892/0001193125-16-767892-index.html,https://www.sec.gov/Archives/edgar/data/1174940/000119312516767892/d264249d10q.htm,1620596065,17:34:25,20210509
19,2016-06-30,OGEN,USD,2016-08-15 00:00:00,2016-08-15 16:06:27,Q2,0.0,0.0,0.0,0.0,812565.0,920717.0,0.0,0.0,1733282.0,1733282.0,885.0,18178.0,-1715104.0,0.0,-1733282.0,0.0,-827.0,-1733562.0,0.0,0.0,-312615.0,0.0,-0.1,-0.1,4006579.0,4006579.0,https://www.sec.gov/Archives/edgar/data/1174940/000119312516681886/0001193125-16-681886-index.html,https://www.sec.gov/Archives/edgar/data/1174940/000119312516681886/d196926d10q.htm,1620596065,17:34:25,20210509
20,2016-03-31,OGEN,USD,2016-05-16 00:00:00,2016-05-16 16:06:45,Q1,262258.0,89954.0,172304.0,0.6570018836412997,1241410.0,994426.0,0.0,0.0,2235836.0,2325790.0,771.0,18287.0,-2045245.0,-7.79859908944627,-2063532.0,-7.86832813489007,-1178.0,-2062885.0,-7.865861098612816,0.0,-2062885.0,-7.865861098612816,-0.5,-0.5,3995631.0,3995631.0,https://www.sec.gov/Archives/edgar/data/1174940/000119312516591857/0001193125-16-591857-index.html,https://www.sec.gov/Archives/edgar/data/1174940/000119312516591857/d168676d10q.htm,1620596065,17:34:25,20210509
21,2015-12-31,OGEN,USD,2016-03-30 00:00:00,2016-03-30 16:23:38,Q4,240234.0,92373.0,147861.0,0.6154873997852094,1343715.0,1000171.0,0.0,0.0,2343886.0,2436259.0,26467.0,18612.0,-2177413.0,-9.06371704255018,-2196025.0,-9.14119150494934,-900.0,-2219409.0,-9.238529933315018,0.0,-2219409.0,-9.238529933315018,-0.5554589500381792,-0.5554589500381792,3995631.0,3995631.0,https://www.sec.gov/Archives/edgar/data/1174940/000119312516523810/0001193125-16-523810-index.html,https://www.sec.gov/Archives/edgar/data/1174940/000119312516523810/d52763d10k.htm,1620596065,17:34:25,20210509
22,2015-09-30,OGEN,USD,2015-11-06 00:00:00,2015-11-06 16:17:26,Q3,329795.0,134591.0,195204.0,0.5918949650540487,1170802.0,853918.0,0.0,0.0,2024720.0,2159311.0,39564.0,20083.0,-1809433.0,-5.486538607316667,-1829516.0,-5.547434012037781,380.0,-1863676.0,-5.651013508391577,0.0,-1863676.0,-5.651013508391577,-0.5,-0.5,3644178.0,3644178.0,https://www.sec.gov/Archives/edgar/data/1174940/000119312515370199/0001193125-15-370199-index.html,https://www.sec.gov/Archives/edgar/data/1174940/000119312515370199/d33311d10q.htm,1620596065,17:34:25,20210509
23,2015-06-30,OGEN,USD,2015-08-07 00:00:00,2015-08-07 17:01:53,Q2,242038.0,86782.0,155256.0,0.6414529949842587,5611921.0,873630.0,0.0,0.0,6485551.0,6572333.0,10031.0,18585.0,-6311710.0,-26.077351490261858,-6330295.0,-26.154136953701485,-900.0,-6335471.0,-26.175522025467075,0.0,-6335471.0,-26.175522025467075,-1.7,-1.7,3637894.0,3637894.0,https://www.sec.gov/Archives/edgar/data/1174940/000119312515283215/0001193125-15-283215-index.html,https://www.sec.gov/Archives/edgar/data/1174940/000119312515283215/d937053d10q.htm,1620596065,17:34:25,20210509
24,2015-03-31,OGEN,USD,2015-05-08 00:00:00,2015-05-08 17:06:53,Q1,363774.0,167997.0,195777.0,0.5381830477164393,676595.0,815465.0,0.0,0.0,1492060.0,1660057.0,606.0,13872.0,-1282411.0,-3.5252959254922014,-1296283.0,-3.5634294919373017,-2504.0,-1292777.0,-3.5537916398643112,0.0,-1292777.0,-3.5537916398643112,-0.4,-0.4,3621227.0,3621227.0,https://www.sec.gov/Archives/edgar/data/1174940/000119312515179809/0001193125-15-179809-index.html,https://www.sec.gov/Archives/edgar/data/1174940/000119312515179809/d895753d10q.htm,1620596065,17:34:25,20210509
25,2014-12-31,OGEN,USD,2015-02-27,2015-02-27 17:01:59,Q4,220504.0,90521.0,129983.0,0.5894813699524725,548227.0,811928.0,0.0,0.0,1360155.0,1450676.0,1174.0,7548.0,-1222624.0,-5.5446794615970685,-1230172.0,-5.578910133149512,-49.0,-1223572.0,-5.54897870333418,0.0,-1223572.0,-5.54897870333418,-0.33788878741929185,-0.33788878741929185,3621227.0,3621227.0,https://www.sec.gov/Archives/edgar/data/1174940/000119312515070177/d833684d10k.htm,https://www.sec.gov/Archives/edgar/data/1174940/000119312515070177/d833684d10k.htm,1620596065,17:34:25,20210509
26,2014-09-30,OGEN,USD,2014-11-03 00:00:00,2014-11-03 16:13:36,Q3,201010.0,73711.0,127299.0,0.6332968509029402,597034.0,565114.0,0.0,0.0,1162148.0,1235859.0,1305.0,6820.0,-1028029.0,-5.114317695637033,-1034849.0,-5.148246355902692,-2046.0,-1029544.0,-5.121854634097806,0.0,-1029544.0,-5.121854634097806,-0.3,-0.3,3617894.0,3617894.0,https://www.sec.gov/Archives/edgar/data/1174940/000119312514394063/0001193125-14-394063-index.html,https://www.sec.gov/Archives/edgar/data/1174940/000119312514394063/d774198d10q.htm,1620596065,17:34:25,20210509
27,2014-06-30,OGEN,USD,2014-08-07 00:00:00,2014-08-07 16:07:54,Q2,303752.0,125605.0,178147.0,0.586488319418473,903328.0,1177335.0,0.0,0.0,2080663.0,2206268.0,980.0,6812.0,-1895704.0,-6.240959730306303,-1902516.0,-6.263385920092707,-1703.0,-1895519.0,-6.240350680818563,0.0,-1895519.0,-6.240350680818563,-0.5,-0.5,3614597.0,3614597.0,https://www.sec.gov/Archives/edgar/data/1174940/000119312514300671/0001193125-14-300671-index.html,https://www.sec.gov/Archives/edgar/data/1174940/000119312514300671/d726477d10q.htm,1620596065,17:34:25,20210509
28,2014-03-31,OGEN,USD,2014-05-09 00:00:00,2014-05-09 16:17:52,Q1,214660.0,79760.0,134900.0,0.6284356657039039,1016464.0,767394.0,0.0,0.0,1783858.0,1863618.0,571.0,6487.0,-1642471.0,-7.651500046585298,-1648958.0,-7.681719929190348,-2194.0,-1640884.0,-7.644106959843473,0.0,-1640884.0,-7.644106959843473,-0.5,-0.5,3610944.0,3610944.0,https://www.sec.gov/Archives/edgar/data/1174940/000119312514192490/0001193125-14-192490-index.html,https://www.sec.gov/Archives/edgar/data/1174940/000119312514192490/d703004d10q.htm,1620596065,17:34:25,20210509
29,2013-12-31,OGEN,USD,2014-02-28,2014-02-28 16:18:00,Q4,434784.0,79364.0,355420.0,0.8174633841171708,1069343.0,2359450.0,0.0,0.0,3428793.0,3508157.0,14199.0,12445.0,-3060928.0,-7.040111871642011,-3073373.0,-7.068735280047104,-211.0,-3079335.0,-7.082447836166924,0.0,-3079335.0,-7.082447836166924,-0.8527783870367417,-0.8527783870367417,3610944.0,3610944.0,https://www.sec.gov/Archives/edgar/data/1174940/000119312514077374/d649879d10k.htm,https://www.sec.gov/Archives/edgar/data/1174940/000119312514077374/d649879d10k.htm,1620596065,17:34:25,20210509
30,2013-09-30,OGEN,USD,2013-10-25 00:00:00,2013-10-25 08:01:16,Q3,253374.0,113384.0,139990.0,0.5525034139256593,6907250.0,2558205.0,0.0,0.0,9465455.0,9578839.0,1546.0,21937.0,-9303528.0,-36.718558336688055,-9325465.0,-36.80513785944888,-2024.0,-9325424.0,-36.804976043319364,0.0,-9325424.0,-36.804976043319364,-3.4,-3.4,2751537.0,2751537.0,https://www.sec.gov/Archives/edgar/data/1174940/000119312513410690/0001193125-13-410690-index.html,https://www.sec.gov/Archives/edgar/data/1174940/000119312513410690/d594509d10q.htm,1620596065,17:34:25,20210509
31,2013-06-30,OGEN,USD,2013-08-12 00:00:00,2013-08-12 09:28:49,Q2,167668.0,86657.0,81011.0,0.48316315576019275,636969.0,1519310.0,0.0,0.0,2156279.0,2242936.0,844.0,21133.0,-2054135.0,-12.25120476179116,-2075268.0,-12.377245508982035,-3000.0,-2074035.0,-12.369891690722142,0.0,-2074035.0,-12.369891690722142,-0.8,-0.8,2750226.0,2750226.0,https://www.sec.gov/Archives/edgar/data/1174940/000119312513330095/0001193125-13-330095-index.html,https://www.sec.gov/Archives/edgar/data/1174940/000119312513330095/d542660d10q.htm,1620596065,17:34:25,20210509
32,2013-03-31,OGEN,USD,2013-05-15 00:00:00,2013-05-15 07:24:50,Q1,176407.0,63949.0,112458.0,0.6374917095126611,745395.0,1103187.0,0.0,0.0,1848582.0,1912531.0,949.0,20972.0,-1715152.0,-9.722698078874421,-1736124.0,-9.841582250137467,140703.0,-1589960.0,-9.013021025242763,0.0,-1589960.0,-9.013021025242763,-0.6,-0.6,2745248.0,2745248.0,https://www.sec.gov/Archives/edgar/data/1174940/000119312513220866/0001193125-13-220866-index.html,https://www.sec.gov/Archives/edgar/data/1174940/000119312513220866/d516559d10q.htm,1620596065,17:34:25,20210509
33,2012-12-31,OGEN,USD,2013-03-26 00:00:00,2013-03-26 17:01:31,Q4,430582.0,403935.0,26647.0,0.06188600545308443,730207.0,1284594.0,0.0,0.0,2014801.0,2418736.0,946.0,19397.0,-1968757.0,-4.572316074522391,-1988154.0,-4.617364404457223,-7697.0,-1988826.0,-4.618925082794915,0.0,-1988826.0,-4.618925082794915,-0.7244613237128303,-0.7244613237128303,2745248.0,2745248.0,https://www.sec.gov/Archives/edgar/data/1174940/000119312513126950/0001193125-13-126950-index.html,https://www.sec.gov/Archives/edgar/data/1174940/000119312513126950/d443819d10k.htm,1620596065,17:34:25,20210509
34,2012-09-30,OGEN,USD,2012-11-14 00:00:00,2012-11-13 17:41:03,Q3,264248.0,164059.0,100189.0,0.37914761890345433,600208.0,1596554.0,0.0,0.0,2196762.0,2360821.0,456237.0,18598.0,-2077975.0,-7.863730283672913,-2096573.0,-7.9341111380218585,-8776.0,-2555941.0,-9.672508401198874,0.0,-2555941.0,-9.672508401198874,-1.1,-1.1,2379330.0,2379330.0,https://www.sec.gov/Archives/edgar/data/1174940/000119312512467844/0001193125-12-467844-index.html,https://www.sec.gov/Archives/edgar/data/1174940/000119312512467844/d398655d10q.htm,1620596065,17:34:25,20210509
35,2012-06-30,OGEN,USD,2012-08-10 00:00:00,2012-08-10 08:02:11,Q2,256407.0,112258.0,144149.0,0.5621882397906454,6177374.0,835474.0,0.0,0.0,7012848.0,7125106.0,60109.0,17630.0,-6851069.0,-26.71950843775716,-6868699.0,-26.78826631098215,-1128.0,-6928771.0,-27.022550086386097,0.0,-6928771.0,-27.022550086386097,-5.2,-5.2,1338150.0,1338150.0,https://www.sec.gov/Archives/edgar/data/1174940/000119312512348771/0001193125-12-348771-index.html,https://www.sec.gov/Archives/edgar/data/1174940/000119312512348771/d361986d10q.htm,1620596065,17:34:25,20210509
36,2012-03-31,OGEN,USD,2012-05-15,2012-05-15 09:26:48,Q1,380527.0,198209.0,182318.0,0.4791197470875917,353198.0,1307994.0,0.0,0.0,1661192.0,1859401.0,138265.0,19565.0,-1459309.0,-3.834968346529944,-1478874.0,-3.8863838834038056,-152.0,-1616908.0,-4.2491281827570715,0.0,-1616908.0,-4.2491281827570715,-2.5,-2.5,644934.0,644934.0,https://www.sec.gov/Archives/edgar/data/1174940/000119312512233087/d333982d10q.htm,https://www.sec.gov/Archives/edgar/data/1174940/000119312512233087/d333982d10q.htm,1620596065,17:34:25,20210509
37,2011-12-31,OGEN,USD,2012-04-16,2012-04-16 09:52:59,Q4,396590.0,155422.0,241168.0,0.6081040873446129,842191.0,1214470.0,0.0,0.0,2056661.0,2212083.0,124167.0,19372.0,-1796121.0,-4.528911470284172,-1815493.0,-4.577757885977962,0.0,0.0,0.0,0.0,-1939322.0,-4.889992183363171,-3.007008469083658,-3.007008469083658,644934.0,644934.0,https://www.sec.gov/Archives/edgar/data/1174940/000119312512163736/d263778d10k.htm,https://www.sec.gov/Archives/edgar/data/1174940/000119312512163736/d263778d10k.htm,1620596065,17:34:25,20210509
38,2011-09-30,OGEN,USD,2011-11-14 00:00:00,2011-11-14 10:36:40,Q3,350351.0,134411.0,215940.0,0.6163533142477116,562723.0,1364326.0,0.0,0.0,1927049.0,2061460.0,96722.0,20016.0,-1691093.0,-4.8268536410628196,-1711109.0,-4.883984917982252,212.0,0.0,0.0,0.0,-1807290.0,-5.158512463215461,-3.2,-3.2,568307.0,568307.0,https://www.sec.gov/Archives/edgar/data/1174940/000119312511309615/0001193125-11-309615-index.html,https://www.sec.gov/Archives/edgar/data/1174940/000119312511309615/d224616d10q.htm,1620596065,17:34:25,20210509
39,2011-06-30,OGEN,USD,2011-08-05 00:00:00,2011-08-05 15:59:05,Q2,347569.0,328817.0,18752.0,0.05395187718122157,631363.0,1691763.0,0.0,0.0,2323126.0,2651943.0,67679.0,20038.0,-2284336.0,-6.572323768805618,-2304374.0,-6.629975630738069,-1390.0,-2373243.0,-6.828120459534653,0.0,-2373243.0,-6.828120459534653,-4.2,-4.2,568307.0,568307.0,https://www.sec.gov/Archives/edgar/data/1174940/000119312511212288/0001193125-11-212288-index.html,https://www.sec.gov/Archives/edgar/data/1174940/000119312511212288/d10q.htm,1620596065,17:34:25,20210509
40,2011-03-31,OGEN,USD,2011-05-10 00:00:00,2011-05-10 12:05:40,Q1,349937.0,94977.0,254960.0,0.7285882887491177,412901.0,1357446.0,0.0,0.0,1770347.0,1865324.0,43781.0,20090.0,-1495297.0,-4.273046291189557,-1515387.0,-4.330456625049652,-22.0,0.0,0.0,0.0,-1559013.0,-4.455124779603186,-2.75,-2.75,566752.0,566752.0,https://www.sec.gov/Archives/edgar/data/1174940/000119312511133757/0001193125-11-133757-index.html,https://www.sec.gov/Archives/edgar/data/1174940/000119312511133757/d10q.htm,1620596065,17:34:25,20210509
41,2010-12-31,OGEN,USD,2011-03-30,2011-03-30 09:46:35,Q4,298157.0,438215.0,-140058.0,-0.4697458050624336,641536.0,1492854.0,0.0,0.0,2134390.0,2572605.0,28867.0,15038.0,-2259410.0,-7.5779203573956,-2274448.0,-7.628356872386025,-603159.0,-2905952.0,-9.746381939716324,-733437.0,-2172515.0,-7.286479941775641,-3.8332727542205407,-3.8332727542205407,566752.0,566752.0,https://www.sec.gov/Archives/edgar/data/1174940/000119312511082222/d10k.htm,https://www.sec.gov/Archives/edgar/data/1174940/000119312511082222/d10k.htm,1620596065,17:34:25,20210509
42,2010-09-30,OGEN,USD,2010-11-12 00:00:00,2010-11-12 17:19:48,Q3,364574.0,147257.0,217317.0,0.5960847454837701,463410.0,1624524.0,0.0,0.0,2087934.0,2235191.0,4107.0,4519.0,-1866098.0,-5.118571263995787,-1870617.0,-5.13096655274375,-1104.0,-1875228.0,-5.143614190808999,0.0,-1875228.0,-5.143614190808999,-3.4,-3.4,558497.0,558497.0,https://www.sec.gov/Archives/edgar/data/1174940/000119312510259064/0001193125-10-259064-index.html,https://www.sec.gov/Archives/edgar/data/1174940/000119312510259064/d10q.htm,1620596065,17:34:25,20210509
43,2010-06-30,OGEN,USD,2010-08-13 00:00:00,2010-08-13 14:33:32,Q2,304696.0,127420.0,177276.0,0.5818126919946438,465472.0,1720995.0,0.0,0.0,2186467.0,2313887.0,885.0,4482.0,-2004709.0,-6.5793741959198675,-2009191.0,-6.594083939401895,-792.0,-2010222.0,-6.597467639877124,0.0,-2010222.0,-6.597467639877124,-4.0,-4.0,540755.0,540755.0,https://www.sec.gov/Archives/edgar/data/1174940/000119312510188602/0001193125-10-188602-index.html,https://www.sec.gov/Archives/edgar/data/1174940/000119312510188602/d10q.htm,1620596065,17:34:25,20210509
44,2010-03-31,OGEN,USD,2010-05-14 00:00:00,2010-05-14 10:17:22,Q1,341483.0,198901.0,142582.0,0.4175376226635001,444368.0,1446629.0,0.0,0.0,1890997.0,2089898.0,0.0,18696.0,-1729719.0,-5.065315110854713,-1748415.0,-5.12006454201234,-673.0,-1747199.0,-5.116503603400462,0.0,-1747199.0,-5.116503603400462,-3.2,-3.2,539026.0,539026.0,https://www.sec.gov/Archives/edgar/data/1174940/000114420410027166/0001144204-10-027166-index.html,https://www.sec.gov/Archives/edgar/data/1174940/000114420410027166/v184972_10q.htm,1620596065,17:34:25,20210509
45,2009-12-31,OGEN,USD,2010-03-31 00:00:00,2010-03-31 09:49:48,Q4,275443.0,120354.0,155089.0,0.5630529728473768,426230.0,1033860.0,0.0,0.0,1460090.0,1580444.0,18377.0,41153.0,-1263848.0,-4.588419382594584,-1305001.0,-4.737825974884096,90486.0,-1232766.0,-4.475575708948857,0.0,-1232766.0,-4.475575708948857,-2.2870251156716,-2.2870251156716,539026.0,539026.0,https://www.sec.gov/Archives/edgar/data/1174940/000114420410016984/0001144204-10-016984-index.html,https://www.sec.gov/Archives/edgar/data/1174940/000114420410016984/v179354_10k.htm,1620596065,17:34:25,20210509
46,2009-09-30,OGEN,USD,2009-11-13 00:00:00,2009-11-13 11:31:38,Q3,199675.0,65461.0,134214.0,0.6721622636784775,427541.0,1165812.0,0.0,0.0,1593353.0,1658814.0,24412.0,57439.0,-1401700.0,-7.019907349442844,-1459139.0,-7.3075698009265055,46268.0,-1437008.0,-7.196734693877551,0.0,-1437008.0,-7.196734693877551,-4.0,-4.0,452195.0,452195.0,https://www.sec.gov/Archives/edgar/data/1174940/000114420409058735/0001144204-09-058735-index.html,https://www.sec.gov/Archives/edgar/data/1174940/000114420409058735/v166102_10q.htm,1620596065,17:34:25,20210509
47,2009-06-30,OGEN,USD,2009-08-14 00:00:00,2009-08-14 15:42:08,Q2,41895.0,23604.0,18291.0,0.43659147869674186,394311.0,1211017.0,0.0,0.0,1605328.0,1628932.0,959.0,75789.0,-1511248.0,-36.07227592791502,-1587037.0,-37.881298484306,718948.0,-869048.0,-20.743477741973983,0.0,-869048.0,-20.743477741973983,-4.0,-4.0,194474.0,194474.0,https://www.sec.gov/Archives/edgar/data/1174940/000114420409043582/0001144204-09-043582-index.html,https://www.sec.gov/Archives/edgar/data/1174940/000114420409043582/v158149_10q.htm,1620596065,17:34:25,20210509
48,2009-03-31,OGEN,USD,2009-04-01 00:00:00,2009-03-31 20:28:01,Q1,124272.0,11780.0,112492.0,0.9052079309900862,585664.0,1507155.0,0.0,0.0,2092819.0,2104599.0,545.0,65379.0,-1914948.0,-15.409327925840092,-1980327.0,-15.935423908845113,0.0,-1980350.0,-15.935608986738767,0.0,-1980350.0,-15.935608986738767,-12.0,-12.0,175346.0,175346.0,https://www.sec.gov/Archives/edgar/data/1174940/000114420409018117/0001144204-09-018117-index.html,https://www.sec.gov/Archives/edgar/data/1174940/000114420409018117/v144939_10k.htm,1620596065,17:34:25,20210509
49,2008-12-31,OGEN,USD,2009-04-01 00:00:00,2009-03-31 20:28:01,Q4,8539.0,0.0,-6325.0,-0.7407190537533669,480763.0,2496123.0,0.0,0.0,2976886.0,2991750.0,0.0,63292.0,-2919919.0,-341.95093102236797,-2983211.0,-349.363040168638,-6710.0,0.0,0.0,0.0,-2996877.0,-350.96346176367257,-17.091219645729016,-17.091219645729016,175346.0,175346.0,https://www.sec.gov/Archives/edgar/data/1174940/000114420409018117/0001144204-09-018117-index.html,https://www.sec.gov/Archives/edgar/data/1174940/000114420409018117/v144939_10k.htm,1620596065,17:34:25,20210509
50,2008-09-30,OGEN,USD,2008-11-04 00:00:00,2008-11-04 16:10:36,Q3,100000.0,0.0,100000.0,1.0,503685.0,749515.0,0.0,0.0,1253200.0,1253200.0,0.0,64984.0,-1088216.0,-10.88216,-1153200.0,-11.532,0.0,0.0,0.0,0.0,-1138117.0,-11.38117,-6.0,-6.0,191587.0,191587.0,https://www.sec.gov/Archives/edgar/data/1174940/000114420408060988/0001144204-08-060988-index.html,https://www.sec.gov/Archives/edgar/data/1174940/000114420408060988/v130628_10q.htm,1620596065,17:34:25,20210509
51,2008-06-30,OGEN,USD,2008-08-14 00:00:00,2008-08-14 15:14:53,Q2,0.0,0.0,0.0,0.0,492667.0,618886.0,0.0,0.0,1111553.0,1111553.0,0.0,62932.0,-1048621.0,0.0,-1111553.0,0.0,6710.0,0.0,0.0,0.0,-1095112.0,0.0,-6.0,-6.0,168471.0,168471.0,https://www.sec.gov/Archives/edgar/data/1174940/000114420408047148/0001144204-08-047148-index.html,https://www.sec.gov/Archives/edgar/data/1174940/000114420408047148/v123661_10q.htm,1620596065,17:34:25,20210509
52,2008-03-31,OGEN,USD,2008-05-07 00:00:00,2008-05-07 14:01:12,Q1,125000.0,0.0,125000.0,1.0,478373.0,447722.0,0.0,0.0,926095.0,926095.0,0.0,62649.0,-738446.0,-5.907568,-801095.0,-6.40876,4860.0,0.0,0.0,0.0,-791636.0,-6.333088,-6.0,-6.0,149166.0,149166.0,https://www.sec.gov/Archives/edgar/data/1174940/000119312508105603/0001193125-08-105603-index.html,https://www.sec.gov/Archives/edgar/data/1174940/000119312508105603/d10q.htm,1620596065,17:34:25,20210509
53,2007-12-31,OGEN,USD,2008-03-18,2008-03-18 08:50:10,Q4,26743.0,0.0,26743.0,1.0,460254.0,257930.0,0.0,0.0,718254.0,718254.0,0.0,66702.0,-624809.0,-23.363459596903862,-691511.0,-25.857644991212652,0.0,0.0,0.0,0.0,-686832.0,-25.682683318999363,-4.604480913881179,-4.604480913881179,149166.0,149166.0,https://www.sec.gov/Archives/edgar/data/1174940/000119312508059549/d10ksb.htm,https://www.sec.gov/Archives/edgar/data/1174940/000119312508059549/d10ksb.htm,1620596065,17:34:25,20210509
54,2007-09-30,OGEN,USD,2007-11-14,2007-11-14 07:10:50,Q3,46584.0,0.0,46584.0,1.0,337021.0,205300.0,0.0,0.0,542321.0,542321.0,0.0,68531.0,-427206.0,-9.170659453889748,-495737.0,-10.641786879615319,0.0,0.0,0.0,0.0,-487334.0,-10.461403056843551,-4.0,-4.0,129881.0,129881.0,https://www.sec.gov/Archives/edgar/data/1174940/000119312507246238/d10qsb.htm,https://www.sec.gov/Archives/edgar/data/1174940/000119312507246238/d10qsb.htm,1620596065,17:34:25,20210509
55,2007-06-30,OGEN,USD,2007-08-13,2007-08-13 17:19:48,Q2,26673.0,0.0,26673.0,1.0,401353.0,221612.0,0.0,0.0,622965.0,622965.0,0.0,68791.0,-527501.0,-19.77659055974206,-596292.0,-22.35564053537285,0.0,0.0,0.0,0.0,-591725.0,-22.184418700558616,-6.0,-6.0,115994.0,115994.0,https://www.sec.gov/Archives/edgar/data/1174940/000119312507180893/d10qsb.htm,https://www.sec.gov/Archives/edgar/data/1174940/000119312507180893/d10qsb.htm,1620596065,17:34:25,20210509
56,2007-03-31,OGEN,USD,2007-05-11,2007-05-11 12:15:35,Q1,33088.0,0.0,0.0,0.0,366258.0,217812.0,0.0,0.0,584070.0,584070.0,0.0,69206.0,-481776.0,-14.560444874274662,-550982.0,-16.652018858800773,0.0,0.0,0.0,0.0,-541156.0,-16.35505319148936,-6.0,-6.0,115638.0,115638.0,https://www.sec.gov/Archives/edgar/data/1174940/000119312507111386/d10qsb.htm,https://www.sec.gov/Archives/edgar/data/1174940/000119312507111386/d10qsb.htm,1620596065,17:34:25,20210509
57,2006-12-31,OGEN,USD,2007-03-23,2007-03-23 07:04:08,Q4,0.0,0.0,0.0,0.0,609949.0,116952.0,0.0,0.0,726901.0,726901.0,0.0,70002.0,-656899.0,0.0,-726901.0,0.0,0.0,0.0,0.0,0.0,-723457.0,0.0,-6.256222003147754,-6.256222003147754,115638.0,115638.0,https://www.sec.gov/Archives/edgar/data/1174940/000119312507062141/d10ksb.htm,https://www.sec.gov/Archives/edgar/data/1174940/000119312507062141/d10ksb.htm,1620596065,17:34:25,20210509
58,2006-09-30,OGEN,USD,2006-11-13,2006-11-13 15:33:43,Q3,66176.0,0.0,66176.0,1.0,414712.0,219420.0,0.0,0.0,634132.0,634132.0,0.0,69515.0,-498441.0,-7.532050894584139,-567956.0,-8.582507253384913,0.0,0.0,0.0,0.0,-559160.0,-8.449588974854933,-6.0,-6.0,104431.0,104431.0,https://www.sec.gov/Archives/edgar/data/1174940/000119312506232800/d10qsb.htm,https://www.sec.gov/Archives/edgar/data/1174940/000119312506232800/d10qsb.htm,1620596065,17:34:25,20210509
59,2006-06-30,OGEN,USD,2006-08-11,2006-08-11 10:14:49,Q2,0.0,0.0,0.0,0.0,498950.0,302881.0,0.0,0.0,801831.0,801831.0,214.0,70619.0,-731212.0,0.0,-801831.0,0.0,0.0,0.0,0.0,0.0,-796713.0,0.0,-8.0,-8.0,98454.0,98454.0,https://www.sec.gov/Archives/edgar/data/1174940/000119312506170301/d10qsb.htm,https://www.sec.gov/Archives/edgar/data/1174940/000119312506170301/d10qsb.htm,1620596065,17:34:25,20210509
60,2006-03-31,OGEN,USD,2006-03-31,2006-03-31,Q1,0.0,0.0,0.0,0.0,500285.0,364846.0,0.0,0.0,865131.0,865131.0,641.0,70765.0,-794366.0,0.0,-865131.0,0.0,2024.0,0.0,0.0,0.0,-856389.0,0.0,-10.0,-10.0,92813.0,92813.0,,,1620596065,17:34:25,20210509
61,2005-12-31,OGEN,USD,2006-03-23,2006-03-23 11:02:34,Q4,0.0,0.0,0.0,0.0,452853.0,307153.0,0.0,0.0,760006.0,760006.0,6610.0,72622.0,-687384.0,0.0,-760006.0,0.0,0.0,0.0,0.0,0.0,-761395.0,0.0,-8.203538297436781,-8.203538297436781,92813.0,92813.0,https://www.sec.gov/Archives/edgar/data/1174940/000114420406011313/v038440_10-ksba.htm,https://www.sec.gov/Archives/edgar/data/1174940/000114420406011313/v038440_10-ksba.htm,1620596065,17:34:25,20210509
62,2005-09-30,OGEN,USD,2005-09-30,2005-09-30,Q3,0.0,0.0,0.0,0.0,479466.0,270537.0,0.0,0.0,750003.0,750003.0,0.0,70694.0,-679309.0,0.0,-750003.0,0.0,0.0,0.0,0.0,0.0,-751172.0,0.0,-10.0,-10.0,76008.0,76008.0,,,1620596065,17:34:25,20210509
63,2005-06-30,OGEN,USD,2005-08-11,2005-08-11,Q2,0.0,0.0,0.0,0.0,517717.0,357246.0,0.0,0.0,874963.0,874963.0,10010.0,68517.0,-806446.0,0.0,-874963.0,0.0,0.0,0.0,0.0,0.0,-872681.0,0.0,-12.0,-12.0,73821.0,73821.0,https://www.sec.gov/Archives/edgar/data/1174940/000114420405024562/0001144204-05-024562-index.htm,https://www.sec.gov/Archives/edgar/data/1174940/000114420405024562/v023372_10qsb.txt,1620596065,17:34:25,20210509
64,2005-03-31,OGEN,USD,2005-03-31,2005-03-31,Q1,0.0,0.0,0.0,0.0,647186.0,231919.0,0.0,0.0,-879105.0,-879105.0,1645.0,48803.0,927908.0,0.0,879105.0,0.0,0.0,0.0,0.0,0.0,-866130.0,0.0,-12.0,-12.0,72984.0,72984.0,,,1620596065,17:34:25,20210509
65,2004-12-31,OGEN,USD,2004-12-31,2004-12-31,Q4,33333.0,0.0,33333.0,1.0,742556.0,565182.0,0.0,0.0,1307738.0,1307738.0,0.0,25259.0,-1249146.0,-37.47475474754748,-1274405.0,-38.232532325323255,0.0,0.0,0.0,0.0,-1259016.0,-37.77085770857708,-17.250575468595855,-17.250575468595855,72984.0,72984.0,,,1620596065,17:34:25,20210509
66,2004-09-30,OGEN,USD,2004-09-30,2004-09-30,Q3,118642.0,0.0,0.0,0.0,567743.0,177818.0,0.0,0.0,745561.0,745561.0,0.0,6353.0,-620566.0,-5.23057601861061,-626919.0,-5.284123666155325,0.0,0.0,0.0,0.0,-613770.0,-5.173294448846108,-8.0,-8.0,71616.0,71616.0,,,1620596065,17:34:25,20210509
67,2004-06-30,OGEN,USD,2004-08-11,2004-08-11,Q2,44235.0,0.0,44235.0,1.0,418384.0,304818.0,0.0,0.0,723202.0,723202.0,0.0,5212.0,-673755.0,-15.23126483553747,-678967.0,-15.349090087035153,0.0,0.0,0.0,0.0,-667662.0,-15.093523228212954,-10.0,-10.0,71592.0,71592.0,https://www.sec.gov/Archives/edgar/data/1174940/000114420404011531/0001144204-04-011531-index.htm,https://www.sec.gov/Archives/edgar/data/1174940/000114420404011531/v05552_10qsb.txt,1620596065,17:34:25,20210509
68,2004-03-31,OGEN,USD,2004-03-31,2004-03-31,Q1,0.0,0.0,0.0,0.0,262295.0,282166.0,0.0,0.0,-544461.0,-544461.0,0.0,5163.0,549624.0,0.0,544461.0,0.0,0.0,0.0,0.0,0.0,-537440.0,0.0,-8.0,-8.0,67067.0,67067.0,,,1620596065,17:34:25,20210509
69,2003-12-31,OGEN,USD,2003-12-31,2003-12-31,Q4,0.0,0.0,0.0,0.0,333150.0,296036.0,0.0,0.0,629186.0,629186.0,1884.0,3944.0,-625242.0,0.0,-629186.0,0.0,0.0,0.0,0.0,0.0,-627471.0,0.0,-9.355882923047103,-9.355882923047103,67067.0,67067.0,,,1620596065,17:34:25,20210509
70,2003-09-30,OGEN,USD,2003-09-30,2003-09-30,Q3,0.0,0.0,0.0,0.0,205615.0,192811.0,0.0,0.0,398426.0,398426.0,2095.0,3528.0,-394898.0,0.0,-398426.0,0.0,0.0,0.0,0.0,0.0,-396722.0,0.0,-6.0,-6.0,59793.0,59793.0,,,1620596065,17:34:25,20210509
