,date,symbol,reportedCurrency,fillingDate,acceptedDate,period,revenue,costOfRevenue,grossProfit,grossProfitRatio,researchAndDevelopmentExpenses,generalAndAdministrativeExpenses,sellingAndMarketingExpenses,otherExpenses,operatingExpenses,costAndExpenses,interestExpense,depreciationAndAmortization,ebitda,ebitdaratio,operatingIncome,operatingIncomeRatio,totalOtherIncomeExpensesNet,incomeBeforeTax,incomeBeforeTaxRatio,incomeTaxExpense,netIncome,netIncomeRatio,eps,epsdiluted,weightedAverageShsOut,weightedAverageShsOutDil,link,finalLink,timestamp,est_time,est_date
0,2020-09-30,PSL.NS,INR,2020-09-30,2020-09-30,Q3,347900000,89600000,258300000,0.7424547283702213,0.0,0.0,0.0,10200000,496800000,586400000,67900000,204600000,-33900000,-0.09744179361885599,-238500000,-0.685541822362748,0.0,-296200000,-0.8513940787582639,0.0,-296200000,-0.8513940787582639,-2.37,-2.37,124978903,124978903,https://www.nseindia.com/companies-listing/corporate-filings-annual-reports,https://www.nseindia.com/companies-listing/corporate-filings-annual-reports,1620596856,17:47:36,20210509
1,2020-06-30,PSL.NS,INR,2020-06-30,2020-06-30,Q2,193000000,92200000,100800000,0.522279792746114,0.0,0.0,0.0,11900000,495400000,587600000,94600000,253100000,-141500000,-0.7331606217616581,-394600000,-2.044559585492228,0.0,-477300000,-2.473056994818653,0.0,-477300000,-2.473056994818653,-3.82,-3.82,124947644,124947644,https://www.nseindia.com/companies-listing/corporate-filings-annual-reports,https://www.nseindia.com/companies-listing/corporate-filings-annual-reports,1620596856,17:47:36,20210509
2,2019-12-31,PSL.NS,INR,2019-12-31,2019-12-31,Q4,455400000,167900000,287500000,0.6313131313131313,0.0,0.0,0.0,10000000,581100000,749000000,107800000,264400000,-29200000,-0.06411945542380325,-293600000,-0.6447079490557751,0.0,-391400000,-0.8594642072902943,0.0,-391400000,-0.8594642072902943,-3.13,-3.13,125047923,125047923,https://www.nseindia.com/companies-listing/corporate-filings-annual-reports,https://www.nseindia.com/companies-listing/corporate-filings-annual-reports,1620596856,17:47:36,20210509
3,2019-09-30,PSL.NS,INR,2019-09-30,2019-09-30,Q3,424300000,119700000,304600000,0.7178882865896771,0.0,0.0,0.0,15800000,614600000,734300000,68100000,263200000,-46800000,-0.11029931652132925,-310000000,-0.7306151308036767,0.0,-362300000,-0.8538769738392646,21100000.0,-383400000,-0.9036059391939665,-3.07,-3.07,124885993,124885993,https://www.nseindia.com/companies-listing/corporate-filings-annual-reports,https://www.nseindia.com/companies-listing/corporate-filings-annual-reports,1620596856,17:47:36,20210509
4,2019-06-30,PSL.NS,INR,2019-06-30,2019-06-30,Q2,790400000,249700000,540700000,0.684084008097166,0.0,0.0,0.0,18400000,719700000,969400000,63700000,261100000,82100000,0.10387145748987854,-179000000,-0.22646761133603238,0.0,-224300000,-0.2837803643724696,0.0,-224300000,-0.2837803643724696,-1.8,-1.8,124611111,124611111,https://www.nseindia.com/companies-listing/corporate-filings-annual-reports,https://www.nseindia.com/companies-listing/corporate-filings-annual-reports,1620596856,17:47:36,20210509
5,2019-03-31,PSL.NS,INR,2019-03-31,2019-03-31,Q1,632992000,479831000,153161000,0.24196356352055,0.0,0.0,0.0,-57543000,216030000,872961000,504234000,302386000,62417000,0.09860630150144077,-239969000,-0.3791027374753551,0.0,-758056000,-1.1975759567261512,0.0,-778906000,-1.2305147616399574,-6.233859039390931,-6.233859039390931,124947644,124947644,https://www.nseindia.com/companies-listing/corporate-filings-annual-reports,https://www.nseindia.com/companies-listing/corporate-filings-annual-reports,1620596856,17:47:36,20210509
6,2018-12-31,PSL.NS,INR,2018-12-31,2018-12-31,Q4,685600000,302800000,382800000,0.558343057176196,0.0,0.0,0.0,45800000,697300000,1000100000,20800000,303200000,-11300000,-0.01648191365227538,-314500000,-0.4587222870478413,0.0,-289500000,-0.42225787631271877,0.0,-289500000,-0.42225787631271877,-2.32,-2.32,124784483,124784483,https://www.nseindia.com/companies-listing/corporate-filings-annual-reports,https://www.nseindia.com/companies-listing/corporate-filings-annual-reports,1620596856,17:47:36,20210509
7,2018-09-30,PSL.NS,INR,2018-09-30,2018-09-30,Q3,436000000,105500000,330500000,0.7580275229357798,0.0,0.0,0.0,29000000,567800000,673300000,81300000,205400000,-31900000,-0.0731651376146789,-237300000,-0.5442660550458716,0.0,-289600000,-0.6642201834862386,0.0,-289600000,-0.6642201834862386,-2.32,-2.32,124827586,124827586,https://www.nseindia.com/companies-listing/corporate-filings-annual-reports,https://www.nseindia.com/companies-listing/corporate-filings-annual-reports,1620596856,17:47:36,20210509
