,date,symbol,reportedCurrency,fillingDate,acceptedDate,period,revenue,costOfRevenue,grossProfit,grossProfitRatio,researchAndDevelopmentExpenses,generalAndAdministrativeExpenses,sellingAndMarketingExpenses,otherExpenses,operatingExpenses,costAndExpenses,interestExpense,depreciationAndAmortization,ebitda,ebitdaratio,operatingIncome,operatingIncomeRatio,totalOtherIncomeExpensesNet,incomeBeforeTax,incomeBeforeTaxRatio,incomeTaxExpense,netIncome,netIncomeRatio,eps,epsdiluted,weightedAverageShsOut,weightedAverageShsOutDil,link,finalLink,timestamp,est_time,est_date
0,2020-12-31,CDXS,USD,2021-03-01,2021-03-01 16:58:45,Q4,21033000.0,5860000.0,15173000.0,0.721390196358104,10355000.0,8742000.0,0.0,-31000.0,19097000.0,24957000,0.0,1187000.0,-2737000.0,-0.1301288451481006,-3924000.0,-0.18656397090286692,-31000.0,-3912000.0,-0.18599343888175723,8000.0,-3920000.0,-0.18637379356249703,-0.06,-0.06,60483000.0,60483000.0,https://www.sec.gov/Archives/edgar/data/1200375/000120037521000021/0001200375-21-000021-index.htm,https://www.sec.gov/Archives/edgar/data/1200375/000120037521000021/cdxs-20201231.htm,1620590092,15:54:52,20210509
1,2020-09-30,CDXS,USD,2020-11-06,2020-11-06 16:58:59,Q3,18385000.0,15652000.0,2733000.0,0.14865379385368507,9984000.0,8797000.0,0.0,-50000.0,8797000.0,24449000,0.0,1131000.0,-4933000.0,-0.2683165624150122,-6064000.0,-0.32983410388904,-50000.0,-6075000.0,-0.3304324177318466,19000.0,-6094000.0,-0.3314658689148763,-0.1,-0.1,59061000.0,59061000.0,https://www.sec.gov/Archives/edgar/data/1200375/000120037520000040/0001200375-20-000040-index.htm,https://www.sec.gov/Archives/edgar/data/1200375/000120037520000040/cdxs-20200930.htm,1620590092,15:54:52,20210509
2,2020-06-30,CDXS,USD,2020-08-07,2020-08-07 21:15:50,Q2,14967000.0,1699000.0,13268000.0,0.8864835972472773,10853000.0,8522000.0,0.0,13000.0,8522000.0,21074000,0.0,1106000.0,-5001000.0,-0.3341350972138705,-6107000.0,-0.4080310015367141,13000.0,-6037000.0,-0.4033540455669139,307000.0,-6344000.0,-0.42386583817732343,-0.11,-0.11,59000000.0,59000000.0,https://www.sec.gov/Archives/edgar/data/1200375/000120037520000033/0001200375-20-000033-index.htm,https://www.sec.gov/Archives/edgar/data/1200375/000120037520000033/cdxs-20200630.htm,1620590092,15:54:52,20210509
3,2020-03-31,CDXS,USD,2020-05-08,2020-05-08 16:50:41,Q1,14670000.0,2541000.0,12129000.0,0.8267893660531698,10967000.0,8989000.0,0.0,-86000.0,8989000.0,22497000,0.0,1130000.0,-6697000.0,-0.4565098841172461,-7827000.0,-0.5335378323108384,-86000.0,-7647000.0,-0.5212678936605317,5000.0,-7652000.0,-0.5216087252897069,-0.13,-0.13,58888000.0,58888000.0,https://www.sec.gov/Archives/edgar/data/1200375/000120037520000020/0001200375-20-000020-index.htm,https://www.sec.gov/Archives/edgar/data/1200375/000120037520000008/cdxs-20191231.htm,1620590092,15:54:52,20210509
4,2019-12-31,CDXS,USD,2020-02-28,2020-02-28 17:01:29,Q4,18650000.0,-21598000.0,40248000.0,2.158069705093834,8872000.0,7322000.0,0.0,-41000.0,7322000.0,19597000,0.0,1208000.0,261000.0,0.013994638069705094,-947000.0,-0.05077747989276139,-41000.0,-630000.0,-0.033780160857908845,5000.0,-635000.0,-0.034048257372654156,-0.01,-0.01,58620000.0,58620000.0,https://www.sec.gov/Archives/edgar/data/1200375/000120037520000008/0001200375-20-000008-index.htm,https://www.sec.gov/Archives/edgar/data/1200375/000120037520000008/cdxs-20191231.htm,1620590092,15:54:52,20210509
5,2019-09-30,CDXS,USD,2019-11-06,2019-11-06 16:14:43,Q3,21906000.0,13778000.0,8128000.0,0.3710398977449101,0.0,7869000.0,0.0,-403000.0,7869000.0,21647000,0.0,1170000.0,1429000.0,0.06523326942390213,259000.0,0.01182324477312152,-403000.0,336000.0,0.015338263489454943,-7000.0,343000.0,0.015657810645485257,0.00588467411258085,0.005585227642805966,58287000.0,61412000.0,https://www.sec.gov/Archives/edgar/data/1200375/000120037519000033/0001200375-19-000033-index.htm,https://www.sec.gov/Archives/edgar/data/1200375/000120037519000033/cdxs2019093010qsp.htm,1620590092,15:54:52,20210509
6,2019-06-30,CDXS,USD,2019-08-06,2019-08-06 16:35:18,Q2,12319000.0,2772000.0,9547000.0,0.7749817355304813,8274000.0,7896000.0,0.0,-88000.0,7896000.0,18942000,0.0,1101000.0,-5522000.0,-0.44825066969721566,-6623000.0,-0.5376248072083774,-88000.0,-6491000.0,-0.5269096517574479,16000.0,-6507000.0,-0.5282084584787726,-0.12,-0.12,54954000.0,54954000.0,https://www.sec.gov/Archives/edgar/data/1200375/000120037519000024/0001200375-19-000024-index.htm,https://www.sec.gov/Archives/edgar/data/1200375/000120037519000024/cdxs2019063010qsp.htm,1620590092,15:54:52,20210509
7,2019-03-31,CDXS,USD,2019-05-08,2019-05-08 16:36:12,Q1,15583000.0,4391000.0,11192000.0,0.7182185715202464,8016000.0,8415000.0,0.0,-125000.0,8415000.0,20822000,0.0,1078000.0,-4161000.0,-0.26702175447603155,-5239000.0,-0.33619970480651995,-125000.0,-5133000.0,-0.32939742026567415,3000.0,-5136000.0,-0.3295899377526792,-0.09,-0.09,54170000.0,54170000.0,https://www.sec.gov/Archives/edgar/data/1200375/000120037519000014/0001200375-19-000014-index.htm,https://www.sec.gov/Archives/edgar/data/1200375/000120037519000005/cdxs-20181231x10k.htm,1620590092,15:54:52,20210509
8,2018-12-31,CDXS,USD,2019-03-01,2019-03-01 16:40:32,Q4,16068000.0,2392000.0,13676000.0,0.8511326860841424,7514000.0,6806000.0,0.0,-70000.0,6806000.0,16712000,0.0,335000.0,-309000.0,-0.019230769230769232,-644000.0,-0.04007966143888474,-70000.0,-487000.0,-0.030308688075678367,-26000.0,-461000.0,-0.02869056509833209,-0.01,-0.01,53973000.0,53973000.0,https://www.sec.gov/Archives/edgar/data/1200375/000120037519000005/0001200375-19-000005-index.htm,https://www.sec.gov/Archives/edgar/data/1200375/000120037519000005/cdxs-20181231x10k.htm,1620590092,15:54:52,20210509
9,2018-09-30,CDXS,USD,2018-11-09,2018-11-09 14:48:34,Q3,16946000.0,3791000.0,13155000.0,0.7762893898265077,7917000.0,7344000.0,0.0,-80000.0,7344000.0,19052000,0.0,309000.0,-1797000.0,-0.10604272394665408,-2106000.0,-0.12427711554349109,-80000.0,-1987000.0,-0.11725480939454738,1000.0,-1988000.0,-0.11731382037058893,-0.04,-0.04,53597000.0,53597000.0,https://www.sec.gov/Archives/edgar/data/1200375/000120037518000031/0001200375-18-000031-index.htm,https://www.sec.gov/Archives/edgar/data/1200375/000120037518000031/cdxs_20180930x10q.htm,1620590092,15:54:52,20210509
10,2018-06-30,CDXS,USD,2018-08-09,2018-08-09 15:47:16,Q2,13538000.0,2611000.0,10927000.0,0.8071354705274043,7370000.0,7395000.0,0.0,-82000.0,7395000.0,17376000,0.0,265000.0,-3573000.0,-0.26392377012852714,-3838000.0,-0.28349830107844587,-82000.0,-3746000.0,-0.2767026148618703,-11000.0,-3735000.0,-0.27589008716206237,-0.07,-0.07,52787000.0,52787000.0,https://www.sec.gov/Archives/edgar/data/1200375/000120037518000025/0001200375-18-000025-index.htm,https://www.sec.gov/Archives/edgar/data/1200375/000120037518000025/cdxs_20180630x10q.htm,1620590092,15:54:52,20210509
11,2018-03-31,CDXS,USD,2018-05-10,2018-05-10 16:43:42,Q1,14042000.0,3825000.0,10217000.0,0.7276029055690073,7178000.0,7746000.0,0.0,-60000.0,7746000.0,18749000,0.0,238000.0,-4469000.0,-0.31825950719270757,-4707000.0,-0.33520865973508046,-60000.0,-4696000.0,-0.3344252955419456,-2000.0,-4694000.0,-0.33428286568864835,-0.1,-0.1,48385000.0,48385000.0,https://www.sec.gov/Archives/edgar/data/1200375/000120037518000018/0001200375-18-000018-index.htm,https://www.sec.gov/Archives/edgar/data/1200375/000120037518000009/cdxs-20171231x10k.htm,1620590092,15:54:52,20210509
12,2017-12-31,CDXS,USD,2018-03-15,2018-03-15 17:02:24,Q4,21723000.0,3559000.0,18164000.0,0.8361644340100355,9417000.0,7867000.0,0.0,-12000.0,7867000.0,20843000,0.0,247000.0,1127000.0,0.05188049532753303,880000.0,0.04051005846337983,-12000.0,919000.0,0.04230539059982507,-51000.0,970000.0,0.04465313262440731,0.020129910556789175,0.01917033933476946,48187000.0,50599000.0,https://www.sec.gov/Archives/edgar/data/1200375/000120037518000009/0001200375-18-000009-index.htm,https://www.sec.gov/Archives/edgar/data/1200375/000120037518000009/cdxs-20171231x10k.htm,1620590092,15:54:52,20210509
13,2017-09-30,CDXS,USD,2017-11-09,2017-11-09 16:34:21,Q3,9984000.0,3976000.0,6008000.0,0.6017628205128205,8055000.0,7989000.0,0.0,-68000.0,7989000.0,20020000,0.0,241000.0,-9795000.0,-0.9810697115384616,-10036000.0,-1.0052083333333333,-68000.0,-10076000.0,-1.0092147435897436,150000.0,-10226000.0,-1.0242387820512822,-0.21,-0.21,48147000.0,48147000.0,https://www.sec.gov/Archives/edgar/data/1200375/000120037517000034/0001200375-17-000034-index.htm,https://www.sec.gov/Archives/edgar/data/1200375/000120037517000034/cdxs_20170930x10q.htm,1620590092,15:54:52,20210509
14,2017-06-30,CDXS,USD,2017-08-09,2017-08-09 16:37:00,Q2,10347000.0,3790000.0,6557000.0,0.6337102541799555,6348000.0,6546000.0,0.0,-34000.0,6546000.0,16684000,0.0,228000.0,-6109000.0,-0.5904126800038658,-6337000.0,-0.6124480525756257,-34000.0,-6322000.0,-0.6109983570116942,-42000.0,-6280000.0,-0.6069392094326858,-0.13,-0.13,47232000.0,47232000.0,https://www.sec.gov/Archives/edgar/data/1200375/000120037517000026/0001200375-17-000026-index.htm,https://www.sec.gov/Archives/edgar/data/1200375/000120037517000026/cdxs_20170630x10q.htm,1620590092,15:54:52,20210509
15,2017-03-31,CDXS,USD,2017-05-09,2017-05-09 16:37:37,Q1,7971000.0,3002000.0,4969000.0,0.6233847697904905,5839000.0,6606000.0,0.0,22000.0,6606000.0,15447000,0.0,326000.0,-7150000.0,-0.8970016309120562,-7476000.0,-0.9378998870907038,22000.0,-7436000.0,-0.9328816961485384,24000.0,-7460000.0,-0.9358926107138377,-0.18,-0.18,41250000.0,41250000.0,https://www.sec.gov/Archives/edgar/data/1200375/000120037517000020/0001200375-17-000020-index.htm,https://www.sec.gov/Archives/edgar/data/1200375/000120037517000007/cdxs-20161231x10k.htm,1620590092,15:54:52,20210509
16,2016-12-31,CDXS,USD,2017-03-09,2017-03-09 17:23:04,Q4,9969000.0,2287000.0,7682000.0,0.7705888253586117,5964000.0,6968000.0,0.0,-55000.0,6968000.0,15219000,0.0,650000.0,-4600000.0,-0.46143043434647407,-5250000.0,-0.5266325609389106,-55000.0,-5285000.0,-0.5301434446785034,-25000.0,-5260000.0,-0.5276356705787942,-0.13,-0.13,41002000.0,41002000.0,https://www.sec.gov/Archives/edgar/data/1200375/000120037517000007/0001200375-17-000007-index.htm,https://www.sec.gov/Archives/edgar/data/1200375/000120037517000007/cdxs-20161231x10k.htm,1620590092,15:54:52,20210509
17,2016-09-30,CDXS,USD,2016-11-08,2016-11-08 16:29:08,Q3,14870000.0,2756000.0,12114000.0,0.8146603900470747,5467000.0,5229000.0,0.0,7000.0,5229000.0,13452000,0.0,1285000.0,2703000.0,0.18177538668459986,1418000.0,0.09535978480161399,7000.0,1437000.0,0.09663752521856087,0.0,1437000.0,0.09663752521856087,0.04,0.03,40940000.0,42134000.0,https://www.sec.gov/Archives/edgar/data/1200375/000120037516000079/0001200375-16-000079-index.htm,https://www.sec.gov/Archives/edgar/data/1200375/000120037516000079/cdxs_20160930x10q.htm,1620590092,15:54:52,20210509
18,2016-06-30,CDXS,USD,2016-08-09,2016-08-09 16:33:04,Q2,16002000.0,2221000.0,13781000.0,0.8612048493938258,5112000.0,6420000.0,0.0,-49000.0,6420000.0,13753000,0.0,1302000.0,3551000.0,0.22190976127984002,2249000.0,0.14054493188351455,-49000.0,2213000.0,0.1382952130983627,-26000.0,2239000.0,0.13992000999875015,0.06,0.05,40495000.0,41568000.0,https://www.sec.gov/Archives/edgar/data/1200375/000120037516000065/0001200375-16-000065-index.htm,https://www.sec.gov/Archives/edgar/data/1200375/000120037516000065/cdxs_20160630x10q.htm,1620590092,15:54:52,20210509
19,2016-03-31,CDXS,USD,2016-05-09,2016-05-09 16:55:19,Q1,7996000.0,2489000.0,5507000.0,0.6887193596798399,5686000.0,6802000.0,0.0,3000.0,6802000.0,14977000,0.0,1309000.0,-5672000.0,-0.7093546773386693,-6981000.0,-0.8730615307653827,3000.0,-6963000.0,-0.8708104052026013,11000.0,-6974000.0,-0.8721860930465233,-0.17,-0.17,40072000.0,40072000.0,https://www.sec.gov/Archives/edgar/data/1200375/000120037516000061/0001200375-16-000061-index.htm,https://www.sec.gov/Archives/edgar/data/1200375/000120037516000052/cdxs-20151231x10k.htm,1620590092,15:54:52,20210509
20,2015-12-31,CDXS,USD,2016-03-08,2016-03-08 17:09:11,Q4,11586000.0,2577000.0,9009000.0,0.7775763852925945,5216000.0,6026000.0,0.0,-21000.0,6026000.0,13819000,0.0,1309000.0,-924000.0,-0.0797514241325738,-2233000.0,-0.19273260832038666,-21000.0,-2247000.0,-0.19394096323148627,-194000.0,-2053000.0,-0.1771966166062489,-0.05,-0.05,39840000.0,39840000.0,https://www.sec.gov/Archives/edgar/data/1200375/000120037516000052/0001200375-16-000052-index.htm,https://www.sec.gov/Archives/edgar/data/1200375/000120037516000052/cdxs-20151231x10k.htm,1620590092,15:54:52,20210509
21,2015-09-30,CDXS,USD,2015-11-06,2015-11-05 21:41:43,Q3,17401000.0,1302000.0,16099000.0,0.9251767139819551,4994000.0,5415000.0,0.0,-26000.0,5415000.0,11711000,0.0,1333000.0,7023000.0,0.40359749439687376,5690000.0,0.32699270156887533,-26000.0,5668000.0,0.32572840641342454,274000.0,5394000.0,0.30998218493190044,0.14,0.13,39767000.0,40970000.0,https://www.sec.gov/Archives/edgar/data/1200375/000120037515000036/0001200375-15-000036-index.htm,https://www.sec.gov/Archives/edgar/data/1200375/000120037515000036/cdxs_20150930x10q.htm,1620590092,15:54:52,20210509
22,2015-06-30,CDXS,USD,2015-08-11,2015-08-11 17:18:16,Q2,6018000.0,1250000.0,4768000.0,0.7922897972748422,5170000.0,5296000.0,0.0,-96000.0,5296000.0,11716000,0.0,1365000.0,-4333000.0,-0.7200066467264872,-5698000.0,-0.9468261881023596,-96000.0,-5790000.0,-0.9621136590229312,-430000.0,-5360000.0,-0.8906613492854769,-0.14,-0.14,39301000.0,39301000.0,https://www.sec.gov/Archives/edgar/data/1200375/000120037515000025/0001200375-15-000025-index.htm,https://www.sec.gov/Archives/edgar/data/1200375/000120037515000025/cdxs_20150630x10q.htm,1620590092,15:54:52,20210509
23,2015-03-31,CDXS,USD,2015-05-07,2015-05-07 17:04:29,Q1,6798000.0,1456000.0,5342000.0,0.7858193586348926,5293000.0,5578000.0,0.0,-25000.0,5578000.0,12327000,0.0,1402000.0,-4127000.0,-0.6070903206825536,-5529000.0,-0.8133274492497794,-25000.0,-5550000.0,-0.8164165931156222,12000.0,-5562000.0,-0.8181818181818182,-0.14,-0.14,38779000.0,38779000.0,https://www.sec.gov/Archives/edgar/data/1200375/000120037515000015/0001200375-15-000015-index.htm,https://www.sec.gov/Archives/edgar/data/1200375/000120037515000008/cdxs-20141231x10k.htm,1620590092,15:54:52,20210509
24,2014-12-31,CDXS,USD,2015-03-06,2015-03-05 19:28:08,Q4,14191000.0,3547000.0,10644000.0,0.7500528503981396,5047000.0,5146000.0,0.0,-51000.0,5146000.0,13740000,0.0,1475000.0,1926000.0,0.13571982242266226,451000.0,0.031780706081319145,-51000.0,403000.0,0.028398280600380525,58000.0,345000.0,0.024311183144246355,0.008928340363862218,0.008713881592240857,38641000.0,39592000.0,https://www.sec.gov/Archives/edgar/data/1200375/000120037515000008/0001200375-15-000008-index.htm,https://www.sec.gov/Archives/edgar/data/1200375/000120037515000008/cdxs-20141231x10k.htm,1620590092,15:54:52,20210509
25,2014-09-30,CDXS,USD,2014-11-06,2014-11-06 16:40:28,Q3,7472000.0,1532000.0,5940000.0,0.7949678800856531,5038000.0,5157000.0,0.0,-57000.0,5157000.0,11727000,0.0,1445000.0,-2810000.0,-0.3760706638115632,-4255000.0,-0.5694593147751607,-57000.0,-4309000.0,-0.576686295503212,253000.0,-4562000.0,-0.6105460385438972,-0.12,-0.12,38450000.0,38450000.0,https://www.sec.gov/Archives/edgar/data/1200375/000120037514000051/0001200375-14-000051-index.htm,https://www.sec.gov/Archives/edgar/data/1200375/000120037514000051/cdxs_20140930x10q.htm,1620590092,15:54:52,20210509
26,2014-06-30,CDXS,USD,2014-08-08,2014-08-07 18:25:48,Q2,6570000.0,2123000.0,4447000.0,0.6768645357686454,7733000.0,5625000.0,0.0,-8000.0,5625000.0,15481000,0.0,1905000.0,-7006000.0,-1.0663622526636225,-8911000.0,-1.356316590563166,-8000.0,-8916000.0,-1.3570776255707762,-437000.0,-8479000.0,-1.2905631659056316,-0.22,-0.22,37980000.0,37980000.0,https://www.sec.gov/Archives/edgar/data/1200375/000120037514000040/0001200375-14-000040-index.htm,https://www.sec.gov/Archives/edgar/data/1200375/000120037514000040/cdxs_20140630x10q.htm,1620590092,15:54:52,20210509
27,2014-03-31,CDXS,USD,2014-05-08,2014-05-08 15:56:33,Q1,7074000.0,2524000.0,4550000.0,0.6432004523607577,4834000.0,6112000.0,0.0,-118000.0,6112000.0,13470000,0.0,1860000.0,-4536000.0,-0.6412213740458015,-6396000.0,-0.904156064461408,-118000.0,-6505000.0,-0.9195646027707096,-130000.0,-6375000.0,-0.9011874469889737,-0.17,-0.17,38506000.0,38506000.0,https://www.sec.gov/Archives/edgar/data/1200375/000120037514000021/0001200375-14-000021-index.htm,https://www.sec.gov/Archives/edgar/data/1200375/000120037514000011/cdxs-20131231x10k.htm,1620590092,15:54:52,20210509
28,2013-12-31,CDXS,USD,2014-03-13,2014-03-12 17:33:57,Q4,9525000.0,4764000.0,4761000.0,0.49984251968503934,8830000.0,5782000.0,0.0,0.0,5782000.0,19376000,15000.0,2480000.0,-7371000.0,-0.7738582677165354,-9851000.0,-1.034225721784777,-17000.0,-9860000.0,-1.0351706036745407,-46000.0,-9814000.0,-1.0303412073490814,-0.26,-0.26,38329000.0,38329000.0,https://www.sec.gov/Archives/edgar/data/1200375/000120037514000011/0001200375-14-000011-index.htm,https://www.sec.gov/Archives/edgar/data/1200375/000120037514000011/cdxs-20131231x10k.htm,1620590092,15:54:52,20210509
29,2013-09-30,CDXS,USD,2013-11-12,2013-11-12 16:56:13,Q3,3943000.0,494000.0,3449000.0,0.8747146842505706,6831000.0,5832000.0,0.0,-22000.0,5832000.0,13157000,0.0,2610000.0,-6604000.0,-1.6748668526502664,-9214000.0,-2.336799391326401,-22000.0,-9227000.0,-2.3400963733198075,35000.0,-9262000.0,-2.348972863302054,-0.24,-0.24,38102000.0,38102000.0,https://www.sec.gov/Archives/edgar/data/1200375/000120037513000011/0001200375-13-000011-index.htm,https://www.sec.gov/Archives/edgar/data/1200375/000120037513000011/cdxs_20130930x10q.htm,1620590092,15:54:52,20210509
30,2013-06-30,CDXS,USD,2013-08-09,2013-08-09 16:04:01,Q2,6974000.0,3631000.0,3343000.0,0.4793518784055062,8624000.0,7169000.0,0.0,-183000.0,7169000.0,19424000,0.0,2586000.0,-9864000.0,-1.4143963292228277,-12450000.0,-1.785202179523946,-183000.0,-12617000.0,-1.8091482649842272,-12000.0,-12605000.0,-1.807427588184686,-0.33,-0.33,38060000.0,38060000.0,https://www.sec.gov/Archives/edgar/data/1200375/000144530513002083/0001445305-13-002083-index.htm,https://www.sec.gov/Archives/edgar/data/1200375/000144530513002083/cdxs_20130630x10q.htm,1620590092,15:54:52,20210509
31,2013-03-31,CDXS,USD,2013-05-09,2013-04-02 16:25:27,Q1,11481000.0,5665000.0,5816000.0,0.5065760822228029,7322000.0,8124000.0,0.0,-85000.0,8124000.0,21111000,0.0,2642000.0,-6988000.0,-0.6086577824231338,-9630000.0,-0.838777110007839,-85000.0,-9688000.0,-0.8438289347617803,-65000.0,-9623000.0,-0.8381674070202944,-0.25,-0.25,37842000.0,37842000.0,https://www.sec.gov/Archives/edgar/data/1200375/000144530513001257/0001445305-13-001257-index.htm,https://www.sec.gov/Archives/edgar/data/1200375/000144530513000770/cdxs-20121231x10k.htm,1620590092,15:54:52,20210509
32,2012-12-31,CDXS,USD,2013-04-02,2013-04-02 16:25:27,Q4,7912000.0,5779000.0,2133000.0,0.26959049544994945,10595000.0,7286000.0,0.0,-6000.0,-38904000.0,23660000,0.0,2930000.0,-12818000.0,-1.6200707785642063,-15748000.0,-1.9903943377148634,-28000.0,-15712000.0,-1.9858442871587463,-173000.0,-15539000.0,-1.9639787664307382,-0.41,-0.41,37581000.0,37581000.0,https://www.sec.gov/Archives/edgar/data/1200375/000144530513000770/0001445305-13-000770-index.htm,https://www.sec.gov/Archives/edgar/data/1200375/000144530513000770/cdxs-20121231x10k.htm,1620590092,15:54:52,20210509
33,2012-09-30,CDXS,USD,2012-11-07,2012-11-07 16:06:13,Q3,26341000.0,6397000.0,19944000.0,0.7571466535059413,14191000.0,7909000.0,0.0,0.0,22100000.0,28497000,0.0,3137000.0,981000.0,0.03724232185566228,-2156000.0,-0.08184958809460537,-45000.0,-2140000.0,-0.08124217000113891,169000.0,-2309000.0,-0.08765802361337838,-0.06,-0.06,37116000.0,37116000.0,https://www.sec.gov/Archives/edgar/data/1200375/000119312512457399/0001193125-12-457399-index.htm,https://www.sec.gov/Archives/edgar/data/1200375/000119312512457399/d398690d10q.htm,1620590092,15:54:52,20210509
34,2012-06-30,CDXS,USD,2012-08-09,2012-08-09 15:35:55,Q2,22909000.0,5829000.0,17080000.0,0.7455585141210878,15650000.0,6789000.0,0.0,0.0,22439000.0,28268000,157000.0,3231000.0,-2128000.0,-0.09288925749705355,-5359000.0,-0.23392553145052164,0.0,-5442000.0,-0.23754856170064167,77000.0,-5519000.0,-0.24090968614954822,-0.15,-0.15,36296000.0,36296000.0,https://www.sec.gov/Archives/edgar/data/1200375/000119312512347356/0001193125-12-347356-index.htm,https://www.sec.gov/Archives/edgar/data/1200375/000119312512347356/d351774d10q.htm,1620590092,15:54:52,20210509
35,2012-03-31,CDXS,USD,2012-05-10,2012-05-10 16:06:11,Q1,31136000.0,12642000.0,18494000.0,0.5939748201438849,16349000.0,9395000.0,0.0,0.0,25744000.0,38386000,118000.0,3119000.0,-4131000.0,-0.13267600205549845,-7250000.0,-0.23284943473792394,0.0,-7293000.0,-0.23423047276464543,197000.0,-7490000.0,-0.24055755395683454,-0.21,-0.21,36057000.0,36057000.0,https://www.sec.gov/Archives/edgar/data/1200375/000119312512225489/0001193125-12-225489-index.htm,https://www.sec.gov/Archives/edgar/data/1200375/000119312512096779/d278557d10k.htm,1620590092,15:54:52,20210509
36,2011-12-31,CDXS,USD,2012-03-05,2012-03-05 16:22:36,Q4,33493000.0,13068000.0,20425000.0,0.6098289194757114,15547000.0,9782000.0,0.0,0.0,25329000.0,38397000,297000.0,3006000.0,-1898000.0,-0.056668557609052636,-4904000.0,-0.14641865464425402,0.0,-5123000.0,-0.15295733436837547,173000.0,-5296000.0,-0.15812259278058102,-0.14687855340155864,-0.14687855340155864,36057000.0,36057000.0,https://www.sec.gov/Archives/edgar/data/1200375/000119312512096779/0001193125-12-096779-index.htm,https://www.sec.gov/Archives/edgar/data/1200375/000119312512096779/d278557d10k.htm,1620590092,15:54:52,20210509
37,2011-09-30,CDXS,USD,2011-11-07,2011-11-07 16:41:02,Q3,33282000.0,9958000.0,23324000.0,0.7007992308154558,16786000.0,8871000.0,0.0,0.0,25657000.0,35615000,411000.0,2847000.0,514000.0,0.015443783426476775,-2333000.0,-0.07009795084430022,0.0,-2668000.0,-0.08016345171564208,74000.0,-2742000.0,-0.08238687578871462,-0.08,-0.08,35919000.0,35919000.0,https://www.sec.gov/Archives/edgar/data/1200375/000119312511299912/0001193125-11-299912-index.htm,https://www.sec.gov/Archives/edgar/data/1200375/000119312511299912/d236739d10q.htm,1620590092,15:54:52,20210509
38,2011-06-30,CDXS,USD,2011-08-03,2011-08-03 17:14:04,Q2,26055000.0,7106000.0,18949000.0,0.7272692381500672,14965000.0,9276000.0,0.0,0.0,24241000.0,31347000,0.0,2782000.0,-2510000.0,-0.09633467664555748,-5292000.0,-0.20310880829015543,0.0,-5205000.0,-0.19976971790443293,-165000.0,-5040000.0,-0.19343696027633853,-0.14,-0.14,35685000.0,35685000.0,https://www.sec.gov/Archives/edgar/data/1200375/000119312511208406/0001193125-11-208406-index.htm,https://www.sec.gov/Archives/edgar/data/1200375/000119312511208406/d10q.htm,1620590092,15:54:52,20210509
39,2011-03-31,CDXS,USD,2011-05-06,2011-05-06 17:01:32,Q1,31034000.0,11650000.0,19384000.0,0.6246052716375589,13750000.0,9013000.0,0.0,0.0,22763000.0,34413000,17000.0,2836000.0,-543000.0,-0.017496938841270866,-3379000.0,-0.10888058258684025,0.0,-3313000.0,-0.10675388283817748,158000.0,-3471000.0,-0.11184507314558226,-0.1,-0.1,35116000.0,35116000.0,https://www.sec.gov/Archives/edgar/data/1200375/000119312511130937/0001193125-11-130937-index.htm,https://www.sec.gov/Archives/edgar/data/1200375/000119312511030827/d10k.htm,1620590092,15:54:52,20210509
40,2010-12-31,CDXS,USD,2011-02-10,2011-02-10 17:21:13,Q4,29811000.0,8126000.0,21685000.0,0.7274160544765355,13349000.0,8649000.0,0.0,0.0,21998000.0,30124000,152000.0,2609000.0,2296000.0,0.07701855019959075,-313000.0,-0.010499480057696823,0.0,-434000.0,-0.014558384488947033,60000.0,-494000.0,-0.0165710643722116,-0.014067661464859323,-0.014067661464859323,35116000.0,35116000.0,https://www.sec.gov/Archives/edgar/data/1200375/000119312511030827/0001193125-11-030827-index.htm,https://www.sec.gov/Archives/edgar/data/1200375/000119312511030827/d10k.htm,1620590092,15:54:52,20210509
41,2010-09-30,CDXS,USD,2010-11-04,2010-11-04 17:23:24,Q3,27113000.0,8563000.0,18550000.0,0.6841736436395824,13070000.0,7940000.0,0.0,0.0,21010000.0,29573000,35000.0,1960000.0,-500000.0,-0.01844133810349279,-2460000.0,-0.09073138346918452,0.0,-2434000.0,-0.0897724338878029,298000.0,-2732000.0,-0.10076347139748461,-0.08,-0.08,34200000.0,34200000.0,https://www.sec.gov/Archives/edgar/data/1200375/000119312510248333/0001193125-10-248333-index.htm,https://www.sec.gov/Archives/edgar/data/1200375/000119312510248333/d10q.htm,1620590092,15:54:52,20210509
42,2010-06-30,CDXS,USD,2010-08-06,2010-08-05 18:15:50,Q2,24480000.0,6075000.0,18405000.0,0.7518382352941176,13004000.0,8652000.0,0.0,0.0,21656000.0,27731000,654000.0,1902000.0,-1349000.0,-0.055106209150326796,-3251000.0,-0.13280228758169935,0.0,-3859000.0,-0.15763888888888888,87000.0,-3946000.0,-0.16119281045751635,-0.15,-0.15,26557000.0,26557000.0,https://www.sec.gov/Archives/edgar/data/1200375/000119312510179673/0001193125-10-179673-index.htm,https://www.sec.gov/Archives/edgar/data/1200375/000119312510179673/d10q.htm,1620590092,15:54:52,20210509
43,2010-03-31,CDXS,USD,2010-03-31,2010-03-31,Q2,25700000.0,5218000.0,20482000.0,0.7969649805447471,12982000.0,8600000.0,0.0,0.0,21582000.0,26800000,358000.0,1838000.0,738000.0,0.028715953307392995,-1100000.0,-0.042801556420233464,0.0,-1430000.0,-0.0556420233463035,-61000.0,-1369000.0,-0.05326848249027237,-0.5,-0.5,2714000.0,2714000.0,,,1620590092,15:54:52,20210509
44,2009-12-31,CDXS,USD,2009-12-31,2009-12-31,Q4,24238000.0,4792000.0,19446000.0,0.8022939186401519,15239000.0,0.0,0.0,0.0,24171000.0,28963000,507000.0,1698000.0,-3027000.0,-0.12488654179387738,-4725000.0,-0.19494182688340622,0.0,-5193000.0,-0.21425035068900075,-13000.0,-5180000.0,-0.213714002805512,0.0,0.0,0.0,0.0,,,1620590092,15:54:52,20210509
45,2009-09-30,CDXS,USD,2009-09-30,2009-09-30,Q2,20062000.0,4618000.0,15444000.0,0.7698135779084837,12239000.0,8699000.0,0.0,0.0,20938000.0,25556000,744000.0,1623000.0,-3871000.0,-0.19295184926727146,-5494000.0,-0.27385106170870305,0.0,-6174000.0,-0.3077459874389393,-16000.0,-6158000.0,-0.3069484597746984,-2.35,-2.35,2624000.0,2624000.0,,,1620590092,15:54:52,20210509
46,2009-06-30,CDXS,USD,2009-06-30,2009-06-30,Q2,19198000.0,3412000.0,15786000.0,0.8222731534534847,12112000.0,6178000.0,0.0,0.0,18290000.0,21702000,358000.0,1463000.0,-1041000.0,-0.05422439837483071,-2504000.0,-0.13043025315136994,0.0,-2817000.0,-0.14673403479529118,41000.0,-2858000.0,-0.14886967392436712,-1.09,-1.09,2613000.0,2613000.0,,,1620590092,15:54:52,20210509
47,2009-03-31,CDXS,USD,2009-03-31,2009-03-31,Q2,19410000.0,3856000.0,15554000.0,0.8013395157135497,15134000.0,6063000.0,0.0,0.0,21197000.0,25053000,427000.0,1345000.0,-4298000.0,-0.22143225141679546,-5643000.0,-0.29072642967542506,0.0,-6039000.0,-0.31112828438949,54000.0,-6093000.0,-0.31391035548686247,-2.35,-2.35,2594000.0,2594000.0,,,1620590092,15:54:52,20210509
48,2008-12-31,CDXS,USD,2008-12-31,2008-12-31,Q4,18598000.0,5266000.0,13332000.0,0.7168512743305732,12304000.0,0.0,0.0,0.0,19713000.0,24979000,-152000.0,1214000.0,-5167000.0,-0.2778255726422196,-6381000.0,-0.34310140875362943,0.0,-6126000.0,-0.3293902570168835,201000.0,-6327000.0,-0.3401978707387891,-2.4390902081727064,-2.4390902081727064,2594000.0,2594000.0,,,1620590092,15:54:52,20210509
49,2008-03-31,CDXS,USD,2008-03-31,2008-03-31,Q2,8374000.0,2887000.0,5487000.0,0.6552424170050155,9855000.0,8738000.0,0.0,0.0,18593000.0,21480000,1466000.0,1044000.0,-12062000.0,-1.440410795318844,-13106000.0,-1.5650823978982564,0.0,-13811000.0,-1.649271554812515,98000.0,-13909000.0,-1.660974444709816,-5.124908,-5.124908,2714000.0,2714000.0,,,1620590092,15:54:52,20210509
50,2007-03-31,CDXS,USD,2007-03-31,2007-03-31,Q2,4704000.0,1351000.0,3353000.0,0.7127976190476191,4763000.0,4036000.0,0.0,0.0,8799000.0,10150000,32000.0,566000.0,-4880000.0,-1.0374149659863945,-5446000.0,-1.1577380952380953,0.0,-5046000.0,-1.072704081632653,50000.0,-5096000.0,-1.0833333333333333,-1.877671,-1.877671,2714000.0,2714000.0,,,1620590092,15:54:52,20210509
