,date,symbol,reportedCurrency,fillingDate,acceptedDate,period,revenue,costOfRevenue,grossProfit,grossProfitRatio,researchAndDevelopmentExpenses,generalAndAdministrativeExpenses,sellingAndMarketingExpenses,otherExpenses,operatingExpenses,costAndExpenses,interestExpense,depreciationAndAmortization,ebitda,ebitdaratio,operatingIncome,operatingIncomeRatio,totalOtherIncomeExpensesNet,incomeBeforeTax,incomeBeforeTaxRatio,incomeTaxExpense,netIncome,netIncomeRatio,eps,epsdiluted,weightedAverageShsOut,weightedAverageShsOutDil,link,finalLink,timestamp,est_time,est_date
0,2020-12-31,FFIC,USD,2021-03-16,2021-03-16 14:18:06,Q4,54551000.0,0.0,54551000.0,1.0,0.0,26062000.0,0.0,16631.617,-148365000.0,16631.617,13239000.0,1579000.0,1826673.18,0.03348560393026709,247673.18,0.0710894392403439,354.987,3878000.0,0.0710894392403439,417000.0,3461000.0,0.06344521640299902,0.11986725869986589,0.11986725869986589,28873606,28873606,https://www.sec.gov/Archives/edgar/data/923139/000155837021003065/0001558370-21-003065-index.htm,https://www.sec.gov/Archives/edgar/data/923139/000155837021003065/ffic-20201231x10k.htm,1620592041,16:27:21,20210509
1,2020-09-30,FFIC,USD,2020-11-09,2020-11-09 14:54:45,Q3,51270000.0,0.0,51270000.0,1.0,0.0,19730000.0,0.0,3383.0,46000000.0,3383.0,13990000.0,1542000.0,1560820.0,0.030443144138872634,18820.0,0.00036707626292178664,13.0,18820000.0,0.36707626292178663,4489000.0,14331000.0,0.27952018724400235,0.5,0.5,28873606,28873606,https://www.sec.gov/Archives/edgar/data/923139/000155837020013321/0001558370-20-013321-index.htm,https://www.sec.gov/Archives/edgar/data/923139/000155837020013321/ffic-20200930x10q.htm,1620592041,16:27:21,20210509
2,2020-06-30,FFIC,USD,2020-08-10,2020-08-10 15:54:04,Q2,62454000.0,0.0,0.0,0.0,0.0,18734000.0,0.0,0.0,54000000.0,0.0,16055000.0,1555000.0,0.0,0.0,0.0,0.38556377493835464,0.0,24080000.0,0.38556377493835464,5808000.0,18272000.0,0.29256732955455217,0.63,0.63,28866984,28866984,https://www.sec.gov/Archives/edgar/data/923139/000155837020010167/0001558370-20-010167-index.htm,https://www.sec.gov/Archives/edgar/data/923139/000155837020010167/ffic-20200630x10q.htm,1620592041,16:27:21,20210509
3,2020-03-31,FFIC,USD,2020-05-11,2020-05-11 17:04:49,Q1,37931000.0,0.0,0.0,0.0,0.0,20964000.0,0.0,0.0,65000000.0,0.0,25844000.0,1536000.0,0.0,0.0,0.0,-0.04207640188763808,0.0,-1596000.0,-0.04207640188763808,-206000.0,-1390000.0,-0.03664548785953442,-0.05,-0.05,28852819,28852819,https://www.sec.gov/Archives/edgar/data/923139/000155837020006299/0001558370-20-006299-index.htm,https://www.sec.gov/Archives/edgar/data/923139/000155837020001872/ffic-20191231x10kbe8259.htm,1620592041,16:27:21,20210509
4,2019-12-31,FFIC,USD,2020-03-02,2020-03-02 15:31:17,Q4,46217000.0,0.0,0.0,0.0,0.0,19252000.0,0.0,0.0,58000000.0,0.0,29000000.0,1476000.0,0.0,0.0,0.0,0.36540666854187853,0.0,16888000.0,0.36540666854187853,3957000.0,12931000.0,0.2797888222948266,0.45,0.45,28723077,28723077,https://www.sec.gov/Archives/edgar/data/923139/000155837020001872/0001558370-20-001872-index.htm,https://www.sec.gov/Archives/edgar/data/923139/000155837020001872/ffic-20191231x10kbe8259.htm,1620592041,16:27:21,20210509
5,2019-09-30,FFIC,USD,2019-11-06,2019-11-06 15:56:53,Q3,39988000.0,0.0,0.0,0.0,0.0,16362000.0,0.0,0.0,57000000.0,0.0,30440000.0,1439000.0,0.0,0.0,0.0,0.33159947984395316,0.0,13260000.0,0.33159947984395316,2536000.0,10724000.0,0.26818045413624086,0.37,0.37,28730161,28730161,https://www.sec.gov/Archives/edgar/data/923139/000117184319007249/0001171843-19-007249-index.htm,https://www.sec.gov/Archives/edgar/data/923139/000117184319007249/ffic20190930_10q.htm,1620592041,16:27:21,20210509
6,2019-06-30,FFIC,USD,2019-08-07,2019-08-07 17:31:54,Q2,41690000.0,0.0,0.0,0.0,0.0,17755000.0,0.0,0.0,58000000.0,0.0,29566000.0,1497000.0,0.0,0.0,0.0,0.33168625569680976,0.0,13828000.0,0.33168625569680976,3272000.0,10556000.0,0.25320220676421207,0.37,0.37,28760816,28760816,https://www.sec.gov/Archives/edgar/data/923139/000117184319005270/0001171843-19-005270-index.htm,https://www.sec.gov/Archives/edgar/data/923139/000117184319005270/ffic20190630_10q.htm,1620592041,16:27:21,20210509
7,2019-03-31,FFIC,USD,2019-05-08,2019-05-08 16:04:17,Q1,42746000.0,0.0,0.0,0.0,0.0,21143000.0,0.0,0.0,61000000.0,0.0,28010000.0,1518000.0,0.0,0.0,0.0,0.21885088663266739,0.0,9355000.0,0.21885088663266739,2287000.0,7068000.0,0.16534880456650913,0.24695138376978765,0.24695128022995677,28621018,28621030,https://www.sec.gov/Archives/edgar/data/923139/000117184319003116/0001171843-19-003116-index.htm,https://www.sec.gov/Archives/edgar/data/923139/000117184319001423/f10k_022819p.htm,1620592041,16:27:21,20210509
8,2018-12-31,FFIC,USD,2019-03-01,2019-03-01 12:16:56,Q4,38509000.0,0.0,0.0,0.0,0.0,16975000.0,0.0,0.0,53000000.0,0.0,26797000.0,1464000.0,0.0,0.0,0.0,0.34973642525124,0.0,13468000.0,0.34973642525124,1046000.0,12422000.0,0.3225739437534083,0.43705249573265137,0.437047851884476,28422215,28422517,https://www.sec.gov/Archives/edgar/data/923139/000117184319001423/0001171843-19-001423-index.htm,https://www.sec.gov/Archives/edgar/data/923139/000117184319001423/f10k_022819p.htm,1620592041,16:27:21,20210509
9,2018-09-30,FFIC,USD,2018-11-08,2018-11-08 16:48:48,Q3,46476000.0,0.0,0.0,0.0,0.0,17743000.0,0.0,0.0,51000000.0,0.0,23965000.0,1484000.0,0.0,0.0,0.0,0.41404165590842584,0.0,19243000.0,0.41404165590842584,1910000.0,17333000.0,0.3729451760048197,0.6059738823263957,0.6059653024121006,28603543,28603948,https://www.sec.gov/Archives/edgar/data/923139/000117184318007799/0001171843-18-007799-index.htm,https://www.sec.gov/Archives/edgar/data/923139/000117184318007799/f10q_110718p.htm,1620592041,16:27:21,20210509
10,2018-06-30,FFIC,USD,2018-08-07,2018-08-07 13:49:27,Q2,45835000.0,0.0,0.0,0.0,0.0,17264000.0,0.0,0.0,48000000.0,0.0,20653000.0,1455000.0,0.0,0.0,0.0,0.4017017562997709,0.0,18412000.0,0.4017017562997709,4489000.0,13923000.0,0.30376349950910875,0.48268616881036114,0.48267308326386293,28844829,28845611,https://www.sec.gov/Archives/edgar/data/923139/000117184318005807/0001171843-18-005807-index.htm,https://www.sec.gov/Archives/edgar/data/923139/000117184318005807/f10q_080918p.htm,1620592041,16:27:21,20210509
11,2018-03-31,FFIC,USD,2018-05-10,2018-05-10 16:54:20,Q1,45809000.0,0.0,0.0,0.0,0.0,20356000.0,0.0,0.0,50000000.0,0.0,18177000.0,1389000.0,0.0,0.0,0.0,0.31351917745421204,0.0,14362000.0,0.31351917745421204,2950000.0,11412000.0,0.2491213516994477,0.3938682458947208,0.39386007620357266,28974156,28974757,https://www.sec.gov/Archives/edgar/data/923139/000117184318003832/0001171843-18-003832-index.htm,https://www.sec.gov/Archives/edgar/data/923139/000117184318001607/f10k_030118p.htm,1620592041,16:27:21,20210509
12,2017-12-31,FFIC,USD,2018-03-01,2018-03-01 16:50:12,Q4,46124000.0,0.0,0.0,0.0,0.0,16101000.0,0.0,0.0,49000000.0,0.0,16637000.0,1339000.0,0.0,0.0,0.0,0.2959413754227734,0.0,13650000.0,0.2959413754227734,7693000.0,5957000.0,0.1291518515306565,0.2050920743601821,0.2050876965938745,29045491,29046111,https://www.sec.gov/Archives/edgar/data/923139/000117184318001607/0001171843-18-001607-index.htm,https://www.sec.gov/Archives/edgar/data/923139/000117184318001607/f10k_030118p.htm,1620592041,16:27:21,20210509
13,2017-09-30,FFIC,USD,2017-11-06,2017-11-06 16:07:37,Q3,44702000.0,0.0,0.0,0.0,0.0,17158000.0,0.0,0.0,46000000.0,0.0,16278000.0,1173000.0,0.0,0.0,0.0,0.3460695270905105,0.0,15470000.0,0.3460695270905105,5291000.0,10179000.0,0.22770793253098295,0.34955653641705,0.34954929809237223,29119753,29120356,https://www.sec.gov/Archives/edgar/data/923139/000117184317006663/0001171843-17-006663-index.htm,https://www.sec.gov/Archives/edgar/data/923139/000117184317006663/f10q_110317p.htm,1620592041,16:27:21,20210509
14,2017-06-30,FFIC,USD,2017-08-04,2017-08-04 11:38:37,Q2,45565000.0,0.0,0.0,0.0,0.0,17248000.0,0.0,0.0,41000000.0,0.0,14698000.0,1155000.0,0.0,0.0,0.0,0.42796005706134094,0.0,19500000.0,0.42796005706134094,6775000.0,12725000.0,0.27927137056951606,0.43675482890382705,0.43674574481795597,29135339,29135945,https://www.sec.gov/Archives/edgar/data/923139/000117184317004727/0001171843-17-004727-index.htm,https://www.sec.gov/Archives/edgar/data/923139/000117184317004727/f10q_080417p.htm,1620592041,16:27:21,20210509
15,2017-03-31,FFIC,USD,2017-05-09,2017-05-09 15:31:44,Q1,47078000.0,0.0,0.0,0.0,0.0,18633000.0,0.0,0.0,43000000.0,0.0,13865000.0,1165000.0,0.0,0.0,0.0,0.3720209014826458,0.0,17514000.0,0.3720209014826458,5254000.0,12260000.0,0.2604188793066825,0.4224808031408312,0.42242730658316435,29019070,29022745,https://www.sec.gov/Archives/edgar/data/923139/000117184317002850/0001171843-17-002850-index.htm,https://www.sec.gov/Archives/edgar/data/923139/000117184317001477/f10k_030817p.htm,1620592041,16:27:21,20210509
16,2016-12-31,FFIC,USD,2017-03-13,2017-03-13 16:58:14,Q4,43573000.0,0.0,0.0,0.0,0.0,17549000.0,0.0,0.0,49000000.0,0.0,13668000.0,1187000.0,0.0,0.0,0.0,0.514125720055998,0.0,22402000.0,0.514125720055998,8116000.0,14286000.0,0.32786358524774517,0.4951857003569143,0.49501614103975217,28849783,28859665,https://www.sec.gov/Archives/edgar/data/923139/000117184317001477/0001171843-17-001477-index.htm,https://www.sec.gov/Archives/edgar/data/923139/000117184317001477/f10k_030817p.htm,1620592041,16:27:21,20210509
17,2016-09-30,FFIC,USD,2016-11-04,2016-11-04 14:54:48,Q3,43566000.0,0.0,0.0,0.0,0.0,16270000.0,0.0,0.0,40000000.0,0.0,13811000.0,1169000.0,0.0,0.0,0.0,0.39684616444015974,0.0,17289000.0,0.39684616444015974,6655000.0,10634000.0,0.2440894275352339,0.36845441204755147,0.36827732411511016,28861101,28874979,https://www.sec.gov/Archives/edgar/data/923139/000117184316012957/0001171843-16-012957-index.htm,https://www.sec.gov/Archives/edgar/data/923139/000117184316012957/f10q_110416p.htm,1620592041,16:27:21,20210509
18,2016-06-30,FFIC,USD,2016-08-05,2016-08-05 15:59:26,Q2,45792000.0,0.0,0.0,0.0,0.0,16107000.0,0.0,0.0,42000000.0,0.0,13202000.0,1062000.0,0.0,0.0,0.0,1.1170510132774283,0.0,51152000.0,1.1170510132774283,20717000.0,30435000.0,0.6646357442348009,1.048682794455898,1.0482373803206355,29022122,29034454,https://www.sec.gov/Archives/edgar/data/923139/000117184316011549/0001171843-16-011549-index.htm,https://www.sec.gov/Archives/edgar/data/923139/000117184316011549/f10q_080516p.htm,1620592041,16:27:21,20210509
19,2016-03-31,FFIC,USD,2016-05-06,2016-05-06 14:50:09,Q1,43673000.0,0.0,0.0,0.0,0.0,18256000.0,0.0,0.0,42000000.0,0.0,13230000.0,1032000.0,0.0,0.0,0.0,0.3474915851899343,0.0,15176000.0,0.3474915851899343,5615000.0,9561000.0,0.21892244636274127,0.3285943821117906,0.32843061076345537,29096663,29111172,https://www.sec.gov/Archives/edgar/data/923139/000117184316009780/0001171843-16-009780-index.htm,https://www.sec.gov/Archives/edgar/data/923139/000117184316008590/f10k_031516p.htm,1620592041,16:27:21,20210509
20,2015-12-31,FFIC,USD,2016-03-15,2016-03-15 15:13:23,Q4,41561000.0,0.0,0.0,0.0,0.0,14527000.0,0.0,0.0,38000000.0,0.0,13052000.0,1051000.0,0.0,0.0,0.0,0.4107937730083492,0.0,17073000.0,0.4107937730083492,5439000.0,11634000.0,0.2799258920622699,0.40308611376653414,0.4028556698057252,28862319,28878829,https://www.sec.gov/Archives/edgar/data/923139/000117184316008590/0001171843-16-008590-index.htm,https://www.sec.gov/Archives/edgar/data/923139/000117184316008590/f10k_031516p.htm,1620592041,16:27:21,20210509
21,2015-09-30,FFIC,USD,2015-11-09,2015-11-09 14:01:30,Q3,41007000.0,0.0,0.0,0.0,0.0,14643000.0,0.0,0.0,36000000.0,0.0,12603000.0,993000.0,0.0,0.0,0.0,0.4308776550345063,0.0,17669000.0,0.4308776550345063,6661000.0,11008000.0,0.268441973321628,0.38054760136090016,0.38028781168236003,28926736,28946497,https://www.sec.gov/Archives/edgar/data/923139/000117184315006149/0001171843-15-006149-index.htm,https://www.sec.gov/Archives/edgar/data/923139/000117184315006149/gff10q_1109015.htm,1620592041,16:27:21,20210509
22,2015-06-30,FFIC,USD,2015-08-07,2015-08-07 16:55:40,Q2,41550000.0,0.0,0.0,0.0,0.0,15140000.0,0.0,0.0,36000000.0,0.0,12082000.0,867000.0,0.0,0.0,0.0,0.5861612515042118,0.0,24355000.0,0.5861612515042118,9521000.0,14834000.0,0.3570156438026474,0.5072182692128837,0.5068310119352314,29245792,29268138,https://www.sec.gov/Archives/edgar/data/923139/000117184315004479/0001171843-15-004479-index.htm,https://www.sec.gov/Archives/edgar/data/923139/000117184315004479/gff10q_080715.htm,1620592041,16:27:21,20210509
23,2015-03-31,FFIC,USD,2015-05-11,2015-05-11 15:31:14,Q1,39484000.0,0.0,0.0,0.0,0.0,16490000.0,0.0,0.0,37000000.0,0.0,11989000.0,668000.0,0.0,0.0,0.0,0.3616401580386992,0.0,14279000.0,0.3616401580386992,5546000.0,8733000.0,0.22117819876405634,0.2970665620952455,0.2968535865287414,29397452,29418543,https://www.sec.gov/Archives/edgar/data/923139/000117184315002721/0001171843-15-002721-index.htm,https://www.sec.gov/Archives/edgar/data/923139/000117184315001447/f10k_031615.htm,1620592041,16:27:21,20210509
24,2014-12-31,FFIC,USD,2015-03-16,2015-03-16 16:25:06,Q4,36538000.0,0.0,0.0,0.0,0.0,13941000.0,0.0,0.0,31000000.0,0.0,12057000.0,691000.0,0.0,0.0,0.0,0.4938693962450052,0.0,18045000.0,0.4938693962450052,6988000.0,11057000.0,0.30261645410257815,0.37681865609843185,0.3765242557967607,29343027,29365970,https://www.sec.gov/Archives/edgar/data/923139/000117184315001447/0001171843-15-001447-index.htm,https://www.sec.gov/Archives/edgar/data/923139/000117184315001447/f10k_031615.htm,1620592041,16:27:21,20210509
25,2014-09-30,FFIC,USD,2014-11-07,2014-11-07 09:21:38,Q3,39080000.0,0.0,0.0,0.0,0.0,13956000.0,0.0,0.0,38000000.0,0.0,17220000.0,690000.0,0.0,0.0,0.0,0.4672722620266121,0.0,18261000.0,0.4672722620266121,7060000.0,11201000.0,0.2866171954964176,0.376226249521404,0.3759188423404564,29771979,29796325,https://www.sec.gov/Archives/edgar/data/923139/000117184314005353/0001171843-14-005353-index.htm,https://www.sec.gov/Archives/edgar/data/923139/000117184314005353/gff10q_110714.htm,1620592041,16:27:21,20210509
26,2014-06-30,FFIC,USD,2014-08-11,2014-08-11 11:00:58,Q2,38815000.0,0.0,0.0,0.0,0.0,13659000.0,0.0,0.0,32000000.0,0.0,12740000.0,717000.0,0.0,0.0,0.0,0.4967924771351282,0.0,19283000.0,0.4967924771351282,7598000.0,11685000.0,0.3010434110524282,0.38873066314457055,0.38833935721843604,30059373,30089662,https://www.sec.gov/Archives/edgar/data/923139/000117184314003862/0001171843-14-003862-index.htm,https://www.sec.gov/Archives/edgar/data/923139/000117184314003862/f10q_081114.htm,1620592041,16:27:21,20210509
27,2014-03-31,FFIC,USD,2014-05-12,2014-05-12 16:46:15,Q1,38197000.0,0.0,0.0,0.0,0.0,14343000.0,0.0,0.0,34000000.0,0.0,12724000.0,715000.0,0.0,0.0,0.0,0.4508992852841846,0.0,17223000.0,0.4508992852841846,6927000.0,10296000.0,0.2695499646569102,0.3433807556297635,0.34295094902082107,29984208,30021786,https://www.sec.gov/Archives/edgar/data/923139/000117184314002302/0001171843-14-002302-index.htm,https://www.sec.gov/Archives/edgar/data/923139/000117184314001278/f10k_031714.htm,1620592041,16:27:21,20210509
28,2013-12-31,FFIC,USD,2014-03-17,2014-03-17 15:31:14,Q4,38300000.0,0.0,0.0,0.0,0.0,12312000.0,0.0,0.0,33000000.0,0.0,13058000.0,715000.0,0.0,0.0,0.0,0.48057441253263705,0.0,18406000.0,0.48057441253263705,6458000.0,11948000.0,0.3119582245430809,0.40144804878205304,0.40090954255308514,29762257,29802234,https://www.sec.gov/Archives/edgar/data/923139/000117184314001278/0001171843-14-001278-index.htm,https://www.sec.gov/Archives/edgar/data/923139/000117184314001278/f10k_031714.htm,1620592041,16:27:21,20210509
29,2013-09-30,FFIC,USD,2013-11-12,2013-11-12 13:58:23,Q3,37930000.0,0.0,0.0,0.0,0.0,12416000.0,0.0,0.0,35000000.0,0.0,12866000.0,737000.0,0.0,0.0,0.0,0.4071974690218824,0.0,15445000.0,0.4071974690218824,6024000.0,9421000.0,0.2483785921434221,0.3164294744331803,0.3160841717286211,29772827,29805352,https://www.sec.gov/Archives/edgar/data/923139/000117184313004585/0001171843-13-004585-index.htm,https://www.sec.gov/Archives/edgar/data/923139/000117184313004585/f10q_111213.htm,1620592041,16:27:21,20210509
30,2013-06-30,FFIC,USD,2013-08-09,2013-08-09 16:15:01,Q2,39495000.0,0.0,0.0,0.0,0.0,12846000.0,0.0,0.0,37000000.0,0.0,12999000.0,734000.0,0.0,0.0,0.0,0.3995948854285353,0.0,15782000.0,0.3995948854285353,6155000.0,9627000.0,0.24375237371819217,0.3186371135680992,0.31840157711805595,30213053,30235403,https://www.sec.gov/Archives/edgar/data/923139/000117184313003321/0001171843-13-003321-index.htm,https://www.sec.gov/Archives/edgar/data/923139/000117184313003321/f10q_080913.htm,1620592041,16:27:21,20210509
31,2013-03-31,FFIC,USD,2013-05-10,2013-05-10 16:01:21,Q1,39494000.0,0.0,0.0,0.0,0.0,14267000.0,0.0,0.0,44000000.0,0.0,15940000.0,767000.0,0.0,0.0,0.0,0.2804223426343242,0.0,11075000.0,0.2804223426343242,4319000.0,6756000.0,0.17106395908239228,0.22187895281410397,0.22164382821015458,30449035,30481336,https://www.sec.gov/Archives/edgar/data/923139/000117184313001975/0001171843-13-001975-index.htm,https://www.sec.gov/Archives/edgar/data/923139/000117184313001052/f10k_031813.htm,1620592041,16:27:21,20210509
32,2012-12-31,FFIC,USD,2013-03-18,2013-03-18 17:27:08,Q4,39014000.0,0.0,0.0,0.0,0.0,12356000.0,0.0,0.0,39000000.0,0.0,14498000.0,778000.0,0.0,0.0,0.0,0.3840159942584713,0.0,14982000.0,0.3840159942584713,5782000.0,9200000.0,0.23581278515404727,0.30353379320902524,0.30323456686847916,30309640,30339549,https://www.sec.gov/Archives/edgar/data/923139/000117184313001052/0001171843-13-001052-index.htm,https://www.sec.gov/Archives/edgar/data/923139/000117184313001052/f10k_031813.htm,1620592041,16:27:21,20210509
33,2012-09-30,FFIC,USD,2012-11-09,2012-11-09 16:20:32,Q3,41096000.0,0.0,0.0,0.0,0.0,12805000.0,0.0,0.0,41000000.0,0.0,15610000.0,927000.0,0.0,0.0,0.0,0.3735886704302122,0.0,15353000.0,0.3735886704302122,5988000.0,9365000.0,0.2278810589838427,0.3077282204817989,0.30742815356451536,30432698,30462402,https://www.sec.gov/Archives/edgar/data/923139/000117184312004080/0001171843-12-004080-index.htm,https://www.sec.gov/Archives/edgar/data/923139/000117184312004080/f10q_110912.htm,1620592041,16:27:21,20210509
34,2012-06-30,FFIC,USD,2012-08-09,2012-08-09 15:40:16,Q2,40171000.0,0.0,0.0,0.0,0.0,12595000.0,0.0,776000.0,41000000.0,0.0,16097000.0,902000.0,0.0,0.0,0.0,0.3523935177117821,0.0,14156000.0,0.3523935177117821,5519000.0,8637000.0,0.21500584999128725,0.28343701958540946,0.28325310069826465,30472378,30492164,https://www.sec.gov/Archives/edgar/data/923139/000117184312003060/0001171843-12-003060-index.htm,https://www.sec.gov/Archives/edgar/data/923139/000117184312003060/f10q_080912.htm,1620592041,16:27:21,20210509
35,2012-03-31,FFIC,USD,2012-05-10,2012-05-10 15:06:42,Q1,39223000.0,0.0,0.0,0.0,0.0,13034000.0,0.0,0.0,45000000.0,0.0,17070000.0,951000.0,0.0,0.0,0.0,0.2979629299135711,0.0,11687000.0,0.2979629299135711,4558000.0,7129000.0,0.1817556025801188,0.2345406644952546,0.23281801270084473,30395582,30620483,https://www.sec.gov/Archives/edgar/data/923139/000117184312001821/0001171843-12-001821-index.htm,https://www.sec.gov/Archives/edgar/data/923139/000117184312000924/f10k_031512.htm,1620592041,16:27:21,20210509
36,2011-12-31,FFIC,USD,2012-03-15,2012-03-15 16:21:22,Q4,39704000.0,0.0,0.0,0.0,0.0,10940000.0,0.0,0.0,44000000.0,0.0,17920000.0,965000.0,0.0,0.0,0.0,0.3484535563167439,0.0,13835000.0,0.3484535563167439,5664000.0,8171000.0,0.20579790449325006,0.2688219623496599,0.2688219623496599,30395582,30395582,https://www.sec.gov/Archives/edgar/data/923139/000117184312000924/0001171843-12-000924-index.htm,https://www.sec.gov/Archives/edgar/data/923139/000117184312000924/f10k_031512.htm,1620592041,16:27:21,20210509
37,2011-09-30,FFIC,USD,2011-11-09,2011-11-09 11:30:42,Q3,42048000.0,0.0,0.0,0.0,0.0,11884000.0,0.0,652000.0,44000000.0,0.0,19228000.0,909000.0,0.0,0.0,0.0,0.4020643074581431,0.0,16906000.0,0.4020643074581431,6756000.0,10150000.0,0.2413907914764079,0.33084994862861883,0.3306968594093943,30678560,30692762,https://www.sec.gov/Archives/edgar/data/923139/000117184311003410/0001171843-11-003410-index.htm,https://www.sec.gov/Archives/edgar/data/923139/000117184311003410/f10q_110911.htm,1620592041,16:27:21,20210509
38,2011-06-30,FFIC,USD,2011-08-09,2011-08-08 19:45:34,Q2,38930000.0,0.0,0.0,0.0,0.0,11814000.0,0.0,0.0,44000000.0,0.0,19704000.0,896000.0,0.0,0.0,0.0,0.3869766247110198,0.0,15065000.0,0.3869766247110198,5991000.0,9074000.0,0.2330850244027742,0.29439420103769254,0.293997014475546,30822618,30864259,https://www.sec.gov/Archives/edgar/data/923139/000117184311002410/0001171843-11-002410-index.htm,https://www.sec.gov/Archives/edgar/data/923139/000117184311002410/f10q_080811.htm,1620592041,16:27:21,20210509
39,2011-03-31,FFIC,USD,2011-05-09,2011-05-09 16:32:15,Q1,38952000.0,0.0,0.0,0.0,0.0,12460000.0,0.0,926000.0,45000000.0,0.0,19871000.0,883000.0,0.0,0.0,0.0,0.33402649414664204,0.0,13011000.0,0.33402649414664204,5058000.0,7953000.0,0.20417436845348122,0.25972810422356823,0.25917300705799173,30620483,30686066,https://www.sec.gov/Archives/edgar/data/923139/000117184311001401/0001171843-11-001401-index.htm,https://www.sec.gov/Archives/edgar/data/923139/000114036111017147/form10k.htm,1620592041,16:27:21,20210509
40,2010-12-31,FFIC,USD,2011-03-16,2011-03-16 16:48:20,Q4,37618000.0,0.0,0.0,0.0,0.0,10547000.0,0.0,507000.0,45000000.0,0.0,21555000.0,818000.0,0.0,0.0,0.0,0.3702482853952895,0.0,13928000.0,0.3702482853952895,5379000.0,8549000.0,0.22725822744430857,0.27919219954825664,0.27919219954825664,30620483,30620483,https://www.sec.gov/Archives/edgar/data/923139/000114036111017147/0001140361-11-017147-index.htm,https://www.sec.gov/Archives/edgar/data/923139/000114036111017147/form10k.htm,1620592041,16:27:21,20210509
41,2010-09-30,FFIC,USD,2010-11-09,2010-11-09 17:18:54,Q3,38360000.0,0.0,0.0,0.0,0.0,11060000.0,0.0,550000.0,45000000.0,0.0,22410000.0,809000.0,0.0,0.0,0.0,0.39504692387904067,0.0,15154000.0,0.39504692387904067,526000.0,14628000.0,0.3813347236704901,0.48183046563835324,0.4815364766349962,30359226,30377761,https://www.sec.gov/Archives/edgar/data/923139/000114036110044593/0001140361-10-044593-index.htm,https://www.sec.gov/Archives/edgar/data/923139/000114036110044593/form10q.htm,1620592041,16:27:21,20210509
42,2010-06-30,FFIC,USD,2010-08-09,2010-08-09 16:22:14,Q2,36146000.0,0.0,0.0,0.0,0.0,10915000.0,0.0,988000.0,46000000.0,0.0,23499000.0,841000.0,0.0,0.0,0.0,0.34714767885796494,0.0,12548000.0,0.34714767885796494,4875000.0,7673000.0,0.21227798373263984,0.2531931774519547,0.2528885421682498,30304924,30341430,https://www.sec.gov/Archives/edgar/data/923139/000114036110032317/0001140361-10-032317-index.htm,https://www.sec.gov/Archives/edgar/data/923139/000114036110032317/form10q.htm,1620592041,16:27:21,20210509
43,2010-03-31,FFIC,USD,2010-05-07,2010-05-07 17:04:53,Q1,36082000.0,0.0,0.0,0.0,0.0,11148000.0,0.0,0.0,47000000.0,0.0,24303000.0,796000.0,0.0,0.0,0.0,0.3643367884263622,0.0,13146000.0,0.3643367884263622,5161000.0,7985000.0,0.2213014799623081,0.26390527119464213,0.26364872467482303,30257069,30286511,https://www.sec.gov/Archives/edgar/data/923139/000114036110019877/0001140361-10-019877-index.htm,https://www.sec.gov/Archives/edgar/data/923139/000114036110011679/form10-k.htm,1620592041,16:27:21,20210509
44,2009-12-31,FFIC,USD,2010-03-15,2010-03-12 18:51:05,Q4,35988000.0,0.0,0.0,0.0,0.0,15178000.0,0.0,0.0,47000000.0,0.0,26730000.0,801000.0,0.0,0.0,0.0,0.2565299544292542,0.0,9232000.0,0.2565299544292542,3252000.0,5980000.0,0.16616649994442592,0.1976397647769518,0.1976397647769518,30257069,30257069,https://www.sec.gov/Archives/edgar/data/923139/000114036110011679/0001140361-10-011679-index.htm,https://www.sec.gov/Archives/edgar/data/923139/000114036110011679/form10-k.htm,1620592041,16:27:21,20210509
45,2009-09-30,FFIC,USD,2009-11-09,2009-11-09 17:18:20,Q3,33629000.0,0.0,0.0,0.0,0.0,8245000.0,0.0,0.0,48000000.0,0.0,28151000.0,792000.0,0.0,0.0,0.0,0.3953730411252193,0.0,13296000.0,0.3953730411252193,5186000.0,8110000.0,0.2411609027922329,0.33,0.33,24575758,24575758,https://www.sec.gov/Archives/edgar/data/923139/000114036109025300/0001140361-09-025300-index.htm,https://www.sec.gov/Archives/edgar/data/923139/000114036109025300/form10-q.htm,1620592041,16:27:21,20210509
46,2009-06-30,FFIC,USD,2009-08-10,2009-08-10 16:09:13,Q2,31282000.0,0.0,0.0,0.0,0.0,8479000.0,0.0,0.0,52000000.0,0.0,29282000.0,799000.0,0.0,0.0,0.0,0.2736397928521194,0.0,8560000.0,0.2736397928521194,3398000.0,5162000.0,0.16501502461479445,0.2,0.2,25810000,25810000,https://www.sec.gov/Archives/edgar/data/923139/000114036109018462/0001140361-09-018462-index.htm,https://www.sec.gov/Archives/edgar/data/923139/000114036109018462/form10q.htm,1620592041,16:27:21,20210509
47,2009-03-31,FFIC,USD,2009-05-08,2009-05-08 17:26:08,Q1,30736000.0,0.0,0.0,0.0,0.0,8560000.0,0.0,0.0,52000000.0,0.0,31112000.0,739000.0,0.0,0.0,0.0,0.33328995314940135,0.0,10244000.0,0.33328995314940135,3935000.0,6309000.0,0.20526418532014576,0.3064108790675085,0.3063216158477374,20590000,20596000,https://www.sec.gov/Archives/edgar/data/923139/000116923209002484/0001169232-09-002484-index.htm,https://www.sec.gov/Archives/edgar/data/923139/000116923209001575/d76473_form10-k.htm,1620592041,16:27:21,20210509
48,2008-12-31,FFIC,USD,2009-03-16,2009-03-16 16:36:04,Q4,25708000.0,0.0,0.0,0.0,0.0,6361000.0,0.0,0.0,49000000.0,0.0,32917000.0,3276000.0,0.0,0.0,0.0,0.39221254084331725,0.0,10083000.0,0.39221254084331725,3604000.0,6479000.0,0.25202271666407344,0.3146673142302088,0.3146673142302088,20590000,20590000,https://www.sec.gov/Archives/edgar/data/923139/000116923209001575/0001169232-09-001575-index.htm,https://www.sec.gov/Archives/edgar/data/923139/000116923209001575/d76473_form10-k.htm,1620592041,16:27:21,20210509
49,2008-09-30,FFIC,USD,2008-11-10,2008-11-10 14:22:44,Q3,19468000.0,0.0,0.0,0.0,0.0,6518000.0,0.0,0.0,49000000.0,0.0,32074000.0,-480000.0,0.0,0.0,0.0,0.1465481816313951,0.0,2853000.0,0.1465481816313951,723000.0,2130000.0,0.10941031436203,0.1059174540029836,0.10506585113204756,20110000,20273000,https://www.sec.gov/Archives/edgar/data/923139/000116923208004061/0001169232-08-004061-index.htm,https://www.sec.gov/Archives/edgar/data/923139/000116923208004061/d75299_10-q.htm,1620592041,16:27:21,20210509
50,2008-06-30,FFIC,USD,2008-08-11,2008-08-11 15:53:13,Q2,25173000.0,0.0,0.0,0.0,0.0,6827000.0,0.0,0.0,46000000.0,0.0,31269000.0,1107000.0,0.0,0.0,0.0,0.40559329440273306,0.0,10210000.0,0.40559329440273306,3711000.0,6499000.0,0.25817343979660745,0.33,0.32,19953000,20199000,https://www.sec.gov/Archives/edgar/data/923139/000116923208002984/0001169232-08-002984-index.htm,https://www.sec.gov/Archives/edgar/data/923139/000116923208002984/d74730_10q.htm,1620592041,16:27:21,20210509
51,2008-03-31,FFIC,USD,2008-05-09,2008-05-09 14:41:49,Q1,24687000.0,0.0,0.0,0.0,0.0,6454000.0,0.0,0.0,46000000.0,0.0,32712000.0,1177000.0,0.0,0.0,0.0,0.45246486004779846,0.0,11170000.0,0.45246486004779846,4019000.0,7151000.0,0.28966662615951716,0.3611222392467407,0.35777495100044154,19802159,19987425,https://www.sec.gov/Archives/edgar/data/923139/000116923208001951/0001169232-08-001951-index.htm,https://www.sec.gov/Archives/edgar/data/923139/000116923208001353/d73711_10-k.htm,1620592041,16:27:21,20210509
52,2007-12-31,FFIC,USD,2008-03-17,2008-03-17 12:26:51,Q4,18296000.0,0.0,0.0,0.0,0.0,5418000.0,0.0,0.0,46000000.0,0.0,34177000.0,826000.0,0.0,0.0,0.0,0.334936598163533,0.0,6128000.0,0.334936598163533,1837000.0,4291000.0,0.23453213817227808,0.2166935433656502,0.2166935433656502,19802159,19802159,https://www.sec.gov/Archives/edgar/data/923139/000116923208001353/0001169232-08-001353-index.htm,https://www.sec.gov/Archives/edgar/data/923139/000116923208001353/d73711_10-k.htm,1620592041,16:27:21,20210509
53,2007-09-30,FFIC,USD,2007-11-09,2007-11-09 09:09:29,Q3,21126000.0,0.0,0.0,0.0,0.0,5765000.0,0.0,0.0,44000000.0,0.0,31660000.0,1250000.0,0.0,0.0,0.0,0.4269620373000095,0.0,9020000.0,0.4269620373000095,3293000.0,5727000.0,0.27108775915932976,0.29,0.29,19748276,19748276,https://www.sec.gov/Archives/edgar/data/923139/000116923207004173/0001169232-07-004173-index.htm,https://www.sec.gov/Archives/edgar/data/923139/000116923207004173/d72951_10-q.htm,1620592041,16:27:21,20210509
54,2007-06-30,FFIC,USD,2007-08-09,2007-08-09 15:18:29,Q2,20813000.0,0.0,0.0,0.0,0.0,6234000.0,0.0,0.0,43000000.0,0.0,29301000.0,1091000.0,0.0,0.0,0.0,0.3619852976505069,0.0,7534000.0,0.3619852976505069,2753000.0,4781000.0,0.22971219910632779,0.24,0.24,19920833,19920833,https://www.sec.gov/Archives/edgar/data/923139/000092313907000021/0000923139-07-000021-index.htm,https://www.sec.gov/Archives/edgar/data/923139/000092313907000021/jun07-10q.htm,1620592041,16:27:21,20210509
55,2007-03-31,FFIC,USD,2007-05-10,2007-05-10 16:48:34,Q1,21027000.0,0.0,0.0,0.0,0.0,6147000.0,0.0,0.0,40000000.0,0.0,27486000.0,1121000.0,0.0,0.0,0.0,0.4010557854187473,0.0,8433000.0,0.4010557854187473,3047000.0,5386000.0,0.25614685880058974,0.28,0.27,19235714,19948148,https://www.sec.gov/Archives/edgar/data/923139/000116923207002268/0001169232-07-002268-index.htm,https://www.sec.gov/Archives/edgar/data/923139/000116923207001461/d71244_10-k.htm,1620592041,16:27:21,20210509
56,2006-12-31,FFIC,USD,2007-03-16,2007-03-16 15:18:55,Q4,19521000.0,0.0,0.0,0.0,0.0,5471000.0,0.0,0.0,38000000.0,0.0,26249000.0,1056000.0,0.0,0.0,0.0,0.3982377951949183,0.0,7774000.0,0.3982377951949183,2764000.0,5010000.0,0.2566466881819579,0.2604530302332422,0.2604530302332422,19235714,19235714,https://www.sec.gov/Archives/edgar/data/923139/000116923207001461/0001169232-07-001461-index.htm,https://www.sec.gov/Archives/edgar/data/923139/000116923207001461/d71244_10-k.htm,1620592041,16:27:21,20210509
57,2006-09-30,FFIC,USD,2006-11-03,2006-11-03 12:16:13,Q3,19609000.0,0.0,0.0,0.0,0.0,5318000.0,0.0,0.0,35000000.0,0.0,24249000.0,1128000.0,0.0,0.0,0.0,0.42995563261767555,0.0,8431000.0,0.42995563261767555,3119000.0,5312000.0,0.270896017134989,0.27,0.27,19674074,19674074,https://www.sec.gov/Archives/edgar/data/923139/000116923206004238/0001169232-06-004238-index.htm,https://www.sec.gov/Archives/edgar/data/923139/000116923206004238/d69743_10-q.htm,1620592041,16:27:21,20210509
58,2006-06-30,FFIC,USD,2006-08-09,2006-08-09 12:31:19,Q2,19247000.0,0.0,0.0,0.0,0.0,4813000.0,0.0,0.0,31000000.0,0.0,20885000.0,581000.0,0.0,0.0,0.0,0.46043539252870574,0.0,8862000.0,0.46043539252870574,3456000.0,5406000.0,0.28087494154933235,0.3,0.3,18020000,18020000,https://www.sec.gov/Archives/edgar/data/923139/000116923206003361/0001169232-06-003361-index.htm,https://www.sec.gov/Archives/edgar/data/923139/000116923206003361/d68920_10q.htm,1620592041,16:27:21,20210509
59,2006-03-31,FFIC,USD,2006-05-10,2006-05-10 15:23:22,Q1,19122000.0,0.0,0.0,0.0,0.0,4754000.0,0.0,0.0,29000000.0,0.0,19297000.0,630000.0,0.0,0.0,0.0,0.5067461562598055,0.0,9690000.0,0.5067461562598055,3779000.0,5911000.0,0.3091203848969773,0.33,0.33,17912121,17912121,https://www.sec.gov/Archives/edgar/data/923139/000092313906000011/0000923139-06-000011-index.htm,https://www.sec.gov/Archives/edgar/data/923139/000116923206001548/d67382_10-k.htm,1620592041,16:27:21,20210509
60,2005-12-31,FFIC,USD,2006-03-16,2006-03-16 13:13:02,Q4,18218000.0,0.0,0.0,0.0,0.0,4021000.0,0.0,0.0,27000000.0,0.0,18103000.0,-936000.0,0.0,0.0,0.0,0.5132286749368756,0.0,9350000.0,0.5132286749368756,3646000.0,5704000.0,0.3130969370951806,0.3184435835376503,0.3184435835376503,17912121,17912121,https://www.sec.gov/Archives/edgar/data/923139/000116923206001548/0001169232-06-001548-index.htm,https://www.sec.gov/Archives/edgar/data/923139/000116923206001548/d67382_10-k.htm,1620592041,16:27:21,20210509
61,2005-09-30,FFIC,USD,2005-11-04,2005-11-04 16:08:21,Q3,19228000.0,0.0,0.0,0.0,0.0,4384000.0,0.0,0.0,26000000.0,0.0,16959000.0,848000.0,0.0,0.0,0.0,0.5094133555231953,0.0,9795000.0,0.5094133555231953,3820000.0,5975000.0,0.31074474724360307,0.34,0.33,17573529,18106061,https://www.sec.gov/Archives/edgar/data/923139/000092313905000030/0000923139-05-000030-index.htm,https://www.sec.gov/Archives/edgar/data/923139/000092313905000030/sept05-10q.htm,1620592041,16:27:21,20210509
62,2005-06-30,FFIC,USD,2005-08-04,2005-08-04 14:43:01,Q2,19023000.0,0.0,0.0,0.0,0.0,4413000.0,0.0,0.0,25000000.0,0.0,15324000.0,912000.0,0.0,0.0,0.0,0.5079640435262577,0.0,9663000.0,0.5079640435262577,3769000.0,5894000.0,0.3098354623350681,0.34,0.33,17335294,17860606,https://www.sec.gov/Archives/edgar/data/923139/000092313905000024/0000923139-05-000024-index.htm,https://www.sec.gov/Archives/edgar/data/923139/000092313905000024/june05-10q.htm,1620592041,16:27:21,20210509
63,2005-03-31,FFIC,USD,2005-05-05,2005-05-05 13:58:07,Q1,18388000.0,0.0,0.0,0.0,0.0,4278000.0,0.0,0.0,22000000.0,0.0,13843000.0,729000.0,0.0,0.0,0.0,0.5321405264302806,0.0,9785000.0,0.5321405264302806,3816000.0,5969000.0,0.324613878616489,0.34,0.33,17555882,18087879,https://www.sec.gov/Archives/edgar/data/923139/000092313905000008/0000923139-05-000008-index.htm,https://www.sec.gov/Archives/edgar/data/923139/000092313905000008/ffic-10q.htm,1620592041,16:27:21,20210509
64,2004-12-31,FFIC,USD,2004-12-31,2004-12-31,Q4,17671000.0,0.0,0.0,0.0,0.0,4783000.0,0.0,0.0,0.0,0.0,13689000.0,701000.0,0.0,0.0,0.0,0.46528210061682984,0.0,8222000.0,0.46528210061682984,3155000.0,5067000.0,0.2867409880595326,0.2886212153852481,0.2886212153852481,17555882,17555882,,,1620592041,16:27:21,20210509
65,2004-09-30,FFIC,USD,2004-09-30,2004-09-30,Q3,18400000.0,0.0,0.0,0.0,0.0,4114000.0,0.0,0.0,0.0,0.0,13150000.0,801000.0,0.0,0.0,0.0,0.5575,0.0,10258000.0,0.5575,4001000.0,6257000.0,0.34005434782608696,0.36,0.35,17380556,17877143,,,1620592041,16:27:21,20210509
66,2004-06-30,FFIC,USD,2004-06-30,2004-06-30,Q2,18476000.0,0.0,0.0,0.0,0.0,4358000.0,0.0,0.0,0.0,0.0,12700000.0,1015000.0,0.0,0.0,0.0,0.5394565923360035,0.0,9967000.0,0.5394565923360035,3887000.0,6080000.0,0.329075557479974,0.35,0.34,17371429,17882353,,,1620592041,16:27:21,20210509
67,2004-03-31,FFIC,USD,2004-03-31,2004-03-31,Q1,17887000.0,0.0,0.0,0.0,0.0,5148000.0,0.0,0.0,0.0,0.0,12694000.0,890000.0,0.0,0.0,0.0,0.4806842958573265,0.0,8598000.0,0.4806842958573265,3353000.0,5245000.0,0.2932297199083133,0.3,0.29,17483333,18086207,,,1620592041,16:27:21,20210509
68,2003-12-31,FFIC,USD,2003-12-31,2003-12-31,Q4,17701000.0,0.0,0.0,0.0,0.0,4062000.0,0.0,0.0,0.0,0.0,12746000.0,1088000.0,0.0,0.0,0.0,0.5387266256143721,0.0,9536000.0,0.5387266256143721,3719000.0,5817000.0,0.32862550138410257,0.3327168795560892,0.3327168795560892,17483333,17483333,,,1620592041,16:27:21,20210509
69,2003-09-30,FFIC,USD,2003-09-30,2003-09-30,Q3,16860000.0,0.0,0.0,0.0,0.0,4017000.0,0.0,0.0,0.0,0.0,12927000.0,3024000.0,0.0,0.0,0.0,0.5301304863582443,0.0,8938000.0,0.5301304863582443,3421000.0,5517000.0,0.32722419928825625,0.32,0.306667,17240625,17990217,,,1620592041,16:27:21,20210509
70,2003-06-30,FFIC,USD,2003-06-30,2003-06-30,Q2,16045000.0,0.0,0.0,0.0,0.0,4105000.0,0.0,0.0,0.0,0.0,13296000.0,-414000.0,0.0,0.0,0.0,0.5082580243066376,0.0,8155000.0,0.5082580243066376,3111000.0,5044000.0,0.314365846057962,0.293333,0.286667,17195455,17595349,,,1620592041,16:27:21,20210509
71,2003-03-31,FFIC,USD,2003-05-05,2003-05-05,Q1,15842000.0,0.0,0.0,0.0,0.0,3827000.0,0.0,0.0,0.0,0.0,13207000.0,964000.0,0.0,0.0,0.0,0.5424188865042293,0.0,8593000.0,0.5424188865042293,3293000.0,5300000.0,0.3345537179649034,0.313333,0.3,16914894,17666667,https://www.sec.gov/Archives/edgar/data/923139/000092313903000006/0000923139-03-000006-index.htm,https://www.sec.gov/Archives/edgar/data/923139/000092313903000006/flushingmarch31200310q.htm,1620592041,16:27:21,20210509
72,2002-12-31,FFIC,USD,2002-12-31,2002-12-31,Q4,15167000.0,0.0,0.0,0.0,0.0,3372000.0,0.0,0.0,0.0,0.0,13636000.0,966000.0,0.0,0.0,0.0,0.5230434495945144,0.0,7933000.0,0.5230434495945144,3014000.0,4919000.0,0.3243225423617063,0.2908087984470964,0.2908087984470964,16914894,16914894,,,1620592041,16:27:21,20210509
73,2002-09-30,FFIC,USD,2002-09-30,2002-09-30,Q3,14599000.0,0.0,0.0,0.0,0.0,3583000.0,0.0,0.0,0.0,0.0,13732000.0,916000.0,0.0,0.0,0.0,0.5264744160558943,0.0,7686000.0,0.5264744160558943,2921000.0,4765000.0,0.3263922186451127,0.273333,0.26,17432927,18326923,,,1620592041,16:27:21,20210509
74,2002-06-30,FFIC,USD,2002-06-30,2002-06-30,Q2,10288000.0,0.0,0.0,0.0,0.0,3537000.0,0.0,0.0,0.0,0.0,13494000.0,998000.0,0.0,0.0,0.0,0.32222006220839816,0.0,3315000.0,0.32222006220839816,1274000.0,2041000.0,0.1983864696734059,0.113333,0.113333,18008824,18008824,,,1620592041,16:27:21,20210509
75,2002-03-31,FFIC,USD,2002-03-31,2002-03-31,Q1,13797000.0,0.0,0.0,0.0,0.0,3429000.0,0.0,0.0,0.0,0.0,13702000.0,969000.0,0.0,0.0,0.0,0.5288106110023918,0.0,7296000.0,0.5288106110023918,2758000.0,4538000.0,0.32891208233673985,0.253333,0.24,17913158,18908333,,,1620592041,16:27:21,20210509
76,2001-12-31,FFIC,USD,2002-04-01,2002-04-01,Q4,12954000.0,0.0,0.0,0.0,0.0,3260000.0,0.0,0.0,0.0,0.0,14501000.0,742000.0,0.0,0.0,0.0,0.49305233904585455,0.0,6387000.0,0.49305233904585455,2427000.0,3960000.0,0.30569708198239925,0.22106654784153637,0.22106654784153637,17913158,17913158,https://www.sec.gov/Archives/edgar/data/923139/000089155402001834/0000891554-02-001834-index.htm,https://www.sec.gov/Archives/edgar/data/923139/000089155402001834/d50230_10-k.txt,1620592041,16:27:21,20210509
77,2001-09-30,FFIC,USD,2001-11-01 00:00:00,2001-11-01 00:00:00,Q3,11841000.0,0.0,0.0,0.0,0.0,3128000.0,0.0,0.0,0.0,0.0,15042000.0,558000.0,0.0,0.0,0.0,0.4984376319567604,0.0,5902000.0,0.4984376319567604,2184000.0,3718000.0,0.313993750527827,0.2,0.193333,18590000,19231034,https://www.sec.gov/Archives/edgar/data/923139/000092313901500011/0000923139-01-500011-index.html,https://www.sec.gov/Archives/edgar/data/923139/000092313901500011/q0901.htm,1620592041,16:27:21,20210509
78,2001-06-30,FFIC,USD,2001-08-03 00:00:00,2001-08-03 00:00:00,Q2,11766000.0,0.0,0.0,0.0,0.0,3159000.0,0.0,0.0,0.0,0.0,15079000.0,565000.0,0.0,0.0,0.0,0.49141594424613294,0.0,5782000.0,0.49141594424613294,2140000.0,3642000.0,0.309535951045385,0.195556,0.191111,18623864,19056977,https://www.sec.gov/Archives/edgar/data/923139/000092313901500007/0000923139-01-500007-index.html,https://www.sec.gov/Archives/edgar/data/923139/000092313901500007/q0601.htm,1620592041,16:27:21,20210509
79,2001-03-31,FFIC,USD,2001-03-31,2001-03-31,Q1,11694000.0,0.0,0.0,0.0,0.0,3132000.0,0.0,0.0,0.0,0.0,15080000.0,473000.0,0.0,0.0,0.0,0.4897383273473576,0.0,5727000.0,0.4897383273473576,2118000.0,3609000.0,0.3086198050282196,0.195556,0.186667,18455114,19333929,,,1620592041,16:27:21,20210509
80,2000-12-31,FFIC,USD,2001-03-29,2001-03-29,Q4,11156000.0,0.0,0.0,0.0,0.0,3072000.0,0.0,0.0,0.0,0.0,15099000.0,516000.0,0.0,0.0,0.0,0.4544639655790606,0.0,5070000.0,0.4544639655790606,1875000.0,3195000.0,0.28639297239153816,0.17312274527266536,0.17312274527266536,18455114,18455114,https://www.sec.gov/Archives/edgar/data/923139/000089155401501670/0000891554-01-501670-index.htm,https://www.sec.gov/Archives/edgar/data/923139/000089155401501670/a25246_10k.txt,1620592041,16:27:21,20210509
81,2000-09-30,FFIC,USD,2000-11-07 00:00:00,2000-11-07 00:00:00,Q3,10211000.0,0.0,0.0,0.0,0.0,3149000.0,0.0,0.0,0.0,0.0,14863000.0,549000.0,0.0,0.0,0.0,0.4111252570757027,0.0,4198000.0,0.4111252570757027,1596000.0,2602000.0,0.2548232298501616,0.137778,0.137778,18885484,18885484,https://www.sec.gov/Archives/edgar/data/923139/000092313900000006/0000923139-00-000006-index.html,https://www.sec.gov/Archives/edgar/data/923139/000092313900000006/0000923139-00-000006-0001.txt,1620592041,16:27:21,20210509
82,2000-06-30,FFIC,USD,2000-08-02 00:00:00,2000-08-02 00:00:00,Q2,11152000.0,0.0,0.0,0.0,0.0,3079000.0,0.0,0.0,0.0,0.0,13966000.0,447000.0,0.0,0.0,0.0,0.46646341463414637,0.0,5202000.0,0.46646341463414637,1977000.0,3225000.0,0.2891857962697274,0.168889,0.168889,19095395,19095395,https://www.sec.gov/Archives/edgar/data/923139/000092313900000004/0000923139-00-000004-index.html,https://www.sec.gov/Archives/edgar/data/923139/000092313900000004/0000923139-00-000004-0001.txt,1620592041,16:27:21,20210509
83,2000-03-31,FFIC,USD,2000-05-08 00:00:00,2000-05-08 00:00:00,Q1,11232000.0,0.0,0.0,0.0,0.0,2954000.0,0.0,0.0,0.0,0.0,13120000.0,537000.0,0.0,0.0,0.0,0.48824786324786323,0.0,5484000.0,0.48824786324786323,2084000.0,3400000.0,0.3027065527065527,0.177778,0.173333,19125000,19615385,https://www.sec.gov/Archives/edgar/data/923139/000092313900000002/0000923139-00-000002-index.html,https://www.sec.gov/Archives/edgar/data/923139/0000923139-00-000002.txt,1620592041,16:27:21,20210509
84,1999-12-31,FFIC,USD,1999-12-31,1999-12-31,Q4,11000000.0,0.0,0.0,0.0,0.0,2800000.0,0.0,0.0,0.0,0.0,12800000.0,400000.0,0.0,0.0,0.0,0.4727272727272727,0.0,5200000.0,0.4727272727272727,2000000.0,3200000.0,0.2909090909090909,0.16732026143790849,0.16732026143790849,19125000,19125000,,,1620592041,16:27:21,20210509
85,1999-09-30,FFIC,USD,1999-09-30,1999-09-30,Q3,10800000.0,0.0,0.0,0.0,0.0,2800000.0,0.0,0.0,0.0,0.0,12300000.0,300000.0,0.0,0.0,0.0,0.48148148148148145,0.0,5200000.0,0.48148148148148145,2000000.0,3200000.0,0.2962962962962963,0.071182,0.069205,22338155,22338155,,,1620592041,16:27:21,20210509
86,1999-06-30,FFIC,USD,1999-06-30,1999-06-30,Q2,10900000.0,0.0,0.0,0.0,0.0,2800000.0,0.0,0.0,0.0,0.0,11500000.0,500000.0,0.0,0.0,0.0,0.47706422018348627,0.0,5200000.0,0.47706422018348627,2000000.0,3200000.0,0.29357798165137616,0.069205,0.067228,23046198,23046198,,,1620592041,16:27:21,20210509
87,1999-03-31,FFIC,USD,1999-03-31,1999-03-31,Q1,10500000.0,0.0,0.0,0.0,0.0,2800000.0,0.0,0.0,0.0,0.0,11300000.0,1000000.0,0.0,0.0,0.0,0.45714285714285713,0.0,4800000.0,0.45714285714285713,1800000.0,3000000.0,0.2857142857142857,0.063273,0.061296,23255237,23255237,,,1620592041,16:27:21,20210509
88,1998-12-31,FFIC,USD,1999-03-31 00:00:00,1999-03-31 00:00:00,Q4,9700000.0,0.0,0.0,0.0,0.0,2400000.0,0.0,0.0,0.0,0.0,12000000.0,1000000.0,0.0,0.0,0.0,0.4536082474226804,0.0,4400000.0,0.4536082474226804,1600000.0,2800000.0,0.28865979381443296,0.12040298707770641,0.12040298707770641,23255237,23255237,https://www.sec.gov/Archives/edgar/data/923139/000089155499000635/0000891554-99-000635-index.html,https://www.sec.gov/Archives/edgar/data/923139/0000891554-99-000635.txt,1620592041,16:27:21,20210509
89,1998-09-30,FFIC,USD,1998-09-30,1998-09-30,Q3,9900000.0,0.0,0.0,0.0,0.0,3400000.0,0.0,0.0,0.0,0.0,12000000.0,700000.0,0.0,0.0,0.0,0.3838383838383838,0.0,3800000.0,0.3838383838383838,1300000.0,2500000.0,0.25252525252525254,0.031636,0.031636,25482758,25482758,,,1620592041,16:27:21,20210509
90,1998-06-30,FFIC,USD,1998-08-14,1998-08-14,Q2,10000000.0,0.0,0.0,0.0,0.0,3200000.0,0.0,0.0,0.0,0.0,11300000.0,700000.0,0.0,0.0,0.0,0.43,0.0,4300000.0,0.43,1600000.0,2700000.0,0.27,0.034273,0.032955,26318925,26318925,https://www.sec.gov/Archives/edgar/data/923139/0000923139-98-000004-index.html,https://www.sec.gov/Archives/edgar/data/923139/,1620592041,16:27:21,20210509
91,1998-03-31,FFIC,USD,1998-05-14,1998-05-14,Q1,9900000.0,0.0,0.0,0.0,0.0,3500000.0,0.0,0.0,0.0,0.0,11400000.0,400000.0,0.0,0.0,0.0,0.3838383838383838,0.0,3800000.0,0.3838383838383838,1600000.0,2200000.0,0.2222222222222222,0.027682,0.027682,26379614,26379614,https://www.sec.gov/Archives/edgar/data/923139/0000923139-98-000002-index.html,https://www.sec.gov/Archives/edgar/data/923139/,1620592041,16:27:21,20210509
92,1997-12-31,FFIC,USD,1997-12-31,1997-12-31,Q4,9400000.0,0.0,0.0,0.0,0.0,2800000.0,0.0,0.0,0.0,0.0,10600000.0,600000.0,0.0,0.0,0.0,0.4148936170212766,0.0,3900000.0,0.4148936170212766,1600000.0,2300000.0,0.24468085106382978,0.08718853884670186,0.08718853884670186,26379614,26379614,,,1620592041,16:27:21,20210509
93,1997-09-30,FFIC,USD,1997-09-30,1997-09-30,Q3,9000000.0,0.0,0.0,0.0,0.0,2600000.0,0.0,0.0,0.0,0.0,9200000.0,-100000.0,0.0,0.0,0.0,0.4444444444444444,0.0,4000000.0,0.4444444444444444,1800000.0,2200000.0,0.24444444444444444,0.027682,0.026364,26903340,26903340,,,1620592041,16:27:21,20210509
94,1997-06-30,FFIC,USD,1997-06-30,1997-06-30,Q2,8300000.0,0.0,0.0,0.0,0.0,2400000.0,0.0,0.0,0.0,0.0,8000000.0,0.0,0.0,0.0,0.0,0.4578313253012048,0.0,3800000.0,0.4578313253012048,1700000.0,2100000.0,0.25301204819277107,0.026364,0.025046,26889853,26889853,,,1620592041,16:27:21,20210509
95,1997-03-31,FFIC,USD,1997-03-31,1997-03-31,Q1,8000000.0,0.0,0.0,0.0,0.0,2400000.0,0.0,0.0,0.0,0.0,7100000.0,0.0,0.0,0.0,0.0,0.4375,0.0,3500000.0,0.4375,1600000.0,1900000.0,0.2375,0.022409,0.022409,27256236,27256236,,,1620592041,16:27:21,20210509
96,1996-12-31,FFIC,USD,1996-12-31,1996-12-31,Q4,7600000.0,0.0,0.0,0.0,0.0,1900000.0,0.0,0.0,0.0,0.0,7000000.0,200000.0,0.0,0.0,0.0,0.4342105263157895,0.0,3300000.0,0.4342105263157895,1600000.0,1700000.0,0.2236842105263158,0.06237104785855244,0.06237104785855244,27256236,27256236,,,1620592041,16:27:21,20210509
97,1996-09-30,FFIC,USD,1996-09-30,1996-09-30,Q3,7700000.0,0.0,0.0,0.0,0.0,2200000.0,0.0,0.0,0.0,0.0,6800000.0,200000.0,0.0,0.0,0.0,0.4025974025974026,0.0,3100000.0,0.4025974025974026,1400000.0,1700000.0,0.22077922077922077,0.018455,0.018455,28897096,28897096,,,1620592041,16:27:21,20210509
98,1996-06-30,FFIC,USD,1996-06-30,1996-06-30,Q2,7600000.0,0.0,0.0,0.0,0.0,2100000.0,0.0,0.0,0.0,0.0,6400000.0,400000.0,0.0,0.0,0.0,0.39473684210526316,0.0,3000000.0,0.39473684210526316,1300000.0,1700000.0,0.2236842105263158,0.018455,0.018455,30023219,30023219,,,1620592041,16:27:21,20210509
99,1996-03-31,FFIC,USD,1996-05-13,1996-05-13,Q1,7500000.0,0.0,0.0,0.0,0.0,2000000.0,0.0,0.0,0.0,0.0,6100000.0,400000.0,0.0,0.0,0.0,0.41333333333333333,0.0,3100000.0,0.41333333333333333,1400000.0,1700000.0,0.22666666666666666,0.018455,0.018455,26817925,26817925,https://www.sec.gov/Archives/edgar/data/923139/0000923139-96-000006-index.html,https://www.sec.gov/Archives/edgar/data/923139/,1620592041,16:27:21,20210509
