,date,symbol,reportedCurrency,fillingDate,acceptedDate,period,revenue,costOfRevenue,grossProfit,grossProfitRatio,researchAndDevelopmentExpenses,generalAndAdministrativeExpenses,sellingAndMarketingExpenses,otherExpenses,operatingExpenses,costAndExpenses,interestExpense,depreciationAndAmortization,ebitda,ebitdaratio,operatingIncome,operatingIncomeRatio,totalOtherIncomeExpensesNet,incomeBeforeTax,incomeBeforeTaxRatio,incomeTaxExpense,netIncome,netIncomeRatio,eps,epsdiluted,weightedAverageShsOut,weightedAverageShsOutDil,link,finalLink,timestamp,est_time,est_date
0,2020-12-31,WDDD,USD,2021-03-16,2021-03-16 16:52:08,Q4,0.0,0.0,0.0,0.0,0.0,352685.0,0.0,0.0,352685.0,352685.0,16078.0,0.0,-349108.0,0.0,-352685.0,0.0,-11073.0,-376259.0,0.0,0.0,-376259.0,0.0,-0.006622549077415175,-0.006622549077415175,56814830.0,56814830.0,https://www.sec.gov/Archives/edgar/data/1961/000126493121000033/0001264931-21-000033-index.htm,https://www.sec.gov/Archives/edgar/data/1961/000126493121000033/wddd10k20.htm,1620599755,18:35:55,20210509
1,2020-09-30,WDDD,USD,2020-11-12,2020-11-12 15:14:50,Q3,0.0,0.0,0.0,0.0,0.0,364385.0,0.0,0.0,364385.0,0.0,0.0,0.0,0.0,0.0,0.0,0.0,0.0,0.0,0.0,0.0,0.0,0.0,0.0,0.0,56814830.0,56814830.0,https://www.sec.gov/Archives/edgar/data/1961/000126493120000235/0001264931-20-000235-index.htm,https://www.sec.gov/Archives/edgar/data/1961/000126493120000235/wddd093020q3.htm,1620599755,18:35:55,20210509
2,2020-06-30,WDDD,USD,2020-08-13,2020-08-13 17:17:34,Q2,0.0,0.0,0.0,0.0,0.0,297468.0,414828.0,0.0,297468.0,403940.0,-18918.0,0.0,-438228.0,0.0,-403940.0,0.0,0.0,-419310.0,0.0,0.0,-419310.0,0.0,-0.00738,-0.00738,56814830.0,56814830.0,https://www.sec.gov/Archives/edgar/data/1961/000126493120000157/0001264931-20-000157-index.htm,https://www.sec.gov/Archives/edgar/data/1961/000126493120000157/wddd063020q2.htm,1620599755,18:35:55,20210509
3,2020-03-31,WDDD,USD,2020-05-12,2020-05-12 16:02:26,Q1,0.0,0.0,0.0,0.0,0.0,224596.0,171930000.0,0.0,224596.0,305680.0,18919000.0,0.0,18597940.0,0.0,-305680.0,0.0,0.0,-321060.0,0.0,0.0,-321060.0,0.0,-0.00565,-0.00565,56814830.0,56814830.0,https://www.sec.gov/Archives/edgar/data/1961/000126493120000079/0001264931-20-000079-index.htm,https://www.sec.gov/Archives/edgar/data/1961/000126493120000059/wddd10k2019.htm,1620599755,18:35:55,20210509
4,2019-12-31,WDDD,USD,2020-03-30,2020-03-30 15:56:55,Q4,0.0,0.0,0.0,0.0,0.0,158737.0,630655000.0,0.0,158737.0,160820.0,82858000.0,0.0,82625370.0,0.0,-160820.0,0.0,0.0,-232630.0,0.0,0.0,-232630.0,0.0,-0.00409,-0.00409,56814830.0,56814830.0,https://www.sec.gov/Archives/edgar/data/1961/000126493120000059/0001264931-20-000059-index.htm,https://www.sec.gov/Archives/edgar/data/1961/000126493120000059/wddd10k2019.htm,1620599755,18:35:55,20210509
5,2019-09-30,WDDD,USD,2019-11-07 00:00:00,2019-11-07 16:33:03,Q3,0.0,0.0,0.0,0.0,0.0,237189.0,0.0,0.0,237189.0,490420.0,0.0,0.0,-490420.0,0.0,-490420.0,0.0,0.0,-490420.0,0.0,0.0,-490420.0,0.0,-0.00863,-0.00863,56814830.0,56814830.0,https://www.sec.gov/Archives/edgar/data/1961/000126493119000187/0001264931-19-000187-index.html,https://www.sec.gov/Archives/edgar/data/1961/000126493119000187/wdddq32019.htm,1620599755,18:35:55,20210509
6,2019-06-30,WDDD,USD,2019-08-09 00:00:00,2019-08-09 17:06:51,Q2,0.0,0.0,0.0,0.0,0.0,211981.0,0.0,0.0,211981.0,247280.0,0.0,0.0,-247280.0,0.0,-247280.0,0.0,0.0,-247280.0,0.0,0.0,-247280.0,0.0,-0.00435,-0.00435,56814830.0,56814830.0,https://www.sec.gov/Archives/edgar/data/1961/000126493119000169/0001264931-19-000169-index.html,https://www.sec.gov/Archives/edgar/data/1961/000126493119000169/wdddq22019.htm,1620599755,18:35:55,20210509
7,2019-03-31,WDDD,USD,2019-05-14 00:00:00,2019-05-14 17:18:40,Q1,0.0,0.0,0.0,0.0,0.0,51357.0,0.0,0.0,236956.0,256130.0,-8015.0,0.0,-272155.0,0.0,-256130.0,0.0,0.0,-264140.0,0.0,0.0,-264140.0,0.0,-0.00465,-0.00465,56814830.0,56814830.0,https://www.sec.gov/Archives/edgar/data/1961/000126493119000067/0001264931-19-000067-index.html,https://www.sec.gov/Archives/edgar/data/1961/000126493119000067/wdddq12019.htm,1620599755,18:35:55,20210509
8,2018-12-31,WDDD,USD,2019-02-28 00:00:00,2019-02-28 16:04:33,Q4,0.0,-189500.0,189500.0,0.0,0.0,557881.0,0.0,1211400.0,-758499.0,678790.0,-11342.0,0.0,2313148.0,0.0,-678790.0,0.0,0.0,2324490.0,0.0,0.0,2324490.0,0.0,0.03109,0.03109,74774860.0,74774860.0,https://www.sec.gov/Archives/edgar/data/1961/000126493119000040/0001264931-19-000040-index.html,https://www.sec.gov/Archives/edgar/data/1961/000126493119000040/wddd10k2018.htm,1620599755,18:35:55,20210509
9,2018-09-30,WDDD,USD,2018-11-14 00:00:00,2018-11-14 10:40:14,Q3,0.0,79610.0,-79610.0,0.0,0.0,230207.0,0.0,0.0,1546587.0,1626200.0,-11343.0,0.0,29407.0,0.0,-1626200.0,0.0,0.0,40750.0,0.0,0.0,40750.0,0.0,0.00072,0.00072,56631140.0,56631140.0,https://www.sec.gov/Archives/edgar/data/1961/000126493118000132/0001264931-18-000132-index.html,https://www.sec.gov/Archives/edgar/data/1961/000126493118000132/wddd10q32018.htm,1620599755,18:35:55,20210509
10,2018-06-30,WDDD,USD,2018-08-13 00:00:00,2018-08-13 16:44:58,Q2,0.0,0.0,0.0,0.0,0.0,201411.0,0.0,0.0,201411.0,310000.0,-11219.0,0.0,98781.0,0.0,-310000.0,0.0,0.0,110000.0,0.0,0.0,110000.0,0.0,0.00221,0.00221,49770000.0,49770000.0,https://www.sec.gov/Archives/edgar/data/1961/000126493118000096/0001264931-18-000096-index.html,https://www.sec.gov/Archives/edgar/data/1961/000126493118000096/wddd10q22018.htm,1620599755,18:35:55,20210509
11,2018-03-31,WDDD,USD,2018-04-02 00:00:00,2018-04-02 16:12:48,Q1,0.0,0.0,0.0,0.0,0.0,70460.0,0.0,0.0,277391.0,280000.0,-11096.0,0.0,-731096.0,0.0,-280000.0,0.0,-1340000.0,-720000.0,0.0,0.0,-720000.0,0.0,-0.0145,-0.0145,49670000.0,49670000.0,https://www.sec.gov/Archives/edgar/data/1961/000126493118000031/0001264931-18-000031-index.html,https://www.sec.gov/Archives/edgar/data/1961/000126493118000031/worlds10k1217r.htm,1620599755,18:35:55,20210509
12,2017-12-31,WDDD,USD,2018-04-02 00:00:00,2018-04-02 16:12:48,Q4,0.0,0.0,0.0,0.0,0.0,241893.0,0.0,1220000.0,241893.0,2500000.0,-11342.0,0.0,-2251342.0,0.0,-2500000.0,0.0,0.0,-2240000.0,0.0,0.0,-2240000.0,0.0,-0.04538,-0.04538,49360000.0,49360000.0,https://www.sec.gov/Archives/edgar/data/1961/000126493118000031/0001264931-18-000031-index.html,https://www.sec.gov/Archives/edgar/data/1961/000126493118000031/worlds10k1217r.htm,1620599755,18:35:55,20210509
13,2017-09-30,WDDD,USD,2017-11-14 00:00:00,2017-11-14 14:34:49,Q3,0.0,0.0,0.0,0.0,0.0,142851.0,0.0,0.0,142852.0,140000.0,-11343.0,0.0,-111343.0,0.0,-140000.0,0.0,0.0,-100000.0,0.0,0.0,-100000.0,0.0,-0.00203,-0.00203,49350000.0,49350000.0,https://www.sec.gov/Archives/edgar/data/1961/000126493117000092/0001264931-17-000092-index.html,https://www.sec.gov/Archives/edgar/data/1961/000126493117000092/wdddq32017.htm,1620599755,18:35:55,20210509
14,2017-06-30,WDDD,USD,2017-08-11 00:00:00,2017-08-11 17:01:05,Q2,0.0,0.0,0.0,0.0,0.0,171844.0,0.0,0.0,171844.0,170000.0,-11219.0,0.0,-191219.0,0.0,-170000.0,0.0,0.0,-180000.0,0.0,0.0,-180000.0,0.0,-0.00361,-0.00361,49860000.0,49860000.0,https://www.sec.gov/Archives/edgar/data/1961/000126493117000066/0001264931-17-000066-index.html,https://www.sec.gov/Archives/edgar/data/1961/000126493117000066/worldsinc10q22017.htm,1620599755,18:35:55,20210509
15,2017-03-31,WDDD,USD,2017-04-17 00:00:00,2017-04-17 17:31:24,Q1,0.0,0.0,0.0,0.0,0.0,209633.0,0.0,0.0,209633.0,220000.0,-11096.0,0.0,-241096.0,0.0,-220000.0,0.0,0.0,-230000.0,0.0,0.0,-230000.0,0.0,-0.00476,-0.00476,48350000.0,48350000.0,https://www.sec.gov/Archives/edgar/data/1961/000126493117000036/0001264931-17-000036-index.html,https://www.sec.gov/Archives/edgar/data/1961/000126493117000036/wddd10k2016.htm,1620599755,18:35:55,20210509
16,2016-12-31,WDDD,USD,2017-08-28,2017-08-28,Q4,0.0,0.0,0.0,0.0,0.0,632352.0,0.0,-1110000.0,632351.0,-750000.0,17084.0,0.0,1147084.0,0.0,750000.0,0.0,-10000.0,1130000.0,0.0,0.0,1130000.0,0.0,0.02684,0.02684,42100000.0,42100000.0,https://www.sec.gov/Archives/edgar/data/1961/000126493117000071/0001264931-17-000071-index.htm,https://www.sec.gov/Archives/edgar/data/1961/000126493117000071/wddd10k2016a.htm,1620599755,18:35:55,20210509
17,2016-09-30,WDDD,USD,2016-11-18 00:00:00,2016-11-18 16:04:27,Q3,0.0,0.0,0.0,0.0,0.0,715891.0,0.0,1110000.0,715891.0,1310000.0,-21537.0,0.0,-1281537.0,0.0,-1310000.0,0.0,0.0,-1260000.0,0.0,0.0,-1260000.0,0.0,-0.03671,-0.03671,34320000.0,34320000.0,https://www.sec.gov/Archives/edgar/data/1961/000126493116000424/0001264931-16-000424-index.html,https://www.sec.gov/Archives/edgar/data/1961/000126493116000424/worldsq32016.htm,1620599755,18:35:55,20210509
18,2016-06-30,WDDD,USD,2016-08-11 00:00:00,2016-08-11 16:43:53,Q2,0.0,0.0,0.0,0.0,0.0,281582.0,0.0,0.0,281583.0,280000.0,-43298.0,0.0,-913298.0,0.0,-280000.0,0.0,0.0,-870000.0,0.0,0.0,-870000.0,0.0,-0.0329,-0.0329,26440000.0,26440000.0,https://www.sec.gov/Archives/edgar/data/1961/000126493116000394/0001264931-16-000394-index.html,https://www.sec.gov/Archives/edgar/data/1961/000126493116000394/worldincq2.htm,1620599755,18:35:55,20210509
19,2016-03-31,WDDD,USD,2016-04-13 00:00:00,2016-04-12 17:44:28,Q1,0.0,0.0,0.0,0.0,0.0,237688.0,0.0,0.0,237688.0,240000.0,-10961.0,0.0,-150961.0,0.0,-240000.0,0.0,0.0,-140000.0,0.0,0.0,-140000.0,0.0,-0.0057,-0.0057,24560000.0,24560000.0,https://www.sec.gov/Archives/edgar/data/1961/000126493116000339/0001264931-16-000339-index.html,https://www.sec.gov/Archives/edgar/data/1961/000126493116000339/worldsinc10k.htm,1620599755,18:35:55,20210509
20,2015-12-31,WDDD,USD,2015-12-31,2015-12-31,Q4,0.0,0.0,0.0,1.0,0.0,279728.0,0.0,0.0,279728.0,160000.0,-61935.0,0.0,-861935.0,-0.791931965895,-160000.0,-0.501033290004,-100000.0,-800000.0,-3.515984049,0.0,-800000.0,-3.515984049,-0.03463,-0.03463,23100000.0,23100000.0,,,1620599755,18:35:55,20210509
21,2015-09-30,WDDD,USD,2015-11-13 00:00:00,2015-11-13 15:09:36,Q3,0.0,0.0,0.0,1.0,0.0,194828.0,0.0,0.0,194828.0,190000.0,113844.0,0.0,83844.0,0.381779726365,-190000.0,0.858481129789,0.0,-30000.0,0.256000352508,0.0,-30000.0,0.256000352508,-0.00132,-0.00132,22650000.0,22650000.0,https://www.sec.gov/Archives/edgar/data/1961/000126493115000314/0001264931-15-000314-index.html,https://www.sec.gov/Archives/edgar/data/1961/000126493115000314/worlds10q3.htm,1620599755,18:35:55,20210509
22,2015-06-30,WDDD,USD,2015-08-13 00:00:00,2015-08-13 15:46:55,Q2,0.0,0.0,0.0,0.0,0.0,200547.0,0.0,0.0,200548.0,260000.0,-94894.0,0.0,-684894.0,0.0,-260000.0,0.0,-30000.0,-590000.0,0.0,0.0,-590000.0,0.0,-0.02621,-0.02621,22510000.0,22510000.0,https://www.sec.gov/Archives/edgar/data/1961/000126493115000273/0001264931-15-000273-index.html,https://www.sec.gov/Archives/edgar/data/1961/000126493115000273/worlds10q2.htm,1620599755,18:35:55,20210509
23,2015-03-31,WDDD,USD,2015-04-15 00:00:00,2015-04-15 17:04:51,Q1,0.0,0.0,0.0,0.0,0.0,128345.0,0.0,0.0,128345.0,2460000.0,-18950.0,0.0,-2648950.0,0.0,-2460000.0,0.0,0.0,-2630000.0,0.0,0.0,-2630000.0,0.0,-0.1253,-0.1253,20990000.0,20990000.0,https://www.sec.gov/Archives/edgar/data/1961/000126493115000165/0001264931-15-000165-index.html,https://www.sec.gov/Archives/edgar/data/1961/000126493115000165/wddd10k.htm,1620599755,18:35:55,20210509
24,2014-12-31,WDDD,USD,2015-04-15,2015-04-15,Q4,0.0,0.0,0.0,0.0,0.0,251876.0,0.0,0.0,253876.0,260000.0,-15910.0,0.0,34090.0,0.0,-260000.0,0.0,0.0,50000.0,0.0,0.0,50000.0,0.0,0.00258,0.00258,19370000.0,19370000.0,https://www.sec.gov/Archives/edgar/data/1961/000126493115000165/0001264931-15-000165-index.htm,https://www.sec.gov/Archives/edgar/data/1961/000126493115000165/wddd10k.htm,1620599755,18:35:55,20210509
25,2014-09-30,WDDD,USD,2014-11-19 00:00:00,2014-11-19 17:28:04,Q3,0.0,0.0,0.0,0.0,0.0,154027.0,0.0,0.0,154027.0,150000.0,-43966.0,0.0,-203966.0,0.0,-150000.0,0.0,0.0,-160000.0,0.0,0.0,-160000.0,0.0,-0.00828,-0.00828,19320000.0,19320000.0,https://www.sec.gov/Archives/edgar/data/1961/000126493114000506/0001264931-14-000506-index.html,https://www.sec.gov/Archives/edgar/data/1961/000126493114000506/worldsinc10q3.htm,1620599755,18:35:55,20210509
26,2014-06-30,WDDD,USD,2014-08-14 00:00:00,2014-08-14 17:00:57,Q2,0.0,0.0,0.0,0.0,0.0,166310.0,0.0,0.0,166310.0,-950000.0,-52113.0,0.0,757887.0,0.0,950000.0,0.0,0.0,810000.0,0.0,0.0,810000.0,0.0,0.04135,0.04135,19590000.0,19590000.0,https://www.sec.gov/Archives/edgar/data/1961/000126493114000401/0001264931-14-000401-index.html,https://www.sec.gov/Archives/edgar/data/1961/000126493114000401/worldsincq2.htm,1620599755,18:35:55,20210509
27,2014-03-31,WDDD,USD,2014-04-01 00:00:00,2014-04-01 15:14:05,Q1,0.0,0.0,0.0,0.0,0.0,175181.0,0.0,0.0,175181.0,1360000.0,-246846.0,0.0,-1926846.0,0.0,-1360000.0,0.0,0.0,-1680000.0,0.0,0.0,-1680000.0,0.0,-0.08833,-0.08833,19020000.0,19020000.0,https://www.sec.gov/Archives/edgar/data/1961/000126493114000125/0001264931-14-000125-index.html,https://www.sec.gov/Archives/edgar/data/1961/000126493114000125/worldsinc10k.htm,1620599755,18:35:55,20210509
28,2013-12-31,WDDD,USD,2014-04-01 00:00:00,2014-04-01 15:14:05,Q4,0.0,0.0,0.0,0.0,0.0,387786.0,0.0,0.0,387786.0,420000.0,-181328.0,0.0,-571328.0,0.0,-420000.0,0.0,0.0,-390000.0,0.0,0.0,-390000.0,0.0,-0.02095,-0.02095,18620000.0,18620000.0,https://www.sec.gov/Archives/edgar/data/1961/000126493114000125/0001264931-14-000125-index.html,https://www.sec.gov/Archives/edgar/data/1961/000126493114000125/worldsinc10k.htm,1620599755,18:35:55,20210509
29,2013-09-30,WDDD,USD,2013-11-19 00:00:00,2013-11-19 16:23:25,Q3,0.0,0.0,0.0,0.0,0.0,2837293.0,0.0,0.0,2837293.0,2840000.0,-53559.0,0.0,-2133559.0,0.0,-2840000.0,0.0,0.0,-2080000.0,0.0,0.0,-2080000.0,0.0,-0.11653,-0.11653,17850000.0,17850000.0,https://www.sec.gov/Archives/edgar/data/1961/000126493113000685/0001264931-13-000685-index.html,https://www.sec.gov/Archives/edgar/data/1961/000126493113000685/worldsinc10q3.htm,1620599755,18:35:55,20210509
30,2013-06-30,WDDD,USD,2013-08-14 00:00:00,2013-08-14 11:56:17,Q2,0.0,0.0,0.0,0.0,0.0,351610.0,0.0,0.0,351610.0,350000.0,-284385.0,0.0,-134385.0,0.0,-350000.0,0.0,0.0,150000.0,0.0,0.0,150000.0,0.0,0.00894,0.00894,16770000.0,16770000.0,https://www.sec.gov/Archives/edgar/data/1961/000126493113000439/0001264931-13-000439-index.html,https://www.sec.gov/Archives/edgar/data/1961/000126493113000439/worldsinc10q.htm,1620599755,18:35:55,20210509
31,2013-03-31,WDDD,USD,2013-04-15 00:00:00,2013-04-15 15:30:46,Q1,0.0,0.0,0.0,0.0,0.0,358225.0,0.0,0.0,358225.0,360000.0,-27518.0,0.0,-2597518.0,0.0,-360000.0,0.0,0.0,-2570000.0,0.0,0.0,-2570000.0,0.0,-0.15699,-0.15699,16370000.0,16370000.0,https://www.sec.gov/Archives/edgar/data/1961/000126493113000223/0001264931-13-000223-index.html,https://www.sec.gov/Archives/edgar/data/1961/000126493113000223/worldsinc10k.htm,1620599755,18:35:55,20210509
32,2012-12-31,WDDD,USD,2012-12-31,2012-12-31,Q4,0.0,0.0,0.0,0.0,0.0,250249.0,0.0,0.0,250249.0,1160000.0,0.0,0.0,-1160000.0,0.0,-1160000.0,0.0,0.0,-1160000.0,0.0,0.0,-1160000.0,0.0,-0.07393,-0.07393,15690000.0,15690000.0,,,1620599755,18:35:55,20210509
33,2012-09-30,WDDD,USD,2012-11-14 00:00:00,2012-11-14 18:47:07,Q3,0.0,0.0,0.0,0.0,0.0,186641.0,0.0,0.0,186641.0,190000.0,0.0,0.0,-190000.0,0.0,-190000.0,0.0,0.0,-190000.0,0.0,0.0,-190000.0,0.0,-0.01231,-0.01231,15430000.0,15430000.0,https://www.sec.gov/Archives/edgar/data/1961/000126493112000799/0001264931-12-000799-index.html,https://www.sec.gov/Archives/edgar/data/1961/000126493112000799/worldsincq.htm,1620599755,18:35:55,20210509
34,2012-06-30,WDDD,USD,2012-08-20 00:00:00,2012-08-20 17:00:51,Q2,0.0,0.0,0.0,0.0,0.0,215904.0,0.0,0.0,215904.0,220000.0,0.0,0.0,-220000.0,0.0,-220000.0,0.0,0.0,-220000.0,0.0,0.0,-220000.0,0.0,-0.01438,-0.01438,15300000.0,15300000.0,https://www.sec.gov/Archives/edgar/data/1961/000126493112000550/0001264931-12-000550-index.html,https://www.sec.gov/Archives/edgar/data/1961/000126493112000550/worldinc10q.htm,1620599755,18:35:55,20210509
35,2012-03-31,WDDD,USD,2012-03-31,2012-03-31,Q1,0.0,0.0,0.0,0.0,0.0,305510.0,0.0,0.0,305510.0,310000.0,0.0,0.0,-310000.0,0.0,-310000.0,0.0,0.0,-310000.0,0.0,0.0,-310000.0,0.0,-0.02065,-0.02065,15010000.0,15010000.0,,,1620599755,18:35:55,20210509
36,2011-12-31,WDDD,USD,2011-12-31,2011-12-31,Q4,0.0,70000.0,-70000.0,0.0,0.0,139996.0,0.0,0.0,418235.0,490000.0,0.0,0.0,-490000.0,0.0,-490000.0,0.0,0.0,-490000.0,0.0,0.0,-490000.0,0.0,-0.03331,-0.03331,14710000.0,14710000.0,,,1620599755,18:35:55,20210509
37,2011-09-30,WDDD,USD,2011-11-14 00:00:00,2011-11-14 16:15:29,Q3,0.0,0.0,0.0,0.0,0.0,33713.0,0.0,0.0,147080.0,150000.0,0.0,0.0,-150000.0,0.0,-150000.0,0.0,0.0,-150000.0,0.0,0.0,-150000.0,0.0,-0.0105,-0.0105,14280000.0,14280000.0,https://www.sec.gov/Archives/edgar/data/1961/000126493111000639/0001264931-11-000639-index.html,https://www.sec.gov/Archives/edgar/data/1961/000126493111000639/worldsq.htm,1620599755,18:35:55,20210509
38,2011-06-30,WDDD,USD,2011-08-22 00:00:00,2011-08-22 17:00:02,Q2,0.0,0.0,0.0,0.0,0.0,173176.0,0.0,0.0,383176.0,390000.0,0.0,0.0,-390000.0,0.0,-390000.0,0.0,0.0,-390000.0,0.0,0.0,-390000.0,0.0,-0.02786,-0.02786,14000000.0,14000000.0,https://www.sec.gov/Archives/edgar/data/1961/000126493111000436/0001264931-11-000436-index.html,https://www.sec.gov/Archives/edgar/data/1961/000126493111000436/worlds10q_r.htm,1620599755,18:35:55,20210509
39,2011-03-31,WDDD,USD,2011-05-12 00:00:00,2011-05-12 17:20:13,Q1,0.0,10000.0,-10000.0,0.0,0.0,659889.0,0.0,0.0,659889.0,670000.0,0.0,0.0,-670000.0,0.0,-670000.0,0.0,0.0,-670000.0,0.0,0.0,-670000.0,0.0,-0.05154,-0.05154,13000000.0,13000000.0,https://www.sec.gov/Archives/edgar/data/1961/000126493111000211/0001264931-11-000211-index.html,https://www.sec.gov/Archives/edgar/data/1961/000126493111000211/worlds10q.htm,1620599755,18:35:55,20210509
40,2010-12-31,WDDD,USD,2010-12-31,2010-12-31,Q4,190000.0,0.0,190000.0,1.0,0.0,678874.0,0.0,10000.0,678874.0,680000.0,0.0,0.0,-490000.0,-2.578947,-490000.0,-2.5789473684210527,10000.0,-490000.0,-2.5789473684210527,0.0,-490000.0,-2.5789473684210527,-0.04571,-0.04571,10720000.0,10720000.0,,,1620599755,18:35:55,20210509
41,2010-09-30,WDDD,USD,2010-11-15 00:00:00,2010-11-15 12:47:28,Q3,150000.0,0.0,150000.0,1.0,0.0,112796.0,0.0,0.0,112796.0,120000.0,0.0,0.0,30000.0,0.2,30000.0,0.2,0.0,30000.0,0.2,0.0,30000.0,0.2,0.00261,0.00261,11490000.0,11490000.0,https://www.sec.gov/Archives/edgar/data/1961/000126493110000433/0001264931-10-000433-index.html,https://www.sec.gov/Archives/edgar/data/1961/000126493110000433/form10-q.htm,1620599755,18:35:55,20210509
42,2010-06-30,WDDD,USD,2010-08-16 00:00:00,2010-08-16 16:41:17,Q2,0.0,0.0,0.0,0.0,0.0,122271.0,0.0,0.0,122271.0,130000.0,0.0,0.0,-130000.0,0.0,-130000.0,0.0,0.0,-130000.0,0.0,0.0,-130000.0,0.0,-0.01131,-0.01131,11490000.0,11490000.0,https://www.sec.gov/Archives/edgar/data/1961/000126493110000269/0001264931-10-000269-index.html,https://www.sec.gov/Archives/edgar/data/1961/000126493110000269/form10-q.htm,1620599755,18:35:55,20210509
43,2010-03-31,WDDD,USD,2010-04-15 00:00:00,2010-04-15 15:23:49,Q1,80000.0,0.0,70000.0,0.875,0.0,84403.0,0.0,0.0,84403.0,90000.0,0.0,0.0,-10000.0,-0.125,-10000.0,-0.125,0.0,-10000.0,-0.125,0.0,-10000.0,-0.125,-0.00093,-0.00093,10730000.0,10730000.0,https://www.sec.gov/Archives/edgar/data/1961/000126493110000136/0001264931-10-000136-index.html,https://www.sec.gov/Archives/edgar/data/1961/000126493110000136/form10-k.htm,1620599755,18:35:55,20210509
44,2009-12-31,WDDD,USD,2009-12-31,2009-12-31,Q4,0.0,0.0,0.0,0.0,0.0,355985.0,0.0,0.0,355985.0,360000.0,0.0,0.0,-360000.0,0.0,-360000.0,0.0,0.0,-360000.0,0.0,0.0,-360000.0,0.0,-0.03203,-0.03203,11240000.0,11240000.0,,,1620599755,18:35:55,20210509
45,2009-09-30,WDDD,USD,2009-11-16 00:00:00,2009-11-16 14:41:31,Q3,10000.0,10000.0,0.0,0.0,0.0,52193.0,0.0,0.0,52193.0,59999.99999999999,0.0,0.0,-60000.0,-6.0,-50000.0,-5.0,0.0,-60000.0,-6.0,0.0,-60000.0,-6.0,-0.00559,-0.00559,10730000.0,10730000.0,https://www.sec.gov/Archives/edgar/data/1961/000126493109000354/0001264931-09-000354-index.html,https://www.sec.gov/Archives/edgar/data/1961/000126493109000354/form10-q.htm,1620599755,18:35:55,20210509
46,2009-06-30,WDDD,USD,2009-08-18 00:00:00,2009-08-18 16:30:23,Q2,90000.0,20000.0,70000.0,0.7777777777777778,0.0,94565.0,0.0,0.0,130398.0,160000.0,0.0,0.0,-70000.0,-0.777778,-60000.0,-0.6666666666666666,0.0,-70000.0,-0.7777777777777778,0.0,-70000.0,-0.7777777777777778,-0.0063,-0.0063,11110000.0,11110000.0,https://www.sec.gov/Archives/edgar/data/1961/000126493109000238/0001264931-09-000238-index.html,https://www.sec.gov/Archives/edgar/data/1961/000126493109000238/form10-q.htm,1620599755,18:35:55,20210509
47,2009-03-31,WDDD,USD,2009-04-15 00:00:00,2009-04-14 20:11:29,Q1,0.0,130000.0,-130000.0,0.0,0.0,118141.0,0.0,0.0,118141.0,240000.0,0.0,0.0,-240000.0,0.0,-240000.0,0.0,0.0,-240000.0,0.0,0.0,-240000.0,0.0,-0.0229,-0.0229,10480000.0,10480000.0,https://www.sec.gov/Archives/edgar/data/1961/000144624709000017/0001446247-09-000017-index.html,https://www.sec.gov/Archives/edgar/data/1961/000144624709000017/form10-k.htm,1620599755,18:35:55,20210509
48,2008-12-31,WDDD,USD,2008-12-31,2008-12-31,Q4,0.0,70000.0,-60000.0,0.0,0.0,0.0,0.0,0.0,197254.0,260000.0,-20000.0,0.0,-300000.0,0.0,-260000.0,0.0,0.0,-280000.0,0.0,0.0,-280000.0,0.0,-0.02431,-0.02431,11520000.0,11520000.0,,,1620599755,18:35:55,20210509
49,2008-09-30,WDDD,USD,2008-11-14 00:00:00,2008-11-14 16:36:28,Q3,0.0,20000.0,-20000.0,0.0,0.0,0.0,0.0,0.0,175411.0,190000.0,-40000.0,0.0,-270000.0,0.0,-190000.0,0.0,0.0,-230000.0,0.0,0.0,-230000.0,0.0,-0.0227,-0.0227,10130000.0,10130000.0,https://www.sec.gov/Archives/edgar/data/1961/000126493108000528/0001264931-08-000528-index.html,https://www.sec.gov/Archives/edgar/data/1961/000126493108000528/form10-q.htm,1620599755,18:35:55,20210509
50,2008-06-30,WDDD,USD,2008-08-14 00:00:00,2008-08-14 14:40:50,Q2,0.0,30000.0,-30000.0,0.0,0.0,0.0,0.0,0.0,108521.0,140000.0,-20000.0,0.0,-180000.0,0.0,-140000.0,0.0,0.0,-160000.0,0.0,0.0,-160000.0,0.0,-0.01579,-0.01579,10130000.0,10130000.0,https://www.sec.gov/Archives/edgar/data/1961/000126493108000368/0001264931-08-000368-index.html,https://www.sec.gov/Archives/edgar/data/1961/000126493108000368/form10-q.htm,1620599755,18:35:55,20210509
51,2008-03-31,WDDD,USD,2008-05-14,2008-05-14,Q1,90000.0,90000.0,0.0,0.0,0.0,0.0,109505000.0,0.0,109506.0,200000.0,-20000.0,0.0,-150000.0,-1.666667,-110000.0,-1.2222222222222223,0.0,-130000.0,-1.4444444444444444,0.0,-130000.0,-1.4444444444444444,-0.01283,-0.01283,10130000.0,10130000.0,https://www.sec.gov/Archives/edgar/data/1961/000126493108000182/0001264931-08-000182-index.htm,https://www.sec.gov/Archives/edgar/data/1961/000126493108000182/form10qsb.htm,1620599755,18:35:55,20210509
52,2007-12-31,WDDD,USD,2007-12-31,2007-12-31,Q4,0.0,50000.0,-50000.0,0.0,0.0,0.0,0.0,0.0,501751.0,-490000.0,0.0,0.0,490000.0,0.0,490000.0,0.0,0.0,490000.0,0.0,0.0,490000.0,0.0,0.03485,0.03485,14060000.0,14060000.0,,,1620599755,18:35:55,20210509
53,2007-09-30,WDDD,USD,2008-04-11,2008-04-11,Q3,0.0,0.0,0.0,0.0,0.0,0.0,0.0,0.0,2306.0,0.0,-40000.0,0.0,-80000.0,0.0,0.0,0.0,0.0,-40000.0,0.0,0.0,-40000.0,0.0,-0.00484,-0.00484,8270000.0,8270000.0,https://www.sec.gov/Archives/edgar/data/1961/000126493108000144/0001264931-08-000144-index.htm,https://www.sec.gov/Archives/edgar/data/1961/000126493108000144/form10qsba.htm,1620599755,18:35:55,20210509
54,2007-06-30,WDDD,USD,2007-06-30,2007-06-30,Q2,0.0,0.0,0.0,0.0,0.0,0.0,0.0,0.0,1723.0,0.0,-40000.0,0.0,-80000.0,0.0,0.0,0.0,0.0,-40000.0,0.0,0.0,-40000.0,0.0,-0.00591,-0.00591,6770000.0,6770000.0,,,1620599755,18:35:55,20210509
55,2007-03-31,WDDD,USD,2007-03-31,2007-03-31,Q1,0.0,10000.0,-10000.0,0.0,0.0,0.0,0.0,0.0,5178.0,10000.0,-40000.0,0.0,-90000.0,0.0,-10000.0,0.0,0.0,-50000.0,0.0,0.0,-50000.0,0.0,-0.00739,-0.00739,6770000.0,6770000.0,,,1620599755,18:35:55,20210509
56,2006-12-31,WDDD,USD,2006-12-31,2006-12-31,Q4,0.0,0.0,0.0,0.0,0.0,0.0,0.0,0.0,48521.0,-30000.0,-40000.0,0.0,-50000.0,0.0,30000.0,0.0,0.0,-10000.0,0.0,0.0,-10000.0,0.0,-0.001,-0.001,9970000.0,9970000.0,,,1620599755,18:35:55,20210509
57,2006-09-30,WDDD,USD,2006-09-30,2006-09-30,Q3,0.0,0.0,0.0,0.0,0.0,0.0,0.0,0.0,1570.0,0.0,-40000.0,0.0,-80000.0,0.0,0.0,0.0,0.0,-40000.0,0.0,0.0,-40000.0,0.0,-0.00401,-0.00401,9970000.0,9970000.0,,,1620599755,18:35:55,20210509
58,2006-06-30,WDDD,USD,2006-06-30,2006-06-30,Q2,0.0,0.0,0.0,0.0,0.0,0.0,0.0,0.0,611.0,0.0,-40000.0,0.0,-80000.0,0.0,0.0,0.0,0.0,-40000.0,0.0,0.0,-40000.0,0.0,-0.00401,-0.00401,9970000.0,9970000.0,,,1620599755,18:35:55,20210509
59,2006-03-31,WDDD,USD,2006-03-31,2006-03-31,Q1,0.0,0.0,0.0,0.0,0.0,0.0,0.0,0.0,778.0,0.0,-40000.0,0.0,-80000.0,0.0,0.0,0.0,0.0,-40000.0,0.0,0.0,-40000.0,0.0,-0.00591,-0.00591,6770000.0,6770000.0,,,1620599755,18:35:55,20210509
60,2005-12-31,WDDD,USD,2005-12-31,2005-12-31,Q4,10000.0,40000.0,-30000.0,-3.0,0.0,0.0,0.0,0.0,-789.0,-250000.0,-40000.0,0.0,170000.0,17.0,250000.0,25.0,0.0,210000.0,21.0,0.0,210000.0,21.0,0.03102,0.03102,6770000.0,6770000.0,,,1620599755,18:35:55,20210509
61,2005-09-30,WDDD,USD,2005-09-30,2005-09-30,Q3,0.0,0.0,0.0,0.0,0.0,0.0,0.0,0.0,9317.0,10000.0,-40000.0,0.0,-90000.0,0.0,-10000.0,0.0,0.0,-50000.0,0.0,0.0,-50000.0,0.0,-0.00739,-0.00739,6770000.0,6770000.0,,,1620599755,18:35:55,20210509
62,2005-06-30,WDDD,USD,2005-06-30,2005-06-30,Q2,40000.0,0.0,40000.0,1.0,0.0,0.0,0.0,0.0,44584.0,50000.0,-40000.0,0.0,-90000.0,-2.25,-10000.0,-0.25,0.0,-50000.0,-1.25,0.0,-50000.0,-1.25,-0.00739,-0.00739,6770000.0,6770000.0,,,1620599755,18:35:55,20210509
63,2005-03-31,WDDD,USD,2005-03-31,2005-03-31,Q1,50000.0,50000.0,0.0,0.0,0.0,0.0,0.0,0.0,2535.0,59999.99999999999,-40000.0,0.0,-80000.0,-1.6,0.0,0.0,0.0,-40000.0,-0.8,0.0,-40000.0,-0.8,-0.00591,-0.00591,6770000.0,6770000.0,,,1620599755,18:35:55,20210509
64,2004-12-31,WDDD,USD,2004-12-31,2004-12-31,Q4,10000.0,80000.0,-70000.0,-7.0,0.0,0.0,0.0,0.0,4678.0,-310000.0,-40000.0,0.0,240000.0,24.0,320000.0,32.0,0.0,280000.0,28.0,0.0,280000.0,28.0,0.04136,0.04136,6770000.0,6770000.0,,,1620599755,18:35:55,20210509
65,2004-09-30,WDDD,USD,2004-09-30,2004-09-30,Q3,20000.0,0.0,20000.0,1.0,0.0,0.0,0.0,0.0,22811.0,20000.0,-40000.0,0.0,-90000.0,-4.5,-10000.0,-0.5,0.0,-50000.0,-2.5,0.0,-50000.0,-2.5,-0.00739,-0.00739,6770000.0,6770000.0,,,1620599755,18:35:55,20210509
66,2004-06-30,WDDD,USD,2004-06-30,2004-06-30,Q2,30000.0,0.0,30000.0,1.0,0.0,0.0,0.0,0.0,42292.0,40000.0,-40000.0,0.0,-90000.0,-3.0,-10000.0,-0.3333333333333333,0.0,-50000.0,-1.6666666666666667,0.0,-50000.0,-1.6666666666666667,-0.00739,-0.00739,6770000.0,6770000.0,,,1620599755,18:35:55,20210509
67,2004-03-31,WDDD,USD,2004-03-31,2004-03-31,Q1,40000.0,30000.0,10000.0,0.25,0.0,0.0,0.0,0.0,8193.0,40000.0,-40000.0,0.0,-70000.0,-1.75,10000.0,0.25,0.0,-30000.0,-0.75,0.0,-30000.0,-0.75,-0.00443,-0.00443,6770000.0,6770000.0,,,1620599755,18:35:55,20210509
68,2003-12-31,WDDD,USD,2003-12-31,2003-12-31,Q4,0.0,10000.0,-10000.0,0.0,0.0,0.0,0.0,0.0,-2298.0,10000.0,-40000.0,0.0,-80000.0,0.0,0.0,0.0,0.0,-40000.0,0.0,0.0,-40000.0,0.0,-0.00591,-0.00591,6770000.0,6770000.0,,,1620599755,18:35:55,20210509
69,2003-09-30,WDDD,USD,2008-03-24,2008-03-24,Q3,60000.0,70000.0,-10000.0,-0.16666666666666666,0.0,0.0,0.0,0.0,0.0,70000.0,-40000.0,0.0,-90000.0,-1.5,-10000.0,-0.16666666666666666,0.0,-50000.0,-0.8333333333333334,0.0,-50000.0,-0.8333333333333334,-0.00739,-0.00739,6770000.0,6770000.0,https://www.sec.gov/Archives/edgar/data/1961/000126493108000086/0001264931-08-000086-index.htm,https://www.sec.gov/Archives/edgar/data/1961/000126493108000086/form10qsb.htm,1620599755,18:35:55,20210509
70,2003-06-30,WDDD,USD,2003-06-30,2003-06-30,Q2,10000.0,10000.0,0.0,0.0,0.0,0.0,0.0,0.0,0.0,10000.0,-40000.0,0.0,-80000.0,-8.0,0.0,0.0,0.0,-40000.0,-4.0,0.0,-40000.0,-4.0,-0.00591,-0.00591,6770000.0,6770000.0,,,1620599755,18:35:55,20210509
71,2003-03-31,WDDD,USD,2003-03-31,2003-03-31,Q1,0.0,10000.0,-10000.0,0.0,0.0,0.0,0.0,0.0,2298.0,10000.0,-40000.0,0.0,-90000.0,0.0,-10000.0,0.0,0.0,-50000.0,0.0,0.0,-50000.0,0.0,-0.00739,-0.00739,6770000.0,6770000.0,,,1620599755,18:35:55,20210509
72,2002-12-31,WDDD,USD,2002-12-31,2002-12-31,Q4,20000.0,10000.0,10000.0,0.5,0.0,0.0,0.0,0.0,23366.0,40000.0,-10000.0,0.0,-30000.0,-1.5,-20000.0,-1.0,0.0,-20000.0,-1.0,0.0,-20000.0,-1.0,-0.00295,-0.00295,6770000.0,6770000.0,,,1620599755,18:35:55,20210509
73,2002-09-30,WDDD,USD,2008-03-18,2008-03-18,Q3,20000.0,30000.0,-10000.0,-0.5,0.0,20000.0,0.0,0.0,21332.0,50000.00000000001,-40000.0,0.0,-110000.0,-5.5,-30000.0,-1.5,0.0,-70000.0,-3.5,0.0,-70000.0,-3.5,-0.01034,-0.01034,6770000.0,6770000.0,https://www.sec.gov/Archives/edgar/data/1961/000126493108000076/0001264931-08-000076-index.htm,https://www.sec.gov/Archives/edgar/data/1961/000126493108000076/form10qsb.htm,1620599755,18:35:55,20210509
74,2002-06-30,WDDD,USD,2002-06-30,2002-06-30,Q2,40000.0,20000.0,10000.0,0.25,0.0,-30000.0,0.0,0.0,24695.0,0.0,-40000.0,0.0,-40000.0,-1.0,40000.0,1.0,0.0,0.0,0.0,0.0,0.0,0.0,0.0,0.0,6770000.0,6770000.0,,,1620599755,18:35:55,20210509
75,2002-03-31,WDDD,USD,2002-03-31,2002-03-31,Q1,80000.0,20000.0,70000.0,0.875,0.0,0.0,0.0,0.0,1816.0,20000.0,-40000.0,0.0,-10000.0,-0.125,70000.0,0.875,0.0,30000.0,0.375,0.0,30000.0,0.375,0.00443,0.00443,6770000.0,6770000.0,,,1620599755,18:35:55,20210509
76,2001-12-31,WDDD,USD,2001-12-31,2001-12-31,Q4,40000.0,30000.0,10000.0,0.25,0.0,1270000.0,0.0,0.0,1308342.0,1300000.0,-120000.0,1190000.0,-70000.0,-1.75,-1260000.0,-31.5,40000.0,-1390000.0,-34.75,0.0,-1390000.0,-34.75,-0.18809,-0.18809,7390000.0,7390000.0,,,1620599755,18:35:55,20210509
77,2001-09-30,WDDD,USD,2001-09-30,2001-09-30,Q3,60000.0,0.0,60000.0,1.0,0.0,50000.0,0.0,0.0,51750.0,50000.0,0.0,0.0,-30000.0,-0.5,0.0,0.0,-40000.0,-30000.0,-0.5,0.0,-30000.0,-0.5,-0.00443,-0.00443,6770000.0,6770000.0,,,1620599755,18:35:55,20210509
78,2001-06-30,WDDD,USD,2001-06-30,2001-06-30,Q2,350000.0,30000.0,320000.0,0.9142857142857143,0.0,610000.0,0.0,0.0,605174.0,630000.0,0.0,0.0,-280000.0,-0.8,-280000.0,-0.8,0.0,-280000.0,-0.8,0.0,-280000.0,-0.8,-0.04136,-0.04136,6770000.0,6770000.0,,,1620599755,18:35:55,20210509
79,2001-03-31,WDDD,USD,2001-05-15,2001-05-15,Q1,1010000.0,190000.0,820000.0,0.8118811881188119,0.0,1410000.0,0.0,0.0,1408103.0,1600000.0,-780000.0,190000.0,-400000.0,-0.39603960396039606,-590000.0,-0.5841584158415841,-210000.0,-1580000.0,-1.5643564356435644,0.0,-1580000.0,-1.5643564356435644,-0.23338,-0.23338,6770000.0,6770000.0,https://www.sec.gov/Archives/edgar/data/1961/000109489101500141/0001094891-01-500141-index.htm,https://www.sec.gov/Archives/edgar/data/1961/000109489101500141/worlds_33101-10q.txt,1620599755,18:35:55,20210509
80,2000-12-31,WDDD,USD,2000-12-31,2000-12-31,Q4,490000.0,490000.0,0.0,0.0,0.0,2580000.0,0.0,0.0,2590000.0,3080000.0,-20000.0,500000.0,-2090000.0,-4.26530612244898,-2590000.0,-5.285714285714286,0.0,-2600000.0,-5.3061224489795915,0.0,-2600000.0,-5.3061224489795915,-0.67708,-0.67708,3840000.0,3840000.0,,,1620599755,18:35:55,20210509
81,2000-09-30,WDDD,USD,2000-09-30,2000-09-30,Q3,410000.0,130000.0,280000.0,0.6829268292682927,0.0,2030000.0,0.0,0.0,2032432.0,2160000.0,-30000.0,319999.99999999994,-1430000.0,-3.4878048780487805,-1750000.0,-4.2682926829268295,0.0,-1780000.0,-4.341463414634147,0.0,-1780000.0,-4.341463414634147,-0.46354,-0.46354,3840000.0,3840000.0,,,1620599755,18:35:55,20210509
82,2000-06-30,WDDD,USD,2000-06-30,2000-06-30,Q2,330000.0,140000.0,190000.0,0.5757575757575758,0.0,2730000.0,0.0,0.0,2727300.0,2870000.0,10000.0,330000.0,-2210000.0,-6.696969696969697,-2540000.0,-7.696969696969697,0.0,-2530000.0,-7.666666666666667,0.0,-2530000.0,-7.666666666666667,-0.6623,-0.6623,3820000.0,3820000.0,,,1620599755,18:35:55,20210509
83,2000-03-31,WDDD,USD,2000-03-31,2000-03-31,Q1,180000.0,70000.0,110000.0,0.6111111111111112,0.0,2090000.0,0.0,0.0,2090000.0000000002,2160000.0000000005,-30000.0,340000.0,-1640000.0,-9.11111111111111,-1980000.0,-11.0,0.0,-2010000.0,-11.166666666666666,0.0,-2010000.0,-11.166666666666666,-0.56461,-0.56461,3560000.0,3560000.0,,,1620599755,18:35:55,20210509
84,1999-12-31,WDDD,USD,1999-12-31,1999-12-31,Q4,270000.0,150000.0,120000.0,0.4444444444444444,0.0,1040000.0,0.0,0.0,1040000.0,1190000.0,-40000.0,120000.00000000001,-810000.0,-3.0,-930000.0,-3.4444444444444446,0.0,-960000.0,-3.5555555555555554,0.0,-960000.0,-3.5555555555555554,-0.27273,-0.27273,3520000.0,3520000.0,,,1620599755,18:35:55,20210509
85,1999-09-30,WDDD,USD,1999-09-30,1999-09-30,Q3,150000.0,100000.0,50000.0,0.3333333333333333,0.0,960000.0,0.0,0.0,960000.0000000001,1060000.0,-10000.0,50000.0,-860000.0,-5.733333333333333,-910000.0,-6.066666666666666,0.0,-920000.0,-6.133333333333334,0.0,-920000.0,-6.133333333333334,-0.28571,-0.28571,3220000.0,3220000.0,,,1620599755,18:35:55,20210509
86,1999-06-30,WDDD,USD,1999-06-30,1999-06-30,Q2,60000.0,50000.0,10000.0,0.16666666666666666,0.0,1280000.0,0.0,0.0,1280000.0,1330000.0,-30000.0,60000.0,-1210000.0,-20.166666666666668,-1270000.0,-21.166666666666668,0.0,-1290000.0,-21.5,0.0,-1290000.0,-21.5,-0.36034,-0.36034,3580000.0,3580000.0,,,1620599755,18:35:55,20210509
87,1999-03-31,WDDD,USD,1999-05-17 00:00:00,1999-05-17 00:00:00,Q1,40000.0,20000.0,10000.0,0.25,0.0,620000.0,0.0,0.0,620000.0,640000.0,-30000.0,50000.0,-550000.0,-13.75,-600000.0,-15.0,0.0,-630000.0,-15.75,0.0,-630000.0,-15.75,-0.17598,-0.17598,3580000.0,3580000.0,https://www.sec.gov/Archives/edgar/data/1961/000094679099000031/0000946790-99-000031-index.html,https://www.sec.gov/Archives/edgar/data/1961/0000946790-99-000031.txt,1620599755,18:35:55,20210509
88,1998-12-31,WDDD,USD,1998-12-31,1998-12-31,Q4,10000.0,0.0,10000.0,1.0,100000.0,660000.0,0.0,0.0,-40000.0,-40000.0,10000.0,-10000.00000000001,49999.99999999999,4.999999999999999,60000.0,6.0,0.0,60000.0,6.0,0.0,60000.0,6.0,0.01671,0.01671,3590000.0,3590000.0,,,1620599755,18:35:55,20210509
89,1998-09-30,WDDD,USD,1998-09-30,1998-09-30,Q3,0.0,0.0,0.0,0.0,350000.0,680000.0,0.0,0.0,1040000.0,1040000.0,0.0,50000.00000000002,-990000.0,0.0,-1040000.0,0.0,0.0,-1040000.0,0.0,0.0,-1020000.0,0.0,-0.28571,-0.28571,3570000.0,3570000.0,,,1620599755,18:35:55,20210509
90,1998-06-30,WDDD,USD,1998-06-30,1998-06-30,Q2,10000.0,20000.0,-10000.0,-1.0,300000.0,760000.0,0.0,0.0,1070000.0,1090000.0,0.0,39999.99999999999,-1030000.0,-103.0,-1070000.0,-107.0,0.0,-1070000.0,-107.0,0.0,-1070000.0,-107.0,-0.32036,-0.32036,3340000.0,3340000.0,,,1620599755,18:35:55,20210509
91,1998-03-31,WDDD,USD,1998-03-31,1998-03-31,Q1,0.0,0.0,0.0,0.0,230000.0,550000.0,0.0,0.0,780000.0,780000.0,10000.0,50000.0,-730000.0,0.0,-780000.0,0.0,0.0,-770000.0,0.0,0.0,-620000.0,0.0,-0.19195,-0.19195,3230000.0,3230000.0,,,1620599755,18:35:55,20210509
