,date,symbol,reportedCurrency,fillingDate,acceptedDate,period,revenue,costOfRevenue,grossProfit,grossProfitRatio,researchAndDevelopmentExpenses,generalAndAdministrativeExpenses,sellingAndMarketingExpenses,otherExpenses,operatingExpenses,costAndExpenses,interestExpense,depreciationAndAmortization,ebitda,ebitdaratio,operatingIncome,operatingIncomeRatio,totalOtherIncomeExpensesNet,incomeBeforeTax,incomeBeforeTaxRatio,incomeTaxExpense,netIncome,netIncomeRatio,eps,epsdiluted,weightedAverageShsOut,weightedAverageShsOutDil,link,finalLink,timestamp,est_time,est_date
0,2021-03-31,A1G.DE,USD,2021-03-31,2021-03-31,Q1,4008000000,6164000000.0,-2156000000.0,-0.5379241516966068,0.0,0.0,151000000.0,109000000.0,867000000.0,7031000000.0,371000000.0,0.0,-2910000000,-0.7260479041916168,-3023000000.0,-0.39246506986027946,1817000000.0,-1573000000.0,-0.39246506986027946,-323000000.0,-1250000000.0,-0.31187624750499005,-1.97,-1.97,634609000,634609000,https://www.bundesanzeiger.de/pub/de/suche;wwwsid=627BFD7A56A5CB624C47FDDEAB2FC509.web07-pub?0,https://www.bundesanzeiger.de/pub/de/suche;wwwsid=627BFD7A56A5CB624C47FDDEAB2FC509.web07-pub?0,1620585982,14:46:22,20210509
1,2020-12-31,A1G.DE,USD,2020-12-31,2020-12-31,Q4,4027000000,5883000000.0,-1856000000.0,-0.4608889992550286,0.0,0.0,94000000.0,77000000.0,659000000.0,6542000000.0,376000000.0,0.0,-2433000000,-0.6041718400794637,-2515000000.0,-0.6245343928482742,77000000.0,-2809000000.0,-0.6975415942388875,-631000000.0,-2178000000.0,-0.5408492674447479,-3.81,-3.81,571984000,571984000,,,1620585982,14:46:22,20210509
2,2020-09-30,A1G.DE,USD,2020-09-30,2020-09-30,Q3,3173000000,5610000000.0,-2437000000.0,-0.7680428616451308,0.0,0.0,70000000.0,111000000.0,729000000.0,6339000000.0,340000000.0,0.0,-3050000000,-0.961235423889064,-3166000000.0,-0.9977938859123857,406000000.0,-3095000000.0,-0.9754175858808698,-696000000.0,-2399000000.0,-0.7560668137409392,-4.71,-4.71,509049000,509049000,https://www.bundesanzeiger.de/pub/de/suche;wwwsid=627BFD7A56A5CB624C47FDDEAB2FC509.web07-pub?0,https://www.bundesanzeiger.de/pub/de/suche;wwwsid=627BFD7A56A5CB624C47FDDEAB2FC509.web07-pub?0,1620585982,14:46:22,20210509
3,2020-06-30,A1G.DE,USD,2020-06-30,2020-06-30,Q2,1622000000,4946000000.0,-3324000000.0,-2.049321824907522,0.0,0.0,43000000.0,71000000.0,588000000.0,5534000000.0,254000000.0,0.0,-3876000000,-2.3896424167694206,-3912000000.0,-2.4118372379778052,1542000000.0,-2659000000.0,-1.6393341553637484,-592000000.0,-2067000000.0,-1.2743526510480887,-4.82,-4.82,428807000,428807000,https://www.bundesanzeiger.de/pub/de/suche;wwwsid=627BFD7A56A5CB624C47FDDEAB2FC509.web07-pub?0,https://www.bundesanzeiger.de/pub/de/suche;wwwsid=627BFD7A56A5CB624C47FDDEAB2FC509.web07-pub?0,1620585982,14:46:22,20210509
4,2020-03-31,A1G.DE,USD,2020-03-31,2020-03-31,Q1,8515000000,8450000000.0,65000000.0,0.007633587786259542,0.0,0.0,305000000.0,-105000000.0,1715000000.0,10165000000.0,257000000.0,0.0,-1734000000,-0.20364063417498532,-1650000000.0,-0.19377568995889607,-1004000000.0,-2890000000.0,-0.33940105695830886,-649000000.0,-2241000000.0,-0.26318261890780975,-5.26,-5.26,425713000,425713000,https://www.bundesanzeiger.de/pub/de/suche;wwwsid=627BFD7A56A5CB624C47FDDEAB2FC509.web07-pub?0,https://www.bundesanzeiger.de/pub/de/suche;wwwsid=627BFD7A56A5CB624C47FDDEAB2FC509.web07-pub?0,1620585982,14:46:22,20210509
5,2019-12-31,A1G.DE,USD,2019-12-31,2019-12-31,Q4,11313000000,8800000000.0,2513000000.0,0.22213382833907894,0.0,0.0,408000000.0,83000000.0,1637000000.0,10437000000.0,265000000.0,0.0,983000000,0.08689118712985061,876000000.0,0.07743304163351895,-64000000.0,571000000.0,0.050472907274816584,157000000.0,414000000.0,0.03659506762132061,0.9526483162976497,0.950284511510149,434578000,435659000,https://www.bundesanzeiger.de/pub/de/suche;wwwsid=627BFD7A56A5CB624C47FDDEAB2FC509.web07-pub?0,https://www.bundesanzeiger.de/pub/de/suche;wwwsid=627BFD7A56A5CB624C47FDDEAB2FC509.web07-pub?0,1620585982,14:46:22,20210509
6,2019-09-30,A1G.DE,USD,2019-09-30,2019-09-30,Q3,11911000000,9115000000.0,2796000000.0,0.23474099571824364,0.0,0.0,424000000.0,-1000000.0,1761000000.0,10876000000.0,284000000.0,0.0,1068000000,0.0896650155318613,1035000000.0,0.08689446729913525,-228000000.0,557000000.0,0.046763495928133655,132000000.0,425000000.0,0.03568130299722945,0.9617234083477592,0.9606669062682951,441915000,442401000,https://www.bundesanzeiger.de/pub/de/suche;wwwsid=627BFD7A56A5CB624C47FDDEAB2FC509.web07-pub?0,https://www.bundesanzeiger.de/pub/de/suche;wwwsid=627BFD7A56A5CB624C47FDDEAB2FC509.web07-pub?0,1620585982,14:46:22,20210509
7,2019-06-30,A1G.DE,USD,2019-06-30,2019-06-30,Q2,11960000000,9014000000.0,2946000000.0,0.2463210702341137,0.0,0.0,401000000.0,-31000000.0,1672000000.0,10686000000.0,275000000.0,0.0,1278000000,0.1068561872909699,1274000000.0,0.10652173913043478,-152000000.0,882000000.0,0.07374581939799331,220000000.0,662000000.0,0.055351170568561876,1.487613705821019,1.4856806863755,445008000,445587000,https://www.bundesanzeiger.de/pub/de/suche;wwwsid=627BFD7A56A5CB624C47FDDEAB2FC509.web07-pub?0,https://www.bundesanzeiger.de/pub/de/suche;wwwsid=627BFD7A56A5CB624C47FDDEAB2FC509.web07-pub?0,1620585982,14:46:22,20210509
8,2019-03-31,A1G.DE,USD,2019-03-31,2019-03-31,Q1,10584000000,8450000000.0,2134000000.0,0.20162509448223734,0.0,0.0,370000000.0,108000000.0,1639000000.0,10089000000.0,271000000.0,0.0,636000000,0.060090702947845805,495000000.0,0.0467687074829932,-12000000.0,245000000.0,0.023148148148148147,60000000.0,185000000.0,0.017479213907785337,0.40933641036307034,0.40800213484360287,451951000,453429000,https://www.bundesanzeiger.de/pub/de/suche;wwwsid=627BFD7A56A5CB624C47FDDEAB2FC509.web07-pub?0,https://www.bundesanzeiger.de/pub/de/suche;wwwsid=627BFD7A56A5CB624C47FDDEAB2FC509.web07-pub?0,1620585982,14:46:22,20210509
9,2018-12-31,A1G.DE,USD,2018-12-31,2018-12-31,Q4,10938000000,8577000000.0,2361000000.0,0.2158529895776193,0.0,0.0,384000000.0,65000000.0,1585000000.0,10162000000.0,261000000.0,0.0,875000000,0.07999634302431889,776000000.0,0.07094532821356737,-163000000.0,386000000.0,0.0352898153227281,68000000.0,318000000.0,0.029072956664838178,0.71,0.7,460589000,461915000,https://www.bundesanzeiger.de/pub/de/suche;wwwsid=627BFD7A56A5CB624C47FDDEAB2FC509.web07-pub?0,https://www.bundesanzeiger.de/pub/de/suche;wwwsid=627BFD7A56A5CB624C47FDDEAB2FC509.web07-pub?0,1620585982,14:46:22,20210509
10,2018-09-30,A1G.DE,USD,2018-09-30,2018-09-30,Q3,11559000000,9004000000.0,2555000000.0,0.22103988234276323,0.0,0.0,395000000.0,43000000.0,1692000000.0,10696000000.0,265000000.0,0.0,935000000,0.08088935028981746,863000000.0,0.07466043775413098,-171000000.0,456000000.0,0.03944977939268103,115000000.0,341000000.0,0.029500821870404013,0.7404576505995318,0.7388837005722557,460526000,461507000,https://www.bundesanzeiger.de/pub/de/suche;wwwsid=627BFD7A56A5CB624C47FDDEAB2FC509.web07-pub?0,https://www.bundesanzeiger.de/pub/de/suche;wwwsid=627BFD7A56A5CB624C47FDDEAB2FC509.web07-pub?0,1620585982,14:46:22,20210509
11,2018-06-30,A1G.DE,USD,2018-06-30,2018-06-30,Q2,11643000000,8752000000.0,2891000000.0,0.24830370179507,0.0,0.0,385000000.0,-23000000.0,1746000000.0,10498000000.0,266000000.0,0.0,1152000000,0.0989435712445246,1145000000.0,0.0983423516275874,-140000000.0,769000000.0,0.06604826934638838,203000000.0,566000000.0,0.04861290045520914,1.221056537506499,1.218205063084082,463533000,464618000,https://www.bundesanzeiger.de/pub/de/suche;wwwsid=627BFD7A56A5CB624C47FDDEAB2FC509.web07-pub?0,https://www.bundesanzeiger.de/pub/de/suche;wwwsid=627BFD7A56A5CB624C47FDDEAB2FC509.web07-pub?0,1620585982,14:46:22,20210509
12,2018-03-31,A1G.DE,USD,2018-03-31,2018-03-31,Q1,10401000000,8158000000.0,2243000000.0,0.21565234112104606,0.0,0.0,356000000.0,82000000.0,1671000000.0,9829000000.0,265000000.0,0.0,679000000,0.06528218440534564,572000000.0,0.05499471204691857,-59000000.0,273000000.0,0.026247476204211133,87000000.0,186000000.0,0.017882895875396595,0.39381999038740456,0.3919106275205542,472297000,474598000,https://www.bundesanzeiger.de/pub/de/suche;wwwsid=627BFD7A56A5CB624C47FDDEAB2FC509.web07-pub?0,https://www.bundesanzeiger.de/pub/de/suche;wwwsid=627BFD7A56A5CB624C47FDDEAB2FC509.web07-pub?0,1620585982,14:46:22,20210509
13,2017-12-31,A1G.DE,USD,2017-12-31,2017-12-31,Q4,10601000000,8017000000.0,2584000000.0,0.24375058956702197,0.0,0.0,383000000.0,-23000000.0,1735000000.0,9752000000.0,266000000.0,0.0,850000000,0.08018111498915197,849000000.0,0.08008678426563531,-182000000.0,425000000.0,0.04009055749457598,167000000.0,258000000.0,0.024337326667295538,0.5406934708119833,0.5381929233888632,477165000,479382000,https://www.bundesanzeiger.de/pub/de/suche;wwwsid=627BFD7A56A5CB624C47FDDEAB2FC509.web07-pub?0,https://www.bundesanzeiger.de/pub/de/suche;wwwsid=627BFD7A56A5CB624C47FDDEAB2FC509.web07-pub?0,1620585982,14:46:22,20210509
14,2017-09-30,A1G.DE,USD,2017-09-30,2017-09-30,Q3,10878000000,7914000000.0,2964000000.0,0.27247655819084393,0.0,0.0,400000000.0,13000000.0,1620000000.0,9534000000.0,266000000.0,0.0,1382000000,0.12704541275969847,1344000000.0,0.12355212355212356,-99000000.0,1004000000.0,0.09229637801066372,380000000.0,624000000.0,0.057363485934914506,1.29,1.28,484772000,486625000,https://www.bundesanzeiger.de/pub/de/suche;wwwsid=627BFD7A56A5CB624C47FDDEAB2FC509.web07-pub?0,https://www.bundesanzeiger.de/pub/de/suche;wwwsid=627BFD7A56A5CB624C47FDDEAB2FC509.web07-pub?0,1620585982,14:46:22,20210509
15,2017-06-30,A1G.DE,USD,2017-06-30,2017-06-30,Q2,11105000000,7792000000.0,3313000000.0,0.29833408374606035,0.0,0.0,376000000.0,-5000000.0,1624000000.0,9416000000.0,263000000.0,0.0,1708000000,0.15380459252588924,1689000000.0,0.15209365150832957,-159000000.0,1291000000.0,0.11625393966681676,488000000.0,803000000.0,0.07230977037370553,1.64,1.63,490818000,492965000,https://www.bundesanzeiger.de/pub/de/suche;wwwsid=627BFD7A56A5CB624C47FDDEAB2FC509.web07-pub?0,https://www.bundesanzeiger.de/pub/de/suche;wwwsid=627BFD7A56A5CB624C47FDDEAB2FC509.web07-pub?0,1620585982,14:46:22,20210509
16,2017-03-31,A1G.DE,USD,2017-03-31,2017-03-31,Q1,9624000000,7432000000.0,2192000000.0,0.22776392352452202,0.0,0.0,318000000.0,0.0,1472000000.0,8904000000.0,257000000.0,0.0,741000000,0.07699501246882794,720000000.0,0.07481296758104738,-119000000.0,365000000.0,0.0379260182876143,131000000.0,234000000.0,0.024314214463840397,0.46437600962091835,0.4608140654631674,503902000,507797000,https://www.bundesanzeiger.de/pub/de/suche;wwwsid=627BFD7A56A5CB624C47FDDEAB2FC509.web07-pub?0,https://www.bundesanzeiger.de/pub/de/suche;wwwsid=627BFD7A56A5CB624C47FDDEAB2FC509.web07-pub?0,1620585982,14:46:22,20210509
17,2016-12-31,A1G.DE,USD,2016-12-31,2016-12-31,Q4,9789000000,7291000000.0,2498000000.0,0.255184390642558,0.0,0.0,333000000.0,-32000000.0,1472000000.0,8763000000.0,253000000.0,0.0,1012000000,0.10338134640923485,1026000000.0,0.10481152313821636,-291000000.0,500000000.0,0.05107774032076821,211000000.0,289000000.0,0.029522933905404024,0.5616328941973022,0.5575297381346482,514571000,518358000,https://www.bundesanzeiger.de/pub/de/suche;wwwsid=627BFD7A56A5CB624C47FDDEAB2FC509.web07-pub?0,https://www.bundesanzeiger.de/pub/de/suche;wwwsid=627BFD7A56A5CB624C47FDDEAB2FC509.web07-pub?0,1620585982,14:46:22,20210509
18,2016-09-30,A1G.DE,USD,2016-09-30,2016-09-30,Q3,10594000000,7345000000.0,3249000000.0,0.3066830281291297,0.0,0.0,347000000.0,-8000000.0,1529000000.0,8874000000.0,250000000.0,0.0,1728000000,0.16311119501604682,1720000000.0,0.16235605059467623,-297000000.0,1189000000.0,0.11223333962620351,452000000.0,737000000.0,0.06956767981876534,1.402700722286193,1.3944863862557,525415000,528510000,https://www.bundesanzeiger.de/pub/de/suche;wwwsid=627BFD7A56A5CB624C47FDDEAB2FC509.web07-pub?0,https://www.bundesanzeiger.de/pub/de/suche;wwwsid=627BFD7A56A5CB624C47FDDEAB2FC509.web07-pub?0,1620585982,14:46:22,20210509
19,2016-06-30,A1G.DE,USD,2016-06-30,2016-06-30,Q2,10363000000,7089000000.0,3274000000.0,0.31593168001543953,0.0,0.0,334000000.0,-25000000.0,1461000000.0,8550000000.0,249000000.0,0.0,1804000000,0.17408086461449387,1813000000.0,0.17494933899449966,-87000000.0,1493000000.0,0.14407024992762713,543000000.0,950000000.0,0.09167229566727782,1.69,1.68,563000000,566040000,https://www.bundesanzeiger.de/pub/de/suche;wwwsid=627BFD7A56A5CB624C47FDDEAB2FC509.web07-pub?0,https://www.bundesanzeiger.de/pub/de/suche;wwwsid=627BFD7A56A5CB624C47FDDEAB2FC509.web07-pub?0,1620585982,14:46:22,20210509
20,2016-03-31,A1G.DE,USD,2016-03-31,2016-03-31,Q1,9435000000,6615000000.0,2820000000.0,0.2988871224165342,0.0,0.0,308000000.0,8000000.0,1386000000.0,8001000000.0,239000000.0,0.0,1455000000,0.15421303656597773,1434000000.0,0.1519872813990461,-91000000.0,1117000000.0,0.11838897721250663,417000000.0,700000000.0,0.07419183889772125,1.15,1.14,606245000,611488000,https://www.bundesanzeiger.de/pub/de/suche;wwwsid=627BFD7A56A5CB624C47FDDEAB2FC509.web07-pub?0,https://www.bundesanzeiger.de/pub/de/suche;wwwsid=627BFD7A56A5CB624C47FDDEAB2FC509.web07-pub?0,1620585982,14:46:22,20210509
21,2015-12-31,A1G.DE,USD,2015-12-31,2015-12-31,Q4,9630000000,6682000000.0,2948000000.0,0.30612668743509863,0.0,0.0,343000000.0,-604000000.0,1439000000.0,8121000000.0,229000000.0,0.0,915000000,0.09501557632398754,1509000000.0,0.15669781931464175,-1045000000.0,245000000.0,0.02544132917964694,-3036000000.0,3281000000.0,0.3407061266874351,5.24,5.09,626559000,644140000,https://www.bundesanzeiger.de/pub/de/suche;wwwsid=627BFD7A56A5CB624C47FDDEAB2FC509.web07-pub?0,https://www.bundesanzeiger.de/pub/de/suche;wwwsid=627BFD7A56A5CB624C47FDDEAB2FC509.web07-pub?0,1620585982,14:46:22,20210509
22,2015-09-30,A1G.DE,USD,2015-09-30,2015-09-30,Q3,10706000000,7047000000.0,3659000000.0,0.34177096954978514,0.0,0.0,366000000.0,-81000000.0,1497000000.0,8544000000.0,219000000.0,0.0,2091000000,0.19531104053801607,2162000000.0,0.20194283579301325,-244000000.0,1709000000.0,0.1596301139547917,16000000.0,1693000000.0,0.15813562488324304,2.56,2.49,661869000,680739000,https://www.bundesanzeiger.de/pub/de/suche;wwwsid=627BFD7A56A5CB624C47FDDEAB2FC509.web07-pub?0,https://www.bundesanzeiger.de/pub/de/suche;wwwsid=627BFD7A56A5CB624C47FDDEAB2FC509.web07-pub?0,1620585982,14:46:22,20210509
23,2015-06-30,A1G.DE,USD,2015-06-30,2015-06-30,Q2,10827000000,7304000000.0,3523000000.0,0.32539022813337026,0.0,0.0,350000000.0,11000000.0,1458000000.0,8762000000.0,223000000.0,0.0,2086000000,0.19266648194328992,2065000000.0,0.19072688648748498,-133000000.0,1719000000.0,0.15876974231088944,15000000.0,1704000000.0,0.1573843169853145,2.47,2.41,688727000,707611000,https://www.bundesanzeiger.de/pub/de/suche;wwwsid=627BFD7A56A5CB624C47FDDEAB2FC509.web07-pub?0,https://www.bundesanzeiger.de/pub/de/suche;wwwsid=627BFD7A56A5CB624C47FDDEAB2FC509.web07-pub?0,1620585982,14:46:22,20210509
24,2015-03-31,A1G.DE,USD,2015-03-31,2015-03-31,Q1,9827000000,6934000000.0,2893000000.0,0.29439299888063497,0.0,0.0,336000000.0,-73000000.0,1374000000.0,8308000000.0,210000000.0,0.0,1456000000,0.1481632237712425,1519000000.0,0.15457413249211358,-376000000.0,943000000.0,0.09596010990129236,11000000.0,932000000.0,0.0948407448865371,1.34,1.3,696415000,716930000,https://www.bundesanzeiger.de/pub/de/suche;wwwsid=627BFD7A56A5CB624C47FDDEAB2FC509.web07-pub?0,https://www.bundesanzeiger.de/pub/de/suche;wwwsid=627BFD7A56A5CB624C47FDDEAB2FC509.web07-pub?0,1620585982,14:46:22,20210509
25,2014-12-31,A1G.DE,USD,2014-12-31,2014-12-31,Q4,10160000000,7509000000.0,2651000000.0,0.2609251968503937,0.0,0.0,348000000.0,-82000000.0,1326000000.0,8835000000.0,220000000.0,0.0,1252000000,0.12322834645669291,1325000000.0,0.13041338582677164,-547000000.0,567000000.0,0.055807086614173225,-30000000.0,597000000.0,0.05875984251968504,0.84,0.82,706185000,724767000,https://www.bundesanzeiger.de/pub/de/suche;wwwsid=627BFD7A56A5CB624C47FDDEAB2FC509.web07-pub?0,https://www.bundesanzeiger.de/pub/de/suche;wwwsid=627BFD7A56A5CB624C47FDDEAB2FC509.web07-pub?0,1620585982,14:46:22,20210509
26,2014-09-30,A1G.DE,USD,2014-09-30,2014-09-30,Q3,11139000000,8234000000.0,2905000000.0,0.26079540353712183,0.0,0.0,393000000.0,-108000000.0,1424000000.0,9658000000.0,210000000.0,0.0,1380000000,0.12388903851333154,1481000000.0,0.13295627973785798,-329000000.0,949000000.0,0.08519615764431278,7000000.0,942000000.0,0.08456773498518717,1.31,1.28,719067000,735196000,https://www.bundesanzeiger.de/pub/de/suche;wwwsid=627BFD7A56A5CB624C47FDDEAB2FC509.web07-pub?0,https://www.bundesanzeiger.de/pub/de/suche;wwwsid=627BFD7A56A5CB624C47FDDEAB2FC509.web07-pub?0,1620585982,14:46:22,20210509
27,2014-06-30,A1G.DE,USD,2014-06-30,2014-06-30,Q2,11355000000,8236000000.0,3119000000.0,0.27468075737560543,0.0,0.0,402000000.0,11000000.0,1469000000.0,9705000000.0,214000000.0,0.0,1669000000,0.14698370761778953,1650000000.0,0.1453104359313078,-240000000.0,1204000000.0,0.10603258476442096,340000000.0,864000000.0,0.07608982826948481,1.2,1.17,720600000,734767000,https://www.bundesanzeiger.de/pub/de/suche;wwwsid=627BFD7A56A5CB624C47FDDEAB2FC509.web07-pub?0,https://www.bundesanzeiger.de/pub/de/suche;wwwsid=627BFD7A56A5CB624C47FDDEAB2FC509.web07-pub?0,1620585982,14:46:22,20210509
28,2014-03-31,A1G.DE,USD,2014-03-31,2014-03-31,Q1,9995000000,7960000000.0,2035000000.0,0.2036018009004502,0.0,0.0,401000000.0,-1000000.0,1442000000.0,9402000000.0,243000000.0,0.0,599000000,0.05992996498249124,593000000.0,0.05932966483241621,136000000.0,493000000.0,0.04932466233116558,13000000.0,480000000.0,0.048024012006003,0.66,0.65,723971000,741335000,https://www.bundesanzeiger.de/pub/de/suche;wwwsid=627BFD7A56A5CB624C47FDDEAB2FC509.web07-pub?0,https://www.bundesanzeiger.de/pub/de/suche;wwwsid=627BFD7A56A5CB624C47FDDEAB2FC509.web07-pub?0,1620585982,14:46:22,20210509
29,2013-12-31,A1G.DE,USD,2013-12-31,2013-12-31,Q4,7368000000,5773000000.0,1595000000.0,0.21647665580890338,0.0,0.0,301000000.0,-18000000.0,931000000.0,6704000000.0,254000000.0,0.0,652000000,0.08849077090119435,664000000.0,0.09011943539630836,-2741000000.0,-2325000000.0,-0.31555374592833874,-324000000.0,-2001000000.0,-0.2715798045602606,-8.66,-8.66,231062000,231062000,https://www.bundesanzeiger.de/pub/de/suche;wwwsid=627BFD7A56A5CB624C47FDDEAB2FC509.web07-pub?0,https://www.bundesanzeiger.de/pub/de/suche;wwwsid=627BFD7A56A5CB624C47FDDEAB2FC509.web07-pub?0,1620585982,14:46:22,20210509
30,2013-09-30,A1G.DE,USD,2013-09-30,2013-09-30,Q3,6828000000,5039000000.0,1789000000.0,0.2620093731693029,0.0,0.0,0.0,-67000000.0,1076000000.0,6115000000.0,196000000.0,0.0,651000000,0.09534270650263621,713000000.0,0.10442296426479203,-233000000.0,289000000.0,0.04232571763327475,0.0,289000000.0,0.04232571763327475,2.302544,2.034806,125496000,144918000,https://www.bundesanzeiger.de/pub/de/suche;wwwsid=627BFD7A56A5CB624C47FDDEAB2FC509.web07-pub?0,https://www.bundesanzeiger.de/pub/de/suche;wwwsid=627BFD7A56A5CB624C47FDDEAB2FC509.web07-pub?0,1620585982,14:46:22,20210509
31,2013-06-30,A1G.DE,USD,2013-06-30,2013-06-30,Q2,6449000000,4883000000.0,1566000000.0,0.24282834547991936,0.0,0.0,0.0,6000000.0,1064000000.0,5947000000.0,156000000.0,0.0,513000000,0.0795472166227322,502000000.0,0.07784152581795627,-131000000.0,220000000.0,0.03411381609551869,0.0,220000000.0,0.03411381609551869,1.740295,1.579652,125122500,144918000,https://www.bundesanzeiger.de/pub/de/suche;wwwsid=627BFD7A56A5CB624C47FDDEAB2FC509.web07-pub?0,https://www.bundesanzeiger.de/pub/de/suche;wwwsid=627BFD7A56A5CB624C47FDDEAB2FC509.web07-pub?0,1620585982,14:46:22,20210509
32,2013-03-31,A1G.DE,USD,2013-03-31,2013-03-31,Q1,6098000000,4962000000.0,1136000000.0,0.1862905870777304,0.0,0.0,0.0,-9000000.0,1056000000.0,6018000000.0,250000000.0,0.0,75000000,0.01229911446375861,80000000.0,0.013119055428009183,-197000000.0,-363000000.0,-0.05952771400459167,-22000000.0,-341000000.0,-0.05591997376188915,-2.730924,-2.730924,125122500,125122500,https://www.bundesanzeiger.de/pub/de/suche;wwwsid=627BFD7A56A5CB624C47FDDEAB2FC509.web07-pub?0,https://www.bundesanzeiger.de/pub/de/suche;wwwsid=627BFD7A56A5CB624C47FDDEAB2FC509.web07-pub?0,1620585982,14:46:22,20210509
33,2012-12-31,A1G.DE,USD,2012-12-31,2012-12-31,Q4,5937000000,11417000000.0,-5480000000.0,-0.9230250968502611,0.0,0.0,0.0,270000000.0,-5541000000.0,5876000000.0,109000000.0,0.0,309000000,0.052046488125315815,61000000.0,0.010274549435741957,-264000000.0,-306000000.0,-0.05154118241536129,-569000000.0,263000000.0,0.044298467239346474,2.088353,1.84739,125122500,142677000,https://www.bundesanzeiger.de/pub/de/suche;wwwsid=627BFD7A56A5CB624C47FDDEAB2FC509.web07-pub?0,https://www.bundesanzeiger.de/pub/de/suche;wwwsid=627BFD7A56A5CB624C47FDDEAB2FC509.web07-pub?0,1620585982,14:46:22,20210509
34,2012-09-30,A1G.DE,USD,2012-09-30,2012-09-30,Q3,6429000000,2993000000.0,3436000000.0,0.5344532586716441,0.0,1922000000.0,277000000.0,0.0,3174000000.0,6167000000.0,161000000.0,0.0,525000000,0.081661222585161,262000000.0,0.040752838699642246,-346000000.0,-238000000.0,-0.03701975423860632,0.0,-238000000.0,-0.03701975423860632,-1.900937,-1.900937,125122500,125122500,https://www.bundesanzeiger.de/pub/de/suche;wwwsid=627BFD7A56A5CB624C47FDDEAB2FC509.web07-pub?0,https://www.bundesanzeiger.de/pub/de/suche;wwwsid=627BFD7A56A5CB624C47FDDEAB2FC509.web07-pub?0,1620585982,14:46:22,20210509
35,2012-06-30,A1G.DE,USD,2012-06-30,2012-06-30,Q2,6452000000,3029000000.0,3423000000.0,0.5305331680099195,0.0,1908000000.0,263000000.0,0.0,3175000000.0,6204000000.0,152000000.0,0.0,516000000,0.07997520148791072,248000000.0,0.038437693738375696,-344000000.0,-241000000.0,-0.03735275883446993,0.0,-241000000.0,-0.03735275883446993,-1.927711,-1.927711,125122500,125122500,https://www.bundesanzeiger.de/pub/de/suche;wwwsid=627BFD7A56A5CB624C47FDDEAB2FC509.web07-pub?0,https://www.bundesanzeiger.de/pub/de/suche;wwwsid=627BFD7A56A5CB624C47FDDEAB2FC509.web07-pub?0,1620585982,14:46:22,20210509
36,2012-03-31,A1G.DE,USD,2012-03-31,2012-03-31,Q1,6037000000,2979000000.0,3058000000.0,0.5065429849262879,0.0,1907000000.0,266000000.0,0.0,3136000000.0,6115000000.0,166000000.0,0.0,188000000,0.031141295345370218,-78000000.0,-0.012920324664568494,-1422000000.0,-1660000000.0,-0.27497101209209873,0.0,-1660000000.0,-0.27497101209209873,-13.253012,-13.253012,125122500,125122500,https://www.bundesanzeiger.de/pub/de/suche;wwwsid=627BFD7A56A5CB624C47FDDEAB2FC509.web07-pub?0,https://www.bundesanzeiger.de/pub/de/suche;wwwsid=627BFD7A56A5CB624C47FDDEAB2FC509.web07-pub?0,1620585982,14:46:22,20210509
37,2011-12-31,A1G.DE,USD,2011-12-31,2011-12-31,Q4,5956000000,2847000000.0,3109000000.0,0.5219946272666219,0.0,1919000000.0,253000000.0,0.0,3168000000.0,6015000000.0,188000000.0,0.0,218000000,0.036601746138347886,-59000000.0,-0.009905977165883144,-854000000.0,-1095000000.0,-0.18384822028206851,0.0,-1095000000.0,-0.18384822028206851,-2.15106993629297,-2.15106993629297,509049000,509049000,https://www.bundesanzeiger.de/pub/de/suche;wwwsid=627BFD7A56A5CB624C47FDDEAB2FC509.web07-pub?0,https://www.bundesanzeiger.de/pub/de/suche;wwwsid=627BFD7A56A5CB624C47FDDEAB2FC509.web07-pub?0,1620585982,14:46:22,20210509
38,2011-09-30,A1G.DE,USD,2011-09-30,2011-09-30,Q3,6376000000,3128000000.0,3248000000.0,0.5094102885821832,0.0,1913000000.0,285000000.0,0.0,3209000000.0,6337000000.0,200000000.0,0.0,318000000,0.04987452948557089,39000000.0,0.006116687578419071,-7000000.0,-162000000.0,-0.025407779171894605,0.0,-162000000.0,-0.025407779171894605,-1.285141,-1.285141,125122500,125122500,https://www.bundesanzeiger.de/pub/de/suche;wwwsid=627BFD7A56A5CB624C47FDDEAB2FC509.web07-pub?0,https://www.bundesanzeiger.de/pub/de/suche;wwwsid=627BFD7A56A5CB624C47FDDEAB2FC509.web07-pub?0,1620585982,14:46:22,20210509
39,2011-06-30,A1G.DE,USD,2011-06-30,2011-06-30,Q2,6114000000,3049000000.0,3065000000.0,0.5013084723585214,0.0,1897000000.0,268000000.0,0.0,3143000000.0,6192000000.0,205000000.0,0.0,195000000,0.03189401373895977,-78000000.0,-0.012757605495583905,-10000000.0,-286000000.0,-0.046777886817140985,0.0,-286000000.0,-0.046777886817140985,-2.27577,-2.27577,125122500,125122500,https://www.bundesanzeiger.de/pub/de/suche;wwwsid=627BFD7A56A5CB624C47FDDEAB2FC509.web07-pub?0,https://www.bundesanzeiger.de/pub/de/suche;wwwsid=627BFD7A56A5CB624C47FDDEAB2FC509.web07-pub?0,1620585982,14:46:22,20210509
40,2011-03-31,A1G.DE,USD,2011-03-31,2011-03-31,Q1,5533000000,2659000000.0,2874000000.0,0.5194288812579071,0.0,1843000000.0,256000000.0,0.0,3106000000.0,5765000000.0,193000000.0,0.0,51000000,0.009217422736309416,-232000000.0,-0.041930236761250676,-18000000.0,-436000000.0,-0.07879992770648835,0.0,-436000000.0,-0.07879992770648835,-3.507363,-3.507363,124375500,124375500,https://www.bundesanzeiger.de/pub/de/suche;wwwsid=627BFD7A56A5CB624C47FDDEAB2FC509.web07-pub?0,https://www.bundesanzeiger.de/pub/de/suche;wwwsid=627BFD7A56A5CB624C47FDDEAB2FC509.web07-pub?0,1620585982,14:46:22,20210509
41,2010-12-31,A1G.DE,USD,2010-12-31,2010-12-31,Q4,5586000000,1568000000.0,4018000000.0,0.7192982456140351,0.0,1698000000.0,238000000.0,0.0,2916000000.0,4484000000.0,226000000.0,0.0,391000000,0.06999641962047977,1102000000.0,0.19727891156462585,-13000000.0,-133000000.0,-0.023809523809523808,-35000000.0,-98000000.0,-0.017543859649122806,-0.1925158481796448,-0.1925158481796448,509049000,509049000,https://www.bundesanzeiger.de/pub/de/suche;wwwsid=627BFD7A56A5CB624C47FDDEAB2FC509.web07-pub?0,https://www.bundesanzeiger.de/pub/de/suche;wwwsid=627BFD7A56A5CB624C47FDDEAB2FC509.web07-pub?0,1620585982,14:46:22,20210509
42,2010-09-30,A1G.DE,USD,2010-09-30,2010-09-30,Q3,5842000000,1573000000.0,4269000000.0,0.7307428962684013,0.0,1732000000.0,256000000.0,0.0,2921000000.0,4494000000.0,197000000.0,0.0,624000000,0.10681273536460116,1348000000.0,0.23074289626840122,-10000000.0,143000000.0,0.024477918521054434,0.0,143000000.0,0.024477918521054434,1.151272,1.044177,124375500,145291500,https://www.bundesanzeiger.de/pub/de/suche;wwwsid=627BFD7A56A5CB624C47FDDEAB2FC509.web07-pub?0,https://www.bundesanzeiger.de/pub/de/suche;wwwsid=627BFD7A56A5CB624C47FDDEAB2FC509.web07-pub?0,1620585982,14:46:22,20210509
43,2010-06-30,A1G.DE,USD,2010-06-30,2010-06-30,Q2,5674000000,1619000000.0,4055000000.0,0.7146633768064857,0.0,1714000000.0,248000000.0,0.0,2865000000.0,4484000000.0,209000000.0,0.0,477000000,0.08406767712372225,1190000000.0,0.20972858653507226,-12000000.0,-11000000.0,-0.0019386676066267183,0.0,-11000000.0,-0.0019386676066267183,-0.080321,-0.080321,124375500,124375500,https://www.bundesanzeiger.de/pub/de/suche;wwwsid=627BFD7A56A5CB624C47FDDEAB2FC509.web07-pub?0,https://www.bundesanzeiger.de/pub/de/suche;wwwsid=627BFD7A56A5CB624C47FDDEAB2FC509.web07-pub?0,1620585982,14:46:22,20210509
44,2010-03-31,A1G.DE,USD,2010-03-31,2010-03-31,Q1,5068000000,1461000000.0,3607000000.0,0.7117205998421468,0.0,1703000000.0,234000000.0,0.0,2943000000.0,4404000000.0,199000000.0,0.0,-26000000,-0.005130228887134964,664000000.0,0.13101815311760062,-13000000.0,-505000000.0,-0.09964483030781374,0.0,-505000000.0,-0.09964483030781374,-4.069612,-4.069612,124375500,124375500,https://www.bundesanzeiger.de/pub/de/suche;wwwsid=627BFD7A56A5CB624C47FDDEAB2FC509.web07-pub?0,https://www.bundesanzeiger.de/pub/de/suche;wwwsid=627BFD7A56A5CB624C47FDDEAB2FC509.web07-pub?0,1620585982,14:46:22,20210509
45,2009-12-31,A1G.DE,USD,2009-12-31,2009-12-31,Q4,5062000000,1446000000.0,3616000000.0,0.7143421572500988,0.0,1720000000.0,207000000.0,0.0,2983000000.0,4429000000.0,167000000.0,0.0,-65000000,-0.012840774397471355,633000000.0,0.12504938759383644,-88000000.0,-598000000.0,-0.11813512445673646,-254000000.0,-344000000.0,-0.06795732911892532,-0.6757699160591613,-0.6757699160591613,509049000,509049000,https://www.bundesanzeiger.de/pub/de/suche;wwwsid=627BFD7A56A5CB624C47FDDEAB2FC509.web07-pub?0,https://www.bundesanzeiger.de/pub/de/suche;wwwsid=627BFD7A56A5CB624C47FDDEAB2FC509.web07-pub?0,1620585982,14:46:22,20210509
46,2009-09-30,A1G.DE,USD,2009-09-30,2009-09-30,Q3,5127000000,1440000000.0,3687000000.0,0.719133996489175,0.0,1701000000.0,222000000.0,0.0,2877000000.0,4317000000.0,182000000.0,0.0,160000000,0.031207333723425004,810000000.0,0.15798712697483908,-95000000.0,-389000000.0,-0.07587283011507705,-30000000.0,-359000000.0,-0.07002145504193485,-3.373494,-3.373494,106447500,106447500,https://www.bundesanzeiger.de/pub/de/suche;wwwsid=627BFD7A56A5CB624C47FDDEAB2FC509.web07-pub?0,https://www.bundesanzeiger.de/pub/de/suche;wwwsid=627BFD7A56A5CB624C47FDDEAB2FC509.web07-pub?0,1620585982,14:46:22,20210509
47,2009-06-30,A1G.DE,USD,2009-06-30,2009-06-30,Q2,4889000000,1307000000.0,3582000000.0,0.7326651667007568,0.0,1698000000.0,207000000.0,0.0,2857000000.0,4164000000.0,167000000.0,0.0,98000000,0.02004499897729597,725000000.0,0.14829208427081203,-39000000.0,-390000000.0,-0.07977091429740234,0.0,-390000000.0,-0.07977091429740234,-3.721553,-3.721553,104580000,104580000,https://www.bundesanzeiger.de/pub/de/suche;wwwsid=627BFD7A56A5CB624C47FDDEAB2FC509.web07-pub?0,https://www.bundesanzeiger.de/pub/de/suche;wwwsid=627BFD7A56A5CB624C47FDDEAB2FC509.web07-pub?0,1620585982,14:46:22,20210509
48,2009-03-31,A1G.DE,USD,2009-03-31,2009-03-31,Q1,4839000000,1269000000.0,3570000000.0,0.7377557346559206,0.0,1688000000.0,217000000.0,0.0,2855000000.0,4124000000.0,186000000.0,0.0,112000000,0.023145277949989666,715000000.0,0.14775780119859475,-29000000.0,-375000000.0,-0.07749535027898326,0.0,-375000000.0,-0.07749535027898326,-3.614458,-3.614458,104206500,104206500,https://www.bundesanzeiger.de/pub/de/suche;wwwsid=627BFD7A56A5CB624C47FDDEAB2FC509.web07-pub?0,https://www.bundesanzeiger.de/pub/de/suche;wwwsid=627BFD7A56A5CB624C47FDDEAB2FC509.web07-pub?0,1620585982,14:46:22,20210509
49,2008-12-31,A1G.DE,USD,2008-12-31,2008-12-31,Q4,5469000000,1803000000.0,3666000000.0,0.6703236423477784,0.0,1720000000.0,217000000.0,0.0,2974000000.0,4777000000.0,177000000.0,0.0,154000000,0.02815871274456025,692000000.0,0.12653135856646552,-32000000.0,-340000000.0,-0.06216858657889925,0.0,-340000000.0,-0.06216858657889925,-0.6679121263375432,-0.6679121263375432,509049000,509049000,https://www.bundesanzeiger.de/pub/de/suche;wwwsid=627BFD7A56A5CB624C47FDDEAB2FC509.web07-pub?0,https://www.bundesanzeiger.de/pub/de/suche;wwwsid=627BFD7A56A5CB624C47FDDEAB2FC509.web07-pub?0,1620585982,14:46:22,20210509
50,2008-09-30,A1G.DE,USD,2008-09-30,2008-09-30,Q3,6421000000,2695000000.0,3726000000.0,0.58028344494627,0.0,1633000000.0,264000000.0,0.0,2983000000.0,5678000000.0,180000000.0,0.0,137000000,0.021336240460987387,743000000.0,0.11571406323002648,377000000.0,45000000.0,0.0070082541660177545,0.0,45000000.0,0.0070082541660177545,0.4669842159335014,0.44955943175687824,96363000,100098000,https://www.bundesanzeiger.de/pub/de/suche;wwwsid=627BFD7A56A5CB624C47FDDEAB2FC509.web07-pub?0,https://www.bundesanzeiger.de/pub/de/suche;wwwsid=627BFD7A56A5CB624C47FDDEAB2FC509.web07-pub?0,1620585982,14:46:22,20210509
51,2008-06-30,A1G.DE,USD,2008-06-30,2008-06-30,Q2,6179000000,2436000000.0,3743000000.0,0.6057614500728273,0.0,1658000000.0,259000000.0,0.0,2983000000.0,5419000000.0,185000000.0,0.0,254000000,0.04110697523871176,760000000.0,0.12299724874575174,-1193000000.0,-1448000000.0,-0.23434212655769543,0.0,-1448000000.0,-0.23434212655769543,-15.448461,-15.448461,93748500,93748500,https://www.bundesanzeiger.de/pub/de/suche;wwwsid=627BFD7A56A5CB624C47FDDEAB2FC509.web07-pub?0,https://www.bundesanzeiger.de/pub/de/suche;wwwsid=627BFD7A56A5CB624C47FDDEAB2FC509.web07-pub?0,1620585982,14:46:22,20210509
52,2008-03-31,A1G.DE,USD,2008-03-31,2008-03-31,Q1,5697000000,2044000000.0,3653000000.0,0.6412146743900299,0.0,1644000000.0,257000000.0,0.0,2944000000.0,4988000000.0,194000000.0,0.0,180000000,0.0315955766192733,709000000.0,0.12445146568369317,-5000000.0,-328000000.0,-0.05757416183956468,0.0,-328000000.0,-0.05757416183956468,-3.534137,-3.534137,93001500,93001500,https://www.bundesanzeiger.de/pub/de/suche;wwwsid=627BFD7A56A5CB624C47FDDEAB2FC509.web07-pub?0,https://www.bundesanzeiger.de/pub/de/suche;wwwsid=627BFD7A56A5CB624C47FDDEAB2FC509.web07-pub?0,1620585982,14:46:22,20210509
53,2007-12-31,A1G.DE,USD,2007-12-31,2007-12-31,Q4,5683000000,-4521000000.0,10204000000.0,1.7955305296498327,0.0,-485000000.0,1815000000.0,0.0,-5799000000.0,-10320000000.0,0.0,0.0,14701000000,2.5868379377089568,16003000000.0,2.815942284004927,111000000.0,-69000000.0,-0.012141474573288756,0.0,-69000000.0,-0.012141474573288756,-0.13554687269791316,-0.13554687269791316,509049000,509049000,https://www.bundesanzeiger.de/pub/de/suche;wwwsid=627BFD7A56A5CB624C47FDDEAB2FC509.web07-pub?0,https://www.bundesanzeiger.de/pub/de/suche;wwwsid=627BFD7A56A5CB624C47FDDEAB2FC509.web07-pub?0,1620585982,14:46:22,20210509
54,2007-09-30,A1G.DE,USD,2007-09-30,2007-09-30,Q3,5946000000,3805000000.0,2141000000.0,0.36007399932727885,0.0,2467000000.0,-270000000.0,0.0,6103000000.0,9908000000.0,0.0,307000000.0,-3655000000,-0.6146989572822065,-3962000000.0,-0.6663303060881265,-7000000.0,175000000.0,0.029431550622267072,0.0,175000000.0,0.029431550622267072,1.874163,1.633199,93375000,107151639,https://www.bundesanzeiger.de/pub/de/suche;wwwsid=627BFD7A56A5CB624C47FDDEAB2FC509.web07-pub?0,https://www.bundesanzeiger.de/pub/de/suche;wwwsid=627BFD7A56A5CB624C47FDDEAB2FC509.web07-pub?0,1620585982,14:46:22,20210509
55,2007-06-30,A1G.DE,USD,2007-06-30,2007-06-30,Q2,5879000000,3659000000.0,2220000000.0,0.3776152406871917,0.0,2388000000.0,-268000000.0,0.0,5877000000.0,9536000000.0,0.0,295000000.0,-3362000000,-0.5718659635992516,-3657000000.0,-0.6220445654022793,-5000000.0,317000000.0,0.053920734818846745,0.0,317000000.0,0.053920734818846745,3.427041,2.891566,92499609,109629167,https://www.bundesanzeiger.de/pub/de/suche;wwwsid=627BFD7A56A5CB624C47FDDEAB2FC509.web07-pub?0,https://www.bundesanzeiger.de/pub/de/suche;wwwsid=627BFD7A56A5CB624C47FDDEAB2FC509.web07-pub?0,1620585982,14:46:22,20210509
56,2007-03-31,A1G.DE,USD,2007-03-31,2007-03-31,Q1,5427000000,3449000000.0,1978000000.0,0.3644739266629814,0.0,2400000000.0,-249000000.0,0.0,5659000000.0,9108000000.0,0.0,290000000.0,-3391000000,-0.6248387691173761,-3681000000.0,-0.6782752902155887,-3000000.0,81000000.0,0.014925373134328358,0.0,81000000.0,0.014925373134328358,0.937082,0.803213,86438571,100845000,https://www.bundesanzeiger.de/pub/de/suche;wwwsid=627BFD7A56A5CB624C47FDDEAB2FC509.web07-pub?0,https://www.bundesanzeiger.de/pub/de/suche;wwwsid=627BFD7A56A5CB624C47FDDEAB2FC509.web07-pub?0,1620585982,14:46:22,20210509
57,2006-12-31,A1G.DE,USD,2006-12-31,2006-12-31,Q4,5397000000,3449000000.0,1948000000.0,0.36094126366499907,0.0,2420000000.0,-237000000.0,0.0,5685000000.0,9134000000.0,0.0,289000000.0,-3448000000,-0.6388734482119696,-3737000000.0,-0.6924217157680193,4000000.0,17000000.0,0.003149898091532333,0.0,17000000.0,0.003149898091532333,0.03339560631687716,0.03339560631687716,509049000,509049000,https://www.bundesanzeiger.de/pub/de/suche;wwwsid=627BFD7A56A5CB624C47FDDEAB2FC509.web07-pub?0,https://www.bundesanzeiger.de/pub/de/suche;wwwsid=627BFD7A56A5CB624C47FDDEAB2FC509.web07-pub?0,1620585982,14:46:22,20210509
58,2006-09-30,A1G.DE,USD,2006-09-30,2006-09-30,Q3,5847000000,3766000000.0,2081000000.0,0.3559090131691466,0.0,2449000000.0,-284000000.0,0.0,6034000000.0,9800000000.0,0.0,290000000.0,-3663000000,-0.6264751154438173,-3953000000.0,-0.6760731999315889,-90000000.0,15000000.0,0.002565418163160595,0.0,15000000.0,0.002565418163160595,0.187416,0.160643,80035714,93375000,https://www.bundesanzeiger.de/pub/de/suche;wwwsid=627BFD7A56A5CB624C47FDDEAB2FC509.web07-pub?0,https://www.bundesanzeiger.de/pub/de/suche;wwwsid=627BFD7A56A5CB624C47FDDEAB2FC509.web07-pub?0,1620585982,14:46:22,20210509
59,2006-06-30,A1G.DE,USD,2006-06-30,2006-06-30,Q2,5975000000,3725000000.0,2250000000.0,0.37656903765690375,0.0,2449000000.0,-286000000.0,0.0,5982000000.0,9707000000.0,0.0,291000000.0,-3441000000,-0.5758995815899581,-3732000000.0,-0.6246025104602511,7000000.0,291000000.0,0.048702928870292886,0.0,291000000.0,0.048702928870292886,3.855422,3.052209,75478125,95340789,https://www.bundesanzeiger.de/pub/de/suche;wwwsid=627BFD7A56A5CB624C47FDDEAB2FC509.web07-pub?0,https://www.bundesanzeiger.de/pub/de/suche;wwwsid=627BFD7A56A5CB624C47FDDEAB2FC509.web07-pub?0,1620585982,14:46:22,20210509
60,2006-03-31,A1G.DE,USD,2006-03-31,2006-03-31,Q1,5344000000,3406000000.0,1938000000.0,0.3626497005988024,0.0,2460000000.0,-269000000.0,0.0,5691000000.0,9097000000.0,0.0,287000000.0,-3466000000,-0.6485778443113772,-3753000000.0,-0.7022829341317365,1000000.0,-92000000.0,-0.01721556886227545,0.0,-92000000.0,-0.01721556886227545,-1.311914,-1.311914,70126531,70126531,https://www.bundesanzeiger.de/pub/de/suche;wwwsid=627BFD7A56A5CB624C47FDDEAB2FC509.web07-pub?0,https://www.bundesanzeiger.de/pub/de/suche;wwwsid=627BFD7A56A5CB624C47FDDEAB2FC509.web07-pub?0,1620585982,14:46:22,20210509
61,2005-12-31,A1G.DE,USD,2005-12-31,2005-12-31,Q4,5168000000,3670000000.0,1498000000.0,0.2898606811145511,0.0,2494000000.0,-264000000.0,0.0,6006000000.0,9676000000.0,0.0,296000000.0,-4212000000,-0.815015479876161,-4508000000.0,-0.8722910216718266,-5000000.0,-604000000.0,-0.11687306501547988,0.0,-604000000.0,-0.11687306501547988,-1.1865262479643413,-1.1865262479643413,509049000,509049000,https://www.bundesanzeiger.de/pub/de/suche;wwwsid=627BFD7A56A5CB624C47FDDEAB2FC509.web07-pub?0,https://www.bundesanzeiger.de/pub/de/suche;wwwsid=627BFD7A56A5CB624C47FDDEAB2FC509.web07-pub?0,1620585982,14:46:22,20210509
62,2005-09-30,A1G.DE,USD,2005-09-30,2005-09-30,Q3,5485000000,3683000000.0,1802000000.0,0.32853236098450317,0.0,2441000000.0,-292000000.0,0.0,5931000000.0,9614000000.0,0.0,292000000.0,-3837000000,-0.6995442114858705,-4129000000.0,-0.7527803099361896,8000000.0,-153000000.0,-0.02789425706472197,0.0,-153000000.0,-0.02789425706472197,-2.48996,-2.48996,61446774,61446774,https://www.bundesanzeiger.de/pub/de/suche;wwwsid=627BFD7A56A5CB624C47FDDEAB2FC509.web07-pub?0,https://www.bundesanzeiger.de/pub/de/suche;wwwsid=627BFD7A56A5CB624C47FDDEAB2FC509.web07-pub?0,1620585982,14:46:22,20210509
63,2005-06-30,A1G.DE,USD,2005-06-30,2005-06-30,Q2,5309000000,3303000000.0,2006000000.0,0.3778489357694481,0.0,2423000000.0,-286000000.0,0.0,5546000000.0,8849000000.0,0.0,286000000.0,-3254000000,-0.6129214541344886,-3540000000.0,-0.6667922395931437,23000000.0,58000000.0,0.010924844603503485,0.0,58000000.0,0.010924844603503485,0.937082,0.803213,61894286,72210000,https://www.bundesanzeiger.de/pub/de/suche;wwwsid=627BFD7A56A5CB624C47FDDEAB2FC509.web07-pub?0,https://www.bundesanzeiger.de/pub/de/suche;wwwsid=627BFD7A56A5CB624C47FDDEAB2FC509.web07-pub?0,1620585982,14:46:22,20210509
64,2005-03-31,A1G.DE,USD,2005-03-31,2005-03-31,Q1,4750000000,2970000000.0,1780000000.0,0.37473684210526315,0.0,2363000000.0,-271000000.0,0.0,5175000000.0,8145000000.0,0.0,290000000.0,-3105000000,-0.6536842105263158,-3395000000.0,-0.7147368421052631,14000000.0,-162000000.0,-0.034105263157894736,0.0,-162000000.0,-0.034105263157894736,-2.677376,-2.677376,60507000,60507000,https://www.bundesanzeiger.de/pub/de/suche;wwwsid=627BFD7A56A5CB624C47FDDEAB2FC509.web07-pub?0,https://www.bundesanzeiger.de/pub/de/suche;wwwsid=627BFD7A56A5CB624C47FDDEAB2FC509.web07-pub?0,1620585982,14:46:22,20210509
65,2004-12-31,A1G.DE,USD,2004-12-31,2004-12-31,Q4,4541000000,3020000000.0,1521000000.0,0.3349482492842986,0.0,2361000000.0,-244000000.0,0.0,5273000000.0,8293000000.0,0.0,329000000.0,-3423000000,-0.7537987227482933,-3752000000.0,-0.8262497247302356,112000000.0,-387000000.0,-0.08522351904866769,0.0,-387000000.0,-0.08522351904866769,-0.7602411555665565,-0.7602411555665565,509049000,509049000,https://www.bundesanzeiger.de/pub/de/suche;wwwsid=627BFD7A56A5CB624C47FDDEAB2FC509.web07-pub?0,https://www.bundesanzeiger.de/pub/de/suche;wwwsid=627BFD7A56A5CB624C47FDDEAB2FC509.web07-pub?0,1620585982,14:46:22,20210509
66,2004-09-30,A1G.DE,USD,2004-09-30,2004-09-30,Q3,4762000000,2953000000.0,1809000000.0,0.379882402351953,0.0,2431000000.0,-288000000.0,0.0,5254000000.0,8207000000.0,0.0,317000000.0,-3128000000,-0.6568668626627467,-3445000000.0,-0.7234355312893742,31000000.0,-214000000.0,-0.04493910121797564,0.0,-214000000.0,-0.04493910121797564,-3.56091,-3.56091,60096992,60096992,https://www.bundesanzeiger.de/pub/de/suche;wwwsid=627BFD7A56A5CB624C47FDDEAB2FC509.web07-pub?0,https://www.bundesanzeiger.de/pub/de/suche;wwwsid=627BFD7A56A5CB624C47FDDEAB2FC509.web07-pub?0,1620585982,14:46:22,20210509
67,2004-06-30,A1G.DE,USD,2004-06-30,2004-06-30,Q2,4830000000,2809000000.0,2021000000.0,0.4184265010351967,0.0,2444000000.0,-287000000.0,0.0,5119000000.0,7928000000.0,0.0,320000000.0,-2778000000,-0.5751552795031056,-3098000000.0,-0.641407867494824,44000000.0,6000000.0,0.0012422360248447205,0.0,6000000.0,0.0012422360248447205,0.107095,0.080321,56025000,74700000,https://www.bundesanzeiger.de/pub/de/suche;wwwsid=627BFD7A56A5CB624C47FDDEAB2FC509.web07-pub?0,https://www.bundesanzeiger.de/pub/de/suche;wwwsid=627BFD7A56A5CB624C47FDDEAB2FC509.web07-pub?0,1620585982,14:46:22,20210509
68,2004-03-31,A1G.DE,USD,2004-03-31,2004-03-31,Q1,4512000000,2674000000.0,1838000000.0,0.4073581560283688,0.0,2386000000.0,-288000000.0,0.0,4928000000.0,7602000000.0,0.0,326000000.0,-2764000000,-0.6125886524822695,-3090000000.0,-0.6848404255319149,-10000000.0,-166000000.0,-0.03679078014184397,0.0,-166000000.0,-0.03679078014184397,-2.757697,-2.757697,60195146,60195146,https://www.bundesanzeiger.de/pub/de/suche;wwwsid=627BFD7A56A5CB624C47FDDEAB2FC509.web07-pub?0,https://www.bundesanzeiger.de/pub/de/suche;wwwsid=627BFD7A56A5CB624C47FDDEAB2FC509.web07-pub?0,1620585982,14:46:22,20210509
69,2003-12-31,A1G.DE,USD,2003-12-31,2003-12-31,Q4,4391000000,2504000000.0,1887000000.0,0.4297426554315646,0.0,2308000000.0,-267000000.0,0.0,4725000000.0,7229000000.0,0.0,350000000.0,-2488000000,-0.5666135276702345,-2838000000.0,-0.6463220223183785,-185000000.0,-191000000.0,-0.04349806422227283,-80000000.0,-111000000.0,-0.025278979731268504,-0.2180536647749038,-0.2180536647749038,509049000,509049000,https://www.bundesanzeiger.de/pub/de/suche;wwwsid=627BFD7A56A5CB624C47FDDEAB2FC509.web07-pub?0,https://www.bundesanzeiger.de/pub/de/suche;wwwsid=627BFD7A56A5CB624C47FDDEAB2FC509.web07-pub?0,1620585982,14:46:22,20210509
70,2003-09-30,A1G.DE,USD,2003-09-30,2003-09-30,Q3,4605000000,2612000000.0,1993000000.0,0.43279044516829535,0.0,2441000000.0,-281000000.0,0.0,4931000000.0,7543000000.0,0.0,345000000.0,-2593000000,-0.5630836047774158,-2938000000.0,-0.6380021715526601,38000000.0,1000000.0,0.00021715526601520088,0.0,1000000.0,0.00021715526601520088,0.016802,0.016802,58730380,58730380,https://www.bundesanzeiger.de/pub/de/suche;wwwsid=627BFD7A56A5CB624C47FDDEAB2FC509.web07-pub?0,https://www.bundesanzeiger.de/pub/de/suche;wwwsid=627BFD7A56A5CB624C47FDDEAB2FC509.web07-pub?0,1620585982,14:46:22,20210509
71,2003-06-30,A1G.DE,USD,2003-06-30,2003-06-30,Q2,4324000000,2521000000.0,1803000000.0,0.4169750231267345,0.0,2604000000.0,-260000000.0,0.0,4994000000.0,7515000000.0,0.0,344000000.0,-2847000000,-0.6584181313598519,-3191000000.0,-0.7379740980573543,302000000.0,-75000000.0,-0.01734505087881591,0.0,-75000000.0,-0.01734505087881591,-1.258367,-1.258367,59601064,59601064,https://www.bundesanzeiger.de/pub/de/suche;wwwsid=627BFD7A56A5CB624C47FDDEAB2FC509.web07-pub?0,https://www.bundesanzeiger.de/pub/de/suche;wwwsid=627BFD7A56A5CB624C47FDDEAB2FC509.web07-pub?0,1620585982,14:46:22,20210509
72,2003-03-31,A1G.DE,USD,2003-03-31,2003-03-31,Q1,4120000000,2754000000.0,1366000000.0,0.3315533980582524,0.0,2859000000.0,-255000000.0,0.0,5470000000.0,8224000000.0,0.0,338000000.0,-3766000000,-0.9140776699029126,-4104000000.0,-0.996116504854369,5000000.0,-1043000000.0,-0.2531553398058252,0.0,-1043000000.0,-0.2531553398058252,-17.884873,-17.884873,58317440,58317440,https://www.bundesanzeiger.de/pub/de/suche;wwwsid=627BFD7A56A5CB624C47FDDEAB2FC509.web07-pub?0,https://www.bundesanzeiger.de/pub/de/suche;wwwsid=627BFD7A56A5CB624C47FDDEAB2FC509.web07-pub?0,1620585982,14:46:22,20210509
73,2002-12-31,A1G.DE,USD,2002-12-31,2002-12-31,Q4,4190000000,2235000000.0,1955000000.0,0.4665871121718377,0.0,2824000000.0,-702000000.0,0.0,5347000000.0,7582000000.0,0.0,347000000.0,-3045000000,-0.7267303102625299,-3392000000.0,-0.809546539379475,16000000.0,-828000000.0,-0.19761336515513125,-299000000.0,-529000000.0,-0.12625298329355608,-1.039192690684001,-1.039192690684001,509049000,509049000,https://www.bundesanzeiger.de/pub/de/suche;wwwsid=627BFD7A56A5CB624C47FDDEAB2FC509.web07-pub?0,https://www.bundesanzeiger.de/pub/de/suche;wwwsid=627BFD7A56A5CB624C47FDDEAB2FC509.web07-pub?0,1620585982,14:46:22,20210509
74,2002-09-30,A1G.DE,USD,2002-09-30,2002-09-30,Q3,4494000000,3062000000.0,1432000000.0,0.3186470850022252,0.0,2858000000.0,-107000000.0,0.0,5630000000.0,8692000000.0,0.0,340000000.0,-3858000000,-0.8584779706275033,-4198000000.0,-0.9341344014241211,-683000000.0,-1449000000.0,-0.32242990654205606,-525000000.0,-924000000.0,-0.205607476635514,-15.876841,-15.876841,58197976,58197976,https://www.bundesanzeiger.de/pub/de/suche;wwwsid=627BFD7A56A5CB624C47FDDEAB2FC509.web07-pub?0,https://www.bundesanzeiger.de/pub/de/suche;wwwsid=627BFD7A56A5CB624C47FDDEAB2FC509.web07-pub?0,1620585982,14:46:22,20210509
75,2002-06-30,A1G.DE,USD,2002-06-30,2002-06-30,Q2,4479000000,2981000000.0,1498000000.0,0.33444965394061177,0.0,2956000000.0,-155000000.0,0.0,5600000000.0,8581000000.0,0.0,338000000.0,-3764000000,-0.8403661531591873,-4102000000.0,-0.9158294262112079,27000000.0,-720000000.0,-0.1607501674480911,-225000000.0,-495000000.0,-0.11051574012056263,-8.54083,-8.54083,57956897,57956897,https://www.bundesanzeiger.de/pub/de/suche;wwwsid=627BFD7A56A5CB624C47FDDEAB2FC509.web07-pub?0,https://www.bundesanzeiger.de/pub/de/suche;wwwsid=627BFD7A56A5CB624C47FDDEAB2FC509.web07-pub?0,1620585982,14:46:22,20210509
76,2002-03-31,A1G.DE,USD,2002-03-31,2002-03-31,Q1,4136000000,2798000000.0,1338000000.0,0.32350096711798837,0.0,2917000000.0,-161000000.0,0.0,5380000000.0,8178000000.0,0.0,341000000.0,-3701000000,-0.894825918762089,-4042000000.0,-0.9772727272727273,14000000.0,-863000000.0,-0.20865570599613154,-288000000.0,-575000000.0,-0.13902321083172148,-9.933066,-9.933066,57887466,57887466,https://www.bundesanzeiger.de/pub/de/suche;wwwsid=627BFD7A56A5CB624C47FDDEAB2FC509.web07-pub?0,https://www.bundesanzeiger.de/pub/de/suche;wwwsid=627BFD7A56A5CB624C47FDDEAB2FC509.web07-pub?0,1620585982,14:46:22,20210509
77,2001-12-31,A1G.DE,USD,2001-12-31,2001-12-31,Q4,3804000000,2830000000.0,974000000.0,0.25604626708727657,0.0,2837000000.0,-144000000.0,0.0,5372000000.0,8202000000.0,0.0,371000000.0,-4027000000,-1.0586225026288119,-4398000000.0,-1.1561514195583595,-89000000.0,-1270000000.0,-0.33385909568874866,-472000000.0,-798000000.0,-0.20977917981072555,-1.5676290494628218,-1.5676290494628218,509049000,509049000,https://www.bundesanzeiger.de/pub/de/suche;wwwsid=627BFD7A56A5CB624C47FDDEAB2FC509.web07-pub?0,https://www.bundesanzeiger.de/pub/de/suche;wwwsid=627BFD7A56A5CB624C47FDDEAB2FC509.web07-pub?0,1620585982,14:46:22,20210509
78,2001-09-30,A1G.DE,USD,2001-09-30,2001-09-30,Q3,4816000000,3396000000.0,1420000000.0,0.29485049833887045,0.0,3100000000.0,-207000000.0,0.0,6104000000.0,9500000000.0,0.0,368000000.0,-4316000000,-0.8961794019933554,-4684000000.0,-0.9725913621262459,205000000.0,-636000000.0,-0.13205980066445183,-222000000.0,-414000000.0,-0.08596345514950166,-7.175368,-7.175368,57519000,57519000,https://www.bundesanzeiger.de/pub/de/suche;wwwsid=627BFD7A56A5CB624C47FDDEAB2FC509.web07-pub?0,https://www.bundesanzeiger.de/pub/de/suche;wwwsid=627BFD7A56A5CB624C47FDDEAB2FC509.web07-pub?0,1620585982,14:46:22,20210509
79,2001-06-30,A1G.DE,USD,2001-06-30,2001-06-30,Q2,5583000000,3466000000.0,2117000000.0,0.37918681712341035,0.0,3192000000.0,-260000000.0,0.0,6204000000.0,9670000000.0,0.0,352000000.0,-3735000000,-0.6689951638903815,-4087000000.0,-0.7320437041017375,-610000000.0,-793000000.0,-0.14203833064660576,-286000000.0,-507000000.0,-0.09081139172487909,-8.808568,-8.808568,57519000,57519000,https://www.bundesanzeiger.de/pub/de/suche;wwwsid=627BFD7A56A5CB624C47FDDEAB2FC509.web07-pub?0,https://www.bundesanzeiger.de/pub/de/suche;wwwsid=627BFD7A56A5CB624C47FDDEAB2FC509.web07-pub?0,1620585982,14:46:22,20210509
80,2001-03-31,A1G.DE,USD,2001-03-31,2001-03-31,Q1,4760000000,2865000000.0,1895000000.0,0.39810924369747897,0.0,2599000000.0,-224000000.0,0.0,5127000000.0,7992000000.0,0.0,313000000.0,-2919000000,-0.6132352941176471,-3232000000.0,-0.6789915966386555,-16000000.0,-57000000.0,-0.011974789915966387,-14000000.0,-43000000.0,-0.009033613445378152,-0.749665,-0.749665,57519000,57519000,https://www.bundesanzeiger.de/pub/de/suche;wwwsid=627BFD7A56A5CB624C47FDDEAB2FC509.web07-pub?0,https://www.bundesanzeiger.de/pub/de/suche;wwwsid=627BFD7A56A5CB624C47FDDEAB2FC509.web07-pub?0,1620585982,14:46:22,20210509
81,2000-12-31,A1G.DE,USD,2000-12-31,2000-12-31,Q4,4859000000,2862000000.0,1997000000.0,0.410989915620498,0.0,2661000000.0,-241000000.0,0.0,5187000000.0,8049000000.0,0.0,313000000.0,-2877000000,-0.59209713932908,-3190000000.0,-0.6565136859436098,71000000.0,83000000.0,0.017081704054332167,36000000.0,47000000.0,0.009672772175344721,0.09232902922901332,0.09232902922901332,509049000,509049000,https://www.bundesanzeiger.de/pub/de/suche;wwwsid=627BFD7A56A5CB624C47FDDEAB2FC509.web07-pub?0,https://www.bundesanzeiger.de/pub/de/suche;wwwsid=627BFD7A56A5CB624C47FDDEAB2FC509.web07-pub?0,1620585982,14:46:22,20210509
82,2000-09-30,A1G.DE,USD,2000-09-30,2000-09-30,Q3,5256000000,2791000000.0,2465000000.0,0.4689878234398782,0.0,2654000000.0,-266000000.0,0.0,5085000000.0,7876000000.0,0.0,307000000.0,-2313000000,-0.4400684931506849,-2620000000.0,-0.4984779299847793,30000000.0,525000000.0,0.09988584474885845,203000000.0,313000000.0,0.05955098934550989,5.568942,5.113788,56025000,61254000,https://www.bundesanzeiger.de/pub/de/suche;wwwsid=627BFD7A56A5CB624C47FDDEAB2FC509.web07-pub?0,https://www.bundesanzeiger.de/pub/de/suche;wwwsid=627BFD7A56A5CB624C47FDDEAB2FC509.web07-pub?0,1620585982,14:46:22,20210509
83,2000-06-30,A1G.DE,USD,2000-06-30,2000-06-30,Q2,5011000000,2660000000.0,2351000000.0,0.46916783077230095,0.0,2627000000.0,-273000000.0,0.0,4901000000.0,7561000000.0,0.0,294000000.0,-2256000000,-0.4502095390141688,-2550000000.0,-0.5088804629814409,86000000.0,679000000.0,0.13550189582917582,201000000.0,321000000.0,0.06405907004589902,5.756359,5.247657,56025000,61254000,https://www.bundesanzeiger.de/pub/de/suche;wwwsid=627BFD7A56A5CB624C47FDDEAB2FC509.web07-pub?0,https://www.bundesanzeiger.de/pub/de/suche;wwwsid=627BFD7A56A5CB624C47FDDEAB2FC509.web07-pub?0,1620585982,14:46:22,20210509
84,2000-03-31,A1G.DE,USD,2000-03-31,2000-03-31,Q1,4577000000,2593000000.0,1984000000.0,0.43347170635787635,0.0,2521000000.0,-257000000.0,0.0,4755000000.0,7348000000.0,0.0,288000000.0,-2483000000,-0.5424950841162334,-2771000000.0,-0.6054183963294735,32000000.0,157000000.0,0.034301944505134366,68000000.0,132000000.0,0.028839851431068386,2.382865,2.302544,55651500,57519000,https://www.bundesanzeiger.de/pub/de/suche;wwwsid=627BFD7A56A5CB624C47FDDEAB2FC509.web07-pub?0,https://www.bundesanzeiger.de/pub/de/suche;wwwsid=627BFD7A56A5CB624C47FDDEAB2FC509.web07-pub?0,1620585982,14:46:22,20210509
85,1999-12-31,A1G.DE,USD,1999-12-31,1999-12-31,Q4,3086000000,2154000000.0,932000000.0,0.3020090732339598,0.0,1815000000.0,-262000000.0,0.0,6679000000.0,8833000000.0,0.0,108000000.0,-5639000000,-1.8272845106934543,-5747000000.0,-1.8622812702527545,104000000.0,-86000000.0,-0.027867790019442645,-101000000.0,280000000.0,0.09073233959818536,0.5500452805132708,0.5500452805132708,509049000,509049000,https://www.bundesanzeiger.de/pub/de/suche;wwwsid=627BFD7A56A5CB624C47FDDEAB2FC509.web07-pub?0,https://www.bundesanzeiger.de/pub/de/suche;wwwsid=627BFD7A56A5CB624C47FDDEAB2FC509.web07-pub?0,1620585982,14:46:22,20210509
86,1999-09-30,A1G.DE,USD,1999-09-30,1999-09-30,Q3,5150000000,2660000000.0,2490000000.0,0.48349514563106794,0.0,2784000000.0,-314000000.0,0.0,3884000000.0,6544000000.0,0.0,317000000.0,-1077000000,-0.20912621359223302,-1394000000.0,-0.27067961165048543,-9000000.0,471000000.0,0.09145631067961164,192000000.0,279000000.0,0.054174757281553396,4.97992,4.712182,56025000,57892500,https://www.bundesanzeiger.de/pub/de/suche;wwwsid=627BFD7A56A5CB624C47FDDEAB2FC509.web07-pub?0,https://www.bundesanzeiger.de/pub/de/suche;wwwsid=627BFD7A56A5CB624C47FDDEAB2FC509.web07-pub?0,1620585982,14:46:22,20210509
87,1999-06-30,A1G.DE,USD,1999-06-30,1999-06-30,Q2,5011000000,2502000000.0,2509000000.0,0.5006984633805628,0.0,2776000000.0,-298000000.0,0.0,3864000000.0,6366000000.0,0.0,351000000.0,-1004000000,-0.20035920973857513,-1355000000.0,-0.2704051087607264,-6000000.0,448000000.0,0.08940331271203353,180000000.0,268000000.0,0.053482338854520056,4.712182,4.551539,57145500,59013000,https://www.bundesanzeiger.de/pub/de/suche;wwwsid=627BFD7A56A5CB624C47FDDEAB2FC509.web07-pub?0,https://www.bundesanzeiger.de/pub/de/suche;wwwsid=627BFD7A56A5CB624C47FDDEAB2FC509.web07-pub?0,1620585982,14:46:22,20210509
88,1999-03-31,A1G.DE,USD,1999-03-31,1999-03-31,Q1,4483000000,2456000000.0,2027000000.0,0.45215257639973233,0.0,2641000000.0,-288000000.0,0.0,3719000000.0,6175000000.0,0.0,316000000.0,-1376000000,-0.3069373187597591,-1692000000.0,-0.37742583091679677,65000000.0,173000000.0,0.038590229756859246,79000000.0,158000000.0,0.035244256078518846,2.650602,2.570281,59386500,61254000,https://www.bundesanzeiger.de/pub/de/suche;wwwsid=627BFD7A56A5CB624C47FDDEAB2FC509.web07-pub?0,https://www.bundesanzeiger.de/pub/de/suche;wwwsid=627BFD7A56A5CB624C47FDDEAB2FC509.web07-pub?0,1620585982,14:46:22,20210509
89,1998-12-31,A1G.DE,USD,1998-12-31,1998-12-31,Q4,4601000000,2314000000.0,2287000000.0,0.49706585524885893,0.0,2624000000.0,-292000000.0,0.0,7634000000.0,9948000000.0,0.0,321000000.0,-5026000000,-1.0923712236470333,-5347000000.0,-1.1621386655074983,61000000.0,306000000.0,0.06650728102586394,124000000.0,182000000.0,0.03955661812649424,0.35752943233362605,0.35752943233362605,509049000,509049000,https://www.bundesanzeiger.de/pub/de/suche;wwwsid=627BFD7A56A5CB624C47FDDEAB2FC509.web07-pub?0,https://www.bundesanzeiger.de/pub/de/suche;wwwsid=627BFD7A56A5CB624C47FDDEAB2FC509.web07-pub?0,1620585982,14:46:22,20210509
90,1998-09-30,A1G.DE,USD,1998-09-30,1998-09-30,Q3,5046000000,2416000000.0,2630000000.0,0.5212049147839873,0.0,2627000000.0,-311000000.0,0.0,3663000000.0,6079000000.0,0.0,328000000.0,-705000000,-0.13971462544589774,-1033000000.0,-0.20471660721363455,16000000.0,708000000.0,0.1403091557669441,277000000.0,433000000.0,0.08581054300435989,6.880857,6.666667,63121500,64989000,https://www.bundesanzeiger.de/pub/de/suche;wwwsid=627BFD7A56A5CB624C47FDDEAB2FC509.web07-pub?0,https://www.bundesanzeiger.de/pub/de/suche;wwwsid=627BFD7A56A5CB624C47FDDEAB2FC509.web07-pub?0,1620585982,14:46:22,20210509
91,1998-06-30,A1G.DE,USD,1998-06-30,1998-06-30,Q2,5012000000,2317000000.0,2695000000.0,0.5377094972067039,0.0,2708000000.0,-322000000.0,0.0,3655000000.0,5972000000.0,0.0,324000000.0,-636000000,-0.12689545091779728,-960000000.0,-0.19154030327214686,-4000000.0,676000000.0,0.13487629688747008,267000000.0,409000000.0,0.08160415003990423,6.372155,6.157965,64242000,66483000,https://www.bundesanzeiger.de/pub/de/suche;wwwsid=627BFD7A56A5CB624C47FDDEAB2FC509.web07-pub?0,https://www.bundesanzeiger.de/pub/de/suche;wwwsid=627BFD7A56A5CB624C47FDDEAB2FC509.web07-pub?0,1620585982,14:46:22,20210509
92,1998-03-31,A1G.DE,USD,1998-03-31,1998-03-31,Q1,4737000000,2292000000.0,2445000000.0,0.5161494616846105,0.0,2586000000.0,-301000000.0,0.0,3533000000.0,5825000000.0,0.0,323000000.0,-765000000,-0.16149461684610514,-1088000000.0,-0.22968123284779396,-15000000.0,485000000.0,0.10238547603968756,195000000.0,290000000.0,0.061220181549503906,4.497992,4.337349,64242000,66483000,https://www.bundesanzeiger.de/pub/de/suche;wwwsid=627BFD7A56A5CB624C47FDDEAB2FC509.web07-pub?0,https://www.bundesanzeiger.de/pub/de/suche;wwwsid=627BFD7A56A5CB624C47FDDEAB2FC509.web07-pub?0,1620585982,14:46:22,20210509
93,1997-12-31,A1G.DE,USD,1997-12-31,1997-12-31,Q4,4636000000,2369000000.0,2267000000.0,0.48899913718723037,0.0,2614000000.0,-303000000.0,0.0,7825000000.0,10194000000.0,0.0,311000000.0,-5247000000,-1.1317946505608283,-5558000000.0,-1.1988783433994823,-9000000.0,343000000.0,0.07398619499568594,135000000.0,208000000.0,0.04486626402070751,0.40860506552414405,0.40860506552414405,509049000,509049000,https://www.bundesanzeiger.de/pub/de/suche;wwwsid=627BFD7A56A5CB624C47FDDEAB2FC509.web07-pub?0,https://www.bundesanzeiger.de/pub/de/suche;wwwsid=627BFD7A56A5CB624C47FDDEAB2FC509.web07-pub?0,1620585982,14:46:22,20210509
94,1997-09-30,A1G.DE,USD,1997-09-30,1997-09-30,Q3,4798000000,2325000000.0,2473000000.0,0.5154230929553981,0.0,2626000000.0,-332000000.0,0.0,3495000000.0,5820000000.0,0.0,311000000.0,-711000000,-0.14818674447686536,-1022000000.0,-0.2130054189245519,0.0,542000000.0,0.1129637348895373,219000000.0,323000000.0,0.0673197165485619,4.899598,4.76573,65736000,67603500,https://www.bundesanzeiger.de/pub/de/suche;wwwsid=627BFD7A56A5CB624C47FDDEAB2FC509.web07-pub?0,https://www.bundesanzeiger.de/pub/de/suche;wwwsid=627BFD7A56A5CB624C47FDDEAB2FC509.web07-pub?0,1620585982,14:46:22,20210509
95,1997-06-30,A1G.DE,USD,1997-06-30,1997-06-30,Q2,4710000000,2297000000.0,2413000000.0,0.5123142250530786,0.0,2584000000.0,-329000000.0,0.0,3432000000.0,5729000000.0,0.0,310000000.0,-709000000,-0.1505307855626327,-1019000000.0,-0.21634819532908706,-6000000.0,504000000.0,0.1070063694267516,202000000.0,302000000.0,0.06411889596602972,4.444444,4.364123,67977000,69097500,https://www.bundesanzeiger.de/pub/de/suche;wwwsid=627BFD7A56A5CB624C47FDDEAB2FC509.web07-pub?0,https://www.bundesanzeiger.de/pub/de/suche;wwwsid=627BFD7A56A5CB624C47FDDEAB2FC509.web07-pub?0,1620585982,14:46:22,20210509
96,1997-03-31,A1G.DE,USD,1997-03-31,1997-03-31,Q1,4426000000,2273000000.0,2153000000.0,0.48644374152733844,0.0,2530000000.0,-314000000.0,0.0,3362000000.0,5635000000.0,0.0,312000000.0,-897000000,-0.2026660641662901,-1209000000.0,-0.27315860822413013,-4000000.0,257000000.0,0.05806597379123362,105000000.0,152000000.0,0.03434252146407592,2.222222,2.222222,68724000,68724000,https://www.bundesanzeiger.de/pub/de/suche;wwwsid=627BFD7A56A5CB624C47FDDEAB2FC509.web07-pub?0,https://www.bundesanzeiger.de/pub/de/suche;wwwsid=627BFD7A56A5CB624C47FDDEAB2FC509.web07-pub?0,1620585982,14:46:22,20210509
97,1996-12-31,A1G.DE,USD,1996-12-31,1996-12-31,Q4,4333000000,2329000000.0,2004000000.0,0.4624971151627048,0.0,2470000000.0,-293000000.0,0.0,7998000000.0,10327000000.0,0.0,305000000.0,-5689000000,-1.3129471497807523,-5994000000.0,-1.3833371797830603,738000000.0,424000000.0,0.09785368105238865,51000000.0,284000000.0,0.06554350334641126,0.5579030702348889,0.5579030702348889,509049000,509049000,https://www.bundesanzeiger.de/pub/de/suche;wwwsid=627BFD7A56A5CB624C47FDDEAB2FC509.web07-pub?0,https://www.bundesanzeiger.de/pub/de/suche;wwwsid=627BFD7A56A5CB624C47FDDEAB2FC509.web07-pub?0,1620585982,14:46:22,20210509
98,1996-09-30,A1G.DE,USD,1996-09-30,1996-09-30,Q3,4562000000,2260000000.0,2302000000.0,0.5046032441911442,0.0,2485000000.0,-323000000.0,0.0,3302000000.0,5562000000.0,0.0,302000000.0,-698000000,-0.15300306882946077,-1000000000.0,-0.21920210434020165,-23000000.0,464000000.0,0.10170977641385358,182000000.0,282000000.0,0.06181499342393687,4.096386,4.096386,68724000,68724000,https://www.bundesanzeiger.de/pub/de/suche;wwwsid=627BFD7A56A5CB624C47FDDEAB2FC509.web07-pub?0,https://www.bundesanzeiger.de/pub/de/suche;wwwsid=627BFD7A56A5CB624C47FDDEAB2FC509.web07-pub?0,1620585982,14:46:22,20210509
99,1996-06-30,A1G.DE,USD,1996-06-30,1996-06-30,Q2,4550000000,2234000000.0,2316000000.0,0.509010989010989,0.0,2524000000.0,-321000000.0,0.0,3324000000.0,5558000000.0,0.0,297000000.0,-711000000,-0.15626373626373627,-1008000000.0,-0.22153846153846155,1000000.0,480000000.0,0.1054945054945055,187000000.0,293000000.0,0.06439560439560439,4.497992,4.283802,64989000,68724000,https://www.bundesanzeiger.de/pub/de/suche;wwwsid=627BFD7A56A5CB624C47FDDEAB2FC509.web07-pub?0,https://www.bundesanzeiger.de/pub/de/suche;wwwsid=627BFD7A56A5CB624C47FDDEAB2FC509.web07-pub?0,1620585982,14:46:22,20210509
100,1996-03-31,A1G.DE,USD,1996-03-31,1996-03-31,Q1,4308000000,2185000000.0,2123000000.0,0.49280408542246984,0.0,2497000000.0,-315000000.0,0.0,3298000000.0,5483000000.0,0.0,300000000.0,-875000000,-0.2031104921077066,-1175000000.0,-0.27274837511606315,-6000000.0,265000000.0,0.061513463324048286,108000000.0,157000000.0,0.036443825441039926,2.70415,2.463186,58266000,68724000,https://www.bundesanzeiger.de/pub/de/suche;wwwsid=627BFD7A56A5CB624C47FDDEAB2FC509.web07-pub?0,https://www.bundesanzeiger.de/pub/de/suche;wwwsid=627BFD7A56A5CB624C47FDDEAB2FC509.web07-pub?0,1620585982,14:46:22,20210509
101,1995-12-31,A1G.DE,USD,1995-12-31,1995-12-31,Q4,4188000000,2210000000.0,1978000000.0,0.4723018147086915,0.0,2453000000.0,-312000000.0,0.0,7115000000.0,9325000000.0,0.0,312000000.0,-4825000000,-1.152101241642789,-5137000000.0,-1.2265998089780326,-564000000.0,-421000000.0,-0.10052531041069723,-152000000.0,-281000000.0,-0.06709646609360076,-0.5520097279436753,-0.5520097279436753,509049000,509049000,https://www.bundesanzeiger.de/pub/de/suche;wwwsid=627BFD7A56A5CB624C47FDDEAB2FC509.web07-pub?0,https://www.bundesanzeiger.de/pub/de/suche;wwwsid=627BFD7A56A5CB624C47FDDEAB2FC509.web07-pub?0,1620585982,14:46:22,20210509
102,1995-09-30,A1G.DE,USD,1995-09-30,1995-09-30,Q3,4445000000,2201000000.0,2244000000.0,0.5048368953880765,0.0,2541000000.0,-340000000.0,0.0,3338000000.0,5539000000.0,0.0,314000000.0,-780000000,-0.17547806524184478,-1094000000.0,-0.24611923509561304,12000000.0,385000000.0,0.08661417322834646,150000000.0,231000000.0,0.05196850393700787,3.962517,3.534137,57519000,67977000,https://www.bundesanzeiger.de/pub/de/suche;wwwsid=627BFD7A56A5CB624C47FDDEAB2FC509.web07-pub?0,https://www.bundesanzeiger.de/pub/de/suche;wwwsid=627BFD7A56A5CB624C47FDDEAB2FC509.web07-pub?0,1620585982,14:46:22,20210509
103,1995-06-30,A1G.DE,USD,1995-06-30,1995-06-30,Q2,4307000000,2107000000.0,2200000000.0,0.5107963779893198,0.0,2491000000.0,-321000000.0,0.0,3270000000.0,5377000000.0,0.0,318000000.0,-752000000,-0.174599489203622,-1070000000.0,-0.24843278384026005,-2000000.0,321000000.0,0.07452983515207802,129000000.0,179000000.0,0.04156025075458556,3.078983,2.784471,57519000,67977000,https://www.bundesanzeiger.de/pub/de/suche;wwwsid=627BFD7A56A5CB624C47FDDEAB2FC509.web07-pub?0,https://www.bundesanzeiger.de/pub/de/suche;wwwsid=627BFD7A56A5CB624C47FDDEAB2FC509.web07-pub?0,1620585982,14:46:22,20210509
104,1995-03-31,A1G.DE,USD,1995-03-31,1995-03-31,Q1,3970000000,2062000000.0,1908000000.0,0.4806045340050378,0.0,2429000000.0,-320000000.0,0.0,3188000000.0,5250000000.0,0.0,315000000.0,-965000000,-0.24307304785894207,-1280000000.0,-0.3224181360201511,-15000000.0,73000000.0,0.018387909319899243,35000000.0,38000000.0,0.009571788413098237,0.64257,0.64257,57519000,57519000,https://www.bundesanzeiger.de/pub/de/suche;wwwsid=627BFD7A56A5CB624C47FDDEAB2FC509.web07-pub?0,https://www.bundesanzeiger.de/pub/de/suche;wwwsid=627BFD7A56A5CB624C47FDDEAB2FC509.web07-pub?0,1620585982,14:46:22,20210509
105,1994-12-31,A1G.DE,USD,1994-12-31,1994-12-31,Q4,3995000000,2094000000.0,1901000000.0,0.4758448060075094,0.0,2459000000.0,-324000000.0,0.0,6953000000.0,9047000000.0,0.0,315000000.0,-4737000000,-1.185732165206508,-5052000000.0,-1.2645807259073842,-280000000.0,-216000000.0,-0.05406758448060075,-93000000.0,-123000000.0,-0.03078848560700876,-0.24162703393975826,-0.24162703393975826,509049000,509049000,https://www.bundesanzeiger.de/pub/de/suche;wwwsid=627BFD7A56A5CB624C47FDDEAB2FC509.web07-pub?0,https://www.bundesanzeiger.de/pub/de/suche;wwwsid=627BFD7A56A5CB624C47FDDEAB2FC509.web07-pub?0,1620585982,14:46:22,20210509
106,1994-09-30,A1G.DE,USD,1994-09-30,1994-09-30,Q3,4233000000,2097000000.0,2136000000.0,0.5046066619418852,0.0,2471000000.0,-346000000.0,0.0,3174000000.0,5271000000.0,0.0,298000000.0,-740000000,-0.1748169147176943,-1038000000.0,-0.24521615875265768,-15000000.0,336000000.0,0.07937632884479093,131000000.0,205000000.0,0.04842901015828018,3.319946,3.052209,56772000,67230000,https://www.bundesanzeiger.de/pub/de/suche;wwwsid=627BFD7A56A5CB624C47FDDEAB2FC509.web07-pub?0,https://www.bundesanzeiger.de/pub/de/suche;wwwsid=627BFD7A56A5CB624C47FDDEAB2FC509.web07-pub?0,1620585982,14:46:22,20210509
107,1994-06-30,A1G.DE,USD,1994-06-30,1994-06-30,Q2,4101000000,2023000000.0,2078000000.0,0.5067056815410875,0.0,2452000000.0,-339000000.0,0.0,3163000000.0,5186000000.0,0.0,320000000.0,-765000000,-0.18653986832479882,-1085000000.0,-0.26456961716654476,-10000000.0,248000000.0,0.06047305535235308,95000000.0,153000000.0,0.03730797366495977,2.382865,2.248996,56772000,67230000,https://www.bundesanzeiger.de/pub/de/suche;wwwsid=627BFD7A56A5CB624C47FDDEAB2FC509.web07-pub?0,https://www.bundesanzeiger.de/pub/de/suche;wwwsid=627BFD7A56A5CB624C47FDDEAB2FC509.web07-pub?0,1620585982,14:46:22,20210509
108,1994-03-31,A1G.DE,USD,1994-03-31,1994-03-31,Q1,3808000000,2025000000.0,1783000000.0,0.4682247899159664,0.0,2410000000.0,-326000000.0,0.0,3111000000.0,5136000000.0,0.0,320000000.0,-1008000000,-0.2647058823529412,-1328000000.0,-0.3487394957983193,-18000000.0,2000000.0,0.0005252100840336134,9000000.0,-7000000.0,-0.001838235294117647,-0.401606,-0.401606,56772000,56772000,https://www.bundesanzeiger.de/pub/de/suche;wwwsid=627BFD7A56A5CB624C47FDDEAB2FC509.web07-pub?0,https://www.bundesanzeiger.de/pub/de/suche;wwwsid=627BFD7A56A5CB624C47FDDEAB2FC509.web07-pub?0,1620585982,14:46:22,20210509
109,1993-12-31,A1G.DE,USD,1993-12-31,1993-12-31,Q4,3591000000,2150000000.0,1441000000.0,0.4012809802283486,0.0,1269000000.0,0.0,0.0,1603000000.0,3753000000.0,0.0,334000000.0,172000000,0.047897521581732105,-162000000.0,-0.045112781954887216,-64000000.0,-387000000.0,-0.10776942355889724,-141000000.0,-253000000.0,-0.07045391255917571,-0.49700519989234826,-0.49700519989234826,509049000,509049000,https://www.bundesanzeiger.de/pub/de/suche;wwwsid=627BFD7A56A5CB624C47FDDEAB2FC509.web07-pub?0,https://www.bundesanzeiger.de/pub/de/suche;wwwsid=627BFD7A56A5CB624C47FDDEAB2FC509.web07-pub?0,1620585982,14:46:22,20210509
110,1993-09-30,A1G.DE,USD,1993-09-30,1993-09-30,Q3,4199000000,2197000000.0,2002000000.0,0.47678018575851394,0.0,1337000000.0,0.0,0.0,1630000000.0,3827000000.0,0.0,293000000.0,665000000,0.1583710407239819,372000000.0,0.08859252202905454,15000000.0,223000000.0,0.05310788282924506,98000000.0,118000000.0,0.0281019290307216,1.740295,1.686747,64931538,66992857,https://www.bundesanzeiger.de/pub/de/suche;wwwsid=627BFD7A56A5CB624C47FDDEAB2FC509.web07-pub?0,https://www.bundesanzeiger.de/pub/de/suche;wwwsid=627BFD7A56A5CB624C47FDDEAB2FC509.web07-pub?0,1620585982,14:46:22,20210509
111,1993-06-30,A1G.DE,USD,1993-06-30,1993-06-30,Q2,3828000000,2235000000.0,1593000000.0,0.4161442006269592,0.0,1309000000.0,0.0,0.0,1613000000.0,3848000000.0,0.0,304000000.0,284000000,0.0741901776384535,-20000000.0,-0.00522466039707419,267000000.0,79000000.0,0.020637408568443052,32000000.0,47000000.0,0.012277951933124347,0.535475,0.535475,56025000,56025000,https://www.bundesanzeiger.de/pub/de/suche;wwwsid=627BFD7A56A5CB624C47FDDEAB2FC509.web07-pub?0,https://www.bundesanzeiger.de/pub/de/suche;wwwsid=627BFD7A56A5CB624C47FDDEAB2FC509.web07-pub?0,1620585982,14:46:22,20210509
112,1993-03-31,A1G.DE,USD,1993-03-31,1993-03-31,Q1,3444000000,2122000000.0,1322000000.0,0.38385598141695704,0.0,1284000000.0,0.0,0.0,1576000000.0,3698000000.0,0.0,292000000.0,38000000,0.011033681765389082,-254000000.0,-0.07375145180023229,401000000.0,-28000000.0,-0.008130081300813009,-6000000.0,-22000000.0,-0.006387921022067364,-0.589023,-0.589023,54327273,54327273,https://www.bundesanzeiger.de/pub/de/suche;wwwsid=627BFD7A56A5CB624C47FDDEAB2FC509.web07-pub?0,https://www.bundesanzeiger.de/pub/de/suche;wwwsid=627BFD7A56A5CB624C47FDDEAB2FC509.web07-pub?0,1620585982,14:46:22,20210509
113,1992-12-31,A1G.DE,USD,1992-12-31,1992-12-31,Q4,3577000000,559000000.0,3018000000.0,0.8437237908862175,0.0,2956000000.0,0.0,0.0,3231000000.0,3790000000.0,0.0,275000000.0,62000000,0.017332960581492873,-213000000.0,-0.05954710651383841,12000000.0,-371000000.0,-0.10371819960861056,-127000000.0,-704000000.0,-0.19681297176404808,-1.3829709910047951,-1.3829709910047951,509049000,509049000,https://www.bundesanzeiger.de/pub/de/suche;wwwsid=627BFD7A56A5CB624C47FDDEAB2FC509.web07-pub?0,https://www.bundesanzeiger.de/pub/de/suche;wwwsid=627BFD7A56A5CB624C47FDDEAB2FC509.web07-pub?0,1620585982,14:46:22,20210509
114,1992-09-30,A1G.DE,USD,1992-09-30,1992-09-30,Q3,3725000000,2726000000.0,999000000.0,0.26818791946308723,0.0,740000000.0,0.0,0.0,1003000000.0,3729000000.0,0.0,263000000.0,259000000,0.06953020134228188,-4000000.0,-0.0010738255033557046,51000000.0,-122000000.0,-0.03275167785234899,-37000000.0,-85000000.0,-0.022818791946308724,-1.552878,-1.552878,54737069,54737069,https://www.bundesanzeiger.de/pub/de/suche;wwwsid=627BFD7A56A5CB624C47FDDEAB2FC509.web07-pub?0,https://www.bundesanzeiger.de/pub/de/suche;wwwsid=627BFD7A56A5CB624C47FDDEAB2FC509.web07-pub?0,1620585982,14:46:22,20210509
115,1992-06-30,A1G.DE,USD,1992-06-30,1992-06-30,Q2,3587000000,2570000000.0,1017000000.0,0.28352383607471426,0.0,703000000.0,0.0,0.0,962000000.0,3532000000.0,0.0,259000000.0,314000000,0.0875383328686925,55000000.0,0.01533314747700028,-138000000.0,-243000000.0,-0.06774463339838305,-77000000.0,-166000000.0,-0.04627822693058266,-2.998661,-2.998661,55358036,55358036,https://www.bundesanzeiger.de/pub/de/suche;wwwsid=627BFD7A56A5CB624C47FDDEAB2FC509.web07-pub?0,https://www.bundesanzeiger.de/pub/de/suche;wwwsid=627BFD7A56A5CB624C47FDDEAB2FC509.web07-pub?0,1620585982,14:46:22,20210509
116,1992-03-31,A1G.DE,USD,1992-03-31,1992-03-31,Q1,3507000000,2421000000.0,1086000000.0,0.30966638152266895,0.0,705000000.0,0.0,0.0,949000000.0,3370000000.0,0.0,244000000.0,381000000,0.1086398631308811,137000000.0,0.039064727687482176,54000000.0,39000000.0,0.011120615911035072,19000000.0,20000000.0,0.00570287995437696,0.348059,0.348059,57461538,57461538,https://www.bundesanzeiger.de/pub/de/suche;wwwsid=627BFD7A56A5CB624C47FDDEAB2FC509.web07-pub?0,https://www.bundesanzeiger.de/pub/de/suche;wwwsid=627BFD7A56A5CB624C47FDDEAB2FC509.web07-pub?0,1620585982,14:46:22,20210509
117,1991-12-31,A1G.DE,USD,1991-12-31,1991-12-31,Q4,3404300000,1022600000.0,2381700000.0,0.6996151925505978,0.0,2178200000.0,0.0,0.0,2423100000.0,3445700000.0,0.0,244900000.0,203500000,0.059777340422406955,-41400000.0,-0.012161090385688687,-3400000.0,-186400000.0,-0.054754281350057284,-61400000.0,-125000000.0,-0.03671826807273155,-0.24555592880056734,-0.24555592880056734,509049000,509049000,https://www.bundesanzeiger.de/pub/de/suche;wwwsid=627BFD7A56A5CB624C47FDDEAB2FC509.web07-pub?0,https://www.bundesanzeiger.de/pub/de/suche;wwwsid=627BFD7A56A5CB624C47FDDEAB2FC509.web07-pub?0,1620585982,14:46:22,20210509
118,1991-09-30,A1G.DE,USD,1991-09-30,1991-09-30,Q3,3518600000,2210100000.0,1308500000.0,0.3718808617063605,0.0,896500000.0,0.0,0.0,1121300000.0,3331400000.0,0.0,224800000.0,412000000,0.1170920252373103,187200000.0,0.05320297845734099,62700000.0,116400000.0,0.033081339168987665,46100000.0,70300000.0,0.019979537315977947,1.365462,1.311914,51484412,53585816,https://www.bundesanzeiger.de/pub/de/suche;wwwsid=627BFD7A56A5CB624C47FDDEAB2FC509.web07-pub?0,https://www.bundesanzeiger.de/pub/de/suche;wwwsid=627BFD7A56A5CB624C47FDDEAB2FC509.web07-pub?0,1620585982,14:46:22,20210509
119,1991-06-30,A1G.DE,USD,1991-06-30,1991-06-30,Q2,3194500000,2056600000.0,1137900000.0,0.35620597902645174,0.0,826000000.0,0.0,0.0,1037800000.0,3094400000.0,0.0,211800000.0,311900000,0.09763656284238535,100100000.0,0.03133510721552669,45300000.0,20200000.0,0.006323368289247144,9900000.0,10300000.0,0.003224291751447801,0.240964,0.240964,42745000,42745000,https://www.bundesanzeiger.de/pub/de/suche;wwwsid=627BFD7A56A5CB624C47FDDEAB2FC509.web07-pub?0,https://www.bundesanzeiger.de/pub/de/suche;wwwsid=627BFD7A56A5CB624C47FDDEAB2FC509.web07-pub?0,1620585982,14:46:22,20210509
120,1991-03-31,A1G.DE,USD,1991-03-31,1991-03-31,Q1,2769600000,2019700000.0,749900000.0,0.27076112073945696,0.0,789300000.0,0.0,0.0,990800000.0,3010500000.0,0.0,201500000.0,-39400000,-0.014225880993645293,-240900000.0,-0.08698006932409012,58400000.0,-290200000.0,-0.10478047371461582,-94600000.0,-195600000.0,-0.07062391681109186,-3.962517,-3.962517,49362568,49362568,https://www.bundesanzeiger.de/pub/de/suche;wwwsid=627BFD7A56A5CB624C47FDDEAB2FC509.web07-pub?0,https://www.bundesanzeiger.de/pub/de/suche;wwwsid=627BFD7A56A5CB624C47FDDEAB2FC509.web07-pub?0,1620585982,14:46:22,20210509
121,1990-12-31,A1G.DE,USD,1990-12-31,1990-12-31,Q4,3002300000,2255700000.0,746600000.0,0.2486760150551244,0.0,792200000.0,0.0,0.0,991700000.0,3247400000.0,0.0,199500000.0,-45600000,-0.015188355594044566,-245100000.0,-0.08163741131798954,24100000.0,-319600000.0,-0.10645172034773341,-104500000.0,-215100000.0,-0.07164507211138127,-0.42255264228001627,-0.42255264228001627,509049000,509049000,https://www.bundesanzeiger.de/pub/de/suche;wwwsid=627BFD7A56A5CB624C47FDDEAB2FC509.web07-pub?0,https://www.bundesanzeiger.de/pub/de/suche;wwwsid=627BFD7A56A5CB624C47FDDEAB2FC509.web07-pub?0,1620585982,14:46:22,20210509
122,1990-09-30,A1G.DE,USD,1990-09-30,1990-09-30,Q3,3054700000,1940900000.0,1113800000.0,0.36461845680426885,0.0,784100000.0,0.0,0.0,970200000.0,2911100000.0,0.0,186100000.0,329700000,0.10793203915278096,143600000.0,0.04700952630372868,51700000.0,106900000.0,0.034995253216355125,41300000.0,65600000.0,0.021475103938193605,1.445783,1.445783,45373333,45373333,https://www.bundesanzeiger.de/pub/de/suche;wwwsid=627BFD7A56A5CB624C47FDDEAB2FC509.web07-pub?0,https://www.bundesanzeiger.de/pub/de/suche;wwwsid=627BFD7A56A5CB624C47FDDEAB2FC509.web07-pub?0,1620585982,14:46:22,20210509
123,1990-06-30,A1G.DE,USD,1990-06-30,1990-06-30,Q2,2974400000,1809900000.0,1164500000.0,0.39150753093060786,0.0,757300000.0,0.0,0.0,930800000.0,2740700000.0,0.0,173500000.0,407200000,0.13690155997848305,233700000.0,0.07857046799354492,55200000.0,208700000.0,0.07016541151156536,79500000.0,129200000.0,0.04343733189887036,2.757697,2.757697,46850680,46850680,https://www.bundesanzeiger.de/pub/de/suche;wwwsid=627BFD7A56A5CB624C47FDDEAB2FC509.web07-pub?0,https://www.bundesanzeiger.de/pub/de/suche;wwwsid=627BFD7A56A5CB624C47FDDEAB2FC509.web07-pub?0,1620585982,14:46:22,20210509
124,1990-03-31,A1G.DE,USD,1990-03-31,1990-03-31,Q1,2688200000,1800300000.0,887900000.0,0.33029536492820477,0.0,732100000.0,0.0,0.0,896100000.0,2696400000.0,0.0,164000000.0,155800000,0.05795699724722863,-8200000.0,-0.003050368276169928,49000000.0,-29400000.0,-0.010936686258462912,-10100000.0,-19300000.0,-0.007179525332936538,-0.42838,-0.42838,45053438,45053438,https://www.bundesanzeiger.de/pub/de/suche;wwwsid=627BFD7A56A5CB624C47FDDEAB2FC509.web07-pub?0,https://www.bundesanzeiger.de/pub/de/suche;wwwsid=627BFD7A56A5CB624C47FDDEAB2FC509.web07-pub?0,1620585982,14:46:22,20210509
125,1989-12-31,A1G.DE,USD,1989-12-31,1989-12-31,Q4,2585500000,1713800000.0,871700000.0,0.3371494875265906,0.0,643100000.0,0.0,0.0,801700000.0,2515500000.0,0.0,158600000.0,228600000,0.08841616708567009,70000000.0,0.02707406691162251,56800000.0,66300000.0,0.025643009089151035,27400000.0,38900000.0,0.015045445755173081,0.07641700504273656,0.07641700504273656,509049000,509049000,https://www.bundesanzeiger.de/pub/de/suche;wwwsid=627BFD7A56A5CB624C47FDDEAB2FC509.web07-pub?0,https://www.bundesanzeiger.de/pub/de/suche;wwwsid=627BFD7A56A5CB624C47FDDEAB2FC509.web07-pub?0,1620585982,14:46:22,20210509
126,1989-09-30,A1G.DE,USD,1989-09-30,1989-09-30,Q3,2727400000,1064700000.0,1662700000.0,0.6096282173498571,0.0,1274900000.0,0.0,0.0,1431900000.0,2496600000.0,0.0,157000000.0,387800000,0.14218669795409547,230800000.0,0.0846227176065117,41500000.0,214000000.0,0.07846300505976388,77000000.0,137000000.0,0.05023098922050304,2.864793,2.864793,46774766,46774766,https://www.bundesanzeiger.de/pub/de/suche;wwwsid=627BFD7A56A5CB624C47FDDEAB2FC509.web07-pub?0,https://www.bundesanzeiger.de/pub/de/suche;wwwsid=627BFD7A56A5CB624C47FDDEAB2FC509.web07-pub?0,1620585982,14:46:22,20210509
127,1989-06-30,A1G.DE,USD,1989-06-30,1989-06-30,Q2,2715700000,1055500000.0,1660200000.0,0.6113340943403174,0.0,1226700000.0,0.0,0.0,1373700000.0,2429200000.0,0.0,147000000.0,433500000,0.1596273520639246,286500000.0,0.10549766174466989,53000000.0,279900000.0,0.1030673491180911,102000000.0,177900000.0,0.06550797216187355,3.7751,3.7751,46329894,46329894,https://www.bundesanzeiger.de/pub/de/suche;wwwsid=627BFD7A56A5CB624C47FDDEAB2FC509.web07-pub?0,https://www.bundesanzeiger.de/pub/de/suche;wwwsid=627BFD7A56A5CB624C47FDDEAB2FC509.web07-pub?0,1620585982,14:46:22,20210509
128,1989-03-31,A1G.DE,USD,1989-03-31,1989-03-31,Q1,2451000000,0.0,0.0,0.0,0.0,0.0,0.0,0.0,0.0,0.0,0.0,0.0,2451000000,1.0,2451000000.0,1.0,0.0,0.0,0.0,0.0,101000000.0,0.041207670338637294,2.168675,2.168675,46572222,46572222,https://www.bundesanzeiger.de/pub/de/suche;wwwsid=627BFD7A56A5CB624C47FDDEAB2FC509.web07-pub?0,https://www.bundesanzeiger.de/pub/de/suche;wwwsid=627BFD7A56A5CB624C47FDDEAB2FC509.web07-pub?0,1620585982,14:46:22,20210509
129,1988-12-31,A1G.DE,USD,1988-12-31,1988-12-31,Q4,2368000000,0.0,0.0,0.0,0.0,0.0,0.0,0.0,0.0,0.0,0.0,0.0,-5649800000,-2.3858952702702703,-5649800000.0,-2.3858952702702703,0.0,0.0,0.0,0.0,116700000.0,0.049282094594594594,0.22925101512820967,0.22925101512820967,509049000,509049000,https://www.bundesanzeiger.de/pub/de/suche;wwwsid=627BFD7A56A5CB624C47FDDEAB2FC509.web07-pub?0,https://www.bundesanzeiger.de/pub/de/suche;wwwsid=627BFD7A56A5CB624C47FDDEAB2FC509.web07-pub?0,1620585982,14:46:22,20210509
130,1988-09-30,A1G.DE,USD,1988-09-30,1988-09-30,Q3,2328300000,0.0,0.0,0.0,0.0,0.0,0.0,0.0,0.0,0.0,0.0,0.0,2328300000,1.0,2328300000.0,1.0,0.0,0.0,0.0,0.0,150300000.0,0.06455353691534596,3.34672,3.34672,44909640,44909640,https://www.bundesanzeiger.de/pub/de/suche;wwwsid=627BFD7A56A5CB624C47FDDEAB2FC509.web07-pub?0,https://www.bundesanzeiger.de/pub/de/suche;wwwsid=627BFD7A56A5CB624C47FDDEAB2FC509.web07-pub?0,1620585982,14:46:22,20210509
131,1988-06-30,A1G.DE,USD,1988-06-30,1988-06-30,Q2,2163200000,0.0,0.0,0.0,0.0,0.0,0.0,0.0,0.0,0.0,0.0,0.0,2163200000,1.0,2163200000.0,1.0,0.0,0.0,0.0,0.0,141400000.0,0.06536612426035503,3.186078,3.186078,44380588,44380588,https://www.bundesanzeiger.de/pub/de/suche;wwwsid=627BFD7A56A5CB624C47FDDEAB2FC509.web07-pub?0,https://www.bundesanzeiger.de/pub/de/suche;wwwsid=627BFD7A56A5CB624C47FDDEAB2FC509.web07-pub?0,1620585982,14:46:22,20210509
132,1988-03-31,A1G.DE,USD,1988-03-31,1988-03-31,Q1,1964800000,0.0,0.0,0.0,0.0,0.0,0.0,0.0,0.0,0.0,0.0,0.0,1964800000,1.0,1964800000.0,1.0,0.0,0.0,0.0,0.0,68400000.0,0.03481270358306189,1.499331,1.499331,45620357,45620357,https://www.bundesanzeiger.de/pub/de/suche;wwwsid=627BFD7A56A5CB624C47FDDEAB2FC509.web07-pub?0,https://www.bundesanzeiger.de/pub/de/suche;wwwsid=627BFD7A56A5CB624C47FDDEAB2FC509.web07-pub?0,1620585982,14:46:22,20210509
133,1987-12-31,A1G.DE,USD,1987-12-31,1987-12-31,Q4,1882100000,0.0,0.0,0.0,0.0,0.0,0.0,0.0,0.0,0.0,0.0,0.0,-4854800000,-2.5794591148185537,-4854800000.0,-2.5794591148185537,0.0,0.0,0.0,0.0,-800000.0,-0.0004250571170501036,-0.001571557944323631,-0.001571557944323631,509049000,509049000,https://www.bundesanzeiger.de/pub/de/suche;wwwsid=627BFD7A56A5CB624C47FDDEAB2FC509.web07-pub?0,https://www.bundesanzeiger.de/pub/de/suche;wwwsid=627BFD7A56A5CB624C47FDDEAB2FC509.web07-pub?0,1620585982,14:46:22,20210509
134,1987-09-30,A1G.DE,USD,1987-09-30,1987-09-30,Q3,1975400000,0.0,0.0,0.0,0.0,0.0,0.0,0.0,0.0,0.0,0.0,0.0,1975400000,1.0,1975400000.0,1.0,0.0,0.0,0.0,0.0,87100000.0,0.044092335729472514,1.927711,1.927711,45183125,45183125,https://www.bundesanzeiger.de/pub/de/suche;wwwsid=627BFD7A56A5CB624C47FDDEAB2FC509.web07-pub?0,https://www.bundesanzeiger.de/pub/de/suche;wwwsid=627BFD7A56A5CB624C47FDDEAB2FC509.web07-pub?0,1620585982,14:46:22,20210509
135,1987-06-30,A1G.DE,USD,1987-06-30,1987-06-30,Q2,1831100000,0.0,0.0,0.0,0.0,0.0,0.0,0.0,0.0,0.0,0.0,0.0,1831100000,1.0,1831100000.0,1.0,0.0,0.0,0.0,0.0,92200000.0,0.0503522472830539,2.034806,2.034806,45311447,45311447,https://www.bundesanzeiger.de/pub/de/suche;wwwsid=627BFD7A56A5CB624C47FDDEAB2FC509.web07-pub?0,https://www.bundesanzeiger.de/pub/de/suche;wwwsid=627BFD7A56A5CB624C47FDDEAB2FC509.web07-pub?0,1620585982,14:46:22,20210509
136,1987-03-31,A1G.DE,USD,1987-03-31,1987-03-31,Q1,1509300000,0.0,0.0,0.0,0.0,0.0,0.0,0.0,0.0,0.0,0.0,0.0,1509300000,1.0,1509300000.0,1.0,0.0,0.0,0.0,0.0,19900000.0,0.013184920161664348,0.481928,0.481928,41292500,41292500,https://www.bundesanzeiger.de/pub/de/suche;wwwsid=627BFD7A56A5CB624C47FDDEAB2FC509.web07-pub?0,https://www.bundesanzeiger.de/pub/de/suche;wwwsid=627BFD7A56A5CB624C47FDDEAB2FC509.web07-pub?0,1620585982,14:46:22,20210509
137,1986-12-31,A1G.DE,USD,1986-12-31,1986-12-31,Q4,1498600000,0.0,0.0,0.0,0.0,0.0,0.0,0.0,0.0,0.0,0.0,0.0,-4108700000,-2.7416922460963566,-4108700000.0,-2.7416922460963566,0.0,0.0,0.0,0.0,35100000.0,0.02342186040304284,0.06895210480719931,0.06895210480719931,509049000,509049000,https://www.bundesanzeiger.de/pub/de/suche;wwwsid=627BFD7A56A5CB624C47FDDEAB2FC509.web07-pub?0,https://www.bundesanzeiger.de/pub/de/suche;wwwsid=627BFD7A56A5CB624C47FDDEAB2FC509.web07-pub?0,1620585982,14:46:22,20210509
138,1986-09-30,A1G.DE,USD,1986-09-30,1986-09-30,Q3,1546800000,0.0,0.0,0.0,0.0,0.0,0.0,0.0,0.0,0.0,0.0,0.0,1546800000,1.0,1546800000.0,1.0,0.0,0.0,0.0,0.0,111700000.0,0.0722136022756659,2.463186,2.463186,45347772,45347772,https://www.bundesanzeiger.de/pub/de/suche;wwwsid=627BFD7A56A5CB624C47FDDEAB2FC509.web07-pub?0,https://www.bundesanzeiger.de/pub/de/suche;wwwsid=627BFD7A56A5CB624C47FDDEAB2FC509.web07-pub?0,1620585982,14:46:22,20210509
139,1986-06-30,A1G.DE,USD,1986-06-30,1986-06-30,Q2,1517700000,0.0,0.0,0.0,0.0,0.0,0.0,0.0,0.0,0.0,0.0,0.0,1517700000,1.0,1517700000.0,1.0,0.0,0.0,0.0,0.0,128200000.0,0.08446992159188245,2.757697,2.757697,46488058,46488058,https://www.bundesanzeiger.de/pub/de/suche;wwwsid=627BFD7A56A5CB624C47FDDEAB2FC509.web07-pub?0,https://www.bundesanzeiger.de/pub/de/suche;wwwsid=627BFD7A56A5CB624C47FDDEAB2FC509.web07-pub?0,1620585982,14:46:22,20210509
140,1986-03-31,A1G.DE,USD,1986-03-31,1986-03-31,Q1,1455100000,0.0,0.0,0.0,0.0,0.0,0.0,0.0,0.0,0.0,0.0,0.0,1455100000,1.0,1455100000.0,1.0,0.0,0.0,0.0,0.0,4200000.0,0.002886399560167686,0.053548,0.053548,43837381,43837381,https://www.bundesanzeiger.de/pub/de/suche;wwwsid=627BFD7A56A5CB624C47FDDEAB2FC509.web07-pub?0,https://www.bundesanzeiger.de/pub/de/suche;wwwsid=627BFD7A56A5CB624C47FDDEAB2FC509.web07-pub?0,1620585982,14:46:22,20210509
141,1985-12-31,A1G.DE,USD,1985-12-31,1985-12-31,Q4,1488200000,0.0,0.0,0.0,0.0,0.0,0.0,0.0,0.0,0.0,0.0,0.0,-4106200000,-2.7591721542803387,-4106200000.0,-2.7591721542803387,0.0,0.0,0.0,0.0,24400000.0,0.016395645746539445,0.047932517301870745,0.047932517301870745,509049000,509049000,https://www.bundesanzeiger.de/pub/de/suche;wwwsid=627BFD7A56A5CB624C47FDDEAB2FC509.web07-pub?0,https://www.bundesanzeiger.de/pub/de/suche;wwwsid=627BFD7A56A5CB624C47FDDEAB2FC509.web07-pub?0,1620585982,14:46:22,20210509
142,1985-09-30,A1G.DE,USD,1985-09-30,1985-09-30,Q3,1561100000,0.0,0.0,0.0,0.0,0.0,0.0,0.0,0.0,0.0,0.0,0.0,1561100000,1.0,1561100000.0,1.0,0.0,0.0,0.0,0.0,87300000.0,0.05592210620716161,1.981258,1.981258,44062905,44062905,https://www.bundesanzeiger.de/pub/de/suche;wwwsid=627BFD7A56A5CB624C47FDDEAB2FC509.web07-pub?0,https://www.bundesanzeiger.de/pub/de/suche;wwwsid=627BFD7A56A5CB624C47FDDEAB2FC509.web07-pub?0,1620585982,14:46:22,20210509
