,date,symbol,reportedCurrency,fillingDate,acceptedDate,period,revenue,costOfRevenue,grossProfit,grossProfitRatio,researchAndDevelopmentExpenses,generalAndAdministrativeExpenses,sellingAndMarketingExpenses,otherExpenses,operatingExpenses,costAndExpenses,interestExpense,depreciationAndAmortization,ebitda,ebitdaratio,operatingIncome,operatingIncomeRatio,totalOtherIncomeExpensesNet,incomeBeforeTax,incomeBeforeTaxRatio,incomeTaxExpense,netIncome,netIncomeRatio,eps,epsdiluted,weightedAverageShsOut,weightedAverageShsOutDil,link,finalLink,timestamp,est_time,est_date
0,2020-12-31,HLYK,USD,2021-03-31,2021-03-31 15:43:52,Q4,1594515.0,-938252.0,2532767.0,1.588424693402069,0.0,1810864.0,0.0,1698748.0,2645618.0,1560905.0,56625.0,661.394,-389.70900000000006,-0.00024440597924760824,-1051.103,-0.0006591991922308665,920.413,-1922.897,-0.001205944754361044,0.0,-1922.897,-0.001205944754361044,-0.016014950019560856,-0.016014950019560856,120068873,120068873,https://www.sec.gov/Archives/edgar/data/1680139/000121390021019166/0001213900-21-019166-index.htm,https://www.sec.gov/Archives/edgar/data/1680139/000121390021019166/f10k2020_healthlynkedcorp.htm,1620593136,16:45:36,20210509
1,2020-09-30,HLYK,USD,2020-11-16,2020-11-16 16:54:51,Q3,2040155.0,0.0,2040155.0,1.0,0.0,2309412.0,0.0,1924356.0,2883230.0,2883230.0,72535.0,1426.0,-841649.0,-0.4125416941359848,-843075.0,-0.4132406606360791,0.0,-1734295.0,-0.8500800184299723,0.0,-1734295.0,-0.8500800184299723,-0.01444416822334961,-0.01444416822334961,120068873,120068873,https://www.sec.gov/Archives/edgar/data/1680139/000121390020037415/0001213900-20-037415-index.htm,https://www.sec.gov/Archives/edgar/data/1680139/000121390020037415/f10q0920_healthlynked.htm,1620593136,16:45:36,20210509
2,2020-06-30,HLYK,USD,2020-08-14 00:00:00,2020-08-14 15:46:18,Q2,1161510.0,521022.0,640488.0,0.5514270217217243,0.0,1265631.0,0.0,1165218.0,1811527.0,2332549.0,58418.0,-148077.0,-798094.0,-0.687117631359179,-650017.0,-0.5596309975807354,-867831.0,-1517848.0,-1.3067885769386403,0.0,-1517848.0,-1.3067885769386403,-0.01264,-0.01264,120068873,120068873,https://www.sec.gov/Archives/edgar/data/1680139/000121390020022223/0001213900-20-022223-index.htm,https://www.sec.gov/Archives/edgar/data/1680139/000121390020022223/f10q0620_healthlynked.htm,1620593136,16:45:36,20210509
3,2020-03-31,HLYK,USD,2020-05-15 00:00:00,2020-05-15 16:09:39,Q1,1336940.0,563691.0,773249.0,0.5783722530554849,0.0,1276097.0,0.0,1353598.0,1864574.0,2428265.0,62181.0,-267377.0,-795011.0,-0.5946497225006357,-527634.0,-0.3946579502445884,-52582.0,-580216.0,-0.4339880622915015,0.0,-580216.0,-0.4339880622915015,-0.00506,-0.00506,114601960,114601960,https://www.sec.gov/Archives/edgar/data/1680139/000121390020012591/0001213900-20-012591-index.htm,https://www.sec.gov/Archives/edgar/data/1680139/000121390020012591/f10q0320_healthlynked.htm,1620593136,16:45:36,20210509
4,2019-12-31,HLYK,USD,2020-03-30,2020-03-30 16:32:46,Q4,1172877.0,1236193.0,-63316.0,-0.053983495285524395,0.0,783526.0,0.0,2179644.0,2653636.0,3889829.0,67856.0,-391464.0,-1263346.0,-1.0771342604552736,-871882.0,-0.7433703619390609,-1591146.0,-2463028.0,-2.099988319320781,0.0,-2463028.0,-2.099988319320781,-0.02486,-0.02486,99059677,99059677,https://www.sec.gov/Archives/edgar/data/1680139/000121390020007998/0001213900-20-007998-index.htm,https://www.sec.gov/Archives/edgar/data/1680139/000121390020007998/f10k2019_healthlynked.htm,1620593136,16:45:36,20210509
5,2019-09-30,HLYK,USD,2019-11-14 00:00:00,2019-11-14 16:04:27,Q3,1172561.0,287274.0,885287.0,0.7550029380134594,0.0,1675998.0,0.0,812357.0,1700978.0,1988252.0,69562.0,-325739.0,-1141430.0,-0.973450421769102,-815691.0,-0.6956490962943506,-309589.0,-1125280.0,-0.9596771511247603,0.0,-1125280.0,-0.9596771511247603,-0.01165,-0.01165,96603087,96603087,https://www.sec.gov/Archives/edgar/data/1680139/000121390019023462/0001213900-19-023462-index.html,https://www.sec.gov/Archives/edgar/data/1680139/000121390019023462/f10q0919_healthlynked.htm,1620593136,16:45:36,20210509
6,2019-06-30,HLYK,USD,2019-08-14,2019-08-14,Q2,1208390.0,321603.0,886787.0,0.7338582742326567,0.0,1563268.0,0.0,789528.0,1584978.0,1906581.0,60345.0,-190571.0,-888762.0,-0.7354926803432666,-698191.0,-0.5777861452014664,-181383.0,-879574.0,-0.7278891748524897,0.0,-879574.0,-0.7278891748524897,-0.0094,-0.0094,93532128,93532128,https://www.sec.gov/Archives/edgar/data/1680139/000121390019015900/0001213900-19-015900-index.htm,https://www.sec.gov/Archives/edgar/data/1680139/000121390019015900/f10q0619_healthlynkedcorp.htm,1620593136,16:45:36,20210509
7,2019-03-31,HLYK,USD,2019-04-01 00:00:00,2019-04-01 15:12:54,Q1,464990.0,0.0,464990.0,1.0,0.0,1286581.0,0.0,530880.0,1288236.0,1288236.0,46322.0,-143826.0,-967072.0,-2.079769457407686,-823246.0,-1.770459579775909,-237471.0,-1060717.0,-2.2811608851803267,0.0,-1060717.0,-2.2811608851803267,-0.01198,-0.01198,88506930,88506930,https://www.sec.gov/Archives/edgar/data/1680139/000121390019005456/0001213900-19-005456-index.html,https://www.sec.gov/Archives/edgar/data/1680139/000121390019005456/f10k2018_healthlynkedcorp.htm,1620593136,16:45:36,20210509
8,2018-12-31,HLYK,USD,2019-04-01 00:00:00,2019-04-01 15:12:54,Q4,507418.0,0.0,507418.0,1.0,0.0,1400692.0,0.0,3335993.0,1406672.0,1406672.0,43101.0,34536.0,-864718.0,-1.7041531833715005,-899254.0,-1.7722154121454108,-290486.0,-1189740.0,-2.3446941180643965,0.0,-1189740.0,-2.3446941180643965,-0.0151,-0.0151,78816272,78816272,https://www.sec.gov/Archives/edgar/data/1680139/000121390019005456/0001213900-19-005456-index.html,https://www.sec.gov/Archives/edgar/data/1680139/000121390019005456/f10k2018_healthlynkedcorp.htm,1620593136,16:45:36,20210509
9,2018-09-30,HLYK,USD,2018-11-14 00:00:00,2018-11-14 15:36:14,Q3,539625.0,0.0,539625.0,1.0,0.0,1500264.0,0.0,609254.0,1506008.0,1506008.0,58655.0,394376.0,-572007.0,-1.060008339124392,-966383.0,-1.7908417882788974,-1243355.0,-2209738.0,-4.0949511234653695,0.0,-2209738.0,-4.0949511234653695,-0.02879,-0.02879,76757809,76757809,https://www.sec.gov/Archives/edgar/data/1680139/000121390018015759/0001213900-18-015759-index.html,https://www.sec.gov/Archives/edgar/data/1680139/000121390018015759/f10q0918_healthlynkedcorp.htm,1620593136,16:45:36,20210509
10,2018-06-30,HLYK,USD,2018-08-14 00:00:00,2018-08-14 16:40:45,Q2,566320.0,0.0,566320.0,1.0,0.0,1170726.0,0.0,624172.0,1176755.0,1176755.0,51006.0,9909.0,-600526.0,-1.0604004802938267,-610435.0,-1.077897655036022,-499814.0,-1110249.0,-1.9604622828083063,0.0,-1110249.0,-1.9604622828083063,-0.01492,-0.01492,74397741,74397741,https://www.sec.gov/Archives/edgar/data/1680139/000121390018011034/0001213900-18-011034-index.html,https://www.sec.gov/Archives/edgar/data/1680139/000121390018011034/f10q0618_healthlynked.htm,1620593136,16:45:36,20210509
11,2018-03-31,HLYK,USD,2018-04-02 00:00:00,2018-04-02 15:40:49,Q1,645639.0,0.0,645639.0,1.0,0.0,1135684.0,0.0,566885.0,1141713.0,1141713.0,40347.0,43256.0,-452818.0,-0.7013485864391711,-496074.0,-0.7683457783684071,-785034.0,-1281108.0,-1.9842481634473754,0.0,-1281108.0,-1.9842481634473754,-0.01755,-0.01755,73009141,73009141,https://www.sec.gov/Archives/edgar/data/1680139/000121390018003844/0001213900-18-003844-index.html,https://www.sec.gov/Archives/edgar/data/1680139/000121390018003844/f10k2017_healthlynkedcorp.htm,1620593136,16:45:36,20210509
12,2017-12-31,HLYK,USD,2018-04-02 00:00:00,2018-04-02 15:40:49,Q4,472025.0,0.0,472025.0,1.0,0.0,1033082.0,0.0,89352.0,1039065.0,264200.0,-28293.0,-47992.0,159833.0,0.33861130236745934,207825.0,0.44028388326889467,374516.0,582341.0,1.2337079603834542,0.0,582341.0,1.2337079603834542,0.0097,0.0097,60034482,60034482,https://www.sec.gov/Archives/edgar/data/1680139/000121390018003844/0001213900-18-003844-index.html,https://www.sec.gov/Archives/edgar/data/1680139/000121390018003844/f10k2017_healthlynkedcorp.htm,1620593136,16:45:36,20210509
13,2017-09-30,HLYK,USD,2017-11-14 00:00:00,2017-11-14 15:39:02,Q3,480723.0,0.0,480723.0,1.0,0.0,986820.0,0.0,512262.0,992876.0,992876.0,27124.0,-25172.0,-537325.0,-1.1177434822132497,-512153.0,-1.0653806870068625,-408169.0,-920322.0,-1.9144538538825893,0.0,-920322.0,-1.9144538538825893,-0.01338,-0.01338,68805330,68805330,https://www.sec.gov/Archives/edgar/data/1680139/000121390017012058/0001213900-17-012058-index.html,https://www.sec.gov/Archives/edgar/data/1680139/000121390017012058/f10q0917_healthlynkedcorp.htm,1620593136,16:45:36,20210509
14,2017-06-30,HLYK,USD,2017-08-14 00:00:00,2017-08-14 16:33:00,Q2,516798.0,0.0,516798.0,1.0,0.0,993509.0,0.0,500990.0,999368.0,999368.0,20210.0,-52665.0,-535235.0,-1.035675447660401,-482570.0,-0.9337690935336437,-78734.0,-561304.0,-1.0861187543295445,0.0,-561304.0,-1.0861187543295445,-0.00825,-0.00825,68028225,68028225,https://www.sec.gov/Archives/edgar/data/1680139/000121390017008676/0001213900-17-008676-index.html,https://www.sec.gov/Archives/edgar/data/1680139/000121390017008676/f10q0617_healthlynked.htm,1620593136,16:45:36,20210509
15,2017-03-31,HLYK,USD,2017-05-15 00:00:00,2017-05-15 17:14:16,Q1,476118.0,0.0,476118.0,1.0,0.0,857900.0,0.0,473582.0,863608.0,863608.0,17587.0,-66336.0,-453826.0,-0.9531796739463746,-387490.0,-0.8138528684065715,-89631.0,-477121.0,-1.0021066206276594,0.0,-477121.0,-1.0021066206276594,-0.00716,-0.00716,66629195,66629195,https://www.sec.gov/Archives/edgar/data/1680139/000121390017005271/0001213900-17-005271-index.html,https://www.sec.gov/Archives/edgar/data/1680139/000121390017005271/f10q0317_healthlynked.htm,1620593136,16:45:36,20210509
