,date,symbol,reportedCurrency,fillingDate,acceptedDate,period,revenue,costOfRevenue,grossProfit,grossProfitRatio,researchAndDevelopmentExpenses,generalAndAdministrativeExpenses,sellingAndMarketingExpenses,otherExpenses,operatingExpenses,costAndExpenses,interestExpense,depreciationAndAmortization,ebitda,ebitdaratio,operatingIncome,operatingIncomeRatio,totalOtherIncomeExpensesNet,incomeBeforeTax,incomeBeforeTaxRatio,incomeTaxExpense,netIncome,netIncomeRatio,eps,epsdiluted,weightedAverageShsOut,weightedAverageShsOutDil,link,finalLink,timestamp,est_time,est_date
0,2021-03-31,ANDE,USD,2021-05-05,2021-05-05 14:54:56,Q1,1982508000,1909951000,72557000,0.03659859127932901,0.0,56931000,0.0,3486000.0,56931000.0,1966882000,-7051000.0,47504000.0,63130000.0,0.03184350327968412,15626000.0,0.007881935407070237,3486000.0,13855000.0,0.006988622492317811,0.0,13855000.0,0.006988622492317811,0.4158839388744563,0.4158839388744563,33314583,33314583,https://www.sec.gov/Archives/edgar/data/821026/000082102621000115/0000821026-21-000115-index.htm,https://www.sec.gov/Archives/edgar/data/821026/000082102621000115/ande-20210331.htm,1620587956,15:19:16,20210509
1,2020-12-31,ANDE,USD,2021-02-25,2021-02-25 15:31:04,Q4,2542917000,2409226000,133691000,0.05257387480598069,0.0,105792000,0.0,7751000.0,105792000.0,2515018000,13292000.0,47471000.0,75370000.0,0.0296391899538994,27899000.0,0.010971258597901544,8161000.0,22768000.0,0.008953497105882733,8119000.0,15991000.0,0.006288447479803705,0.48,0.48,33314583,33314583,https://www.sec.gov/Archives/edgar/data/821026/000082102621000060/0000821026-21-000060-index.htm,https://www.sec.gov/Archives/edgar/data/821026/000082102621000060/ande-20201231.htm,1620587956,15:19:16,20210509
2,2020-09-30,ANDE,USD,2020-11-05,2020-11-05 14:10:26,Q3,1922233000,1820398000,101835000,0.05297744862355396,0.0,98219000,0.0,4434000.0,98219000.0,1918617000,10569000.0,47269000.0,50885000.0,0.02647181689212494,3616000.0,0.001881145521900831,4454000.0,-2499000.0,-0.0013000505141676374,-4714000.0,-1058000.0,-0.0005504015382110285,-0.03,-0.03,35266667,35266667,https://www.sec.gov/Archives/edgar/data/821026/000082102620000067/0000821026-20-000067-index.htm,https://www.sec.gov/Archives/edgar/data/821026/000082102620000067/ande-20200930.htm,1620587956,15:19:16,20210509
3,2020-06-30,ANDE,USD,2020-08-07,2020-08-07 09:28:39,Q2,1890180000,1783914000,106266000,0.05622004253563153,0.0,90136000,0.0,3450000.0,90136000.0,1874050000,11827000.0,47000000.0,63130000.0,0.033398935551111536,16130000.0,0.008533578812599859,3529000.0,7832000.0,0.004143520722894116,-12200000.0,30439000.0,0.01610375731411823,0.92,0.92,33085870,33085870,https://www.sec.gov/Archives/edgar/data/821026/000082102620000041/0000821026-20-000041-index.htm,https://www.sec.gov/Archives/edgar/data/821026/000082102620000041/ande-20200630.htm,1620587956,15:19:16,20210509
4,2020-03-31,ANDE,USD,2020-05-08,2020-05-08 12:52:32,Q1,1853105000,1789975000,63130000,0.0340671467617863,0.0,105060000,0.0,4813000.0,105060000.0,1895035000,15587000.0,46898000.0,4968000.0,0.002680905831024146,-41930000.0,-0.02262688838463012,4942000.0,-52575000.0,-0.02837130114051821,-1464000.0,-37662000.0,-0.020323726933983773,-1.15,-1.15,32749565,32749565,https://www.sec.gov/Archives/edgar/data/821026/000082102620000026/0000821026-20-000026-index.htm,https://www.sec.gov/Archives/edgar/data/821026/000082102620000011/ande2019123110-k.htm,1620587956,15:19:16,20210509
5,2019-12-31,ANDE,USD,2020-02-27,2020-02-27 17:32:12,Q4,1885603000,1747244000,138359000,0.07337652729657303,0.0,109457000,0.0,13460000.0,109457000.0,1856701000,14078000.0,47770000.0,76672000.0,0.040661793601304196,28902000.0,0.015327722749698637,5551000.0,20375000.0,0.010805561934299001,14708000.0,6649000.0,0.003526192947295905,0.2,0.19,33245000,33245000,https://www.sec.gov/Archives/edgar/data/821026/000082102620000011/0000821026-20-000011-index.htm,https://www.sec.gov/Archives/edgar/data/821026/000082102620000011/ande2019123110-k.htm,1620587956,15:19:16,20210509
6,2019-09-30,ANDE,USD,2019-11-08,2019-11-08 12:34:17,Q3,1982755000,1873614000,109141000,0.055045126604144234,0.0,107118000,0.0,2598000.0,107118000.0,1980732000,13975000.0,34250000.0,36273000.0,0.018294242102529057,2023000.0,0.0010202975153258975,-1130000.0,-13082000.0,-0.0065978903091909995,-7212000.0,-4237000.0,-0.0021369256413424757,-0.13,-0.13,32592308,32592308,https://www.sec.gov/Archives/edgar/data/821026/000082102619000076/0000821026-19-000076-index.htm,https://www.sec.gov/Archives/edgar/data/821026/000082102619000076/ande2019093010-q.htm,1620587956,15:19:16,20210509
7,2019-06-30,ANDE,USD,2019-08-08,2019-08-08 17:29:47,Q2,2325041000,2164313000,160728000,0.06912910352978721,0.0,106918000,0.0,5563000.0,106918000.0,2271231000,15727000.0,30386000.0,84196000.0,0.03621269474387764,53810000.0,0.023143677896432794,2325000.0,40408000.0,0.017379478469411937,10997000.0,29888000.0,0.01285482707616769,0.92,0.91,32486957,32843956,https://www.sec.gov/Archives/edgar/data/821026/000082102619000054/0000821026-19-000054-index.htm,https://www.sec.gov/Archives/edgar/data/821026/000082102619000054/ande2019063010-q.htm,1620587956,15:19:16,20210509
8,2019-03-31,ANDE,USD,2019-05-10,2019-05-10 15:47:19,Q1,1976792000,1867128000,109664000,0.05547574049267703,0.0,113349000,0.0,-1514000.0,113349000.0,1980477000,15910000.0,33760000.0,30075000.0,0.015214043763835547,-3685000.0,-0.0018641313805397837,5000.0,-19590000.0,-0.009909995588812582,-5442000.0,-13993000.0,-0.00707864054488282,-0.43,-0.43,32541860,32541860,https://www.sec.gov/Archives/edgar/data/821026/000082102619000042/0000821026-19-000042-index.htm,https://www.sec.gov/Archives/edgar/data/821026/000082102619000026/ande2018123110-k.htm,1620587956,15:19:16,20210509
9,2018-12-31,ANDE,USD,2019-02-27,2019-02-27 15:06:46,Q4,812662000,718700000,93962000,0.11562248511681364,0.0,67776000,0.0,5053000.0,67776000.0,786476000,7848000.0,22337000.0,48523000.0,0.05970871038635989,26186000.0,0.032222498406471574,11593000.0,29931000.0,0.036830810349198065,6263000.0,23752000.0,0.029227403274670157,0.84,0.84,28277381,28277381,https://www.sec.gov/Archives/edgar/data/821026/000082102619000026/0000821026-19-000026-index.htm,https://www.sec.gov/Archives/edgar/data/821026/000082102619000026/ande2018123110-k.htm,1620587956,15:19:16,20210509
10,2018-09-30,ANDE,USD,2018-11-06,2018-11-06 11:47:51,Q3,685579000,631715000,53864000,0.07856716731405133,0.0,65986000,0.0,6434000.0,65986000.0,697701000,5176000.0,22728000.0,10606000.0,0.015470135462142218,-12122000.0,-0.01768140506054007,13659000.0,-3639000.0,-0.005307922208819115,-1764000.0,-2098000.0,-0.0030601870827431997,-0.07,-0.07,28263000,28263000,https://www.sec.gov/Archives/edgar/data/821026/000082102618000082/0000821026-18-000082-index.htm,https://www.sec.gov/Archives/edgar/data/821026/000082102618000082/ande2018093010-q.htm,1620587956,15:19:16,20210509
11,2018-06-30,ANDE,USD,2018-08-08,2018-08-08 11:50:36,Q2,911402000,820928000,90474000,0.09926903825095841,0.0,59853000,0.0,2828000.0,59853000.0,880781000,7825000.0,22553000.0,53174000.0,0.058343080221461,30621000.0,0.033597687957674004,6359000.0,29155000.0,0.03198917711394094,7742000.0,21529000.0,0.023621848536650128,0.76,0.76,28327632,28327632,https://www.sec.gov/Archives/edgar/data/821026/000082102618000067/0000821026-18-000067-index.htm,https://www.sec.gov/Archives/edgar/data/821026/000082102618000067/ande2018063010-q.htm,1620587956,15:19:16,20210509
12,2018-03-31,ANDE,USD,2018-05-08,2018-05-08 17:05:25,Q1,635739000,572034000,63705000,0.1002062167021372,0.0,64257000,0.0,1686000.0,64257000.0,636291000,6999000.0,22679000.0,22127000.0,0.03480516375430798,-552000.0,-0.0008682808511039908,5259000.0,-2292000.0,-0.003605253099149179,-310000.0,-1700000.0,-0.002674053345791276,-0.06,-0.06,28333333,28333333,https://www.sec.gov/Archives/edgar/data/821026/000082102618000043/0000821026-18-000043-index.htm,https://www.sec.gov/Archives/edgar/data/821026/000082102618000009/ande2017123110-k.htm,1620587956,15:19:16,20210509
13,2017-12-31,ANDE,USD,2018-02-26,2018-02-26 17:29:23,Q4,1004072000,919236000,84836000,0.08449194878454931,0.0,67599000,0.0,5327000.0,67599000.0,986835000,4095000.0,21866000.0,39103000.0,0.03894441832856608,17237000.0,0.01716709558677067,-14037000.0,-895000.0,-0.0008913703399756193,-70639000.0,69719000.0,0.06943625556732984,2.43,2.42,28152263,28268595,https://www.sec.gov/Archives/edgar/data/821026/000082102618000009/0000821026-18-000009-index.htm,https://www.sec.gov/Archives/edgar/data/821026/000082102618000009/ande2017123110-k.htm,1620587956,15:19:16,20210509
14,2017-09-30,ANDE,USD,2017-11-07,2017-11-07 12:00:55,Q3,836595000,766924000,69671000,0.08327924503493327,0.0,68456000,0.0,5588000.0,68456000.0,835380000,5384000.0,21668000.0,22883000.0,0.027352542150024802,1215000.0,0.0014523156365983541,9174000.0,5005000.0,0.005982584165575936,2389000.0,2533000.0,0.003027749388891877,0.09,0.09,28144444,28144444,https://www.sec.gov/Archives/edgar/data/821026/000082102617000050/0000821026-17-000050-index.htm,https://www.sec.gov/Archives/edgar/data/821026/000082102617000050/ande2017093010-q.htm,1620587956,15:19:16,20210509
15,2017-06-30,ANDE,USD,2017-08-07,2017-08-07 14:56:23,Q2,993662000,905828000,87834000,0.08839424271029787,0.0,69928000,0.0,4632000.0,69928000.0,975756000,5988000.0,21875000.0,39781000.0,0.04003474018328164,17906000.0,0.018020212104317163,-30983000.0,-19065000.0,-0.019186604700592354,7652000.0,-26653000.0,-0.026823004200623553,-0.94,-0.94,28354255,28354255,https://www.sec.gov/Archives/edgar/data/821026/000082102617000044/0000821026-17-000044-index.htm,https://www.sec.gov/Archives/edgar/data/821026/000082102617000044/ande2017063010-q.htm,1620587956,15:19:16,20210509
16,2017-03-31,ANDE,USD,2017-05-05,2017-05-05 10:38:43,Q1,852016000,775558000,76458000,0.08973775140372951,0.0,81947000,0.0,7897000.0,81947000.0,857505000,6100000.0,21003000.0,15514000.0,0.01820857824266211,-5489000.0,-0.006442367279487709,6019000.0,-5570000.0,-0.0065374359166964,-2535000.0,-3089000.0,-0.003625518769600571,-0.11,-0.11,28081818,28081818,https://www.sec.gov/Archives/edgar/data/821026/000082102617000026/0000821026-17-000026-index.htm,https://www.sec.gov/Archives/edgar/data/821026/000082102617000008/ande2016123110-k.htm,1620587956,15:19:16,20210509
17,2016-12-31,ANDE,USD,2017-03-01,2017-03-01 09:14:02,Q4,1113055000,1009361000,103694000,0.0931616137567326,0.0,84342000,0.0,3631000.0,84342000.0,1093703000,3073000.0,22081000.0,41433000.0,0.03722457560497909,19352000.0,0.017386382523774658,456000.0,16735000.0,0.015035195924729685,5425000.0,10145000.0,0.009114554087623702,0.36,0.36,28180556,28180556,https://www.sec.gov/Archives/edgar/data/821026/000082102617000008/0000821026-17-000008-index.htm,https://www.sec.gov/Archives/edgar/data/821026/000082102617000008/ande2016123110-k.htm,1620587956,15:19:16,20210509
18,2016-09-30,ANDE,USD,2016-11-08,2016-11-08 13:32:27,Q3,859612000,782597000,77015000,0.08959274649493026,0.0,78767000,0.0,2216000.0,78767000.0,861364000,4441000.0,20865000.0,19113000.0,0.02223444996114526,-1752000.0,-0.002038128830216423,10638000.0,4445000.0,0.005170937585794521,1104000.0,1722000.0,0.002003229363945594,0.06,0.06,28700000,28700000,https://www.sec.gov/Archives/edgar/data/821026/000082102616000109/0000821026-16-000109-index.htm,https://www.sec.gov/Archives/edgar/data/821026/000082102616000109/ande2016093010-q.htm,1620587956,15:19:16,20210509
19,2016-06-30,ANDE,USD,2016-08-04,2016-07-28 08:43:39,Q2,1064244000,967202000,97042000,0.09118397660686835,0.0,75405000,0.0,5682000.0,75405000.0,1042607000,6554000.0,20477000.0,42114000.0,0.03957175234250792,21637000.0,0.02033086397480277,8026000.0,23109000.0,0.021714005434843888,7668000.0,14423000.0,0.013552343259628431,0.5109646792078506,0.5094126373044184,28227000,28313000,https://www.sec.gov/Archives/edgar/data/821026/000082102616000105/0000821026-16-000105-index.htm,https://www.sec.gov/Archives/edgar/data/821026/000082102616000105/ande2016063010-q.htm,1620587956,15:19:16,20210509
20,2016-03-31,ANDE,USD,2016-05-10,2016-04-14 17:45:52,Q1,887879000,820124000,67755000,0.07631107391885605,0.0,79881000,0.0,3246000.0,79881000.0,900005000,7051000.0,20902000.0,8776000.0,0.009884229720491192,-12126000.0,-0.013657266361745237,-3731000.0,-22908000.0,-0.02580081294861124,-7286000.0,-14696000.0,-0.016551804919364012,-0.52,-0.52,28261538,28261538,https://www.sec.gov/Archives/edgar/data/821026/000082102616000079/0000821026-16-000079-index.htm,https://www.sec.gov/Archives/edgar/data/821026/000082102616000068/ande2015123110-k.htm,1620587956,15:19:16,20210509
21,2015-12-31,ANDE,USD,2016-02-29,2016-02-16 06:10:47,Q4,1104140000,1004976000,99164000,0.08981107468255838,0.0,138516000,0.0,26237000.0,138516000.0,1143492000,3862000.0,21091000.0,-18261000.0,-0.016538663575271253,-39352000.0,-0.0356404079192856,-21300000.0,-64514000.0,-0.058429184704838155,-17798000.0,-47028000.0,-0.042592424873657324,-1.68,-1.68,27993452,27993452,https://www.sec.gov/Archives/edgar/data/821026/000082102616000068/0000821026-16-000068-index.htm,https://www.sec.gov/Archives/edgar/data/821026/000082102616000068/ande2015123110-k.htm,1620587956,15:19:16,20210509
22,2015-09-30,ANDE,USD,2015-11-05,2015-10-19 13:29:10,Q3,935774000,850584000,85190000,0.09103693840606814,0.0,88698000,0.0,3355000.0,88698000.0,939282000,6147000.0,20769000.0,17261000.0,0.018445693084013875,-3508000.0,-0.003748768399207501,7200000.0,-2455000.0,-0.002623496698989286,-1505000.0,-1227000.0,-0.0013112140324480057,-0.04,-0.04,30675000,30675000,https://www.sec.gov/Archives/edgar/data/821026/000082102615000056/0000821026-15-000056-index.htm,https://www.sec.gov/Archives/edgar/data/821026/000082102615000056/ande2015093010-q.htm,1620587956,15:19:16,20210509
23,2015-06-30,ANDE,USD,2015-08-07,2015-08-07 09:53:44,Q2,1208492000,1100319000,108173000,0.08951072907392023,0.0,83743000,0.0,13772000.0,83743000.0,1184062000,4025000.0,19073000.0,43503000.0,0.03599775588088295,24430000.0,0.02021527655954694,29962000.0,50367000.0,0.0416775617877487,17969000.0,31092000.0,0.025727932001204806,1.09,1.09,28524771,28524771,https://www.sec.gov/Archives/edgar/data/821026/000082102615000044/0000821026-15-000044-index.htm,https://www.sec.gov/Archives/edgar/data/821026/000082102615000044/ande2015063010-q.htm,1620587956,15:19:16,20210509
24,2015-03-31,ANDE,USD,2015-05-08,2015-04-15 08:11:30,Q1,950090000,866777000,83313000,0.08768958730225558,0.0,78604000,0.0,3107000.0,78604000.0,945381000,6039000.0,17523000.0,22232000.0,0.023399888431622266,4709000.0,0.004956372554179078,6368000.0,5038000.0,0.00530265553789641,1093000.0,4097000.0,0.0043122230525529165,0.14,0.14,29264286,29264286,https://www.sec.gov/Archives/edgar/data/821026/000082102615000033/0000821026-15-000033-index.htm,https://www.sec.gov/Archives/edgar/data/821026/000082102615000013/ande2014123110-k.htm,1620587956,15:19:16,20210509
25,2014-12-31,ANDE,USD,2015-03-02,2015-03-02 16:58:47,Q4,1271768000,1157817000,113951000,0.0896004617194331,0.0,94884000,0.0,6031000.0,94884000.0,1252701000,5359000.0,17698000.0,36765000.0,0.028908574519880985,19067000.0,0.01499251435796466,25923000.0,39631000.0,0.03116213019984777,11664000.0,25892000.0,0.020359059199476635,0.89,0.89,29092135,29092135,https://www.sec.gov/Archives/edgar/data/821026/000082102615000013/0000821026-15-000013-index.htm,https://www.sec.gov/Archives/edgar/data/821026/000082102615000013/ande2014123110-k.htm,1620587956,15:19:16,20210509
26,2014-09-30,ANDE,USD,2014-11-07,2014-11-04 14:26:28,Q3,952927000,868009000,84918000,0.08911280717200792,0.0,76737000,0.0,1685000.0,76737000.0,944746000,4253000.0,15873000.0,24054000.0,0.025242227368938018,8181000.0,0.008585127717023444,25602000.0,29530000.0,0.030988732610157967,10251000.0,16825000.0,0.01765612685966501,0.59,0.59,28516949,28516949,https://www.sec.gov/Archives/edgar/data/821026/000082102614000045/0000821026-14-000045-index.htm,https://www.sec.gov/Archives/edgar/data/821026/000082102614000045/ande2014093010-q.htm,1620587956,15:19:16,20210509
27,2014-06-30,ANDE,USD,2014-08-08,2014-08-08 17:28:32,Q2,1312082000,1190587000,121495000,0.09259710902214953,0.0,76275000,0.0,3797000.0,76275000.0,1266862000,6146000.0,14578000.0,59798000.0,0.04557489547147206,45220000.0,0.03446430939529694,36010000.0,75084000.0,0.0572250819689623,25714000.0,44301000.0,0.033763895854070095,1.56,1.56,28398077,28398077,https://www.sec.gov/Archives/edgar/data/821026/000082102614000032/0000821026-14-000032-index.htm,https://www.sec.gov/Archives/edgar/data/821026/000082102614000032/ande2014063010-q.htm,1620587956,15:19:16,20210509
28,2014-03-31,ANDE,USD,2014-05-09,2014-05-09 14:44:17,Q1,1003294000,926519000,76775000,0.07652293345719201,0.0,70985000,0.0,19612000.0,70985000.0,997504000,6002000.0,13856000.0,19646000.0,0.019581498543796733,5790000.0,0.005770990357761533,40113000.0,39901000.0,0.03976999762781398,13872000.0,22708000.0,0.022633445430751107,0.8,0.8,28385000,28385000,https://www.sec.gov/Archives/edgar/data/821026/000082102614000024/0000821026-14-000024-index.htm,https://www.sec.gov/Archives/edgar/data/821026/000082102614000008/ande2013123110-k.htm,1620587956,15:19:16,20210509
29,2013-12-31,ANDE,USD,2014-02-28,2014-02-28 13:05:39,Q4,1584266000,1474689000,109577000,0.06916578402869215,0.0,85768000,0.0,3253000.0,85768000.0,1560457000,4253000.0,13672000.0,37481000.0,0.02365827455742912,23809000.0,0.015028410633062882,31967000.0,51523000.0,0.03252168512105921,16904000.0,30661000.0,0.01935344190937633,1.0801831953496566,1.0801831953496566,28385000,28385000,https://www.sec.gov/Archives/edgar/data/821026/000082102614000008/0000821026-14-000008-index.htm,https://www.sec.gov/Archives/edgar/data/821026/000082102614000008/ande2013123110-k.htm,1620587956,15:19:16,20210509
30,2013-09-30,ANDE,USD,2013-11-12,2013-11-12 15:56:28,Q3,1181374000,1108228000,73146000,0.061916040136315846,0.0,69193000,0.0,7605000.0,69193000.0,1177421000,5348000.0,13451000.0,17404000.0,0.014731998503437522,3953000.0,0.003346103774080012,29782000.0,28387000.0,0.02402880036296719,10348000.0,17161000.0,0.01452630581001444,0.613333,0.606667,27979891,28287363,https://www.sec.gov/Archives/edgar/data/821026/000082102613000052/0000821026-13-000052-index.htm,https://www.sec.gov/Archives/edgar/data/821026/000082102613000052/ande2013093010-q.htm,1620587956,15:19:16,20210509
31,2013-06-30,ANDE,USD,2013-08-09,2013-08-09 15:25:45,Q2,1566964000,1463735000,103229000,0.06587834819434268,0.0,61464000,0.0,1292000.0,61464000.0,1525199000,4855000.0,13383000.0,55148000.0,0.035194171659336144,41765000.0,0.026653452153336005,11302000.0,48212000.0,0.030767777689851204,17480000.0,29539000.0,0.018851103152337897,1.053333,1.046667,28043354,28221975,https://www.sec.gov/Archives/edgar/data/821026/000082102613000040/0000821026-13-000040-index.htm,https://www.sec.gov/Archives/edgar/data/821026/000082102613000040/ande2013063010-q.htm,1620587956,15:19:16,20210509
32,2013-03-31,ANDE,USD,2013-05-10,2013-05-10 14:41:58,Q1,1271970000,1192697000,79273000,0.062323010762832455,0.0,62008000,0.0,2726000.0,62008000.0,1254705000,6404000.0,14801000.0,32066000.0,0.025209714065583307,17265000.0,0.01357343333569188,10530000.0,21391000.0,0.016817220531930785,9079000.0,12578000.0,0.009888598001525193,0.446667,0.446667,28159701,28159701,https://www.sec.gov/Archives/edgar/data/821026/000082102613000022/0000821026-13-000022-index.htm,https://www.sec.gov/Archives/edgar/data/821026/000082102613000005/ande2012123110-k.htm,1620587956,15:19:16,20210509
33,2012-12-31,ANDE,USD,2013-03-01,2013-03-01 16:23:42,Q4,1680641000,1589472000,91169000,0.05424656425732801,0.0,69590000,0.0,0.0,69590000.0,1659062000,5963000.0,13647000.0,35226000.0,0.02095985995819452,21579000.0,0.012839743883434951,6397000.0,22013000.0,0.013097978687893488,7838000.0,14990000.0,0.008919215942012601,0.5323209930389531,0.5323209930389531,28159701,28159701,https://www.sec.gov/Archives/edgar/data/821026/000082102613000005/0000821026-13-000005-index.htm,https://www.sec.gov/Archives/edgar/data/821026/000082102613000005/ande2012123110-k.htm,1620587956,15:19:16,20210509
34,2012-09-30,ANDE,USD,2012-11-09,2012-11-09 16:13:43,Q3,1138402000,1060086000,78316000,0.06879467885685372,0.0,58029000,0.0,0.0,58029000.0,1118115000,5482000.0,12830000.0,33117000.0,0.02909077812582901,20287000.0,0.01782059413107145,9519000.0,24324000.0,0.02136679310120678,9133000.0,16884000.0,0.014831316178292028,0.606667,0.6,27830769,28140000,https://www.sec.gov/Archives/edgar/data/821026/000082102612000030/0000821026-12-000030-index.htm,https://www.sec.gov/Archives/edgar/data/821026/000082102612000030/ande2012093010-q.htm,1620587956,15:19:16,20210509
35,2012-06-30,ANDE,USD,2012-08-09,2012-08-09 15:17:02,Q2,1315834000,1213184000,102650000,0.07801136009557437,0.0,59210000,0.0,0.0,59210000.0,1272394000,5380000.0,12005000.0,55445000.0,0.042136774091564744,43440000.0,0.033013282830509014,7767000.0,45827000.0,0.03482734144276558,17356000.0,29199000.0,0.02219048907384974,1.046667,1.04,27897134,28075962,https://www.sec.gov/Archives/edgar/data/821026/000082102612000022/0000821026-12-000022-index.htm,https://www.sec.gov/Archives/edgar/data/821026/000082102612000022/ande2012063010-q.htm,1620587956,15:19:16,20210509
36,2012-03-31,ANDE,USD,2012-05-09,2012-05-09 16:28:00,Q1,1137133000,1051263000,85870000,0.07551447368073919,0.0,60100000,0.0,0.0,60100000.0,1111363000,5330000.0,10495000.0,36265000.0,0.03189160810564815,25770000.0,0.022662256745692895,7529000.0,27969000.0,0.024596067478474374,10241000.0,18407000.0,0.016187200617693798,0.66,0.653333,27889394,28173980,https://www.sec.gov/Archives/edgar/data/821026/000119312512222155/0001193125-12-222155-index.htm,https://www.sec.gov/Archives/edgar/data/821026/000119312512082031/d273427d10k.htm,1620587956,15:19:16,20210509
37,2011-12-31,ANDE,USD,2012-02-27,2012-02-27 17:23:30,Q4,1297830000,1211399000,86431000,0.06659654962514351,0.0,63167000,0.0,0.0,63167000.0,1274566000,4647000.0,10749000.0,34013000.0,0.026207592673924935,23264000.0,0.01792530608785434,14342000.0,32959000.0,0.02539546781936001,10788000.0,21697000.0,0.01671790604316436,0.7779659895084131,0.7779659895084131,27889394,27889394,https://www.sec.gov/Archives/edgar/data/821026/000119312512082031/0001193125-12-082031-index.htm,https://www.sec.gov/Archives/edgar/data/821026/000119312512082031/d273427d10k.htm,1620587956,15:19:16,20210509
38,2011-09-30,ANDE,USD,2011-11-09,2011-11-09 13:52:02,Q3,938660000,873696000,64964000,0.06920929836149405,0.0,54486000,0.0,0.0,54486000.0,928182000,5711000.0,10137000.0,20615000.0,0.021962158822150725,10478000.0,0.011162721326145783,10948000.0,15715000.0,0.0167419512922677,4484000.0,10925000.0,0.011638932094688172,0.393333,0.393333,27775424,27775424,https://www.sec.gov/Archives/edgar/data/821026/000119312511304136/0001193125-11-304136-index.htm,https://www.sec.gov/Archives/edgar/data/821026/000119312511304136/d250447d10q.htm,1620587956,15:19:16,20210509
39,2011-06-30,ANDE,USD,2011-08-05,2011-08-05 13:38:44,Q2,1338167000,1215395000,122772000,0.09174639637653596,0.0,57730000,0.0,0.0,57730000.0,1273125000,7562000.0,10067000.0,75109000.0,0.05612827098560942,65042000.0,0.04860529365916212,14530000.0,72010000.0,0.053812416536949424,25975000.0,45218000.0,0.0337909991802219,1.626667,1.613333,27797951,28027686,https://www.sec.gov/Archives/edgar/data/821026/000095012311073495/0000950123-11-073495-index.htm,https://www.sec.gov/Archives/edgar/data/821026/000095012311073495/l42749e10vq.htm,1620587956,15:19:16,20210509
40,2011-03-31,ANDE,USD,2011-05-06,2011-05-06 14:47:48,Q1,1001674000,922989000,78685000,0.0785535014385918,0.0,53707000,0.0,0.0,53707000.0,976696000,7336000.0,9884000.0,34862000.0,0.03480373854168123,24978000.0,0.024936256706273696,9552000.0,27194000.0,0.02714855332173941,9806000.0,17266000.0,0.017237145019237794,0.6237491420107655,0.6189861618986162,27681000,27894000,https://www.sec.gov/Archives/edgar/data/821026/000095012311046507/0000950123-11-046507-index.htm,https://www.sec.gov/Archives/edgar/data/821026/000095012311020452/l41353e10vk.htm,1620587956,15:19:16,20210509
41,2010-12-31,ANDE,USD,2011-03-01,2011-03-01 13:35:16,Q4,1153969000,1071503000,82466000,0.0714629249139275,0.0,48677000,0.0,0.0,48677000.0,1120180000,5942000.0,10984000.0,44773000.0,0.03879913585200296,33789000.0,0.029280682583327628,13087000.0,40934000.0,0.03547235670975563,14856000.0,25834000.0,0.022387083188543194,0.9332755319533254,0.9332755319533254,27681000,27681000,https://www.sec.gov/Archives/edgar/data/821026/000095012311020452/0000950123-11-020452-index.htm,https://www.sec.gov/Archives/edgar/data/821026/000095012311020452/l41353e10vk.htm,1620587956,15:19:16,20210509
42,2010-09-30,ANDE,USD,2010-11-08,2010-11-08 17:30:47,Q3,706825000,653716000,53109000,0.0751374102500619,0.0,50143000,0.0,0.0,50143000.0,703859000,4625000.0,9116000.0,12082000.0,0.01709333993562763,2966000.0,0.00419622961836381,2465000.0,806000.0,0.0011403105436281966,438000.0,1394000.0,0.0019721996250840024,0.053333,0.053333,26137500,26137500,https://www.sec.gov/Archives/edgar/data/821026/000095012310102603/0000950123-10-102603-index.htm,https://www.sec.gov/Archives/edgar/data/821026/000095012310102603/l40771e10vq.htm,1620587956,15:19:16,20210509
43,2010-06-30,ANDE,USD,2010-08-06,2010-08-06 15:21:13,Q2,810999000,723445000,87554000,0.10795820956622634,0.0,51107000,0.0,0.0,51107000.0,774552000,4663000.0,9063000.0,45510000.0,0.05611597548209061,36447000.0,0.04494086922425305,8548000.0,40332000.0,0.04973125737516323,14553000.0,25169000.0,0.031034563544467996,0.913333,0.906667,27557299,27759926,https://www.sec.gov/Archives/edgar/data/821026/000095012310074233/0000950123-10-074233-index.htm,https://www.sec.gov/Archives/edgar/data/821026/000095012310074233/l40318e10vq.htm,1620587956,15:19:16,20210509
44,2010-03-31,ANDE,USD,2010-05-07,2010-05-07 14:24:07,Q1,721998000,663448000,58550000,0.08109440746373259,0.0,45403000,0.0,0.0,45403000.0,708851000,4635000.0,9750000.0,22897000.0,0.03171338424760179,13147000.0,0.018209191715212507,13559000.0,22071000.0,0.03056933675716553,9415000.0,12265000.0,0.016987581683051752,0.446667,0.44,27458955,27875000,https://www.sec.gov/Archives/edgar/data/821026/000095012310046240/0000950123-10-046240-index.htm,https://www.sec.gov/Archives/edgar/data/821026/000095012310018173/l38962e10vk.htm,1620587956,15:19:16,20210509
45,2009-12-31,ANDE,USD,2010-02-26,2010-02-26 16:23:26,Q4,915958000,846170000,69788000,0.0761912664117787,0.0,54560000,0.0,0.0,54560000.0,900730000,4714000.0,10606000.0,25834000.0,0.02820434998111267,15228000.0,0.016625216440055112,17003000.0,27517000.0,0.03004177047419205,9127000.0,16231000.0,0.01772024481471858,0.591100426072296,0.591100426072296,27458955,27458955,https://www.sec.gov/Archives/edgar/data/821026/000095012310018173/0000950123-10-018173-index.htm,https://www.sec.gov/Archives/edgar/data/821026/000095012310018173/l38962e10vk.htm,1620587956,15:19:16,20210509
46,2009-09-30,ANDE,USD,2009-11-06,2009-11-06 15:38:22,Q3,601000000,549990000,51010000,0.08487520798668885,0.0,51303000,0.0,0.0,51303000.0,601293000,5123000.0,9202000.0,8909000.0,0.014823627287853577,-293000.0,-0.00048752079866888517,7718000.0,2302000.0,0.0038302828618968386,685000.0,1250000.0,0.0020798668885191347,0.046667,0.046667,26785714,26785714,https://www.sec.gov/Archives/edgar/data/821026/000095012309059272/0000950123-09-059272-index.htm,https://www.sec.gov/Archives/edgar/data/821026/000095012309059272/l38000e10vq.htm,1620587956,15:19:16,20210509
47,2009-06-30,ANDE,USD,2009-08-07,2009-08-07 16:12:34,Q2,810954000,737620000,73334000,0.09042929685284246,0.0,46723000,0.0,0.0,46723000.0,784343000,5161000.0,8318000.0,34929000.0,0.04307149357423479,26611000.0,0.03281443830352893,3508000.0,24958000.0,0.030776098274378078,9312000.0,15918000.0,0.019628733565652305,0.58,0.58,26975862,26975862,https://www.sec.gov/Archives/edgar/data/821026/000095012309032102/0000950123-09-032102-index.htm,https://www.sec.gov/Archives/edgar/data/821026/000095012309032102/l37265e10vq.htm,1620587956,15:19:16,20210509
48,2009-03-31,ANDE,USD,2009-05-08,2009-05-08 16:41:16,Q1,697392000,636018000,61374000,0.08800502443389084,0.0,46530000,0.0,0.0,46530000.0,682548000,5690000.0,7894000.0,22738000.0,0.032604331566751556,14844000.0,0.021285016174547457,-2435000.0,6719000.0,0.009634466698786336,2806000.0,3913000.0,0.005610904627526556,0.1436727800113822,0.14296414022396375,27235500,27370500,https://www.sec.gov/Archives/edgar/data/821026/000095015209004996/0000950152-09-004996-index.htm,https://www.sec.gov/Archives/edgar/data/821026/000095015209001956/l35666ae10vk.htm,1620587956,15:19:16,20210509
49,2008-12-31,ANDE,USD,2009-02-27,2009-02-27 16:37:05,Q4,770065000,757839000,12226000,0.015876581846986943,0.0,41684000,0.0,0.0,50394000.0,808233000,0.0,7937000.0,-30231000.0,-0.03925772499724049,-38168000.0,-0.04956464714017648,-9113000.0,-54968000.0,-0.07138098731925227,-21579000.0,-33389000.0,-0.04335867751423581,-1.2259367369793102,-1.2259367369793102,27235500,27235500,https://www.sec.gov/Archives/edgar/data/821026/000095015209001956/0000950152-09-001956-index.htm,https://www.sec.gov/Archives/edgar/data/821026/000095015209001956/l35666ae10vk.htm,1620587956,15:19:16,20210509
50,2008-09-30,ANDE,USD,2008-11-07,2008-11-07 16:00:56,Q3,905712000,832687000,73025000,0.08062717508435352,0.0,48572000,0.0,0.0,48572000.0,881259000,0.0,7930000.0,32383000.0,0.03575419117776953,24453000.0,0.02699864857703111,660000.0,19457000.0,0.021482546328192628,6617000.0,12840000.0,0.014176691928560073,0.473333,0.466667,27127500,27570000,https://www.sec.gov/Archives/edgar/data/821026/000095015208008955/0000950152-08-008955-index.htm,https://www.sec.gov/Archives/edgar/data/821026/000095015208008955/l34460ae10vq.htm,1620587956,15:19:16,20210509
51,2008-06-30,ANDE,USD,2008-08-08,2008-08-08 15:42:50,Q2,1100700000,980363000,120337000,0.10932770055419279,0.0,49973000,0.0,0.0,49973000.0,1030336000,0.0,7055000.0,77419000.0,0.07033614972290361,70364000.0,0.06392659216861997,9936000.0,72461000.0,0.06583174343599528,26835000.0,45626000.0,0.04145180339783774,1.686667,1.653333,27097500,27570000,https://www.sec.gov/Archives/edgar/data/821026/000095015208006240/0000950152-08-006240-index.htm,https://www.sec.gov/Archives/edgar/data/821026/000095015208006240/l32819ae10vq.htm,1620587956,15:19:16,20210509
52,2008-03-31,ANDE,USD,2008-05-09,2008-05-09 07:54:03,Q1,713001000,660760000,52241000,0.07326918195065645,0.0,41291000,0.0,0.0,41291000.0,702051000,0.0,6845000.0,17795000.0,0.024957889259622355,10950000.0,0.015357622219323675,11523000.0,12416000.0,0.01741372031736281,4593000.0,7823000.0,0.010971934120709508,0.286667,0.28,27039000,27612000,https://www.sec.gov/Archives/edgar/data/821026/000095015208003692/0000950152-08-003692-index.htm,https://www.sec.gov/Archives/edgar/data/821026/000095015208001522/l30351ae10vk.htm,1620587956,15:19:16,20210509
53,2007-12-31,ANDE,USD,2008-02-28,2008-02-28 16:51:07,Q4,784634000,715395000,69239000,0.08824369068890718,0.0,46226000,0.0,0.0,46226000.0,761621000,0.0,6796000.0,29809000.0,0.03799096139091602,23013000.0,0.02932959825855112,17280000.0,34922000.0,0.04450737541325,11430000.0,23492000.0,0.029940073970794026,0.8688191131328822,0.8688191131328822,27039000,27039000,https://www.sec.gov/Archives/edgar/data/821026/000095015208001522/0000950152-08-001522-index.htm,https://www.sec.gov/Archives/edgar/data/821026/000095015208001522/l30351ae10vk.htm,1620587956,15:19:16,20210509
54,2007-09-30,ANDE,USD,2007-11-07,2007-11-07 17:17:26,Q3,553708000,502962000,50746000,0.09164758320269889,0.0,41430000,0.0,0.0,41430000.0,544392000,0.0,6710000.0,16026000.0,0.028943053017113713,9316000.0,0.016824752396570032,11718000.0,17409000.0,0.03144075938942548,6844000.0,10565000.0,0.019080453957681667,0.393333,0.386667,26817000,27466500,https://www.sec.gov/Archives/edgar/data/821026/000095015207008703/0000950152-07-008703-index.htm,https://www.sec.gov/Archives/edgar/data/821026/000095015207008703/l28692ae10vq.htm,1620587956,15:19:16,20210509
55,2007-06-30,ANDE,USD,2007-08-08,2007-08-08 17:23:16,Q2,634214000,559601000,74613000,0.11764640957153263,0.0,42477000,0.0,0.0,42477000.0,602078000,0.0,6419000.0,38555000.0,0.06079178321512928,32136000.0,0.05067059383741135,10984000.0,39363000.0,0.06206580113337139,13875000.0,25488000.0,0.04018832759920153,0.953333,0.933333,26688000,27367500,https://www.sec.gov/Archives/edgar/data/821026/000095015207006591/0000950152-07-006591-index.htm,https://www.sec.gov/Archives/edgar/data/821026/000095015207006591/l27430ae10vq.htm,1620587956,15:19:16,20210509
56,2007-03-31,ANDE,USD,2007-05-10,2007-05-10 17:02:39,Q1,409144000,363123000,46021000,0.11248118022016698,0.0,39620000,0.0,0.0,39620000.0,402743000,0.0,6328000.0,12729000.0,0.03111129577850341,6401000.0,0.01564485853391471,12705000.0,14167000.0,0.03462595076550066,4928000.0,9239000.0,0.02258129167236963,0.346667,0.34,26593500,27363000,https://www.sec.gov/Archives/edgar/data/821026/000095015207004287/0000950152-07-004287-index.htm,https://www.sec.gov/Archives/edgar/data/821026/000095015207002024/l24208ae10vk.htm,1620587956,15:19:16,20210509
57,2006-12-31,ANDE,USD,2007-03-12,2007-03-12 16:55:48,Q4,463415000,402865000,60550000,0.1306604231628238,0.0,42885000,0.0,0.0,42885000.0,445750000,0.0,6474000.0,24139000.0,0.0520893799294369,17665000.0,0.03811918043222597,5062000.0,18941000.0,0.0408726519426432,5163000.0,13778000.0,0.02973145021201299,0.518096527346908,0.518096527346908,26593500,26593500,https://www.sec.gov/Archives/edgar/data/821026/000095015207002024/0000950152-07-002024-index.htm,https://www.sec.gov/Archives/edgar/data/821026/000095015207002024/l24208ae10vk.htm,1620587956,15:19:16,20210509
58,2006-09-30,ANDE,USD,2006-11-09,2006-11-09 15:31:45,Q3,335871000,284327000,51544000,0.1534636809965731,0.0,40310000,0.0,0.0,40310000.0,324637000,0.0,6171000.0,17405000.0,0.05182049060502395,11234000.0,0.033447365208666424,5869000.0,13285000.0,0.03955387633942793,4898000.0,8387000.0,0.024970896564454805,0.346667,0.34,24120000,24886500,https://www.sec.gov/Archives/edgar/data/821026/000095015206009132/0000950152-06-009132-index.htm,https://www.sec.gov/Archives/edgar/data/821026/000095015206009132/l22639ae10vq.htm,1620587956,15:19:16,20210509
59,2006-06-30,ANDE,USD,2006-08-07,2006-08-07 16:41:50,Q2,378109000,323342000,54767000,0.14484447606378054,0.0,38581000,0.0,0.0,38581000.0,361923000,0.0,6045000.0,22231000.0,0.05879521513637602,16186000.0,0.042807761782977925,4561000.0,16246000.0,0.04296644618350793,5899000.0,10347000.0,0.027365124871399516,0.453333,0.44,22830000,23664000,https://www.sec.gov/Archives/edgar/data/821026/000095015206006627/0000950152-06-006627-index.htm,https://www.sec.gov/Archives/edgar/data/821026/000095015206006627/l21325ae10vq.htm,1620587956,15:19:16,20210509
60,2006-03-31,ANDE,USD,2006-05-10,2006-05-10 13:11:00,Q1,280658000,239173000,41485000,0.14781335290638428,0.0,37906000,0.0,0.0,37906000.0,277079000,0.0,6047000.0,9626000.0,0.03429797119626022,3579000.0,0.012752175245316364,6612000.0,5997000.0,0.0213676431813809,2162000.0,3835000.0,0.013664317425478696,0.17,0.163333,22635000,23457000,https://www.sec.gov/Archives/edgar/data/821026/000095015206004220/0000950152-06-004220-index.htm,https://www.sec.gov/Archives/edgar/data/821026/000095015206002076/l17951ae10vk.htm,1620587956,15:19:16,20210509
61,2005-12-31,ANDE,USD,2006-03-14,2006-03-14 17:10:44,Q4,384171000,315548000,68623000,0.1786261846937952,0.0,44349000,0.0,0.0,44349000.0,359897000,0.0,5805000.0,30079000.0,0.0782958630401566,24274000.0,0.06318540441626255,2102000.0,23268000.0,0.06056677885629056,7932000.0,15336000.0,0.039919723248241015,0.6775347912524851,0.6775347912524851,22635000,22635000,https://www.sec.gov/Archives/edgar/data/821026/000095015206002076/0000950152-06-002076-index.htm,https://www.sec.gov/Archives/edgar/data/821026/000095015206002076/l17951ae10vk.htm,1620587956,15:19:16,20210509
62,2005-09-30,ANDE,USD,2005-11-08,2005-11-08 14:00:55,Q3,288708000,252162000,36546000,0.12658464607839062,0.0,36654000,0.0,0.0,36654000.0,288816000,0.0,5845000.0,5737000.0,0.019871288637654656,-108000.0,-0.00037408038571844215,1933000.0,-1005000.0,-0.0034810258115466146,-369000.0,-636000.0,-0.002202917827008604,-0.03,-0.03,22335000,22335000,https://www.sec.gov/Archives/edgar/data/821026/000095015205008913/0000950152-05-008913-index.htm,https://www.sec.gov/Archives/edgar/data/821026/000095015205008913/l16604ae10vq.htm,1620587956,15:19:16,20210509
63,2005-06-30,ANDE,USD,2005-08-09,2005-08-09 11:58:13,Q2,365116000,312098000,53018000,0.14520864601934727,0.0,35855000,0.0,0.0,35855000.0,347953000,0.0,5748000.0,22911000.0,0.06274992057318769,17163000.0,0.04700697860406008,1444000.0,15416000.0,0.04222219787683914,5063000.0,10353000.0,0.028355371991367128,0.466667,0.45,22197000,23088000,https://www.sec.gov/Archives/edgar/data/821026/000095015205006753/0000950152-05-006753-index.htm,https://www.sec.gov/Archives/edgar/data/821026/000095015205006753/l14954ae10vq.htm,1620587956,15:19:16,20210509
64,2005-03-31,ANDE,USD,2005-05-10,2005-05-10 16:12:07,Q1,258980000,219021000,39959000,0.1542937678585219,0.0,36901000,0.0,0.0,36901000.0,255922000,0.0,5490000.0,8548000.0,0.033006409761371536,3058000.0,0.011807861610935208,1525000.0,1633000.0,0.00630550621669627,599000.0,1034000.0,0.0039925863001003935,0.0467471404674714,0.04509573029787605,22119000,22929000,https://www.sec.gov/Archives/edgar/data/821026/000095015205004260/0000950152-05-004260-index.htm,https://www.sec.gov/Archives/edgar/data/821026/000095015205002095/l12556ae10vk.htm,1620587956,15:19:16,20210509
65,2004-12-31,ANDE,USD,2005-03-14,2005-03-14 15:59:07,Q4,373642000,317413000,56229000,0.15048897072598905,0.0,43215000,0.0,0.0,43215000.0,360628000,0.0,5526000.0,18540000.0,0.049619689435341854,13014000.0,0.03483013151626423,2322000.0,12665000.0,0.03389608234620305,4385000.0,8280000.0,0.022160249650735195,0.374338803743388,0.374338803743388,22119000,22119000,https://www.sec.gov/Archives/edgar/data/821026/000095015205002095/0000950152-05-002095-index.htm,https://www.sec.gov/Archives/edgar/data/821026/000095015205002095/l12556ae10vk.htm,1620587956,15:19:16,20210509
66,2004-09-30,ANDE,USD,2004-11-09,2004-11-08 17:39:41,Q3,250682000,209942000,40740000,0.162516654566343,0.0,38801000,0.0,0.0,38801000.0,248743000,0.0,5687000.0,7626000.0,0.0304210114806807,1939000.0,0.0077348991949960505,1892000.0,1361000.0,0.00542918917193895,313000.0,1048000.0,0.0041805953359236,0.048250460405156535,0.046746063606762124,21720000,22419000,https://www.sec.gov/Archives/edgar/data/821026/000095015204008062/0000950152-04-008062-index.htm,https://www.sec.gov/Archives/edgar/data/821026/000095015204008062/l09907ae10vq.htm,1620587956,15:19:16,20210509
67,2004-06-30,ANDE,USD,2004-08-05,2004-08-05 17:25:22,Q2,375899000,319831000,56068000,0.14915708740911787,0.0,38135000,0.0,0.0,38135000.0,357966000,0.0,5489000.0,23422000.0,0.06230929052750872,17933000.0,0.04770696383869071,1277000.0,16472000.0,0.04382028151178907,6410000.0,10062000.0,0.026767828592254836,0.463333,0.45,21705000,22416000,https://www.sec.gov/Archives/edgar/data/821026/000095015204005925/0000950152-04-005925-index.htm,https://www.sec.gov/Archives/edgar/data/821026/000095015204005925/l08580ae10vq.htm,1620587956,15:19:16,20210509
68,2004-03-31,ANDE,USD,2004-05-07,2004-05-07 15:37:20,Q1,275050000,238988000,36062000,0.1311107071441556,0.0,34744000,0.0,0.0,34744000.0,273732000,0.0,4733000.0,6051000.0,0.02199963642974005,1318000.0,0.0047918560261770585,953000.0,-395000.0,-0.0014361025268133066,-149000.0,-246000.0,-0.0008943828394837302,-0.01,-0.01,21654000,21654000,https://www.sec.gov/Archives/edgar/data/821026/000095015204003743/0000950152-04-003743-index.htm,https://www.sec.gov/Archives/edgar/data/821026/000095015204001821/l05554ae10vk.htm,1620587956,15:19:16,20210509
69,2003-12-31,ANDE,USD,2004-03-11,2004-03-11 15:50:09,Q4,443136000,389892000,53244000,0.12015272963604853,0.0,42074000,0.0,0.0,42074000.0,431966000,0.0,3723000.0,14893000.0,0.033608192518775275,11170000.0,0.025206708549971115,1232000.0,10473000.0,0.023633827989601387,3735000.0,6738000.0,0.015205264298093588,0.3111665281241341,0.3111665281241341,21654000,21654000,https://www.sec.gov/Archives/edgar/data/821026/000095015204001821/0000950152-04-001821-index.htm,https://www.sec.gov/Archives/edgar/data/821026/000095015204001821/l05554ae10vk.htm,1620587956,15:19:16,20210509
70,2003-09-30,ANDE,USD,2003-11-12,2003-11-12,Q3,253027000,222789000,30238000,0.119505033059713,0.0,33748000,0.0,0.0,33748000.0,256537000,0.0,3656000.0,146000.0,0.0005770135202962529,-3510000.0,-0.013872037371505807,1519000.0,-3594000.0,-0.014204017753046118,-1245000.0,-2349000.0,-0.00928359424093081,-0.11,-0.11,21318000,21318000,https://www.sec.gov/Archives/edgar/data/821026/000095015203009588/0000950152-03-009588-index.htm,https://www.sec.gov/Archives/edgar/data/821026/000095015203009588/l03418ae10vq.htm,1620587956,15:19:16,20210509
71,2003-06-30,ANDE,USD,2003-08-19,2003-08-19 16:51:41,Q2,311891000,264108000,47783000,0.15320416427533978,0.0,34869000,0.0,0.0,34869000.0,298977000,0.0,4013000.0,16927000.0,0.0542721655963141,12914000.0,0.04140549102090153,1114000.0,11815000.0,0.03788182409880375,4022000.0,7793000.0,0.024986293288360356,0.363333,0.356667,21390000,21870000,https://www.sec.gov/Archives/edgar/data/821026/000095015203007819/0000950152-03-007819-index.htm,https://www.sec.gov/Archives/edgar/data/821026/000095015203007819/l01943be10vq.htm,1620587956,15:19:16,20210509
72,2003-03-31,ANDE,USD,2003-05-14,2003-05-14 11:54:27,Q1,237939000,204054000,33885000,0.1424104497371175,0.0,32087000,0.0,0.0,32087000.0,236141000,0.0,3747000.0,5545000.0,0.0233042922765919,1798000.0,0.0075565586137623505,1101000.0,596000.0,0.00250484367842178,207000.0,389000.0,0.0016348728035336787,0.018061939917351534,0.01765613652868555,21537000,22032000,https://www.sec.gov/Archives/edgar/data/821026/000095015203005468/0000950152-03-005468-index.htm,https://www.sec.gov/Archives/edgar/data/821026/000095015203005468/l00341ae10vq.htm,1620587956,15:19:16,20210509
73,2002-12-31,ANDE,USD,2003-03-19,2003-03-19,Q4,355183000,309385000,45798000,0.1289419820205359,0.0,39095000,0.0,0.0,39095000.0,348480000,0.0,3691000.0,10394000.0,0.0292637879628248,6703000.0,0.018871961777449934,1377000.0,5596000.0,0.015755258556856607,2562000.0,3034000.0,0.00854207549347801,0.14087384501091146,0.14087384501091146,21537000,21537000,https://www.sec.gov/Archives/edgar/data/821026/000095015203003111/0000950152-03-003111-index.htm,https://www.sec.gov/Archives/edgar/data/821026/000095015203003111/l99076ae10vk.htm,1620587956,15:19:16,20210509
74,2002-09-30,ANDE,USD,2002-11-13,2002-11-13,Q3,204722000,170247000,34475000,0.16839909731245298,0.0,33828000,0.0,0.0,33828000.0,204075000,0.0,3582000.0,4229000.0,0.020657281581852465,647000.0,0.003160383349127109,734000.0,-661000.0,-0.0032287687693555163,-577000.0,-84000.0,-0.0004103125213704438,-0.003333,-0.003333,21957000,21957000,https://www.sec.gov/Archives/edgar/data/821026/000095015202008417/0000950152-02-008417-index.htm,https://www.sec.gov/Archives/edgar/data/821026/000095015202008417/l96787ae10vq.htm,1620587956,15:19:16,20210509
75,2002-06-30,ANDE,USD,2002-06-30,2002-06-30,Q2,301098000,252015000,49083000,0.1630133710619134,0.0,34761000,0.0,0.0,34761000.0,286776000,0.0,3529000.0,17851000.0,0.05928634530950056,14322000.0,0.04756590877388757,838000.0,12587000.0,0.04180366525184492,3827000.0,8760000.0,0.02909351772512604,0.4,0.39,21897000,22527000,,,1620587956,15:19:16,20210509
76,2002-03-31,ANDE,USD,2002-03-31,2002-03-31,Q1,214831000,178811000,36020000,0.16766667752791728,0.0,31787000,0.0,0.0,31787000.0,210598000,0.0,3512000.0,7745000.0,0.036051594043690155,4233000.0,0.019703860243633367,792000.0,2312000.0,0.010761947763590915,703000.0,1609000.0,0.007489608110561325,0.07359129162092938,0.07254610216871815,21864000,22179000,,,1620587956,15:19:16,20210509
77,2001-12-31,ANDE,USD,2001-12-31,2001-12-31,Q4,300317000,255661000,44656000,0.14869621100370609,0.0,37816000,0.0,0.0,37816000.0,293477000,0.0,3658000.0,10498000.0,0.03495639607481428,6840000.0,0.022775933430341937,1314000.0,5528000.0,0.018407216374697402,1225000.0,4303000.0,0.014328193209175638,0.19680753750457372,0.19680753750457372,21864000,21864000,,,1620587956,15:19:16,20210509
78,2001-09-30,ANDE,USD,2001-11-14 00:00:00,2001-11-14 00:00:00,Q3,188830000,157516000,31314000,0.16583170047132342,0.0,33044000,0.0,0.0,33044000.0,190560000,0.0,3497000.0,1767000.0,0.009357623259016045,-1730000.0,-0.009161679817825558,812000.0,-3381000.0,-0.017904993909866017,-1476000.0,-1905000.0,-0.01008843933696976,-0.086667,-0.086667,21675000,21675000,https://www.sec.gov/Archives/edgar/data/821026/000095015201505785/0000950152-01-505785-index.html,https://www.sec.gov/Archives/edgar/data/821026/000095015201505785/l90920ae10-q.htm,1620587956,15:19:16,20210509
79,2001-06-30,ANDE,USD,2001-08-13 00:00:00,2001-08-13 00:00:00,Q2,275248000,226988000,48260000,0.17533279079230366,0.0,35473000,0.0,0.0,35473000.0,262461000,0.0,3570000.0,16357000.0,0.05942640818461896,12787000.0,0.04645628669418125,792000.0,10712000.0,0.03891763064581759,3438000.0,7274000.0,0.026427076672673373,0.333333,0.33,21915000,21957000,https://www.sec.gov/Archives/edgar/data/821026/000095015201503781/0000950152-01-503781-index.html,https://www.sec.gov/Archives/edgar/data/821026/000095015201503781/l89536ae10-q.htm,1620587956,15:19:16,20210509
80,2001-03-31,ANDE,USD,2001-05-14 00:00:00,2001-05-14 00:00:00,Q1,220232000,181578000,38654000,0.17551491154782228,0.0,33351000,0.0,0.0,36890000.0,218468000,0.0,3539000.0,5303000.0,0.024079152893312507,1764000.0,0.008009735188346833,922000.0,-928000.0,-0.004213738239674525,-298000.0,-815000.0,-0.003700642958334847,-0.036667,-0.036667,22113000,22113000,https://www.sec.gov/Archives/edgar/data/821026/000095015201501879/0000950152-01-501879-index.html,https://www.sec.gov/Archives/edgar/data/821026/000095015201501879/l88025ae10-q.htm,1620587956,15:19:16,20210509
81,2000-12-31,ANDE,USD,2000-12-31,2000-12-31,Q4,346610000,315526000,31084000,0.08968004385332218,0.0,21195000,0.0,0.0,24834000.0,340360000,0.0,3639000.0,9889000.0,0.02853062519834973,6250000.0,0.018031793658578807,3122000.0,5782000.0,0.016681572949424427,1409000.0,4373000.0,0.012616485387034419,0.1977569755347533,0.1977569755347533,22113000,22113000,,,1620587956,15:19:16,20210509
82,2000-09-30,ANDE,USD,2000-11-13 00:00:00,2000-11-13 00:00:00,Q3,168630000,129017000,39613000,0.23491075134910752,0.0,37709000,0.0,0.0,40925000.0,169942000,0.0,3216000.0,1904000.0,0.01129099211290992,-1312000.0,-0.007780347506374904,918000.0,-3363000.0,-0.019943070628002133,-1128000.0,-2235000.0,-0.01325386941825298,-0.1,-0.1,22389000,22389000,https://www.sec.gov/Archives/edgar/data/821026/000095015200007808/0000950152-00-007808-index.html,https://www.sec.gov/Archives/edgar/data/821026/000095015200007808/l84537ae10-q.htm,1620587956,15:19:16,20210509
83,2000-06-30,ANDE,USD,2000-08-11 00:00:00,2000-08-11 00:00:00,Q2,258101000,203938000,54163000,0.20985195717955374,0.0,39404000,0.0,0.0,42574000.0,246512000,0.0,3170000.0,14759000.0,0.05718304074761431,11589000.0,0.04490102711729129,1112000.0,10107000.0,0.03915908888380905,3389000.0,6718000.0,0.026028570210886438,0.297625376572745,0.29726979069870346,22572000,22599000,https://www.sec.gov/Archives/edgar/data/821026/000095015200005902/0000950152-00-005902-index.html,https://www.sec.gov/Archives/edgar/data/821026/000095015200005902/e10-q.txt,1620587956,15:19:16,20210509
84,2000-03-31,ANDE,USD,2000-05-12 00:00:00,2000-05-12 00:00:00,Q1,196948000,151726000,45222000,0.2296139082397384,0.0,39531000,0.0,0.0,42625000.0,194351000,0.0,3094000.0,5691000.0,0.028895952231045758,2597000.0,0.01318622174381055,1918000.0,1839000.0,0.009337490098909357,617000.0,1222000.0,0.00620468346974836,0.05310734463276836,0.05307966293110938,23010000,23022000,https://www.sec.gov/Archives/edgar/data/821026/000095015200004008/0000950152-00-004008-index.html,https://www.sec.gov/Archives/edgar/data/821026/000095015200004008/0000950152-00-004008-d1.html,1620587956,15:19:16,20210509
85,1999-12-31,ANDE,USD,1999-12-31,1999-12-31,Q4,341600000,292000000,49600000,0.1451990632318501,0.0,40800000,0.0,0.0,43800000.0,335800000,0.0,3000000.0,8800000.0,0.02576112412177986,5800000.0,0.016978922716627636,1600000.0,4500000.0,0.013173302107728338,1100000.0,3400000.0,0.009953161592505855,0.1477618426770969,0.1477618426770969,23010000,23010000,,,1620587956,15:19:16,20210509
86,1999-09-30,ANDE,USD,1999-09-30,1999-09-30,Q3,173900000,137200000,36700000,0.21104082806210467,0.0,35900000,0.0,0.0,38700000.0,175900000,0.0,2800000.0,800000.0,0.004600345025876941,-2000000.0,-0.011500862564692352,800000.0,-3700000.0,-0.02127659574468085,-1200000.0,-2500000.0,-0.01437607820586544,-0.106667,-0.106667,23437500,23437500,,,1620587956,15:19:16,20210509
87,1999-06-30,ANDE,USD,1999-06-30,1999-06-30,Q2,259200000,205700000,53500000,0.20640432098765432,0.0,38600000,0.0,0.0,41400000.0,247100000,0.0,2800000.0,14900000.0,0.057484567901234566,12100000.0,0.0466820987654321,1100000.0,11200000.0,0.043209876543209874,3700000.0,7500000.0,0.028935185185185185,0.306667,0.3,24456522,25000000,,,1620587956,15:19:16,20210509
88,1999-03-31,ANDE,USD,1999-03-31,1999-03-31,Q1,200000000,159200000,40800000,0.204,0.0,36700000,0.0,0.0,39400000.0,198600000,0.0,2700000.0,4100000.0,0.0205,1400000.0,0.007,800000.0,0.0,0.0,0.0,0.0,0.0,0.003333,0.003333,24495000,24495000,,,1620587956,15:19:16,20210509
89,1998-12-31,ANDE,USD,1998-12-31,1998-12-31,Q4,365500000,317500000,48000000,0.13132694938440492,0.0,38500000,0.0,0.0,41200000.0,358700000,0.0,2700000.0,9500000.0,0.025991792065663474,6800000.0,0.018604651162790697,1800000.0,6200000.0,0.016963064295485636,1000000.0,5200000.0,0.014227086183310533,0.21228822208614004,0.21228822208614004,24495000,24495000,,,1620587956,15:19:16,20210509
90,1998-09-30,ANDE,USD,1998-09-30,1998-09-30,Q3,229200000,191300000,37900000,0.16535776614310646,0.0,36200000,0.0,0.0,38800000.0,230100000,0.0,2700000.0,1800000.0,0.007853403141361256,-900000.0,-0.003926701570680628,1600000.0,-1500000.0,-0.006544502617801047,-500000.0,-1000000.0,-0.004363001745200698,-0.04,-0.04,25000000,25000000,,,1620587956,15:19:16,20210509
91,1998-06-30,ANDE,USD,1998-06-30,1998-06-30,Q2,282800000,232500000,50300000,0.17786421499292787,0.0,37200000,0.0,0.0,39800000.0,272300000,0.0,2600000.0,13100000.0,0.04632248939179632,10500000.0,0.03712871287128713,1000000.0,9700000.0,0.0342998585572843,3300000.0,6400000.0,0.02263083451202263,0.266667,0.266667,24000000,24000000,,,1620587956,15:19:16,20210509
92,1998-03-31,ANDE,USD,1998-05-12,1998-05-12,Q1,221200000,185700000,35500000,0.1604882459312839,0.0,32700000,0.0,0.0,35300000.0,221000000,0.0,2600000.0,2800000.0,0.012658227848101266,200000.0,0.0009041591320072332,1000000.0,-1300000.0,-0.005877034358047016,-500000.0,-800000.0,-0.003616636528028933,-0.033333,-0.033333,24000000,24000000,https://www.sec.gov/Archives/edgar/data/821026/0000821026-98-000005-index.html,https://www.sec.gov/Archives/edgar/data/821026/,1620587956,15:19:16,20210509
93,1997-12-31,ANDE,USD,1997-12-31,1997-12-31,Q4,398600000,350700000,47900000,0.12017059708981435,0.0,35000000,0.0,0.0,37600000.0,388300000,0.0,2600000.0,12900000.0,0.03236327145007526,10300000.0,0.025840441545408932,300000.0,8500000.0,0.02132463622679378,3000000.0,5500000.0,0.013798294029101857,0.22916666666666666,0.22916666666666666,24000000,24000000,,,1620587956,15:19:16,20210509
94,1997-09-30,ANDE,USD,1997-09-30,1997-09-30,Q3,159900000,128500000,31400000,0.19637273295809882,0.0,31300000,0.0,0.0,33900000.0,162400000,0.0,2600000.0,100000.0,0.0006253908692933083,-2500000.0,-0.015634771732332707,2000000.0,-2400000.0,-0.0150093808630394,-900000.0,-1500000.0,-0.009380863039399626,-0.063333,-0.063333,23684211,23684211,,,1620587956,15:19:16,20210509
95,1997-06-30,ANDE,USD,1997-08-13 00:00:00,1997-08-13 00:00:00,Q2,249400000,204800000,44600000,0.17882919005613473,0.0,33600000,0.0,0.0,36100000.0,240900000,0.0,2500000.0,11000000.0,0.044105854049719326,8500000.0,0.03408179631114675,800000.0,7000000.0,0.028067361668003207,2700000.0,4300000.0,0.017241379310344827,0.173333,0.173333,24807692,24807692,https://www.sec.gov/Archives/edgar/data/821026/000082102697000006/0000821026-97-000006-index.html,https://www.sec.gov/Archives/edgar/data/821026/0000821026-97-000006.txt,1620587956,15:19:16,20210509
96,1997-03-31,ANDE,USD,1997-05-15 00:00:00,1997-05-15 00:00:00,Q1,185800000,157000000,28800000,0.155005382131324,0.0,31900000,0.0,0.0,34300000.0,191300000,0.0,2400000.0,-3100000.0,-0.016684607104413347,-5500000.0,-0.029601722282023683,900000.0,-6700000.0,-0.03606027987082885,-2600000.0,-4100000.0,-0.022066738428417654,-0.163333,-0.163333,25102041,25102041,https://www.sec.gov/Archives/edgar/data/821026/000082102697000005/0000821026-97-000005-index.html,https://www.sec.gov/Archives/edgar/data/821026/0000821026-97-000005.txt,1620587956,15:19:16,20210509
97,1996-12-31,ANDE,USD,1996-12-31,1996-12-31,Q4,320700000,276500000,44200000,0.1378235110695354,0.0,35200000,0.0,0.0,37600000.0,314100000,0.0,2400000.0,9000000.0,0.02806361085126286,6600000.0,0.0205799812909261,0.0,9200000.0,0.028687246647957593,3600000.0,5600000.0,0.017461802307452447,0.22308942926194728,0.22308942926194728,25102041,25102041,,,1620587956,15:19:16,20210509
98,1996-09-30,ANDE,USD,1996-11-13 00:00:00,1996-11-13 00:00:00,Q3,227700000,194200000,33500000,0.14712340799297322,0.0,31500000,0.0,0.0,33800000.0,228000000,0.0,2300000.0,2000000.0,0.00878348704435661,-300000.0,-0.0013175230566534915,0.0,-3000000.0,-0.013175230566534914,-1200000.0,-1800000.0,-0.007905138339920948,-0.07,-0.07,25714286,25714286,https://www.sec.gov/Archives/edgar/data/821026/000082102696000025/0000821026-96-000025-index.html,https://www.sec.gov/Archives/edgar/data/821026/0000821026-96-000025.txt,1620587956,15:19:16,20210509
99,1996-06-30,ANDE,USD,1996-08-20 00:00:00,1996-08-20 00:00:00,Q2,344400000,300800000,43600000,0.12659698025551683,0.0,35300000,0.0,0.0,37800000.0,338600000,0.0,2500000.0,8300000.0,0.024099883855981417,5800000.0,0.01684088269454123,800000.0,2300000.0,0.006678281068524971,900000.0,1400000.0,0.0040650406504065045,0.053333,0.053333,26250000,26250000,https://www.sec.gov/Archives/edgar/data/821026/000082102696000021/0000821026-96-000021-index.html,https://www.sec.gov/Archives/edgar/data/821026/0000821026-96-000021.txt,1620587956,15:19:16,20210509
100,1996-03-31,ANDE,USD,1996-05-14 00:00:00,1996-05-14 00:00:00,Q1,256100000,214500000,41600000,0.16243654822335024,0.0,31600000,0.0,0.0,34100000.0,248600000,0.0,2500000.0,10000000.0,0.03904724716907458,7500000.0,0.029285435376805936,600000.0,3500000.0,0.013666536509176102,2200000.0,1300000.0,0.005076142131979695,0.05,0.05,26000000,26000000,https://www.sec.gov/Archives/edgar/data/821026/000082102696000010/0000821026-96-000010-index.html,https://www.sec.gov/Archives/edgar/data/821026/0000821026-96-000010.txt,1620587956,15:19:16,20210509
101,1995-12-31,ANDE,USD,1995-12-31,1995-12-31,Q4,343900000,296000000,45000000,0.1308519918580983,0.0,34400000,0.0,0.0,38800000.00000001,334800000,0.0,2500000.000000001,11700000.0,0.034021517883105555,9200000.0,0.02675196277987787,0.0,9200000.0,0.02675196277987787,3700000.0,5500000.0,0.0159930212271009,0.21739,0.21739,25300000,25300000,,,1620587956,15:19:16,20210509
102,1995-09-30,ANDE,USD,1995-11-13 00:00:00,1995-11-13 00:00:00,Q3,283800000,252700000,30400000,0.10711768851303735,0.0,31300000,0.0,0.0,34600000.00000002,287300000,0.0,2300000.0,-1200000.0,-0.004228329809725159,-3500000.0,-0.01233262861169838,0.0,-3500000.0,-0.01233262861169838,-1500000.0,-2000000.0,-0.007047216349541931,-0.07905,-0.07905,25300000,25300000,https://www.sec.gov/Archives/edgar/data/821026/000082102695000016/0000821026-95-000016-index.html,https://www.sec.gov/Archives/edgar/data/821026/0000821026-95-000016.txt,1620587956,15:19:16,20210509
103,1995-06-30,ANDE,USD,1995-08-10 00:00:00,1995-08-10 00:00:00,Q2,262700000,224500000,37000000,0.14084507042253522,0.0,32300000,0.0,0.0,35500000.0,260000000,0.0,2300000.0,5000000.0,0.01903311762466692,2700000.0,0.010277883517320136,0.0,2700000.0,0.010277883517320136,1000000.0,1600000.0,0.006090597639893415,0.06324,0.06324,25300000,25300000,https://www.sec.gov/Archives/edgar/data/821026/000082102695000008/0000821026-95-000008-index.html,https://www.sec.gov/Archives/edgar/data/821026/0000821026-95-000008.txt,1620587956,15:19:16,20210509
104,1995-03-31,ANDE,USD,1995-05-12 00:00:00,1995-05-12 00:00:00,Q1,207300000,171000000,35700000,0.17221418234442837,0.0,31200000,0.0,0.0,34300000.00000001,205300000,0.0,2200000.0,4200000.0,0.020260492040520984,2000000.0,0.00964785335262904,0.0,2000000.0,0.00964785335262904,800000.0,1200000.0,0.005788712011577424,0.04743,0.04743,25300000,25300000,https://www.sec.gov/Archives/edgar/data/821026/000082102695000004/0000821026-95-000004-index.html,https://www.sec.gov/Archives/edgar/data/821026/0000821026-95-000004.txt,1620587956,15:19:16,20210509
