,date,symbol,reportedCurrency,fillingDate,acceptedDate,period,revenue,costOfRevenue,grossProfit,grossProfitRatio,researchAndDevelopmentExpenses,generalAndAdministrativeExpenses,sellingAndMarketingExpenses,otherExpenses,operatingExpenses,costAndExpenses,interestExpense,depreciationAndAmortization,ebitda,ebitdaratio,operatingIncome,operatingIncomeRatio,totalOtherIncomeExpensesNet,incomeBeforeTax,incomeBeforeTaxRatio,incomeTaxExpense,netIncome,netIncomeRatio,eps,epsdiluted,weightedAverageShsOut,weightedAverageShsOutDil,link,finalLink,timestamp,est_time,est_date
0,2016-11-09,VRTB,USD,2016-11-10 00:00:00,2016-11-09 18:38:08,Q3,1264000000.0,0.0,1264000000.0,1.0,0.0,0.0,0.0,3658000000.0,3658000000.0,3658000000.0,0.0,0.0,-2394000000.0,-1.893987341772152,-2394000000.0,-1.893987341772152,2000000.0,-2387000000.0,-1.8884493670886076,0.0,-2387000000.0,-1.8884493670886076,-0.00098,-0.00098,2437272000000.0,2437272000000.0,https://www.sec.gov/Archives/edgar/data/1327603/000164298516000066/0001642985-16-000066-index.html,https://www.sec.gov/Archives/edgar/data/1327603/000164298516000066/vrtb10q093016.htm,1620599635,18:33:55,20210509
1,2016-08-15,VRTB,USD,2016-11-10 00:00:00,2016-11-09 18:38:08,Q2,810000000.0,0.0,810000000.0,1.0,0.0,0.0,0.0,2798000000.0,2798000000.0,2798000000.0,0.0,-1000000.0,-1989000000.0,-2.4555555555555557,-1988000000.0,-2.454320987654321,5000000.0,-3920000000.0,-4.839506172839506,0.0,-3920000000.0,-4.839506172839506,-0.0016083555713108755,-0.0016083555713108755,2437272000000.0,2437272000000.0,https://www.sec.gov/Archives/edgar/data/1327603/000164298516000066/0001642985-16-000066-index.html,https://www.sec.gov/Archives/edgar/data/1327603/000164298516000066/vrtb10q093016.htm,1620599635,18:33:55,20210509
2,2016-05-17,VRTB,USD,2016-05-18 00:00:00,2016-05-17 18:11:23,Q1,1416000000.0,0.0,1416000000.0,1.0,0.0,0.0,0.0,3427000000.0,3427000000.0,3427000000.0,0.0,1000000.0,-2010000000.0,-1.4194915254237288,-2011000000.0,-1.4201977401129944,0.0,0.0,0.0,0.0,0.0,0.0,0.0,0.0,-5.0,-5.0,https://www.sec.gov/Archives/edgar/data/1327603/000132760316000038/0001327603-16-000038-index.html,https://www.sec.gov/Archives/edgar/data/1327603/000132760316000038/vrtb03311610q.htm,1620599635,18:33:55,20210509
3,2016-03-23,VRTB,USD,2016-03-30 00:00:00,2016-03-30 17:21:22,Q4,781000000.0,0.0,781000000.0,1.0,0.0,0.0,0.0,2796000000.0,2796000000.0,2796000000.0,0.0,-1000000.0,-2016000000.0,-2.581306017925736,-2015000000.0,-2.5800256081946222,-220000000.0,-18006000000.0,-23.0550576184379,0.0,-18006000000.0,-23.0550576184379,3601200000.0,3601200000.0,-5.0,-5.0,https://www.sec.gov/Archives/edgar/data/1327603/000132760316000032/0001327603-16-000032-index.html,https://www.sec.gov/Archives/edgar/data/1327603/000132760316000032/vrtb12311510k.htm,1620599635,18:33:55,20210509
4,2015-11-10,VRTB,USD,2015-11-16 00:00:00,2015-11-16 17:21:19,Q3,4434000000.0,0.0,4434000000.0,1.0,0.0,0.0,0.0,4509000000.0,4509000000.0,4509000000.0,0.0,1000000.0,-3600000000.0,-0.8119079837618404,-3601000000.0,-0.8121335137573297,0.0,2423000000.0,0.5464591790708164,0.0,2423000000.0,0.5464591790708164,0.94661,0.94661,2559655000.0,2559655000.0,https://www.sec.gov/Archives/edgar/data/1327603/000132760315000017/0001327603-15-000017-index.html,https://www.sec.gov/Archives/edgar/data/1327603/000132760315000017/vrtb09301510q.htm,1620599635,18:33:55,20210509
5,2015-08-12,VRTB,USD,2015-08-14 00:00:00,2015-08-14 17:04:53,Q2,1000000.0,0.0,1000000.0,1.0,0.0,0.0,0.0,6419000000.0,6419000000.0,6419000000.0,0.0,0.0,-2892000000.0,-2892.0,-2892000000.0,-2892.0,0.0,-2423000000.0,-2423.0,0.0,-2423000000.0,-2423.0,-0.94148,-0.94148,2573594000.0,2573594000.0,https://www.sec.gov/Archives/edgar/data/1327603/000132760315000011/0001327603-15-000011-index.html,https://www.sec.gov/Archives/edgar/data/1327603/000132760315000011/vrtb06301510q.htm,1620599635,18:33:55,20210509
6,2015-05-06,VRTB,USD,2015-05-12 00:00:00,2015-05-12 17:15:48,Q1,2526000000.0,0.0,2526000000.0,1.0,0.0,0.0,0.0,2774000000.0,2774000000.0,2774000000.0,0.0,0.0,-248000000.0,-0.09817893903404593,-248000000.0,-0.09817893903404593,1000000.0,-76000000.0,-0.030087094220110848,0.0,-76000000.0,-0.030087094220110848,-0.02846,-0.02846,2670143000.0,2670143000.0,https://www.sec.gov/Archives/edgar/data/1327603/000132760315000007/0001327603-15-000007-index.html,https://www.sec.gov/Archives/edgar/data/1327603/000132760315000007/vrtb03311510q.htm,1620599635,18:33:55,20210509
7,2015-03-23,VRTB,USD,2015-05-12 00:00:00,2015-05-12 17:15:48,Q4,2378000000.0,0.0,2378000000.0,1.0,0.0,0.0,0.0,3096000000.0,3096000000.0,3096000000.0,0.0,0.0,-718000000.0,-0.30193439865433136,-718000000.0,-0.30193439865433136,1840000000.0,1390000000.0,0.584524810765349,0.0,1390000000.0,0.584524810765349,0.5205713701475914,0.5205713701475914,2670143000.0,2670143000.0,https://www.sec.gov/Archives/edgar/data/1327603/000132760315000007/0001327603-15-000007-index.html,https://www.sec.gov/Archives/edgar/data/1327603/000132760315000007/vrtb03311510q.htm,1620599635,18:33:55,20210509
8,2014-11-10,VRTB,USD,2014-11-13 00:00:00,2014-11-13 17:16:02,Q3,1328000000.0,0.0,1328000000.0,1.0,0.0,0.0,0.0,2520000000.0,2520000000.0,2520000000.0,0.0,-85000000.0,-1277000000.0,-0.9615963855421686,-1192000000.0,-0.8975903614457831,0.0,-562000000.0,-0.42319277108433734,0.0,-562000000.0,-0.42319277108433734,-0.20744,-0.20744,2709174000.0,2709174000.0,https://www.sec.gov/Archives/edgar/data/1327603/000132760314000029/0001327603-14-000029-index.html,https://www.sec.gov/Archives/edgar/data/1327603/000132760314000029/vrtb09301410q.htm,1620599635,18:33:55,20210509
9,2014-08-08,VRTB,USD,2014-08-13 00:00:00,2014-08-13 14:03:46,Q2,770000000.0,0.0,770000000.0,1.0,0.0,0.0,0.0,2288000000.0,2288000000.0,2288000000.0,0.0,85000000.0,-1433000000.0,-1.861038961038961,-1518000000.0,-1.9714285714285715,-976000000.0,-551000000.0,-0.7155844155844155,0.0,-551000000.0,-0.7155844155844155,-0.20338,-0.20338,2709174000.0,2709174000.0,https://www.sec.gov/Archives/edgar/data/1327603/000132760314000025/0001327603-14-000025-index.html,https://www.sec.gov/Archives/edgar/data/1327603/000132760314000025/vrtb10q063014.htm,1620599635,18:33:55,20210509
10,2014-05-12,VRTB,USD,2014-05-14 00:00:00,2014-05-13 18:59:53,Q1,301000000.0,0.0,301000000.0,1.0,0.0,0.0,0.0,1895000000.0,1895000000.0,1895000000.0,0.0,0.0,-1594000000.0,-5.295681063122924,-1594000000.0,-5.295681063122924,976000000.0,-927000000.0,-3.079734219269103,0.0,-927000000.0,-3.079734219269103,463500000.0,463500000.0,-2.0,-2.0,https://www.sec.gov/Archives/edgar/data/1327603/000132760314000015/0001327603-14-000015-index.html,https://www.sec.gov/Archives/edgar/data/1327603/000132760314000015/vrtb10q033114.htm,1620599635,18:33:55,20210509
11,2014-03-27,VRTB,USD,2014-05-14 00:00:00,2014-05-13 18:59:53,Q4,205000000.0,0.0,205000000.0,1.0,0.0,0.0,0.0,9594000000.0,9594000000.0,9594000000.0,-4000.0,-22000.0,5936000.0,0.02895609756097561,5958000.0,0.029063414634146342,-655000.0,5303000.0,0.02586829268292683,0.0,5301000.0,0.025858536585365854,0.00045,0.00045,11736267000.0,11736267000.0,https://www.sec.gov/Archives/edgar/data/1327603/000132760314000015/0001327603-14-000015-index.html,https://www.sec.gov/Archives/edgar/data/1327603/000132760314000015/vrtb10q033114.htm,1620599635,18:33:55,20210509
12,2013-09-30,VRTB,USD,2013-11-14 00:00:00,2013-11-14 14:55:08,Q3,1346000.0,0.0,1346000.0,1.0,0.0,539000.0,0.0,7304000.0,561000.0,7304000.0,4000.0,22000.0,-1886978000.0,-1401.9153046062406,-1887000000.0,-1401.9316493313522,655000.0,-5341000000.0,-3968.0534918276376,0.0,-5341000000.0,-3968.0534918276376,-455.08508,-455.08508,11736267.0,11736267.0,https://www.sec.gov/Archives/edgar/data/1327603/000132760313000026/0001327603-13-000026-index.html,https://www.sec.gov/Archives/edgar/data/1327603/000132760313000026/vrtb10q093013.htm,1620599635,18:33:55,20210509
13,2013-08-16,VRTB,USD,2013-08-19 00:00:00,2013-08-19 14:09:18,Q2,552000000.0,0.0,552000000.0,1.0,0.0,0.0,0.0,4350000000.0,4350000000.0,4350000000.0,0.0,0.0,273000.0,-6.880434782608695,273000.0,0.0004945652173913044,-15000000.0,258000.0,0.0004673913043478261,0.0,425000.0,0.0007699275362318841,0.03524,0.03524,12059805.0,12059805.0,https://www.sec.gov/Archives/edgar/data/1327603/000132760313000018/0001327603-13-000018-index.html,https://www.sec.gov/Archives/edgar/data/1327603/000132760313000018/vrtb10q063013.htm,1620599635,18:33:55,20210509
14,2013-03-31,VRTB,USD,2013-05-15 00:00:00,2013-05-15 15:51:20,Q1,408000.0,0.0,408000.0,1.0,0.0,634000.0,0.0,681000.0,634000.0,681000.0,0.0,0.0,-273000000.0,-0.6691176470588235,-273000000.0,-669.1176470588235,15000.0,-258000.0,-0.6323529411764706,0.0,-425000.0,-1.0416666666666667,-0.036212536746139126,-0.035241034162658516,11736267.0,12059805.0,https://www.sec.gov/Archives/edgar/data/1327603/000132760313000012/0001327603-13-000012-index.html,https://www.sec.gov/Archives/edgar/data/1327603/000132760313000012/vrtb10q033113.htm,1620599635,18:33:55,20210509
15,2012-12-31,VRTB,USD,2013-03-29 00:00:00,2013-03-28 20:50:41,Q4,4358000000.0,0.0,4358000000.0,1.0,0.0,1012000.0,0.0,1484000.0,1461000.0,1484000.0,1000.0,0.0,598000.0,0.1372189077558513,598000.0,0.0001372189077558513,786000000.0,-11047000000.0,-2.5348783845800824,0.0,-11047000000.0,-2.5348783845800824,-941.2703374931739,-894.1733279760099,11736267.0,12354428.0,https://www.sec.gov/Archives/edgar/data/1327603/000132760313000008/0001327603-13-000008-index.html,https://www.sec.gov/Archives/edgar/data/1327603/000132760313000008/vrtb10k123112.htm,1620599635,18:33:55,20210509
16,2012-09-30,VRTB,USD,2012-11-14 00:00:00,2012-11-14 16:36:53,Q3,226000000.0,0.0,226000000.0,1.0,0.0,530000.0,0.0,609000.0,580000.0,609000.0,2000.0,0.0,-382000000.0,0.036641221374,-382000000.0,-1.6902654867256637,271000.0,273000.0,0.0012079646017699114,0.0,33000.0,0.00014601769911504425,0.002811796970876685,0.002651689282763851,11736267.0,12444897.0,https://www.sec.gov/Archives/edgar/data/1327603/000132830012000025/0001328300-12-000025-index.html,https://www.sec.gov/Archives/edgar/data/1327603/000132830012000025/vrtb10q093012.htm,1620599635,18:33:55,20210509
17,2012-06-30,VRTB,USD,2012-08-14 00:00:00,2012-08-14 16:28:49,Q2,1965000.0,0.0,1965000.0,1.0,0.0,740000.0,0.0,791000.0,740000.0,791000.0,0.0,0.0,706000.0,0.359287531807,706000.0,0.35928753180661577,521000.0,-479000000.0,-243.76590330788804,0.0,-479000000.0,-243.76590330788804,-40.81365906211916,-38.22396610755139,11736267.0,12531405.0,https://www.sec.gov/Archives/edgar/data/1327603/000132760312000027/0001327603-12-000027-index.html,https://www.sec.gov/Archives/edgar/data/1327603/000132760312000027/vrtb06301210q.htm,1620599635,18:33:55,20210509
18,2012-03-31,VRTB,USD,2012-05-15,2012-05-15 16:16:15,Q1,468000000.0,0.0,468000000.0,1.0,0.0,652000.0,0.0,1484000.0,1417000.0,1484000.0,0.0,0.0,-1016000000.0,-2.1709401709401708,-1016000000.0,-2.1709401709401708,-6000000.0,-1566000000.0,-3.3461538461538463,0.0,-1566000000.0,-3.3461538461538463,-124.96604,-124.96604,12531405.0,12531405.0,https://www.sec.gov/Archives/edgar/data/1327603/000132760312000009/0001327603-12-000009-index.htm,https://www.sec.gov/Archives/edgar/data/1327603/000132760312000009/vrtb0331201210q.htm,1620599635,18:33:55,20210509
19,2011-12-31,VRTB,USD,2012-03-16 00:00:00,2012-03-16 16:56:40,Q4,838000.0,0.0,838000.0,1.0,0.0,0.0,0.0,1110000.0,1671000.0,1110000.0,28000.0,0.0,-272000000.0,-0.324582338902148,-272000000.0,-324.58233890214797,-11000000.0,556000.0,0.6634844868735084,0.0,556000.0,0.6634844868735084,0.04279817550454122,0.044368528508974055,12991208.0,12531405.0,https://www.sec.gov/Archives/edgar/data/1327603/000132760312000003/0001327603-12-000003-index.html,https://www.sec.gov/Archives/edgar/data/1327603/000132760312000003/vrtb12311110k.htm,1620599635,18:33:55,20210509
20,2011-09-30,VRTB,USD,2011-11-14 00:00:00,2011-11-14 10:17:15,Q3,359000.0,0.0,359000.0,1.0,0.0,521000.0,0.0,1742000.0,1476000.0,1742000.0,59000.0,0.0,-1383000000.0,-3.852367688022284,-1383000000.0,-3852.3676880222843,2000000.0,-1403000000.0,-3908.0779944289693,0.0,-1403000000.0,-3908.0779944289693,-107.24380292487407,-111.95871492462338,13082341.0,12531405.0,https://www.sec.gov/Archives/edgar/data/1327603/000132760311000052/0001327603-11-000052-index.html,https://www.sec.gov/Archives/edgar/data/1327603/000132760311000052/vrtb09301110q.htm,1620599635,18:33:55,20210509
21,2011-06-30,VRTB,USD,2011-08-15 00:00:00,2011-08-15 14:43:18,Q2,385000000.0,2138000000.0,-1753000000.0,-4.5532467532467535,0.0,668000.0,0.0,1730000.0,668000.0,887000000.0,-1881000.0,-184000000.0,-147840000.0,-0.384,36160000.0,0.09392207792207792,92000000.0,21308000.0,0.055345454545454545,117000000.0,963000000.0,2.501298701298701,73.29038755089324,76.84692977363672,13139513.0,12531405.0,https://www.sec.gov/Archives/edgar/data/1327603/000132760311000028/0001327603-11-000028-index.html,https://www.sec.gov/Archives/edgar/data/1327603/000132760311000028/vrm210q063011.htm,1620599635,18:33:55,20210509
22,2011-03-31,VRTB,USD,2011-04-15 00:00:00,2011-04-15 14:52:08,Q1,505000000.0,0.0,505000000.0,1.0,0.0,274000.0,0.0,843000000.0,775000.0,843000000.0,-68000000.0,0.0,-338000000.0,-0.6693069306930693,-338000000.0,-0.6693069306930693,6000000.0,-322000000.0,-0.6376237623762376,0.0,-322000000.0,-0.6376237623762376,-0.02451,-0.02451,13139513000.0,13139513000.0,https://www.sec.gov/Archives/edgar/data/1327603/000132760311000014/0001327603-11-000014-index.html,https://www.sec.gov/Archives/edgar/data/1327603/000132760311000014/vrm212311010k.htm,1620599635,18:33:55,20210509
23,2010-12-31,VRTB,USD,2011-04-15,2011-04-15 14:52:08,Q4,270000000.0,0.0,270000000.0,1.0,0.0,5028000.0,0.0,4163000000.0,2904000.0,4163000000.0,-151000000.0,0.0,-3893000000.0,-14.41851851851852,-3893000000.0,-14.41851851851852,-2866000000.0,-5532000000.0,-20.488888888888887,0.0,-5532000000.0,-20.488888888888887,5532.0,5532.0,-1000000.0,-1000000.0,https://www.sec.gov/Archives/edgar/data/1327603/000132760311000014/0001327603-11-000014-index.htm,https://www.sec.gov/Archives/edgar/data/1327603/000132760311000014/vrm212311010k.htm,1620599635,18:33:55,20210509
24,2010-09-30,VRTB,USD,2010-11-10 00:00:00,2010-11-10 17:06:04,Q3,357000000.0,0.0,357000000.0,1.0,0.0,274000.0,0.0,4247000000.0,4045000.0,4247000000.0,-201000000.0,0.0,-3890000000.0,-10.896358543417367,-3890000000.0,-10.896358543417367,-195000000.0,-7268000000.0,-20.358543417366946,0.0,-7268000000.0,-20.358543417366946,7268.0,7268.0,-1000000.0,-1000000.0,https://www.sec.gov/Archives/edgar/data/1327603/000109181810000489/0001091818-10-000489-index.html,https://www.sec.gov/Archives/edgar/data/1327603/000109181810000489/vrm211101010q.htm,1620599635,18:33:55,20210509
25,2010-06-30,VRTB,USD,2010-08-16 00:00:00,2010-08-13 18:11:05,Q2,690000000.0,0.0,690000000.0,1.0,0.0,1270000.0,0.0,4850000000.0,4560000.0,4850000000.0,-290000000.0,0.0,-4160000000.0,-6.028985507246377,-4160000000.0,-6.028985507246377,195000000.0,-6172000000.0,-8.944927536231884,0.0,-6172000000.0,-8.944927536231884,-0.45392,-0.45392,13597235000.0,13597235000.0,https://www.sec.gov/Archives/edgar/data/1327603/000132760310000037/0001327603-10-000037-index.html,https://www.sec.gov/Archives/edgar/data/1327603/000132760310000037/form10q_06302010.htm,1620599635,18:33:55,20210509
26,2010-03-31,VRTB,USD,2010-05-13 00:00:00,2010-05-12 18:09:26,Q1,778000000.0,0.0,778000000.0,1.0,0.0,274000.0,0.0,3097000000.0,2774000.0,3097000000.0,-323000000.0,0.0,-2319000000.0,-2.980719794344473,-2319000000.0,-2.980719794344473,0.0,-2534000000.0,-3.2570694087403598,0.0,-2534000000.0,-3.2570694087403598,-0.1861,-0.1861,13616226000.0,13616226000.0,https://www.sec.gov/Archives/edgar/data/1327603/000132760310000027/0001327603-10-000027-index.html,https://www.sec.gov/Archives/edgar/data/1327603/000132760310000027/form10q_03312010.htm,1620599635,18:33:55,20210509
27,2009-12-31,VRTB,USD,2010-03-19 00:00:00,2010-03-19 16:18:33,Q4,760000000.0,0.0,760000000.0,1.0,0.0,1783000.0,0.0,12578000000.0,12189000.0,12578000000.0,-5871000000.0,0.0,-11818000000.0,-15.55,-11818000000.0,-15.55,10000000.0,-16641000000.0,-21.896052631578947,0.0,-16641000000.0,-21.896052631578947,4160.25,4160.25,-4000000.0,-4000000.0,https://www.sec.gov/Archives/edgar/data/1327603/000132760310000012/0001327603-10-000012-index.html,https://www.sec.gov/Archives/edgar/data/1327603/000132760310000012/form10-k_12312009.htm,1620599635,18:33:55,20210509
28,2009-09-30,VRTB,USD,2009-11-03 00:00:00,2009-11-03 17:01:31,Q3,1294000000.0,0.0,1294000000.0,1.0,0.0,274000.0,0.0,25408000000.0,23003000.0,25408000000.0,3076000000.0,0.0,-24114000000.0,-18.635239567233384,-24114000000.0,-18.635239567233384,4000000.0,-17442000000.0,-13.479134466769706,0.0,-17442000000.0,-13.479134466769706,8721.0,8721.0,-2000000.0,-2000000.0,https://www.sec.gov/Archives/edgar/data/1327603/000132760309000045/0001327603-09-000045-index.html,https://www.sec.gov/Archives/edgar/data/1327603/000132760309000045/form10q_09302009.htm,1620599635,18:33:55,20210509
29,2009-06-30,VRTB,USD,2009-08-14 00:00:00,2009-08-14 12:57:29,Q2,2376000000.0,0.0,2376000000.0,1.0,0.0,1222000.0,0.0,19518000000.0,18091000.0,19518000000.0,-1427000000.0,0.0,-17142000000.0,-7.2146464646464645,-17142000000.0,-7.2146464646464645,100000000.0,-14520000000.0,-6.111111111111111,0.0,-14520000000.0,-6.111111111111111,14520.0,14520.0,-1000000.0,-1000000.0,https://www.sec.gov/Archives/edgar/data/1327603/000123063409000013/0001230634-09-000013-index.html,https://www.sec.gov/Archives/edgar/data/1327603/000123063409000013/form10q_06302009.htm,1620599635,18:33:55,20210509
30,2009-03-31,VRTB,USD,2009-05-08 00:00:00,2009-05-08 14:24:02,Q1,2148000000.0,0.0,2148000000.0,1.0,0.0,274000.0,0.0,5813000000.0,4164000.0,5813000000.0,-1649000000.0,0.0,-3665000000.0,-1.7062383612662941,-3665000000.0,-1.7062383612662941,13000000.0,-6407000000.0,-2.9827746741154564,0.0,-6407000000.0,-2.9827746741154564,-0.46465,-0.46465,13788859000.0,13788859000.0,https://www.sec.gov/Archives/edgar/data/1327603/000132760309000016/0001327603-09-000016-index.html,https://www.sec.gov/Archives/edgar/data/1327603/000132760309000016/form10-q_03312009.htm,1620599635,18:33:55,20210509
31,2008-12-31,VRTB,USD,2009-03-27 00:00:00,2009-03-26 20:45:41,Q4,2548000000.0,0.0,2548000000.0,1.0,0.0,0.0,0.0,-50894000000.0,45093000.0,-364121252000.0,-1665000000.0,0.0,-44210000000.0,-17.350863422291994,-44210000000.0,-17.350863422291994,28000000.0,-64693000000.0,-25.389717425431712,0.0,-64693000000.0,-25.389717425431712,8086625000.0,8086625000.0,-8.0,-8.0,https://www.sec.gov/Archives/edgar/data/1327603/000132760309000002/0001327603-09-000002-index.html,https://www.sec.gov/Archives/edgar/data/1327603/000132760309000002/form10-k_12312008.htm,1620599635,18:33:55,20210509
32,2008-09-30,VRTB,USD,2008-11-10 00:00:00,2008-11-10 15:04:21,Q3,4280000000.0,0.0,4280000000.0,1.0,0.0,0.0,0.0,23924000000.0,22096000.0,23924000000.0,-1828000000.0,0.0,-20237000000.0,-4.728271028037383,-20237000000.0,-4.728271028037383,82000000.0,-40146000000.0,-9.379906542056075,0.0,-40146000000.0,-9.379906542056075,10036500000.0,10036500000.0,-4.0,-4.0,https://www.sec.gov/Archives/edgar/data/1327603/000132760308000055/0001327603-08-000055-index.html,https://www.sec.gov/Archives/edgar/data/1327603/000132760308000055/form10-q_09302008.htm,1620599635,18:33:55,20210509
33,2008-06-30,VRTB,USD,2008-08-11 00:00:00,2008-08-11 15:47:26,Q2,5323000000.0,0.0,5323000000.0,1.0,0.0,0.0,0.0,24867000000.0,23298000.0,24867000000.0,-1569000000.0,0.0,-18951000000.0,-3.560210407664851,-18951000000.0,-3.560210407664851,524000000.0,-28603000000.0,-5.373473605109901,0.0,-28603000000.0,-5.373473605109901,28603000000.0,28603000000.0,-1.0,-1.0,https://www.sec.gov/Archives/edgar/data/1327603/000132760308000042/0001327603-08-000042-index.html,https://www.sec.gov/Archives/edgar/data/1327603/000132760308000042/form10-q_06302008.htm,1620599635,18:33:55,20210509
34,2008-03-31,VRTB,USD,2008-05-07 00:00:00,2008-05-07 14:37:35,Q1,7156000000.0,0.0,7156000000.0,1.0,0.0,0.0,0.0,2103000000.0,-1221000.0,2103000000.0,-1359000000.0,0.0,5053000000.0,0.7061207378423701,5053000000.0,0.7061207378423701,69000000.0,3273000000.0,0.4573784237003913,0.0,3273000000.0,0.4573784237003913,0.22007,0.22007,14872330000.0,14872330000.0,https://www.sec.gov/Archives/edgar/data/1327603/000132760308000021/0001327603-08-000021-index.html,https://www.sec.gov/Archives/edgar/data/1327603/000132760308000021/form10-q_03312008.htm,1620599635,18:33:55,20210509
35,2007-12-31,VRTB,USD,2008-03-14,2008-03-14 16:07:22,Q4,5861000000.0,0.0,5861000000.0,1.0,0.0,0.0,0.0,4098000000.0,3852000.0,4098000000.0,-3367000000.0,0.0,1763000000.0,0.3008019109367002,1763000000.0,0.3008019109367002,81000000.0,4612000000.0,0.7868964340556219,0.0,4612000000.0,0.7868964340556219,4612000000.0,4612000000.0,1.0,1.0,https://www.sec.gov/Archives/edgar/data/1327603/000132760308000013/0001327603-08-000013-index.htm,https://www.sec.gov/Archives/edgar/data/1327603/000132760308000013/form10-k_12312007.htm,1620599635,18:33:55,20210509
36,2007-09-30,VRTB,USD,2007-11-07 00:00:00,2007-11-07 14:02:44,Q3,7732000000.0,0.0,7732000000.0,1.0,0.0,0.0,0.0,5176000000.0,3715000.0,5176000000.0,646000000.0,0.0,4593000000.0,0.5940248318675634,4593000000.0,0.5940248318675634,104000000.0,1541000000.0,0.19930160372478015,0.0,1541000000.0,0.19930160372478015,0.03971,0.03971,38807670000.0,38807670000.0,https://www.sec.gov/Archives/edgar/data/1327603/000132760307000072/0001327603-07-000072-index.html,https://www.sec.gov/Archives/edgar/data/1327603/000132760307000072/form10-q_09302007.htm,1620599635,18:33:55,20210509
37,2007-06-30,VRTB,USD,2007-08-08 00:00:00,2007-08-08 16:55:49,Q2,8582000000.0,0.0,8582000000.0,1.0,0.0,0.0,0.0,1447000000.0,-1122000.0,1447000000.0,-312000000.0,0.0,5098000000.0,0.5940340247028665,5098000000.0,0.5940340247028665,558000000.0,4392000000.0,0.5117688184572361,0.0,4392000000.0,0.5117688184572361,0.11305,0.11305,38849992000.0,38849992000.0,https://www.sec.gov/Archives/edgar/data/1327603/000132760307000059/0001327603-07-000059-index.html,https://www.sec.gov/Archives/edgar/data/1327603/000132760307000059/form10-q_06302007.htm,1620599635,18:33:55,20210509
38,2007-03-31,VRTB,USD,2007-04-20 00:00:00,2007-04-20 16:33:00,Q1,6835000000.0,0.0,6835000000.0,1.0,0.0,0.0,0.0,1158000000.0,824000.0,1158000000.0,-334000000.0,0.0,5677000000.0,0.8305779078273592,5677000000.0,0.8305779078273592,241000000.0,6383000000.0,0.9338697878566203,0.0,6383000000.0,0.9338697878566203,0.16428,0.16428,38853775000.0,38853775000.0,https://www.sec.gov/Archives/edgar/data/1327603/000132760307000034/0001327603-07-000034-index.html,https://www.sec.gov/Archives/edgar/data/1327603/000132760307000034/form10-q_03312007.htm,1620599635,18:33:55,20210509
39,2006-12-31,VRTB,USD,2007-03-14,2007-03-14 17:18:43,Q4,21564000000.0,0.0,21564000000.0,1.0,0.0,0.0,0.0,8895000000.0,8895000000.0,8895000000.0,-1207000000.0,0.0,3632000000.0,0.16842886291968096,3632000000.0,0.16842886291968096,-880000000.0,4713000000.0,0.21855870895937674,0.0,5165000000.0,0.23951956965312557,0.13301,0.13301,38832458000.0,38832458000.0,https://www.sec.gov/Archives/edgar/data/1327603/000132760307000015/0001327603-07-000015-index.htm,https://www.sec.gov/Archives/edgar/data/1327603/000132760307000015/form10-k_12312006.htm,1620599635,18:33:55,20210509
40,2006-09-30,VRTB,USD,2006-10-26,2006-10-26 15:34:33,Q2,1915000000.0,0.0,1915000000.0,1.0,0.0,0.0,0.0,1729000000.0,804000.0,1729000000.0,-239000000.0,0.0,9223000000.0,4.816187989556136,9223000000.0,4.816187989556136,1215000000.0,11138000000.0,5.816187989556136,0.0,10686000000.0,5.580156657963446,0.35808,0.35808,29842145000.0,29842145000.0,https://www.sec.gov/Archives/edgar/data/1327603/000132760306000053/0001327603-06-000053-index.htm,https://www.sec.gov/Archives/edgar/data/1327603/000132760306000053/form10q_09302006.htm,1620599635,18:33:55,20210509
41,2006-06-30,VRTB,USD,2006-07-28,2006-07-28 14:10:04,Q1,5306000000.0,0.0,5306000000.0,1.0,0.0,0.0,0.0,834000000.0,598000.0,834000000.0,-236000000.0,0.0,4738000000.0,0.89295137580098,4738000000.0,0.89295137580098,665000000.0,4738000000.0,0.89295137580098,0.0,4738000000.0,0.89295137580098,0.15879,0.15879,29838442000.0,29838442000.0,https://www.sec.gov/Archives/edgar/data/1327603/000132760306000039/0001327603-06-000039-index.htm,https://www.sec.gov/Archives/edgar/data/1327603/000132760306000039/form10-q_06302006.htm,1620599635,18:33:55,20210509
