,date,symbol,reportedCurrency,fillingDate,acceptedDate,period,revenue,costOfRevenue,grossProfit,grossProfitRatio,researchAndDevelopmentExpenses,generalAndAdministrativeExpenses,sellingAndMarketingExpenses,otherExpenses,operatingExpenses,costAndExpenses,interestExpense,depreciationAndAmortization,ebitda,ebitdaratio,operatingIncome,operatingIncomeRatio,totalOtherIncomeExpensesNet,incomeBeforeTax,incomeBeforeTaxRatio,incomeTaxExpense,netIncome,netIncomeRatio,eps,epsdiluted,weightedAverageShsOut,weightedAverageShsOutDil,link,finalLink,timestamp,est_time,est_date
0,2020-06-30,TEAM.OL,USD,2020-06-30,2020-06-30,Q2,69185000,55617000,13568000.0,0.19611187396111873,0.0,4374000.0,0.0,0.0,4374000.0,59991000,2555000.0,12487000.0,21681000.0,0.3133771771337718,9194000.0,0.13289007732890076,0.0,-2430000.0,-0.03512322035123221,0.0,-2430000.0,-0.03512322035123221,-0.01,-0.01,243000000,243000000,https://www.oslobors.no/ob_eng/,https://www.oslobors.no/ob_eng/,1620598682,18:18:02,20210509
1,2020-03-31,TEAM.OL,USD,2020-03-31,2020-03-31,Q1,79707000,71347000,8360000.0,0.10488413815599634,0.0,5051000.0,0.0,0.0,5051000.0,76398000,2658000.0,13215000.0,16524000.0,0.20730927020211526,3309000.0,0.041514547028491854,0.0,1368000.0,0.01716285897098122,0.0,1368000.0,0.01716285897098122,0.01,0.01,202651279,202651279,https://www.oslobors.no/ob_eng/,https://www.oslobors.no/ob_eng/,1620598682,18:18:02,20210509
2,2019-12-31,TEAM.OL,USD,2019-12-31,2019-12-31,Q4,80900000,76187000,4713000.0,0.058257107540173055,0.0,5208000.0,0.0,0.0,5208000.0,81395000,3409000.0,16325000.0,15830000.0,0.19567367119901113,-495000.0,-0.006118665018541409,0.0,-9696000.0,-0.11985166872682324,0.0,-9696000.0,-0.11985166872682324,-0.039901234567901234,-0.039901234567901234,243000000,243000000,https://www.oslobors.no/ob_eng/,https://www.oslobors.no/ob_eng/,1620598682,18:18:02,20210509
3,2019-09-30,TEAM.OL,USD,2019-09-30,2019-09-30,Q3,79990000,78657000,1333000.0,0.016664583072884112,0.0,5240000.0,0.0,-6391000.0,5240000.0,83897000,3957000.0,17317000.0,13410000.0,0.16764595574446806,-3907000.0,-0.04884360545068134,0.0,-15137000.0,-0.18923615451931491,0.0,-15137000.0,-0.18923615451931491,-0.07,-0.07,216242857,216242857,https://www.oslobors.no/ob_eng/,https://www.oslobors.no/ob_eng/,1620598682,18:18:02,20210509
4,2019-06-30,TEAM.OL,USD,2019-06-30,2019-06-30,Q2,81143000,81046000,97000.0,0.0011954204305978334,0.0,5612000.0,0.0,0.0,5612000.0,86658000,4131000.0,17305000.0,11790000.0,0.14529903996647894,-5515000.0,-0.06796642963656754,0.0,-17357000.0,-0.21390631354522263,0.0,-17357000.0,-0.21390631354522263,-0.08,-0.08,216962500,216962500,https://www.oslobors.no/ob_eng/,https://www.oslobors.no/ob_eng/,1620598682,18:18:02,20210509
5,2019-03-31,TEAM.OL,USD,2019-03-31,2019-03-31,Q1,83570000,80057000,3513000.0,0.042036616010530096,0.0,6427000.0,0.0,0.0,6427000.0,86484000,4093000.0,16890000.0,13976000.0,0.16723704678712456,-2914000.0,-0.034868972119181524,0.0,-7917000.0,-0.09473495273423477,0.0,-7917000.0,-0.09473495273423477,-0.04,-0.04,197925000,197925000,https://www.oslobors.no/ob_eng/,https://www.oslobors.no/ob_eng/,1620598682,18:18:02,20210509
6,2018-12-31,TEAM.OL,USD,2018-12-31,2018-12-31,Q4,88189000,88897000,-708000.0,-0.008028212135300321,0.0,7206000.0,0.0,0.0,10722000.0,99619000,3081000.0,10702000.0,-728000.0,-0.008254997788839877,-11430000.0,-0.12960800099785688,0.0,-36405000.0,-0.41280658585537877,0.0,-36405000.0,-0.41280658585537877,-0.14981481481481482,-0.14981481481481482,243000000,243000000,https://www.oslobors.no/ob_eng/,https://www.oslobors.no/ob_eng/,1620598682,18:18:02,20210509
7,2018-09-30,TEAM.OL,USD,2018-09-30,2018-09-30,Q3,78901000,83695000,-4794000.0,-0.06075968618902169,0.0,5793000.0,0.0,0.0,5793000.0,89488000,2984000.0,11312000.0,725000.0,0.009188730180859557,-10587000.0,-0.13418080886173814,0.0,-14540000.0,-0.1842815680409627,0.0,-14540000.0,-0.1842815680409627,-0.07,-0.07,207714286,207714286,https://www.oslobors.no/ob_eng/,https://www.oslobors.no/ob_eng/,1620598682,18:18:02,20210509
8,2018-06-30,TEAM.OL,USD,2018-06-30,2018-06-30,Q2,85911000,81759000,4152000.0,0.04832908475049761,0.0,8209000.0,0.0,0.0,8209000.0,89968000,2949000.0,10763000.0,6706000.0,0.07805752464760042,-4057000.0,-0.04722328921791156,0.0,4365000.0,0.05080839473408527,0.0,4365000.0,0.05080839473408527,0.02,0.02,218250000,218250000,https://www.oslobors.no/ob_eng/,https://www.oslobors.no/ob_eng/,1620598682,18:18:02,20210509
9,2018-03-31,TEAM.OL,USD,2018-03-31,2018-03-31,Q1,59737000,59958000,-221000.0,-0.003699549692820195,0.0,5600000.0,0.0,0.0,5600000.0,65558000,1302000.0,8372000.0,2551000.0,0.04270385188409194,-5821000.0,-0.09744379530274369,0.0,-7259000.0,-0.12151597837186333,0.0,-7259000.0,-0.12151597837186333,-0.04,-0.04,181475000,181475000,https://www.oslobors.no/ob_eng/,https://www.oslobors.no/ob_eng/,1620598682,18:18:02,20210509
10,2017-12-31,TEAM.OL,USD,2017-12-31,2017-12-31,Q4,60741000,60819000,-78000.0,-0.0012841408603743764,0.0,6178000.0,0.0,0.0,6178000.0,66997000,2513000.0,8339000.0,2083000.0,0.03429314630974136,-6256000.0,-0.10299468233977051,0.0,-11900000.0,-0.19591379792891128,0.0,-11900000.0,-0.19591379792891128,-0.04897119341563786,-0.04897119341563786,243000000,243000000,https://www.oslobors.no/ob_eng/,https://www.oslobors.no/ob_eng/,1620598682,18:18:02,20210509
11,2017-09-30,TEAM.OL,USD,2017-09-30,2017-09-30,Q3,60542000,59712000,830000.0,0.013709490931915034,0.0,4637000.0,0.0,0.0,4637000.0,64349000,1132000.0,8428000.0,4621000.0,0.0763271778269631,-3807000.0,-0.0628819662383139,0.0,-36293000.0,-0.5994681378216775,0.0,-36293000.0,-0.5994681378216775,-0.2,-0.2,185492417,185492417,https://www.oslobors.no/ob_eng/,https://www.oslobors.no/ob_eng/,1620598682,18:18:02,20210509
12,2017-06-30,TEAM.OL,USD,2017-06-30,2017-06-30,Q2,60596000,61268000,-672000.0,-0.011089840913591656,0.0,5319000.0,0.0,0.0,5319000.0,66587000,1180000.0,9122000.0,3131000.0,0.051670077232820646,-5991000.0,-0.09886791207340419,0.0,-7051000.0,-0.11636081589543865,0.0,-7051000.0,-0.11636081589543865,-0.04,-0.04,187050247,187050247,https://www.oslobors.no/ob_eng/,https://www.oslobors.no/ob_eng/,1620598682,18:18:02,20210509
13,2017-03-31,TEAM.OL,USD,2017-03-31,2017-03-31,Q1,63369000,62650000,719000.0,0.011346241853272104,0.0,5552000.0,0.0,0.0,5552000.0,68202000,1180000.0,9165000.0,4332000.0,0.06836150168063249,-4833000.0,-0.07626757562846187,0.0,-6555000.0,-0.10344174596411494,0.0,-6555000.0,-0.10344174596411494,-0.04,-0.04,187102222,187102222,https://www.oslobors.no/ob_eng/,https://www.oslobors.no/ob_eng/,1620598682,18:18:02,20210509
14,2016-12-31,TEAM.OL,USD,2016-12-31,2016-12-31,Q4,60238000,61981000,-1743000.0,-0.02893522361300176,0.0,5461000.0,0.0,0.0,5461000.0,67442000,1186000.0,9913000.0,2709000.0,0.04497161260334009,-7204000.0,-0.11959228394036987,0.0,-8948000.0,-0.14854410837013182,0.0,-8948000.0,-0.14854410837013182,-0.03682304526748971,-0.03682304526748971,243000000,243000000,https://www.oslobors.no/ob_eng/,https://www.oslobors.no/ob_eng/,1620598682,18:18:02,20210509
15,2016-09-30,TEAM.OL,USD,2016-09-30,2016-09-30,Q3,62965000,60150000,2815000.0,0.04470737711426983,0.0,5833000.0,0.0,0.0,5833000.0,65983000,1206000.0,8979000.0,5961000.0,0.09467164297625665,-3018000.0,-0.04793139045501469,0.0,-4163000.0,-0.06611609624394504,0.0,-4163000.0,-0.06611609624394504,-0.02,-0.02,187863785,187863785,https://www.oslobors.no/ob_eng/,https://www.oslobors.no/ob_eng/,1620598682,18:18:02,20210509
16,2016-06-30,TEAM.OL,USD,2016-06-30,2016-06-30,Q2,71312000,64343000,6969000.0,0.09772548799641013,0.0,6954000.0,0.0,0.0,6954000.0,71297000,1522000.0,9715000.0,9730000.0,0.13644267444469374,15000.0,0.0002103432802333408,0.0,-4439000.0,-0.062247588063719994,0.0,-4439000.0,-0.062247588063719994,-0.02,-0.02,187953279,187953279,https://www.oslobors.no/ob_eng/,https://www.oslobors.no/ob_eng/,1620598682,18:18:02,20210509
17,2016-03-31,TEAM.OL,USD,2016-03-31,2016-03-31,Q1,72024000,60324000,11700000.0,0.16244585138287237,0.0,6609000.0,0.0,0.0,6609000.0,66933000,2085000.0,9126000.0,14217000.0,0.19739253582139288,5091000.0,0.07068477174275242,0.0,4470000.0,0.06206264578473842,0.0,4470000.0,0.06206264578473842,0.02,0.02,223500000,223500000,https://www.oslobors.no/ob_eng/,https://www.oslobors.no/ob_eng/,1620598682,18:18:02,20210509
18,2015-12-31,TEAM.OL,USD,2015-12-31,2015-12-31,Q4,78383000,63802000,14581000.0,0.18602247936414784,0.0,6574000.0,0.0,0.0,6574000.0,70376000,2521000.0,9419000.0,17426000.0,0.22231861500580483,8007000.0,0.10215225240166873,0.0,4970000.0,0.06340660602426547,48000.0,4922000.0,0.0627942283403289,0.02025514403292181,0.02025514403292181,243000000,243000000,https://www.oslobors.no/ob_eng/,https://www.oslobors.no/ob_eng/,1620598682,18:18:02,20210509
19,2015-09-30,TEAM.OL,USD,2015-09-30,2015-09-30,Q3,79569000,63350000,16219000.0,0.2038356646432656,0.0,6750000.0,0.0,0.0,6750000.0,70100000,2515000.0,10101000.0,19570000.0,0.24595005592630295,9469000.0,0.11900363206776508,0.0,7392000.0,0.09290050145157033,0.0,7392000.0,0.09290050145157033,0.04,0.04,184800000,184800000,https://www.oslobors.no/ob_eng/,https://www.oslobors.no/ob_eng/,1620598682,18:18:02,20210509
20,2015-06-30,TEAM.OL,USD,2015-06-30,2015-06-30,Q2,79351000,66143000,13208000.0,0.16645032828823833,0.0,6101000.0,0.0,0.0,6101000.0,72244000,2525000.0,9781000.0,16888000.0,0.21282655543093346,7107000.0,0.08956408866932994,0.0,4578000.0,0.05769303474436365,0.0,4578000.0,0.05769303474436365,0.02,0.02,187482074,187482074,https://www.oslobors.no/ob_eng/,https://www.oslobors.no/ob_eng/,1620598682,18:18:02,20210509
21,2015-03-31,TEAM.OL,USD,2015-03-31,2015-03-31,Q1,82027000,71586000,10441000.0,0.12728735660209442,0.0,5780000.0,0.0,0.0,5780000.0,77366000,7225000.0,9653000.0,14314000.0,0.17450351713460202,4661000.0,0.05682275348360905,0.0,438549000.0,5.346398137198727,0.0,438549000.0,5.346398137198727,3.31,3.31,132573547,132573547,https://www.oslobors.no/ob_eng/,https://www.oslobors.no/ob_eng/,1620598682,18:18:02,20210509
22,2014-12-31,TEAM.OL,USD,2014-12-31,2014-12-31,Q4,84812000,83156000,1656000.0,0.01952553883884356,0.0,7811000.0,0.0,0.0,7811000.0,90967000,41753000.0,13073000.0,6918000.0,0.08156864594632834,-6155000.0,-0.07257227750789982,0.0,-114144000.0,-1.3458472857614487,-1000.0,-114143000.0,-1.3458354949771258,-0.46972427983539095,-0.46972427983539095,243000000,243000000,https://www.oslobors.no/ob_eng/,https://www.oslobors.no/ob_eng/,1620598682,18:18:02,20210509
23,2014-09-30,TEAM.OL,USD,2014-09-30,2014-09-30,Q3,86732000,90001000,-3269000.0,-0.03769081769127888,0.0,6042000.0,0.0,0.0,6042000.0,96043000,15696000.0,13562000.0,4251000.0,0.04901305169948808,-9311000.0,-0.10735368722040307,0.0,-23700000.0,-0.27325554581930545,0.0,-23700000.0,-0.27325554581930545,-2.1,-2.1,11270124,11270124,https://www.oslobors.no/ob_eng/,https://www.oslobors.no/ob_eng/,1620598682,18:18:02,20210509
24,2014-06-30,TEAM.OL,USD,2014-06-30,2014-06-30,Q2,90036000,93289000,-3253000.0,-0.03612999244746546,0.0,6086000.0,0.0,0.0,6086000.0,99375000,15480000.0,14154000.0,4815000.0,0.05347860855657737,-9339000.0,-0.10372517659602826,0.0,-24857000.0,-0.27607845750588655,0.0,-24857000.0,-0.27607845750588655,-2.21,-2.21,11270124,11270124,https://www.oslobors.no/ob_eng/,https://www.oslobors.no/ob_eng/,1620598682,18:18:02,20210509
25,2014-03-31,TEAM.OL,USD,2014-03-31,2014-03-31,Q1,87013000,89029000,-2016000.0,-0.023168951765828096,0.0,5972000.0,0.0,0.0,5972000.0,95001000,14975000.0,14999000.0,7011000.0,0.08057416707848253,-7988000.0,-0.09180237435785457,0.0,-25879000.0,-0.2974153287439808,1000.0,-25880000.0,-0.2974268212795789,-2.3,-2.3,11270124,11270124,https://www.oslobors.no/ob_eng/,https://www.oslobors.no/ob_eng/,1620598682,18:18:02,20210509
26,2013-12-31,TEAM.OL,USD,2013-12-31,2013-12-31,Q4,93484000,47081000,46403000.0,0.4963737110093706,0.0,-6948000.0,0.0,0.0,52105000.0,99186000,14785000.0,15080000.0,9378000.0,0.1003166317230756,-5702000.0,-0.06099439476274015,0.0,-21156000.0,-0.22630610585768687,-4000.0,-21153000.0,-0.22627401480467246,-0.08704938271604938,-0.08704938271604938,243000000,243000000,https://www.oslobors.no/ob_eng/,https://www.oslobors.no/ob_eng/,1620598682,18:18:02,20210509
27,2013-09-30,TEAM.OL,USD,2013-09-30,2013-09-30,Q3,93833000,91697000,2136000.0,0.022763846407980137,0.0,5648000.0,0.0,0.0,5648000.0,97345000,14329000.0,13554000.0,10042000.0,0.10701991836560698,-3512000.0,-0.03742819690300854,0.0,-18370000.0,-0.19577334200121493,9000.0,-18379000.0,-0.19586925708439462,-1.63,-1.63,11270124,11270124,https://www.oslobors.no/ob_eng/,https://www.oslobors.no/ob_eng/,1620598682,18:18:02,20210509
28,2013-06-30,TEAM.OL,USD,2013-06-30,2013-06-30,Q2,97627000,91302000,6325000.0,0.06478740512358261,0.0,5246000.0,0.0,0.0,5246000.0,96548000,14769000.0,14300000.0,15379000.0,0.15752814282934025,1079000.0,0.011052270376023026,0.0,-24396000.0,-0.24988988701895992,4000.0,-24400000.0,-0.24993085929097483,-2.16,-2.16,11270124,11270124,https://www.oslobors.no/ob_eng/,https://www.oslobors.no/ob_eng/,1620598682,18:18:02,20210509
29,2013-03-31,TEAM.OL,USD,2013-03-31,2013-03-31,Q1,95660000,93932000,1728000.0,0.018063976583734057,0.0,5559000.0,0.0,0.0,5559000.0,99491000,15004000.0,14291000.0,10460000.0,0.10934559899644575,-3831000.0,-0.04004808697470207,0.0,-10672000.0,-0.11156178130880201,-9000.0,-10663000.0,-0.11146769809742839,-0.95,-0.95,11270124,11270124,https://www.oslobors.no/ob_eng/,https://www.oslobors.no/ob_eng/,1620598682,18:18:02,20210509
30,2012-12-31,TEAM.OL,USD,2012-12-31,2012-12-31,Q4,91662000,263321000,-171659000.0,-1.8727389758024044,0.0,-7523000.0,0.0,0.0,-160998000.0,102323000,15010000.0,15769000.0,5108000.0,0.05572647334773407,-10661000.0,-0.1163077393030918,0.0,-72804000.0,-0.7942658898998495,4000.0,-72808000.0,-0.7943095284850865,-0.29962139917695474,-0.29962139917695474,243000000,243000000,https://www.oslobors.no/ob_eng/,https://www.oslobors.no/ob_eng/,1620598682,18:18:02,20210509
31,2012-09-30,TEAM.OL,USD,2012-09-30,2012-09-30,Q3,98631000,51937000,46694000.0,0.4734211353428435,0.0,4888000.0,0.0,0.0,56800000.0,108737000,10686000.0,16300000.0,6194000.0,0.06279972828015533,-10106000.0,-0.10246271456235868,0.0,-33821000.0,-0.342904360697955,10000.0,-33831000.0,-0.34300574869969885,-0.03,-0.03,1127012323,1127012323,https://www.oslobors.no/ob_eng/,https://www.oslobors.no/ob_eng/,1620598682,18:18:02,20210509
32,2012-06-30,TEAM.OL,USD,2012-06-30,2012-06-30,Q2,103998000,53851000,50147000.0,0.4821919652301006,0.0,39803000.0,0.0,0.0,56341000.0,110192000,10538000.0,16538000.0,10344000.0,0.09946345122021577,-6194000.0,-0.05955883766995519,0.0,-12852000.0,-0.12357929960191542,-13000.0,-12839000.0,-0.12345429719802303,-0.01,-0.01,1128022323,1128022323,https://www.oslobors.no/ob_eng/,https://www.oslobors.no/ob_eng/,1620598682,18:18:02,20210509
33,2012-03-31,TEAM.OL,USD,2012-03-31,2012-03-31,Q1,105598000,54586000,51012000.0,0.483077331010057,0.0,40505000.0,0.0,0.0,56678000.0,111264000,10742000.0,16173000.0,10507000.0,0.09949999053012368,-5666000.0,-0.05365631924847061,0.0,-16838000.0,-0.1594537775336654,0.0,-16838000.0,-0.1594537775336654,-0.01,-0.01,1128022323,1128022323,https://www.oslobors.no/ob_eng/,https://www.oslobors.no/ob_eng/,1620598682,18:18:02,20210509
34,2011-12-31,TEAM.OL,USD,2011-12-31,2011-12-31,Q4,110952000,56415000,54537000.0,0.4915368808133247,0.0,-110000000.0,0.0,-1955000.0,64272000.0,120687000,10943000.0,19059000.0,9324000.0,0.08403634003893576,-9735000.0,-0.0877406446030716,0.0,-77549000.0,-0.6989418847790035,2501000.0,-80050000.0,-0.7214831638906914,-0.3294238683127572,-0.3294238683127572,243000000,243000000,https://www.oslobors.no/ob_eng/,https://www.oslobors.no/ob_eng/,1620598682,18:18:02,20210509
35,2011-09-30,TEAM.OL,USD,2011-09-30,2011-09-30,Q3,109086000,58831000,50255000.0,0.46069156445373377,0.0,44355000.0,0.0,2570000.0,62142000.0,120973000,10871000.0,19014000.0,7127000.0,0.06533377335313423,-11887000.0,-0.10896907027482904,0.0,-19488000.0,-0.17864803916176228,2000.0,-19490000.0,-0.17866637332013274,-0.02,-0.02,1128022323,1128022323,https://www.oslobors.no/ob_eng/,https://www.oslobors.no/ob_eng/,1620598682,18:18:02,20210509
36,2011-06-30,TEAM.OL,USD,2011-06-30,2011-06-30,Q2,111835000,58336000,53499000.0,0.4783743908436536,0.0,46797000.0,0.0,0.0,64343000.0,122679000,11065000.0,19497000.0,8653000.0,0.07737291545580542,-10844000.0,-0.09696427773058523,0.0,-27393000.0,-0.24494120802968658,9000.0,-27402000.0,-0.24502168373049582,-0.03,-0.03,954912900,954912900,https://www.oslobors.no/ob_eng/,https://www.oslobors.no/ob_eng/,1620598682,18:18:02,20210509
37,2011-03-31,TEAM.OL,USD,2011-03-31,2011-03-31,Q1,102344000,51882000,50462000.0,0.49306261236613774,0.0,44352000.0,0.0,0.0,64367000.0,116249000,10804000.0,20015000.0,6110000.0,0.059700617525209096,-13905000.0,-0.1358653169702181,0.0,-27066000.0,-0.2644610333776284,17000.0,-27083000.0,-0.2646271398421011,-0.04,-0.04,754177831,754177831,https://www.oslobors.no/ob_eng/,https://www.oslobors.no/ob_eng/,1620598682,18:18:02,20210509
38,2010-12-31,TEAM.OL,USD,2010-12-31,2010-12-31,Q4,94734000,46968000,47766000.0,0.5042117930204573,0.0,43192000.0,0.0,0.0,63901000.0,110869000,10784000.0,20709000.0,4574000.0,0.048282559587898746,-16135000.0,-0.17031899845884266,0.0,-32196000.0,-0.3398568623725378,-3165000.0,-29032000.0,-0.3064580826313678,-0.11947325102880658,-0.11947325102880658,243000000,243000000,https://www.oslobors.no/ob_eng/,https://www.oslobors.no/ob_eng/,1620598682,18:18:02,20210509
39,2010-09-30,TEAM.OL,USD,2010-09-30,2010-09-30,Q3,97344000,44447000,52897000.0,0.5434027777777778,0.0,42194000.0,0.0,0.0,63031000.0,107478000,11222000.0,20837000.0,10703000.0,0.10995027942143326,-10134000.0,-0.10410502958579881,0.0,-30942000.0,-0.31786242603550297,64000.0,-31006000.0,-0.3185198882314267,-0.04,-0.04,754177831,754177831,https://www.oslobors.no/ob_eng/,https://www.oslobors.no/ob_eng/,1620598682,18:18:02,20210509
40,2010-06-30,TEAM.OL,USD,2010-06-30,2010-06-30,Q2,90764000,41508000,49256000.0,0.5426821206645807,0.0,5884000.0,0.0,0.0,65400000.0,106908000,11353000.0,20979000.0,4835000.0,0.053270018950244594,-16144000.0,-0.17786787713190252,0.0,-27681000.0,-0.3049777444801904,-106000.0,-27575000.0,-0.30380988056938873,-0.04,-0.04,689375000,689375000,https://www.oslobors.no/ob_eng/,https://www.oslobors.no/ob_eng/,1620598682,18:18:02,20210509
41,2010-03-31,TEAM.OL,USD,2010-03-31,2010-03-31,Q1,93655000,44849000,48806000.0,0.5211254070791735,0.0,5820000.0,0.0,0.0,66044000.0,110893000,11065000.0,21274000.0,4036000.0,0.04309433559340131,-17238000.0,-0.1840585126261278,0.0,-26107000.0,-0.27875714056911005,47000.0,-26154000.0,-0.27925898243553465,-0.15,-0.15,754177831,754177831,https://www.oslobors.no/ob_eng/,https://www.oslobors.no/ob_eng/,1620598682,18:18:02,20210509
42,2009-12-31,TEAM.OL,USD,2009-12-31,2009-12-31,Q4,96201000,48646000,47555000.0,0.49432958077358863,0.0,-121715000.0,0.0,0.0,75907000.0,124553000,10571000.0,22398000.0,-5954000.0,-0.061891248531720046,-28352000.0,-0.29471627114063265,0.0,-37374000.0,-0.3884990800511429,-3486000.0,-33888000.0,-0.3522624504942776,-0.1394567901234568,-0.1394567901234568,243000000,243000000,https://www.oslobors.no/ob_eng/,https://www.oslobors.no/ob_eng/,1620598682,18:18:02,20210509
43,2009-09-30,TEAM.OL,USD,2009-09-30,2009-09-30,Q3,105095000,44121000,60974000.0,0.5801798372900709,0.0,49368000.0,0.0,0.0,71289000.0,115410000,12995000.0,21921000.0,11606000.0,0.11043341738427137,-10315000.0,-0.09814929349636044,0.0,-35246000.0,-0.33537275798087446,88000.0,-35334000.0,-0.3362100956277654,-0.21,-0.21,754177831,754177831,https://www.oslobors.no/ob_eng/,https://www.oslobors.no/ob_eng/,1620598682,18:18:02,20210509
44,2009-06-30,TEAM.OL,USD,2009-06-30,2009-06-30,Q2,99530000,34777000,64753000.0,0.6505877624836732,0.0,6195000.0,0.0,0.0,72124000.0,106901000,13728000.0,22662000.0,15291000.0,0.15363207073244248,-7371000.0,-0.0740580729428313,0.0,-24699000.0,-0.24815633477343516,-63000.0,-24636000.0,-0.24752335979101778,-0.14,-0.14,175971429,175971429,https://www.oslobors.no/ob_eng/,https://www.oslobors.no/ob_eng/,1620598682,18:18:02,20210509
45,2009-03-31,TEAM.OL,USD,2009-03-31,2009-03-31,Q1,100627000,33662000,66965000.0,0.6654774563486937,0.0,5937000.0,0.0,0.0,69365000.0,103027000,10459000.0,21760000.0,19360000.0,0.1923936915539567,-2400000.0,-0.023850457630655787,0.0,-4975000.0,-0.04944001113021356,-255000.0,-4720000.0,-0.04690590000695638,-0.03,-0.03,157333333,157333333,https://www.oslobors.no/ob_eng/,https://www.oslobors.no/ob_eng/,1620598682,18:18:02,20210509
