,date,symbol,reportedCurrency,fillingDate,acceptedDate,period,revenue,costOfRevenue,grossProfit,grossProfitRatio,researchAndDevelopmentExpenses,generalAndAdministrativeExpenses,sellingAndMarketingExpenses,otherExpenses,operatingExpenses,costAndExpenses,interestExpense,depreciationAndAmortization,ebitda,ebitdaratio,operatingIncome,operatingIncomeRatio,totalOtherIncomeExpensesNet,incomeBeforeTax,incomeBeforeTaxRatio,incomeTaxExpense,netIncome,netIncomeRatio,eps,epsdiluted,weightedAverageShsOut,weightedAverageShsOutDil,link,finalLink,timestamp,est_time,est_date
0,2020-09-30,MNS.AX,AUD,2020-09-30,2020-09-30,Q3,4960.75,0.0,4960.75,1.0,0.0,1435761.0,0.0,175418.5,576955.5,0.0,0.0,44903.75,-2007755.75,-404.72826689512675,-2052659.5,-413.78007357758406,175418.5,-1844650.25,-371.8490651615179,0.0,-1745878.25,-351.9383661744696,-0.0028874924314843996,-0.0028874924314843996,604634745,604634745,,,1620595189,17:19:49,20210509
1,2020-06-30,MNS.AX,AUD,2020-06-30,2020-06-30,Q2,4960.75,0.0,4960.75,1.0,0.0,1435761.0,0.0,175418.5,576955.5,0.0,0.0,44903.75,-2007755.75,-404.72826689512675,-2052659.5,-413.78007357758406,175418.5,-1844650.25,-371.8490651615179,0.0,-1745878.25,-351.9383661744696,-0.0028874924314843996,-0.0028874924314843996,604634745,604634745,,,1620595189,17:19:49,20210509
2,2020-03-31,MNS.AX,AUD,2020-03-31,2020-03-31,Q1,4960.75,0.0,4960.75,1.0,0.0,1435761.0,0.0,175418.5,576955.5,0.0,0.0,44903.75,-2007755.75,-404.72826689512675,-2052659.5,-413.78007357758406,175418.5,-1844650.25,-371.8490651615179,0.0,-1745878.25,-351.9383661744696,-0.0028874924314843996,-0.0028874924314843996,604634745,604634745,,,1620595189,17:19:49,20210509
3,2020-01-31,MNS.AX,AUD,2020-01-31,2020-01-31,Q1,4960.75,0.0,4960.75,1.0,0.0,1435761.0,0.0,175418.5,576955.5,0.0,0.0,44903.75,-2007755.75,-404.72826689512675,-2052659.5,-413.78007357758406,175418.5,-1844650.25,-371.8490651615179,0.0,-1745878.25,-351.9383661744696,-0.0028874924314843996,-0.0028874924314843996,604634745,604634745,,,1620595189,17:19:49,20210509
4,2019-06-30,MNS.AX,AUD,2019-06-30,2019-06-30,Q2,0.0,0.0,0.0,0.0,0.0,798033.5,0.0,58201.75,568482.0,0.0,0.0,30225.25,-1366515.5,0.0,-1396740.75,0.0,-17084.25,-1387388.25,0.0,0.0,-1387388.25,0.0,-0.0023,-0.0023,604634745,604634745,,,1620595189,17:19:49,20210509
5,2019-03-31,MNS.AX,AUD,2019-03-31,2019-03-31,Q1,0.0,0.0,0.0,0.0,0.0,798033.5,0.0,58201.75,568482.0,0.0,0.0,30225.25,-1366515.5,0.0,-1396740.75,0.0,-17084.25,-1387388.25,0.0,0.0,-1387388.25,0.0,-0.0023,-0.0023,604634745,604634745,,,1620595189,17:19:49,20210509
6,2019-01-31,MNS.AX,AUD,2019-01-31,2019-01-31,Q1,0.0,0.0,0.0,0.0,0.0,798033.5,0.0,58201.75,568482.0,0.0,0.0,30225.25,-1366515.5,0.0,-1396740.75,0.0,-17084.25,-1387388.25,0.0,0.0,-1387388.25,0.0,-0.0023,-0.0023,604634745,604634745,,,1620595189,17:19:49,20210509
7,2018-06-30,MNS.AX,AUD,2018-06-30,2018-06-30,Q2,0.0,0.0,0.0,0.0,0.0,773716.0,0.0,85705.5,629765.75,0.0,0.0,30031.0,-1403481.75,0.0,-1433512.75,0.0,72591.75,-1354471.25,0.0,0.0,-1354471.25,0.0,-0.002425,-0.002425,558359897,558359897,,,1620595189,17:19:49,20210509
8,2018-03-31,MNS.AX,AUD,2018-03-31,2018-03-31,Q1,0.0,0.0,0.0,0.0,0.0,773716.0,0.0,85705.5,629765.75,0.0,0.0,30031.0,-1403481.75,0.0,-1433512.75,0.0,72591.75,-1354471.25,0.0,0.0,-1354471.25,0.0,-0.002425,-0.002425,558359897,558359897,,,1620595189,17:19:49,20210509
9,2018-01-31,MNS.AX,AUD,2018-01-31,2018-01-31,Q1,0.0,0.0,0.0,0.0,0.0,773716.0,0.0,85705.5,629765.75,0.0,0.0,30031.0,-1403481.75,0.0,-1433512.75,0.0,72591.75,-1354471.25,0.0,0.0,-1354471.25,0.0,-0.002425,-0.002425,558359897,558359897,,,1620595189,17:19:49,20210509
10,2017-06-30,MNS.AX,AUD,2017-06-30,2017-06-30,Q2,0.0,0.0,0.0,0.0,0.0,1246528.75,0.0,121413.25,1304381.25,0.0,0.0,15647.0,-2550910.0,0.0,-2566557.0,0.0,121413.25,-2439108.5,0.0,0.0,-2439108.5,0.0,-0.005225,-0.005225,467408319,467408319,,,1620595189,17:19:49,20210509
11,2017-03-31,MNS.AX,AUD,2017-03-31,2017-03-31,Q1,0.0,0.0,0.0,0.0,0.0,1246528.75,0.0,121413.25,1304381.25,0.0,0.0,15647.0,-2550910.0,0.0,-2566557.0,0.0,121413.25,-2439108.5,0.0,0.0,-2439108.5,0.0,-0.005225,-0.005225,467408319,467408319,,,1620595189,17:19:49,20210509
12,2017-01-31,MNS.AX,AUD,2017-01-31,2017-01-31,Q1,0.0,0.0,0.0,0.0,0.0,1246528.75,0.0,121413.25,1304381.25,0.0,0.0,15647.0,-2550910.0,0.0,-2566557.0,0.0,121413.25,-2439108.5,0.0,0.0,-2439108.5,0.0,-0.005225,-0.005225,467408319,467408319,,,1620595189,17:19:49,20210509
13,2016-06-30,MNS.AX,AUD,2016-06-30,2016-06-30,Q2,0.0,0.0,0.0,0.0,0.0,1087626.25,0.0,390865.75,2308299.0,0.0,0.0,8472.25,-3395925.25,0.0,-3404397.5,0.0,390865.75,-3006695.25,0.0,0.0,-3006695.25,0.0,-0.00855,-0.00855,351583998,351583998,,,1620595189,17:19:49,20210509
14,2016-03-31,MNS.AX,AUD,2016-03-31,2016-03-31,Q1,0.0,0.0,0.0,0.0,0.0,1087626.25,0.0,390865.75,2308299.0,0.0,0.0,8472.25,-3395925.25,0.0,-3404397.5,0.0,390865.75,-3006695.25,0.0,0.0,-3006695.25,0.0,-0.00855,-0.00855,351583998,351583998,,,1620595189,17:19:49,20210509
15,2016-01-31,MNS.AX,AUD,2016-01-31,2016-01-31,Q1,0.0,0.0,0.0,0.0,0.0,1087626.25,0.0,390865.75,2308299.0,0.0,0.0,8472.25,-3395925.25,0.0,-3404397.5,0.0,390865.75,-3006695.25,0.0,0.0,-3006695.25,0.0,-0.00855,-0.00855,351583998,351583998,,,1620595189,17:19:49,20210509
16,2015-09-30,MNS.AX,AUD,2015-09-30,2015-09-30,Q3,0.0,0.0,0.0,0.0,0.0,431627.75,241686.75,-94263.5,2531620.75,0.0,0.0,26782.0,-3204935.25,0.0,-3231717.25,0.0,-94263.5,-3311144.0,0.0,0.0,-3311144.0,0.0,-0.01055,-0.01055,314212116,314212116,,,1620595189,17:19:49,20210509
17,2015-06-30,MNS.AX,AUD,2015-06-30,2015-06-30,Q2,0.0,0.0,0.0,0.0,0.0,431627.75,241686.75,-94263.5,2531620.75,0.0,0.0,26782.0,-3204935.25,0.0,-3231717.25,0.0,-94263.5,-3311144.0,0.0,0.0,-3311144.0,0.0,-0.01055,-0.01055,314212116,314212116,,,1620595189,17:19:49,20210509
18,2015-03-31,MNS.AX,AUD,2015-03-31,2015-03-31,Q1,0.0,0.0,0.0,0.0,0.0,431627.75,241686.75,-94263.5,2531620.75,0.0,0.0,26782.0,-3204935.25,0.0,-3231717.25,0.0,-94263.5,-3311144.0,0.0,0.0,-3311144.0,0.0,-0.01055,-0.01055,314212116,314212116,,,1620595189,17:19:49,20210509
19,2015-01-31,MNS.AX,AUD,2015-01-31,2015-01-31,Q1,0.0,0.0,0.0,0.0,0.0,431627.75,241686.75,-94263.5,2531620.75,0.0,0.0,26782.0,-3204935.25,0.0,-3231717.25,0.0,-94263.5,-3311144.0,0.0,0.0,-3311144.0,0.0,-0.01055,-0.01055,314212116,314212116,,,1620595189,17:19:49,20210509
20,2014-09-30,MNS.AX,AUD,2014-09-30,2014-09-30,Q3,0.0,0.0,0.0,0.0,0.0,430264.0,0.0,-69815.25,778189.5,0.0,38.75,25417.5,-1208453.5,0.0,-1233871.0,0.0,-69714.0,-1294343.75,0.0,0.0,-1294343.75,0.0,-0.00495,-0.00495,262089567,262089567,,,1620595189,17:19:49,20210509
21,2014-06-30,MNS.AX,AUD,2014-06-30,2014-06-30,Q2,0.0,0.0,0.0,0.0,0.0,430264.0,0.0,-69815.25,778189.5,0.0,38.75,25417.5,-1208453.5,0.0,-1233871.0,0.0,-69714.0,-1294343.75,0.0,0.0,-1294343.75,0.0,-0.00495,-0.00495,262089567,262089567,,,1620595189,17:19:49,20210509
22,2014-03-31,MNS.AX,AUD,2014-03-31,2014-03-31,Q1,0.0,0.0,0.0,0.0,0.0,430264.0,0.0,-69815.25,778189.5,0.0,38.75,25417.5,-1208453.5,0.0,-1233871.0,0.0,-69714.0,-1294343.75,0.0,0.0,-1294343.75,0.0,-0.00495,-0.00495,262089567,262089567,,,1620595189,17:19:49,20210509
23,2014-01-31,MNS.AX,AUD,2014-01-31,2014-01-31,Q1,0.0,0.0,0.0,0.0,0.0,430264.0,0.0,-69815.25,778189.5,0.0,38.75,25417.5,-1208453.5,0.0,-1233871.0,0.0,-69714.0,-1294343.75,0.0,0.0,-1294343.75,0.0,-0.00495,-0.00495,262089567,262089567,,,1620595189,17:19:49,20210509
24,2013-09-30,MNS.AX,AUD,2013-09-30,2013-09-30,Q3,0.0,0.0,0.0,0.0,0.0,333055.0,0.0,125743.0,1023906.5,0.0,78.0,35868.0,-1356961.5,0.0,-1392829.5,0.0,132806.5,-1228091.0,0.0,0.0,-1228091.0,0.0,-0.0058,-0.0058,211505706,211505706,,,1620595189,17:19:49,20210509
25,2013-06-30,MNS.AX,AUD,2013-06-30,2013-06-30,Q2,0.0,0.0,0.0,0.0,0.0,333055.0,0.0,125743.0,1023906.5,0.0,78.0,35868.0,-1356961.5,0.0,-1392829.5,0.0,132806.5,-1228091.0,0.0,0.0,-1228091.0,0.0,-0.0058,-0.0058,211505706,211505706,,,1620595189,17:19:49,20210509
26,2013-03-31,MNS.AX,AUD,2013-03-31,2013-03-31,Q1,0.0,0.0,0.0,0.0,0.0,333055.0,0.0,125743.0,1023906.5,0.0,78.0,35868.0,-1356961.5,0.0,-1392829.5,0.0,132806.5,-1228091.0,0.0,0.0,-1228091.0,0.0,-0.0058,-0.0058,211505706,211505706,,,1620595189,17:19:49,20210509
27,2013-01-31,MNS.AX,AUD,2013-01-31,2013-01-31,Q1,0.0,0.0,0.0,0.0,0.0,333055.0,0.0,125743.0,1023906.5,0.0,78.0,35868.0,-1356961.5,0.0,-1392829.5,0.0,132806.5,-1228091.0,0.0,0.0,-1228091.0,0.0,-0.0058,-0.0058,211505706,211505706,,,1620595189,17:19:49,20210509
28,2012-09-30,MNS.AX,AUD,2012-09-30,2012-09-30,Q3,0.0,0.0,0.0,0.0,0.0,776984.0,2006.25,105434.75,2278881.0,0.0,45.5,40569.75,-3057871.25,0.0,-3098441.0,0.0,105434.75,-2939337.0,0.0,0.0,-2939337.0,0.0,-0.015675,-0.015675,187651370,187651370,,,1620595189,17:19:49,20210509
29,2012-06-30,MNS.AX,AUD,2012-06-30,2012-06-30,Q2,0.0,0.0,0.0,0.0,0.0,776984.0,2006.25,105434.75,2278881.0,0.0,45.5,40569.75,-3057871.25,0.0,-3098441.0,0.0,105434.75,-2939337.0,0.0,0.0,-2939337.0,0.0,-0.015675,-0.015675,187651370,187651370,,,1620595189,17:19:49,20210509
30,2012-03-31,MNS.AX,AUD,2012-03-31,2012-03-31,Q1,0.0,0.0,0.0,0.0,0.0,776984.0,2006.25,105434.75,2278881.0,0.0,45.5,40569.75,-3057871.25,0.0,-3098441.0,0.0,105434.75,-2939337.0,0.0,0.0,-2939337.0,0.0,-0.015675,-0.015675,187651370,187651370,,,1620595189,17:19:49,20210509
31,2012-01-31,MNS.AX,AUD,2012-01-31,2012-01-31,Q1,0.0,0.0,0.0,0.0,0.0,776984.0,2006.25,105434.75,2278881.0,0.0,45.5,40569.75,-3057871.25,0.0,-3098441.0,0.0,105434.75,-2939337.0,0.0,0.0,-2939337.0,0.0,-0.015675,-0.015675,187651370,187651370,,,1620595189,17:19:49,20210509
32,2011-09-30,MNS.AX,AUD,2011-09-30,2011-09-30,Q3,101039.0,0.0,101039.0,1.0,0.0,429066.75,4763.0,68179.25,2502057.0,0.0,54.75,61927.25,-2834847.75,-28.056965627134076,-2896775.0,-28.669870050178645,68179.25,-2775857.75,-27.47313166203149,0.0,-2775857.75,-27.47313166203149,-0.018525,-0.018525,149811872,149811872,,,1620595189,17:19:49,20210509
33,2011-06-30,MNS.AX,AUD,2011-06-30,2011-06-30,Q2,101039.0,0.0,101039.0,1.0,0.0,429066.75,4763.0,68179.25,2502057.0,0.0,54.75,61927.25,-2834847.75,-28.056965627134076,-2896775.0,-28.669870050178645,68179.25,-2775857.75,-27.47313166203149,0.0,-2775857.75,-27.47313166203149,-0.018525,-0.018525,149811872,149811872,,,1620595189,17:19:49,20210509
34,2011-03-31,MNS.AX,AUD,2011-03-31,2011-03-31,Q1,101039.0,0.0,101039.0,1.0,0.0,429066.75,4763.0,68179.25,2502057.0,0.0,54.75,61927.25,-2834847.75,-28.056965627134076,-2896775.0,-28.669870050178645,68179.25,-2775857.75,-27.47313166203149,0.0,-2775857.75,-27.47313166203149,-0.018525,-0.018525,149811872,149811872,,,1620595189,17:19:49,20210509
35,2011-01-31,MNS.AX,AUD,2011-01-31,2011-01-31,Q1,101039.0,0.0,101039.0,1.0,0.0,429066.75,4763.0,68179.25,2502057.0,0.0,54.75,61927.25,-2834847.75,-28.056965627134076,-2896775.0,-28.669870050178645,68179.25,-2775857.75,-27.47313166203149,0.0,-2775857.75,-27.47313166203149,-0.018525,-0.018525,149811872,149811872,,,1620595189,17:19:49,20210509
36,2010-09-30,MNS.AX,AUD,2010-09-30,2010-09-30,Q3,0.0,0.0,0.0,0.0,0.0,249133.0,20172.0,729.25,514529.75,0.0,0.0,16063.5,-783834.75,0.0,-799898.25,0.0,729.25,-751002.25,0.0,22319.5,-773321.75,0.0,-0.00703,-0.00703,109828501,109828501,,,1620595189,17:19:49,20210509
37,2010-06-30,MNS.AX,AUD,2010-06-30,2010-06-30,Q2,0.0,0.0,0.0,0.0,0.0,249133.0,20172.0,729.25,514529.75,0.0,0.0,16063.5,-783834.75,0.0,-799898.25,0.0,729.25,-751002.25,0.0,22319.5,-773321.75,0.0,-0.00703,-0.00703,109828501,109828501,,,1620595189,17:19:49,20210509
38,2010-03-31,MNS.AX,AUD,2010-03-31,2010-03-31,Q1,0.0,0.0,0.0,0.0,0.0,249133.0,20172.0,729.25,514529.75,0.0,0.0,16063.5,-783834.75,0.0,-799898.25,0.0,729.25,-751002.25,0.0,22319.5,-773321.75,0.0,-0.00703,-0.00703,109828501,109828501,,,1620595189,17:19:49,20210509
39,2010-01-31,MNS.AX,AUD,2010-01-31,2010-01-31,Q1,0.0,0.0,0.0,0.0,0.0,249133.0,20172.0,729.25,514529.75,0.0,0.0,16063.5,-783834.75,0.0,-799898.25,0.0,729.25,-751002.25,0.0,22319.5,-773321.75,0.0,-0.00703,-0.00703,109828501,109828501,,,1620595189,17:19:49,20210509
40,2009-09-30,MNS.AX,AUD,2009-09-30,2009-09-30,Q3,0.0,0.0,0.0,0.0,0.0,348452.75,30377.5,14232.25,296796.0,0.0,108.0,13745.0,-675626.25,0.0,-689371.25,0.0,14232.25,-557812.0,0.0,17712.25,-575524.25,0.0,-0.006049,-0.006049,95438495,95438495,,,1620595189,17:19:49,20210509
41,2009-06-30,MNS.AX,AUD,2009-06-30,2009-06-30,Q2,0.0,0.0,0.0,0.0,0.0,348452.75,30377.5,14232.25,296796.0,0.0,108.0,13745.0,-675626.25,0.0,-689371.25,0.0,14232.25,-557812.0,0.0,17712.25,-575524.25,0.0,-0.006049,-0.006049,95438495,95438495,,,1620595189,17:19:49,20210509
42,2009-03-31,MNS.AX,AUD,2009-03-31,2009-03-31,Q1,0.0,0.0,0.0,0.0,0.0,348452.75,30377.5,14232.25,296796.0,0.0,108.0,13745.0,-675626.25,0.0,-689371.25,0.0,14232.25,-557812.0,0.0,17712.25,-575524.25,0.0,-0.006049,-0.006049,95438495,95438495,,,1620595189,17:19:49,20210509
43,2009-01-31,MNS.AX,AUD,2009-01-31,2009-01-31,Q1,0.0,0.0,0.0,0.0,0.0,348452.75,30377.5,14232.25,296796.0,0.0,108.0,13745.0,-675626.25,0.0,-689371.25,0.0,14232.25,-557812.0,0.0,17712.25,-575524.25,0.0,-0.006049,-0.006049,95438495,95438495,,,1620595189,17:19:49,20210509
44,2008-09-30,MNS.AX,AUD,2008-09-30,2008-09-30,Q3,71.25,0.0,71.25,1.0,0.0,409285.75,16458.5,-130785.5,1213884.0,0.0,13.75,13549.5,-1639557.0,-23011.326315789473,-1653106.5,-23201.494736842105,-138537.5,-1547061.75,-21713.147368421054,0.0,-1547061.75,-21713.147368421054,-0.01634875,-0.01634875,95146295,95146295,,,1620595189,17:19:49,20210509
45,2008-06-30,MNS.AX,AUD,2008-06-30,2008-06-30,Q2,71.25,0.0,71.25,1.0,0.0,409285.75,16458.5,-130785.5,1213884.0,0.0,13.75,13549.5,-1639557.0,-23011.326315789473,-1653106.5,-23201.494736842105,-138537.5,-1547061.75,-21713.147368421054,0.0,-1547061.75,-21713.147368421054,-0.01634875,-0.01634875,95146295,95146295,,,1620595189,17:19:49,20210509
46,2008-03-31,MNS.AX,AUD,2008-03-31,2008-03-31,Q1,71.25,0.0,71.25,1.0,0.0,409285.75,16458.5,-130785.5,1213884.0,0.0,13.75,13549.5,-1639557.0,-23011.326315789473,-1653106.5,-23201.494736842105,-138537.5,-1547061.75,-21713.147368421054,0.0,-1547061.75,-21713.147368421054,-0.01634875,-0.01634875,95146295,95146295,,,1620595189,17:19:49,20210509
47,2008-01-31,MNS.AX,AUD,2008-01-31,2008-01-31,Q1,71.25,0.0,71.25,1.0,0.0,409285.75,16458.5,-130785.5,1213884.0,0.0,13.75,13549.5,-1639557.0,-23011.326315789473,-1653106.5,-23201.494736842105,-138537.5,-1547061.75,-21713.147368421054,0.0,-1547061.75,-21713.147368421054,-0.01634875,-0.01634875,95146295,95146295,,,1620595189,17:19:49,20210509
48,2007-09-30,MNS.AX,AUD,2007-09-30,2007-09-30,Q3,0.0,0.0,0.0,0.0,0.0,628908.25,0.0,-41381.0,806882.0,0.0,85.0,24641.25,-1435790.25,0.0,-1460431.5,0.0,-41381.0,-1339346.25,0.0,0.0,-1339346.25,0.0,-0.0154145,-0.0154145,87309940,87309940,,,1620595189,17:19:49,20210509
49,2007-06-30,MNS.AX,AUD,2007-06-30,2007-06-30,Q2,0.0,0.0,0.0,0.0,0.0,628908.25,0.0,-41381.0,806882.0,0.0,85.0,24641.25,-1435790.25,0.0,-1460431.5,0.0,-41381.0,-1339346.25,0.0,0.0,-1339346.25,0.0,-0.0154145,-0.0154145,87309940,87309940,,,1620595189,17:19:49,20210509
50,2007-03-31,MNS.AX,AUD,2007-03-31,2007-03-31,Q1,0.0,0.0,0.0,0.0,0.0,628908.25,0.0,-41381.0,806882.0,0.0,85.0,24641.25,-1435790.25,0.0,-1460431.5,0.0,-41381.0,-1339346.25,0.0,0.0,-1339346.25,0.0,-0.0154145,-0.0154145,87309940,87309940,,,1620595189,17:19:49,20210509
51,2007-01-31,MNS.AX,AUD,2007-01-31,2007-01-31,Q1,0.0,0.0,0.0,0.0,0.0,628908.25,0.0,-41381.0,806882.0,0.0,85.0,24641.25,-1435790.25,0.0,-1460431.5,0.0,-41381.0,-1339346.25,0.0,0.0,-1339346.25,0.0,-0.0154145,-0.0154145,87309940,87309940,,,1620595189,17:19:49,20210509
52,2006-09-30,MNS.AX,AUD,2006-09-30,2006-09-30,Q3,0.0,0.0,0.0,0.0,0.0,110730.75,0.0,2128.5,429743.5,0.0,37.25,2534.5,-540474.25,0.0,-543008.75,0.0,2128.5,-497598.75,0.0,0.0,-497598.75,0.0,-0.00875825,-0.00875825,56871866,56871866,,,1620595189,17:19:49,20210509
53,2006-06-30,MNS.AX,AUD,2006-06-30,2006-06-30,Q2,0.0,0.0,0.0,0.0,0.0,110730.75,0.0,2128.5,429743.5,0.0,37.25,2534.5,-540474.25,0.0,-543008.75,0.0,2128.5,-497598.75,0.0,0.0,-497598.75,0.0,-0.00875825,-0.00875825,56871866,56871866,,,1620595189,17:19:49,20210509
54,2006-03-31,MNS.AX,AUD,2006-03-31,2006-03-31,Q1,0.0,0.0,0.0,0.0,0.0,110730.75,0.0,2128.5,429743.5,0.0,37.25,2534.5,-540474.25,0.0,-543008.75,0.0,2128.5,-497598.75,0.0,0.0,-497598.75,0.0,-0.00875825,-0.00875825,56871866,56871866,,,1620595189,17:19:49,20210509
55,2006-01-31,MNS.AX,AUD,2006-01-31,2006-01-31,Q1,0.0,0.0,0.0,0.0,0.0,110730.75,0.0,2128.5,429743.5,0.0,37.25,2534.5,-540474.25,0.0,-543008.75,0.0,2128.5,-497598.75,0.0,0.0,-497598.75,0.0,-0.00875825,-0.00875825,56871866,56871866,,,1620595189,17:19:49,20210509
56,2005-09-30,MNS.AX,AUD,2005-09-30,2005-09-30,Q3,0.0,0.0,0.0,0.0,0.0,39853.75,0.0,1125.0,215273.0,0.0,0.0,1807.25,-255126.75,0.0,-256934.0,0.0,1125.0,-240631.75,0.0,0.0,-240631.75,0.0,-0.00341,-0.00341,70433743,70433743,,,1620595189,17:19:49,20210509
57,2005-06-30,MNS.AX,AUD,2005-06-30,2005-06-30,Q2,0.0,0.0,0.0,0.0,0.0,39853.75,0.0,1125.0,215273.0,0.0,0.0,1807.25,-255126.75,0.0,-256934.0,0.0,1125.0,-240631.75,0.0,0.0,-240631.75,0.0,-0.00341,-0.00341,70433743,70433743,,,1620595189,17:19:49,20210509
58,2005-03-31,MNS.AX,AUD,2005-03-31,2005-03-31,Q1,0.0,0.0,0.0,0.0,0.0,39853.75,0.0,1125.0,215273.0,0.0,0.0,1807.25,-255126.75,0.0,-256934.0,0.0,1125.0,-240631.75,0.0,0.0,-240631.75,0.0,-0.00341,-0.00341,70433743,70433743,,,1620595189,17:19:49,20210509
59,2005-01-31,MNS.AX,AUD,2005-01-31,2005-01-31,Q1,0.0,0.0,0.0,0.0,0.0,39853.75,0.0,1125.0,215273.0,0.0,0.0,1807.25,-255126.75,0.0,-256934.0,0.0,1125.0,-240631.75,0.0,0.0,-240631.75,0.0,-0.00341,-0.00341,70433743,70433743,,,1620595189,17:19:49,20210509
