,date,symbol,reportedCurrency,fillingDate,acceptedDate,period,revenue,costOfRevenue,grossProfit,grossProfitRatio,researchAndDevelopmentExpenses,generalAndAdministrativeExpenses,sellingAndMarketingExpenses,otherExpenses,operatingExpenses,costAndExpenses,interestExpense,depreciationAndAmortization,ebitda,ebitdaratio,operatingIncome,operatingIncomeRatio,totalOtherIncomeExpensesNet,incomeBeforeTax,incomeBeforeTaxRatio,incomeTaxExpense,netIncome,netIncomeRatio,eps,epsdiluted,weightedAverageShsOut,weightedAverageShsOutDil,link,finalLink,timestamp,est_time,est_date
0,2020-06-30,PACK+,USD,2020-07-30 00:00:00,2020-07-30 13:30:11,Q2,66100000.0,39100000.0,27000000.0,0.4084720121028744,0.0,20700000.0,0.0,700000.0,29100000.0,68200000.0,-6900000.0,15100000.000000002,13000000.000000002,0.19667170953101365,-2100000.0,-0.03177004538577912,0.0,-9000000.0,-0.1361573373676248,-500000.0,-8500000.0,-0.12859304084720122,-0.11981,-0.11981,70947870,70947870,https://www.sec.gov/Archives/edgar/data/1712463/000162828020010961/0001628280-20-010961-index.htm,https://www.sec.gov/Archives/edgar/data/1712463/000162828020010961/pack-20200630.htm,1620596301,17:38:21,20210509
1,2020-03-31,PACK+,USD,2020-05-11 00:00:00,2020-05-11 09:26:41,Q1,63400000.0,36600000.0,26800000.0,0.4227129337539432,0.0,19600000.0,0.0,300000.0,27400000.0,64000000.0,-4700000.0,14500000.0,13900000.0,0.2192429022082019,-600000.0,-0.00946372239747634,0.0,-5300000.0,-0.083596214511041,-1700000.0,-3600000.0,-0.056782334384858045,-0.0508,-0.0508,70862580,70862580,https://www.sec.gov/Archives/edgar/data/1712463/000162828020007304/0001628280-20-007304-index.html,https://www.sec.gov/Archives/edgar/data/1712463/000162828020007304/ranpakq12020.htm,1620596301,17:38:21,20210509
2,2019-12-31,PACK+,USD,2019-12-31,2019-12-31,Q4,77700000.0,44800000.0,32900000.0,0.42342342342342343,0.0,14900000.0,0.0,1600000.0,20700000.000000004,65500000.0,-14600000.0,11599999.999999994,23799999.999999993,0.30630630630630623,12200000.0,0.15701415701415702,0.0,-2400000.0,-0.03088803088803089,2800000.0,-5200000.0,-0.06692406692406692,-0.08673,-0.08673,59957100,59957100,,,1620596301,17:38:21,20210509
3,2019-09-30,PACK+,USD,2019-11-07 00:00:00,2019-11-07 09:11:49,Q3,69100000.0,39600000.0,29500000.0,0.426917510853835,0.0,17700000.0,0.0,500000.0,28499999.999999993,68100000.0,-6300000.0,15400000.000000002,16400000.000000002,0.2373371924746744,1000000.0,0.01447178002894356,0.0,-5300000.0,-0.07670043415340087,-3700000.0,-1600000.0,-0.023154848046309694,-0.0297,-0.0297,53871070,53871070,https://www.sec.gov/Archives/edgar/data/1712463/000162828019013586/0001628280-19-013586-index.html,https://www.sec.gov/Archives/edgar/data/1712463/000162828019013586/ranpaksecfsq32019-draft.htm,1620596301,17:38:21,20210509
4,2019-06-30,PACK+,USD,2019-08-13 00:00:00,2019-08-13 09:14:34,Q2,56600000.0,36200000.0,20400000.0,0.36042402826855124,0.0,14900000.0,0.0,8700000.0,33700000.0,69900000.0,-19100000.0,15200000.0,1900000.0,0.03356890459363958,-13300000.0,-0.23498233215547704,0.0,-32400000.0,-0.5724381625441696,-6100000.0,-26300000.0,-0.46466431095406363,-0.48822,-0.48822,53868930,53868930,https://www.sec.gov/Archives/edgar/data/1712463/000162828019010652/0001628280-19-010652-index.html,https://www.sec.gov/Archives/edgar/data/1712463/000162828019010652/ranpaksecfsq22019-draf.htm,1620596301,17:38:21,20210509
5,2019-03-31,PACK+,USD,2019-05-07 00:00:00,2019-05-07 15:16:03,Q1,66100000.0,38000000.0,28100000.0,0.42511346444780634,0.0,13800000.0,0.0,1400000.0,25799999.999999996,63800000.0,-6100000.0,16100000.0,18400000.0,0.2783661119515885,2300000.0,0.03479576399394856,0.0,-3800000.0,-0.057488653555219364,-600000.0,-3200000.0,-0.048411497730711045,-0.0594,-0.0594,53868930,53868930,https://www.sec.gov/Archives/edgar/data/1712463/000121390019007958/0001213900-19-007958-index.html,https://www.sec.gov/Archives/edgar/data/1712463/000121390019007958/f10q0319_onemadisoncorp.htm,1620596301,17:38:21,20210509
6,2018-12-31,PACK+,USD,2018-12-31,2018-12-31,Q4,0.0,0.0,0.0,0.0,0.0,3178040.0,0.0,0.0,3178040.0,3178040.0,1661250.0,0.0,144460.0,0.0,-3178040.0,0.0,0.0,-1516790.0,0.0,0.0,-1516790.0,0.0,-0.03889,-0.03889,39000000,39000000,,,1620596301,17:38:21,20210509
7,2018-09-30,PACK+,USD,2018-11-08 00:00:00,2018-11-07 18:46:54,Q3,0.0,0.0,0.0,0.0,0.0,132330.0,0.0,0.0,132330.0,132330.0,1456600.0,0.0,2780880.0,0.0,-132330.0,0.0,0.0,1324280.0,0.0,0.0,1324280.0,0.0,0.03396,0.03396,39000000,39000000,https://www.sec.gov/Archives/edgar/data/1712463/000121390018015087/0001213900-18-015087-index.html,https://www.sec.gov/Archives/edgar/data/1712463/000121390018015087/f10q0918_onemadisoncorp.htm,1620596301,17:38:21,20210509
8,2018-06-30,PACK+,USD,2018-08-06 00:00:00,2018-08-03 18:03:32,Q2,0.0,0.0,0.0,0.0,0.0,274580.0,0.0,0.0,274580.0,274580.0,1265230.0,0.0,2255880.0,0.0,-274580.0,0.0,0.0,990650.0,0.0,0.0,990650.0,0.0,0.0254,0.0254,39000000,39000000,https://www.sec.gov/Archives/edgar/data/1712463/000121390018010204/0001213900-18-010204-index.html,https://www.sec.gov/Archives/edgar/data/1712463/000121390018010204/f10q0618_onemadisoncorp.htm,1620596301,17:38:21,20210509
