,date,symbol,reportedCurrency,fillingDate,acceptedDate,period,revenue,costOfRevenue,grossProfit,grossProfitRatio,researchAndDevelopmentExpenses,generalAndAdministrativeExpenses,sellingAndMarketingExpenses,otherExpenses,operatingExpenses,costAndExpenses,interestExpense,depreciationAndAmortization,ebitda,ebitdaratio,operatingIncome,operatingIncomeRatio,totalOtherIncomeExpensesNet,incomeBeforeTax,incomeBeforeTaxRatio,incomeTaxExpense,netIncome,netIncomeRatio,eps,epsdiluted,weightedAverageShsOut,weightedAverageShsOutDil,link,finalLink,timestamp,est_time,est_date
0,2019-06-30,PRM.TO,CAD,2019-06-30,2019-06-30,Q2,608535.0,59547.75,548987.25,0.9021457270329561,0.0,71768.0,0.0,0.0,0.0,158664.5,0.0,0.0,113665.25,5.353747077492901,449870.5,0.7392680782535105,336205.25,786075.75,1.2917510907343046,0.0,786075.75,1.2917510907343046,0.54,0.54,1196059.0,1196059.0,https://www.sedar.com/search/search_form_pc_en.htm,https://www.sedar.com/search/search_form_pc_en.htm,1620596795,17:46:35,20210509
1,2019-03-31,PRM.TO,CAD,2019-03-31,2019-03-31,Q1,608535.0,59547.75,548987.25,0.9021457270329561,0.0,71768.0,0.0,0.0,0.0,158664.5,0.0,0.0,113665.25,5.353747077492901,449870.5,0.7392680782535105,336205.25,786075.75,1.2917510907343046,0.0,786075.75,1.2917510907343046,0.54,0.54,1196059.0,1196059.0,https://www.sedar.com/search/search_form_pc_en.htm,https://www.sedar.com/search/search_form_pc_en.htm,1620596795,17:46:35,20210509
2,2019-01-31,PRM.TO,CAD,2019-01-31,2019-01-31,Q1,608535.0,59547.75,548987.25,0.9021457270329561,0.0,71768.0,0.0,0.0,0.0,158664.5,0.0,0.0,113665.25,5.353747077492901,449870.5,0.7392680782535105,336205.25,786075.75,1.2917510907343046,0.0,786075.75,1.2917510907343046,0.54,0.54,1196059.0,1196059.0,https://www.sedar.com/search/search_form_pc_en.htm,https://www.sedar.com/search/search_form_pc_en.htm,1620596795,17:46:35,20210509
3,2018-06-30,PRM.TO,CAD,2018-06-30,2018-06-30,Q2,808024.25,68687.75,1600181.25,1.9803629037123576,0.0,79996.25,0.0,0.0,33008.0,181692.0,0.0,0.0,2279334.0,0.3545001522374518,1487177.0,1.8405103559701332,-792157.0,695020.0,0.8601474522577757,0.0,695020.0,0.8601474522577757,0.39,0.39,1352671.0,1352671.0,https://www.sedar.com/search/search_form_pc_en.htm,https://www.sedar.com/search/search_form_pc_en.htm,1620596795,17:46:35,20210509
4,2018-03-31,PRM.TO,CAD,2018-03-31,2018-03-31,Q1,808024.25,68687.75,1600181.25,1.9803629037123576,0.0,79996.25,0.0,0.0,33008.0,181692.0,0.0,0.0,2279334.0,0.3545001522374518,1487177.0,1.8405103559701332,-792157.0,695020.0,0.8601474522577757,0.0,695020.0,0.8601474522577757,0.39,0.39,1352671.0,1352671.0,https://www.sedar.com/search/search_form_pc_en.htm,https://www.sedar.com/search/search_form_pc_en.htm,1620596795,17:46:35,20210509
5,2018-01-31,PRM.TO,CAD,2018-01-31,2018-01-31,Q1,808024.25,68687.75,1600181.25,1.9803629037123576,0.0,79996.25,0.0,0.0,33008.0,181692.0,0.0,0.0,2279334.0,0.3545001522374518,1487177.0,1.8405103559701332,-792157.0,695020.0,0.8601474522577757,0.0,695020.0,0.8601474522577757,0.39,0.39,1352671.0,1352671.0,https://www.sedar.com/search/search_form_pc_en.htm,https://www.sedar.com/search/search_form_pc_en.htm,1620596795,17:46:35,20210509
6,2017-06-30,PRM.TO,CAD,2017-06-30,2017-06-30,Q2,101777.75,0.0,0.0,0.0,0.0,19387.25,0.0,0.0,1585.25,0.0,0.0,0.0,0.0,0.0,0.0,0.0,0.0,80805.25,0.7939382625377354,0.0,80805.25,0.7939382625377354,-0.0575,-0.0575,1360000.0,1360000.0,https://www.sedar.com/search/search_form_pc_en.htm,https://www.sedar.com/search/search_form_pc_en.htm,1620596795,17:46:35,20210509
7,2017-03-31,PRM.TO,CAD,2017-03-31,2017-03-31,Q1,101777.75,0.0,0.0,0.0,0.0,19387.25,0.0,0.0,1585.25,0.0,0.0,0.0,0.0,0.0,0.0,0.0,0.0,80805.25,0.7939382625377354,0.0,80805.25,0.7939382625377354,-0.0575,-0.0575,1360000.0,1360000.0,https://www.sedar.com/search/search_form_pc_en.htm,https://www.sedar.com/search/search_form_pc_en.htm,1620596795,17:46:35,20210509
8,2017-01-31,PRM.TO,CAD,2017-01-31,2017-01-31,Q1,101777.75,0.0,0.0,0.0,0.0,19387.25,0.0,0.0,1585.25,0.0,0.0,0.0,0.0,0.0,0.0,0.0,0.0,80805.25,0.7939382625377354,0.0,80805.25,0.7939382625377354,-0.0575,-0.0575,1360000.0,1360000.0,https://www.sedar.com/search/search_form_pc_en.htm,https://www.sedar.com/search/search_form_pc_en.htm,1620596795,17:46:35,20210509
