,date,symbol,reportedCurrency,fillingDate,acceptedDate,period,revenue,costOfRevenue,grossProfit,grossProfitRatio,researchAndDevelopmentExpenses,generalAndAdministrativeExpenses,sellingAndMarketingExpenses,otherExpenses,operatingExpenses,costAndExpenses,interestExpense,depreciationAndAmortization,ebitda,ebitdaratio,operatingIncome,operatingIncomeRatio,totalOtherIncomeExpensesNet,incomeBeforeTax,incomeBeforeTaxRatio,incomeTaxExpense,netIncome,netIncomeRatio,eps,epsdiluted,weightedAverageShsOut,weightedAverageShsOutDil,link,finalLink,timestamp,est_time,est_date
0,2021-03-31,AP-UN.TO,CAD,2021-03-31,2021-03-31,Q1,140835000.0,59718000.0,81117000.0,0.5759718819895623,0.0,7542000.0,221000.0,0.0,6730000.0,66448000.0,17100000.0,306000.0,74693000.0,0.5303582206127738,74387000.0,0.5504455568573153,29039000.0,77522000.0,0.5504455568573153,0.0,77522000.0,0.5504455568573153,0.6235247719751442,0.6235247719751442,124328661.0,124328661.0,https://www.sedar.com/ModifyCompanyDocumentSearchForm.do?lang=EN&company_search=Allied Properties Real Estate Investment Trust&document_selection=0&industry_group=A&FromDate=13&FromMonth=05&FromYear=2000&ToDate=13&ToMonth=11&ToYear=2020&Variable=Issuer,https://www.sedar.com/ModifyCompanyDocumentSearchForm.do?lang=EN&company_search=Allied Properties Real Estate Investment Trust&document_selection=0&industry_group=A&FromDate=13&FromMonth=05&FromYear=2000&ToDate=13&ToMonth=11&ToYear=2020&Variable=Issuer,1620588590,15:29:50,20210509
1,2020-12-31,AP-UN.TO,CAD,2020-12-31,2020-12-31,Q4,145173000.0,62421000.0,82752000.0,0.5700233514496498,0.0,5211000.0,227000.0,0.0,5779000.0,68200000.0,17256000.0,341000.0,77314000.0,0.5325645953448644,76973000.0,0.5302156737134316,19625000.0,83842000.0,0.5775316346703588,0.0,83842000.0,0.5775316346703588,0.6743577814290141,0.6743577814290141,124328661.0,124328661.0,,,1620588590,15:29:50,20210509
2,2020-09-30,AP-UN.TO,CAD,2020-09-30,2020-09-30,Q3,139738000.0,60647000.0,79091000.0,0.5659949333753167,0.0,4917000.0,275000.0,0.0,5560000.0,66207000.0,18624000.0,368000.0,73899000.0,0.5288396856975196,73531000.0,0.5262061858621134,9681000.0,69013000.0,0.49387425038285937,0.0,69013000.0,0.49387425038285937,0.56,0.55,124328661.0,124390540.0,https://www.sedar.com/ModifyCompanyDocumentSearchForm.do?lang=EN&company_search=Allied Properties Real Estate Investment Trust&document_selection=0&industry_group=A&FromDate=13&FromMonth=05&FromYear=2000&ToDate=13&ToMonth=11&ToYear=2020&Variable=Issuer,https://www.sedar.com/ModifyCompanyDocumentSearchForm.do?lang=EN&company_search=Allied Properties Real Estate Investment Trust&document_selection=0&industry_group=A&FromDate=13&FromMonth=05&FromYear=2000&ToDate=13&ToMonth=11&ToYear=2020&Variable=Issuer,1620588590,15:29:50,20210509
3,2020-06-30,AP-UN.TO,CAD,2020-06-30,2020-06-30,Q2,136617000.0,59204000.0,77413000.0,0.5666425115468793,0.0,5482000.0,141000.0,0.0,6007000.0,65211000.0,18385000.0,384000.0,71790000.0,0.5254836513757438,71406000.0,0.5226728738004787,35825000.0,92961000.0,0.6804497244120424,0.0,92961000.0,0.6804497244120424,0.76,0.75,123112749.0,123207219.0,https://www.sedar.com/ModifyCompanyDocumentSearchForm.do?lang=EN&company_search=Allied Properties Real Estate Investment Trust&document_selection=0&industry_group=A&FromDate=13&FromMonth=05&FromYear=2000&ToDate=13&ToMonth=11&ToYear=2020&Variable=Issuer,https://www.sedar.com/ModifyCompanyDocumentSearchForm.do?lang=EN&company_search=Allied Properties Real Estate Investment Trust&document_selection=0&industry_group=A&FromDate=13&FromMonth=05&FromYear=2000&ToDate=13&ToMonth=11&ToYear=2020&Variable=Issuer,1620588590,15:29:50,20210509
4,2020-03-31,AP-UN.TO,CAD,2020-03-31,2020-03-31,Q1,138977000.0,59218000.0,79759000.0,0.573900717384891,0.0,6605000.0,587000.0,0.0,7566000.0,66784000.0,16257000.0,374000.0,72567000.0,0.5221511473121452,72193000.0,0.519460054541399,194279000.0,254913000.0,1.8342099771904703,0.0,254913000.0,1.8342099771904703,2.0727533978900072,2.068171370536235,122982792.0,123255260.0,https://www.sedar.com/ModifyCompanyDocumentSearchForm.do?lang=EN&company_search=Allied Properties Real Estate Investment Trust&document_selection=0&industry_group=A&FromDate=13&FromMonth=05&FromYear=2000&ToDate=13&ToMonth=11&ToYear=2020&Variable=Issuer,https://www.sedar.com/ModifyCompanyDocumentSearchForm.do?lang=EN&company_search=Allied Properties Real Estate Investment Trust&document_selection=0&industry_group=A&FromDate=13&FromMonth=05&FromYear=2000&ToDate=13&ToMonth=11&ToYear=2020&Variable=Issuer,1620588590,15:29:50,20210509
5,2019-12-31,AP-UN.TO,CAD,2019-12-31,2019-12-31,Q4,164171000.0,88021000.0,76150000.0,0.463845624379458,0.0,5990000.0,689000.0,0.0,7044000.0,95065000.0,15861000.0,365000.0,69471000.0,0.42316243429107453,69106000.0,0.42093914272313626,210429000.0,264960000.0,1.6139269420299567,0.0,264960000.0,1.6139269420299567,2.154447753958944,2.154447753958944,122982792.0,122982792.0,https://www.sedar.com/ModifyCompanyDocumentSearchForm.do?lang=EN&company_search=Allied Properties Real Estate Investment Trust&document_selection=0&industry_group=A&FromDate=13&FromMonth=05&FromYear=2000&ToDate=13&ToMonth=11&ToYear=2020&Variable=Issuer,https://www.sedar.com/ModifyCompanyDocumentSearchForm.do?lang=EN&company_search=Allied Properties Real Estate Investment Trust&document_selection=0&industry_group=A&FromDate=13&FromMonth=05&FromYear=2000&ToDate=13&ToMonth=11&ToYear=2020&Variable=Issuer,1620588590,15:29:50,20210509
6,2019-09-30,AP-UN.TO,CAD,2019-09-30,2019-09-30,Q3,142982000.0,68713000.0,74269000.0,0.5194290190373614,0.0,5007000.0,1316000.0,0.0,6684000.0,75397000.0,14585000.0,361000.0,67946000.0,0.4752066693709698,67585000.0,0.47268187604034073,66899000.0,121191000.0,0.8475962009203956,0.0,121191000.0,0.8475962009203956,1.042303614577451,1.0396995697108562,116272263.0,116563480.0,https://www.sedar.com/ModifyCompanyDocumentSearchForm.do?lang=EN&company_search=Allied Properties Real Estate Investment Trust&document_selection=0&industry_group=A&FromDate=13&FromMonth=05&FromYear=2000&ToDate=13&ToMonth=11&ToYear=2020&Variable=Issuer,https://www.sedar.com/ModifyCompanyDocumentSearchForm.do?lang=EN&company_search=Allied Properties Real Estate Investment Trust&document_selection=0&industry_group=A&FromDate=13&FromMonth=05&FromYear=2000&ToDate=13&ToMonth=11&ToYear=2020&Variable=Issuer,1620588590,15:29:50,20210509
7,2019-06-30,AP-UN.TO,CAD,2019-06-30,2019-06-30,Q2,117811000.0,47918000.0,69893000.0,0.5932637869129368,0.0,5496000.0,1351000.0,0.0,7209000.0,55127000.0,13769000.0,362000.0,63046000.0,0.535145275059205,62684000.0,0.5320725568919711,47139000.0,99895000.0,0.847925915237117,0.0,99895000.0,0.847925915237117,0.9071351667994504,0.9051083401409374,110121406.0,110368003.0,https://www.sedar.com/ModifyCompanyDocumentSearchForm.do?lang=EN&company_search=Allied Properties Real Estate Investment Trust&document_selection=0&industry_group=A&FromDate=13&FromMonth=05&FromYear=2000&ToDate=13&ToMonth=11&ToYear=2020&Variable=Issuer,https://www.sedar.com/ModifyCompanyDocumentSearchForm.do?lang=EN&company_search=Allied Properties Real Estate Investment Trust&document_selection=0&industry_group=A&FromDate=13&FromMonth=05&FromYear=2000&ToDate=13&ToMonth=11&ToYear=2020&Variable=Issuer,1620588590,15:29:50,20210509
8,2019-03-31,AP-UN.TO,CAD,2019-03-31,2019-03-31,Q1,116486000.0,49437000.0,67049000.0,0.5755970674587504,0.0,5460000.0,858000.0,0.0,6686000.0,56123000.0,14510000.0,368000.0,60731000.0,0.5213587898974984,60363000.0,0.5181996119705372,94070000.0,143177000.0,1.2291348316535893,0.0,143177000.0,1.2291348316535893,1.3599691761723394,1.356527721070379,105279592.0,105546682.0,https://www.sedar.com/ModifyCompanyDocumentSearchForm.do?lang=EN&company_search=Allied Properties Real Estate Investment Trust&document_selection=0&industry_group=A&FromDate=13&FromMonth=05&FromYear=2000&ToDate=13&ToMonth=11&ToYear=2020&Variable=Issuer,https://www.sedar.com/ModifyCompanyDocumentSearchForm.do?lang=EN&company_search=Allied Properties Real Estate Investment Trust&document_selection=0&industry_group=A&FromDate=13&FromMonth=05&FromYear=2000&ToDate=13&ToMonth=11&ToYear=2020&Variable=Issuer,1620588590,15:29:50,20210509
9,2018-12-31,AP-UN.TO,CAD,2018-12-31,2018-12-31,Q4,112889000.0,47925000.0,64964000.0,0.5754679375315576,0.0,6829000.0,0.0,0.0,7189000.0,55114000.0,10649000.0,360000.0,58135000.0,0.5149748868357413,57775000.0,0.5117859135965417,91047000.0,137270000.0,1.2159732126247906,0.0,137270000.0,1.2159732126247906,1.3038614359371758,1.3038614359371758,105279592.0,105279592.0,https://www.sedar.com/ModifyCompanyDocumentSearchForm.do?lang=EN&company_search=Allied Properties Real Estate Investment Trust&document_selection=0&industry_group=A&FromDate=13&FromMonth=05&FromYear=2000&ToDate=13&ToMonth=11&ToYear=2020&Variable=Issuer,https://www.sedar.com/ModifyCompanyDocumentSearchForm.do?lang=EN&company_search=Allied Properties Real Estate Investment Trust&document_selection=0&industry_group=A&FromDate=13&FromMonth=05&FromYear=2000&ToDate=13&ToMonth=11&ToYear=2020&Variable=Issuer,1620588590,15:29:50,20210509
10,2018-09-30,AP-UN.TO,CAD,2018-09-30,2018-09-30,Q3,109630000.0,46145000.0,63485000.0,0.5790841922831341,0.0,3930000.0,0.0,0.0,4309000.0,50454000.0,14378000.0,379000.0,59555000.0,0.5432363404177688,59176000.0,0.5397792575025084,157659000.0,204654000.0,1.8667700446957949,0.0,204654000.0,1.8667700446957949,2.04,2.03,100481262.0,100680315.0,https://www.sedar.com/ModifyCompanyDocumentSearchForm.do?lang=EN&company_search=Allied Properties Real Estate Investment Trust&document_selection=0&industry_group=A&FromDate=13&FromMonth=05&FromYear=2000&ToDate=13&ToMonth=11&ToYear=2020&Variable=Issuer,https://www.sedar.com/ModifyCompanyDocumentSearchForm.do?lang=EN&company_search=Allied Properties Real Estate Investment Trust&document_selection=0&industry_group=A&FromDate=13&FromMonth=05&FromYear=2000&ToDate=13&ToMonth=11&ToYear=2020&Variable=Issuer,1620588590,15:29:50,20210509
11,2018-06-30,AP-UN.TO,CAD,2018-06-30,2018-06-30,Q2,106983000.0,45540000.0,61443000.0,0.574324892739968,0.0,4048000.0,0.0,0.0,4460000.0,50000000.0,15408000.0,412000.0,57395000.0,0.5364871054279652,56983000.0,0.5326360262845499,78670000.0,113652000.0,1.0623370068141667,0.0,113652000.0,1.0623370068141667,1.2129632485540485,1.2107533072239216,93697810.0,93868833.0,https://www.sedar.com/ModifyCompanyDocumentSearchForm.do?lang=EN&company_search=Allied Properties Real Estate Investment Trust&document_selection=0&industry_group=A&FromDate=13&FromMonth=05&FromYear=2000&ToDate=13&ToMonth=11&ToYear=2020&Variable=Issuer,https://www.sedar.com/ModifyCompanyDocumentSearchForm.do?lang=EN&company_search=Allied Properties Real Estate Investment Trust&document_selection=0&industry_group=A&FromDate=13&FromMonth=05&FromYear=2000&ToDate=13&ToMonth=11&ToYear=2020&Variable=Issuer,1620588590,15:29:50,20210509
12,2018-03-31,AP-UN.TO,CAD,2018-03-31,2018-03-31,Q1,106894000.0,46328000.0,60566000.0,0.5665986865492918,0.0,3861000.0,0.0,0.0,4266000.0,50594000.0,15474000.0,405000.0,56705000.0,0.5304787920743914,56300000.0,0.5266899919546466,43010000.0,84700000.0,0.7923737534379853,0.0,84700000.0,0.7923737534379853,0.9112187128563396,0.9097752373960201,92952437.0,93099918.0,https://www.sedar.com/ModifyCompanyDocumentSearchForm.do?lang=EN&company_search=Allied Properties Real Estate Investment Trust&document_selection=0&industry_group=A&FromDate=13&FromMonth=05&FromYear=2000&ToDate=13&ToMonth=11&ToYear=2020&Variable=Issuer,https://www.sedar.com/ModifyCompanyDocumentSearchForm.do?lang=EN&company_search=Allied Properties Real Estate Investment Trust&document_selection=0&industry_group=A&FromDate=13&FromMonth=05&FromYear=2000&ToDate=13&ToMonth=11&ToYear=2020&Variable=Issuer,1620588590,15:29:50,20210509
13,2017-12-31,AP-UN.TO,CAD,2017-12-31,2017-12-31,Q4,107709000.0,46419000.0,61290000.0,0.5690332284210233,0.0,4785000.0,0.0,0.0,7462000.0,53881000.0,16737000.0,419000.0,54247000.0,0.503644078025049,53828000.0,0.49975396670658906,25023000.0,63066000.0,0.5855221012171685,0.0,63066000.0,0.5855221012171685,0.6784760253246507,0.6784760253246507,92952437.0,92952437.0,https://www.sedar.com/ModifyCompanyDocumentSearchForm.do?lang=EN&company_search=Allied Properties Real Estate Investment Trust&document_selection=0&industry_group=A&FromDate=13&FromMonth=05&FromYear=2000&ToDate=13&ToMonth=11&ToYear=2020&Variable=Issuer,https://www.sedar.com/ModifyCompanyDocumentSearchForm.do?lang=EN&company_search=Allied Properties Real Estate Investment Trust&document_selection=0&industry_group=A&FromDate=13&FromMonth=05&FromYear=2000&ToDate=13&ToMonth=11&ToYear=2020&Variable=Issuer,1620588590,15:29:50,20210509
14,2017-09-30,AP-UN.TO,CAD,2017-09-30,2017-09-30,Q3,106309000.0,45277000.0,61032000.0,0.574100029160278,0.0,3523000.0,0.0,0.0,6212000.0,51489000.0,17839000.0,426000.0,55246000.0,0.5196737811474099,54820000.0,0.51566659454985,64574000.0,101945000.0,0.9589498537282827,0.0,101945000.0,0.9589498537282827,1.1480068491905029,1.1462714951766588,88801735.0,88936173.0,https://www.sedar.com/ModifyCompanyDocumentSearchForm.do?lang=EN&company_search=Allied Properties Real Estate Investment Trust&document_selection=0&industry_group=A&FromDate=13&FromMonth=05&FromYear=2000&ToDate=13&ToMonth=11&ToYear=2020&Variable=Issuer,https://www.sedar.com/ModifyCompanyDocumentSearchForm.do?lang=EN&company_search=Allied Properties Real Estate Investment Trust&document_selection=0&industry_group=A&FromDate=13&FromMonth=05&FromYear=2000&ToDate=13&ToMonth=11&ToYear=2020&Variable=Issuer,1620588590,15:29:50,20210509
15,2017-06-30,AP-UN.TO,CAD,2017-06-30,2017-06-30,Q2,103134000.0,43493000.0,59641000.0,0.5782865010568775,0.0,2628000.0,0.0,0.0,5124000.0,48617000.0,17456000.0,453000.0,54970000.0,0.5329959082358873,54517000.0,0.5286035642949949,76069000.0,113081000.0,1.0964473403533268,0.0,113081000.0,1.0964473403533268,1.3313246065863442,1.3292119819760073,84938714.0,85073714.0,https://www.sedar.com/ModifyCompanyDocumentSearchForm.do?lang=EN&company_search=Allied Properties Real Estate Investment Trust&document_selection=0&industry_group=A&FromDate=13&FromMonth=05&FromYear=2000&ToDate=13&ToMonth=11&ToYear=2020&Variable=Issuer,https://www.sedar.com/ModifyCompanyDocumentSearchForm.do?lang=EN&company_search=Allied Properties Real Estate Investment Trust&document_selection=0&industry_group=A&FromDate=13&FromMonth=05&FromYear=2000&ToDate=13&ToMonth=11&ToYear=2020&Variable=Issuer,1620588590,15:29:50,20210509
16,2017-03-31,AP-UN.TO,CAD,2017-03-31,2017-03-31,Q1,102111000.0,44359000.0,57752000.0,0.5655805936676753,0.0,3500000.0,0.0,0.0,6151000.0,50510000.0,15307000.0,521000.0,52122000.0,0.5104445162617152,51601000.0,0.5053422256172205,43777000.0,79867000.0,0.7821586312933964,0.0,79867000.0,0.7821586312933964,0.9421858941605084,0.9410684390069245,84767773.0,84868429.0,https://www.sedar.com/ModifyCompanyDocumentSearchForm.do?lang=EN&company_search=Allied Properties Real Estate Investment Trust&document_selection=0&industry_group=A&FromDate=13&FromMonth=05&FromYear=2000&ToDate=13&ToMonth=11&ToYear=2020&Variable=Issuer,https://www.sedar.com/ModifyCompanyDocumentSearchForm.do?lang=EN&company_search=Allied Properties Real Estate Investment Trust&document_selection=0&industry_group=A&FromDate=13&FromMonth=05&FromYear=2000&ToDate=13&ToMonth=11&ToYear=2020&Variable=Issuer,1620588590,15:29:50,20210509
17,2016-12-31,AP-UN.TO,CAD,2016-12-31,2016-12-31,Q4,105411000.0,49548000.0,55863000.0,0.5299541793550958,0.0,2041000.0,0.0,0.0,5115000.0,54663000.0,15479000.0,442000.0,51190000.0,0.4856229425771504,50748000.0,0.48142983180123516,128521000.0,163731000.0,1.5532629421976833,0.0,163731000.0,1.5532629421976833,1.931524141845746,1.931524141845746,84767773.0,84767773.0,https://www.sedar.com/ModifyCompanyDocumentSearchForm.do?lang=EN&company_search=Allied Properties Real Estate Investment Trust&document_selection=0&industry_group=A&FromDate=13&FromMonth=05&FromYear=2000&ToDate=13&ToMonth=11&ToYear=2020&Variable=Issuer,https://www.sedar.com/ModifyCompanyDocumentSearchForm.do?lang=EN&company_search=Allied Properties Real Estate Investment Trust&document_selection=0&industry_group=A&FromDate=13&FromMonth=05&FromYear=2000&ToDate=13&ToMonth=11&ToYear=2020&Variable=Issuer,1620588590,15:29:50,20210509
18,2016-09-30,AP-UN.TO,CAD,2016-09-30,2016-09-30,Q3,96278000.0,41104000.0,55174000.0,0.5730696524647375,0.0,2296000.0,0.0,0.0,4657000.0,45761000.0,15287000.0,401000.0,50918000.0,0.5288643303766177,50517000.0,0.5246993082531834,18831000.0,53961000.0,0.5604707202060699,0.0,53961000.0,0.5604707202060699,0.6625738956960533,0.6611182767685824,81441482.0,81620796.0,https://www.sedar.com/ModifyCompanyDocumentSearchForm.do?lang=EN&company_search=Allied Properties Real Estate Investment Trust&document_selection=0&industry_group=A&FromDate=13&FromMonth=05&FromYear=2000&ToDate=13&ToMonth=11&ToYear=2020&Variable=Issuer,https://www.sedar.com/ModifyCompanyDocumentSearchForm.do?lang=EN&company_search=Allied Properties Real Estate Investment Trust&document_selection=0&industry_group=A&FromDate=13&FromMonth=05&FromYear=2000&ToDate=13&ToMonth=11&ToYear=2020&Variable=Issuer,1620588590,15:29:50,20210509
19,2016-06-30,AP-UN.TO,CAD,2016-06-30,2016-06-30,Q2,94220000.0,39415000.0,54805000.0,0.5816705582678837,0.0,1950000.0,0.0,0.0,4368000.0,43783000.0,15225000.0,390000.0,50827000.0,0.5394502228826151,50437000.0,0.535310974315432,34100000.0,69145000.0,0.7338675440458501,0.0,69145000.0,0.7338675440458501,0.8800785685066739,0.8783994468287583,78566849.0,78717035.0,https://www.sedar.com/ModifyCompanyDocumentSearchForm.do?lang=EN&company_search=Allied Properties Real Estate Investment Trust&document_selection=0&industry_group=A&FromDate=13&FromMonth=05&FromYear=2000&ToDate=13&ToMonth=11&ToYear=2020&Variable=Issuer,https://www.sedar.com/ModifyCompanyDocumentSearchForm.do?lang=EN&company_search=Allied Properties Real Estate Investment Trust&document_selection=0&industry_group=A&FromDate=13&FromMonth=05&FromYear=2000&ToDate=13&ToMonth=11&ToYear=2020&Variable=Issuer,1620588590,15:29:50,20210509
20,2016-03-31,AP-UN.TO,CAD,2016-03-31,2016-03-31,Q1,93813000.0,40997000.0,52816000.0,0.5629923358169976,0.0,2233000.0,0.0,0.0,4423000.0,45420000.0,13439000.0,359000.0,48752000.0,0.5196721136729451,48393000.0,0.5158453519235074,2638000.0,37468000.0,0.3993902764009252,0.0,37468000.0,0.3993902764009252,0.47739175812714935,0.47689264349567656,78484807.0,78566949.0,https://www.sedar.com/ModifyCompanyDocumentSearchForm.do?lang=EN&company_search=Allied Properties Real Estate Investment Trust&document_selection=0&industry_group=A&FromDate=13&FromMonth=05&FromYear=2000&ToDate=13&ToMonth=11&ToYear=2020&Variable=Issuer,https://www.sedar.com/ModifyCompanyDocumentSearchForm.do?lang=EN&company_search=Allied Properties Real Estate Investment Trust&document_selection=0&industry_group=A&FromDate=13&FromMonth=05&FromYear=2000&ToDate=13&ToMonth=11&ToYear=2020&Variable=Issuer,1620588590,15:29:50,20210509
21,2015-12-31,AP-UN.TO,CAD,2015-12-31,2015-12-31,Q4,94024000.0,40818000.0,53206000.0,0.5658767974134263,0.0,2730000.0,0.0,0.0,5171000.0,45989000.0,11092000.0,314000.0,48349000.0,0.5142197736748064,48035000.0,0.5108802007997958,8276000.0,45165000.0,0.4803560792989024,0.0,45165000.0,0.4803560792989024,0.5754616941339997,0.5754616941339997,78484807.0,78484807.0,https://www.sedar.com/ModifyCompanyDocumentSearchForm.do?lang=EN&company_search=Allied Properties Real Estate Investment Trust&document_selection=0&industry_group=A&FromDate=13&FromMonth=05&FromYear=2000&ToDate=13&ToMonth=11&ToYear=2020&Variable=Issuer,https://www.sedar.com/ModifyCompanyDocumentSearchForm.do?lang=EN&company_search=Allied Properties Real Estate Investment Trust&document_selection=0&industry_group=A&FromDate=13&FromMonth=05&FromYear=2000&ToDate=13&ToMonth=11&ToYear=2020&Variable=Issuer,1620588590,15:29:50,20210509
22,2015-09-30,AP-UN.TO,CAD,2015-09-30,2015-09-30,Q3,90681000.0,37275000.0,53406000.0,0.5889436596420419,0.0,1957000.0,0.0,0.0,4115000.0,41390000.0,12887000.0,281000.0,49572000.0,0.546663578919509,49291000.0,0.5435648040934705,49561000.0,85889000.0,0.947155412931044,0.0,85889000.0,0.947155412931044,1.1021008000133654,1.1002615640034497,77932073.0,78062347.0,https://www.sedar.com/ModifyCompanyDocumentSearchForm.do?lang=EN&company_search=Allied Properties Real Estate Investment Trust&document_selection=0&industry_group=A&FromDate=13&FromMonth=05&FromYear=2000&ToDate=13&ToMonth=11&ToYear=2020&Variable=Issuer,https://www.sedar.com/ModifyCompanyDocumentSearchForm.do?lang=EN&company_search=Allied Properties Real Estate Investment Trust&document_selection=0&industry_group=A&FromDate=13&FromMonth=05&FromYear=2000&ToDate=13&ToMonth=11&ToYear=2020&Variable=Issuer,1620588590,15:29:50,20210509
23,2015-06-30,AP-UN.TO,CAD,2015-06-30,2015-06-30,Q2,91129000.0,36047000.0,55082000.0,0.6044398599787115,0.0,2408000.0,0.0,0.0,4218000.0,40265000.0,13781000.0,252000.0,51116000.0,0.560919136608544,50864000.0,0.5581538258951596,89812000.0,126942000.0,1.3929923515017173,0.0,126942000.0,1.3929923515017173,1.6342872018171277,1.6308169862265196,77674230.0,77839513.0,https://www.sedar.com/ModifyCompanyDocumentSearchForm.do?lang=EN&company_search=Allied Properties Real Estate Investment Trust&document_selection=0&industry_group=A&FromDate=13&FromMonth=05&FromYear=2000&ToDate=13&ToMonth=11&ToYear=2020&Variable=Issuer,https://www.sedar.com/ModifyCompanyDocumentSearchForm.do?lang=EN&company_search=Allied Properties Real Estate Investment Trust&document_selection=0&industry_group=A&FromDate=13&FromMonth=05&FromYear=2000&ToDate=13&ToMonth=11&ToYear=2020&Variable=Issuer,1620588590,15:29:50,20210509
24,2015-03-31,AP-UN.TO,CAD,2015-03-31,2015-03-31,Q1,89567000.0,38588000.0,50979000.0,0.5691716815344937,0.0,1821000.0,0.0,0.0,3642000.0,42230000.0,12844000.0,231000.0,47568000.0,0.5310884589190216,47337000.0,0.5285093840365314,-37953000.0,-3629000.0,-0.04051715475565778,0.0,-3629000.0,-0.04051715475565778,-0.04737662172728426,-0.04724124842855157,76598961.0,76818461.0,https://www.sedar.com/ModifyCompanyDocumentSearchForm.do?lang=EN&company_search=Allied Properties Real Estate Investment Trust&document_selection=0&industry_group=A&FromDate=13&FromMonth=05&FromYear=2000&ToDate=13&ToMonth=11&ToYear=2020&Variable=Issuer,https://www.sedar.com/ModifyCompanyDocumentSearchForm.do?lang=EN&company_search=Allied Properties Real Estate Investment Trust&document_selection=0&industry_group=A&FromDate=13&FromMonth=05&FromYear=2000&ToDate=13&ToMonth=11&ToYear=2020&Variable=Issuer,1620588590,15:29:50,20210509
25,2014-12-31,AP-UN.TO,CAD,2014-12-31,2014-12-31,Q4,88685000.0,36996000.0,51689000.0,0.5828381349720922,0.0,0.0,0.0,0.0,3886000.0,40882000.0,810000.0,81000.0,47884000.0,0.5399334724023228,47803000.0,0.5390201274172634,48556000.0,82437000.0,0.9295484016462762,0.0,82437000.0,0.9295484016462762,1.0762156421416735,1.0762156421416735,76598961.0,76598961.0,https://www.sedar.com/ModifyCompanyDocumentSearchForm.do?lang=EN&company_search=Allied Properties Real Estate Investment Trust&document_selection=0&industry_group=A&FromDate=13&FromMonth=05&FromYear=2000&ToDate=13&ToMonth=11&ToYear=2020&Variable=Issuer,https://www.sedar.com/ModifyCompanyDocumentSearchForm.do?lang=EN&company_search=Allied Properties Real Estate Investment Trust&document_selection=0&industry_group=A&FromDate=13&FromMonth=05&FromYear=2000&ToDate=13&ToMonth=11&ToYear=2020&Variable=Issuer,1620588590,15:29:50,20210509
26,2014-09-30,AP-UN.TO,CAD,2014-09-30,2014-09-30,Q3,85836000.0,34608000.0,51228000.0,0.5968125262127778,0.0,0.0,0.0,0.0,3464000.0,38072000.0,13500000.0,253000.0,48017000.0,0.5594039796821846,47764000.0,0.5564564984388835,1008000.0,35272000.0,0.4109231557854513,0.0,35272000.0,0.4109231557854513,0.5,0.49,71148884.0,71371273.0,https://www.sedar.com/ModifyCompanyDocumentSearchForm.do?lang=EN&company_search=Allied Properties Real Estate Investment Trust&document_selection=0&industry_group=A&FromDate=13&FromMonth=05&FromYear=2000&ToDate=13&ToMonth=11&ToYear=2020&Variable=Issuer,https://www.sedar.com/ModifyCompanyDocumentSearchForm.do?lang=EN&company_search=Allied Properties Real Estate Investment Trust&document_selection=0&industry_group=A&FromDate=13&FromMonth=05&FromYear=2000&ToDate=13&ToMonth=11&ToYear=2020&Variable=Issuer,1620588590,15:29:50,20210509
27,2014-06-30,AP-UN.TO,CAD,2014-06-30,2014-06-30,Q2,80638000.0,32527000.0,48111000.0,0.5966293806890052,0.0,0.0,0.0,0.0,3482000.0,36009000.0,13180000.0,233000.0,44862000.0,0.5563382028324115,44629000.0,0.5534487462486669,-12795000.0,18654000.0,0.23133014211661995,0.0,18654000.0,0.23133014211661995,0.2686205415023777,0.2677493573778591,69443684.0,69669635.0,https://www.sedar.com/ModifyCompanyDocumentSearchForm.do?lang=EN&company_search=Allied Properties Real Estate Investment Trust&document_selection=0&industry_group=A&FromDate=13&FromMonth=05&FromYear=2000&ToDate=13&ToMonth=11&ToYear=2020&Variable=Issuer,https://www.sedar.com/ModifyCompanyDocumentSearchForm.do?lang=EN&company_search=Allied Properties Real Estate Investment Trust&document_selection=0&industry_group=A&FromDate=13&FromMonth=05&FromYear=2000&ToDate=13&ToMonth=11&ToYear=2020&Variable=Issuer,1620588590,15:29:50,20210509
28,2014-03-31,AP-UN.TO,CAD,2014-03-31,2014-03-31,Q1,82547000.0,34793000.0,47754000.0,0.578506790071111,0.0,0.0,0.0,0.0,3355000.0,38148000.0,795000.0,207000.0,44606000.0,0.5403709401916484,44399000.0,0.5378632778901716,-15912000.0,15415000.0,0.1867420984408882,0.0,15415000.0,0.1867420984408882,0.22435225799086272,0.22303026585091942,68708914.0,69116180.0,https://www.sedar.com/ModifyCompanyDocumentSearchForm.do?lang=EN&company_search=Allied Properties Real Estate Investment Trust&document_selection=0&industry_group=A&FromDate=13&FromMonth=05&FromYear=2000&ToDate=13&ToMonth=11&ToYear=2020&Variable=Issuer,https://www.sedar.com/ModifyCompanyDocumentSearchForm.do?lang=EN&company_search=Allied Properties Real Estate Investment Trust&document_selection=0&industry_group=A&FromDate=13&FromMonth=05&FromYear=2000&ToDate=13&ToMonth=11&ToYear=2020&Variable=Issuer,1620588590,15:29:50,20210509
29,2013-12-31,AP-UN.TO,CAD,2013-12-31,2013-12-31,Q4,81353000.0,34757000.0,46596000.0,0.5727631433382911,0.0,0.0,0.0,0.0,3950000.0,38707000.0,791000.0,235000.0,42881000.0,0.5270979558221578,42646000.0,0.5242093100438828,41073000.0,72242000.0,0.8880065885707964,0.0,72242000.0,0.8880065885707964,1.0514210717986316,1.0514210717986316,68708914.0,68708914.0,https://www.sedar.com/ModifyCompanyDocumentSearchForm.do?lang=EN&company_search=Allied Properties Real Estate Investment Trust&document_selection=0&industry_group=A&FromDate=13&FromMonth=05&FromYear=2000&ToDate=13&ToMonth=11&ToYear=2020&Variable=Issuer,https://www.sedar.com/ModifyCompanyDocumentSearchForm.do?lang=EN&company_search=Allied Properties Real Estate Investment Trust&document_selection=0&industry_group=A&FromDate=13&FromMonth=05&FromYear=2000&ToDate=13&ToMonth=11&ToYear=2020&Variable=Issuer,1620588590,15:29:50,20210509
30,2013-09-30,AP-UN.TO,CAD,2013-09-30,2013-09-30,Q3,76954000.0,31528000.0,45426000.0,0.5903006991189542,0.0,0.0,0.0,0.0,2896000.0,34424000.0,11375000.0,162000.0,42692000.0,0.5547729812615328,42530000.0,0.5526678275333315,23597000.0,54752000.0,0.7114899810276268,0.0,54752000.0,0.7114899810276268,0.8030159443808207,0.7982487281337043,68182955.0,68590150.0,https://www.sedar.com/ModifyCompanyDocumentSearchForm.do?lang=EN&company_search=Allied Properties Real Estate Investment Trust&document_selection=0&industry_group=A&FromDate=13&FromMonth=05&FromYear=2000&ToDate=13&ToMonth=11&ToYear=2020&Variable=Issuer,https://www.sedar.com/ModifyCompanyDocumentSearchForm.do?lang=EN&company_search=Allied Properties Real Estate Investment Trust&document_selection=0&industry_group=A&FromDate=13&FromMonth=05&FromYear=2000&ToDate=13&ToMonth=11&ToYear=2020&Variable=Issuer,1620588590,15:29:50,20210509
31,2013-06-30,AP-UN.TO,CAD,2013-06-30,2013-06-30,Q2,73420000.0,30067000.0,43353000.0,0.5904794333968946,0.0,0.0,0.0,0.0,2992000.0,33059000.0,10815000.0,117000.0,40478000.0,0.5513211658948516,40361000.0,0.5497275946608553,55822000.0,85368000.0,1.1627349496050123,0.0,85368000.0,1.1627349496050123,1.26,1.25,67994622.0,68449128.0,https://www.sedar.com/ModifyCompanyDocumentSearchForm.do?lang=EN&company_search=Allied Properties Real Estate Investment Trust&document_selection=0&industry_group=A&FromDate=13&FromMonth=05&FromYear=2000&ToDate=13&ToMonth=11&ToYear=2020&Variable=Issuer,https://www.sedar.com/ModifyCompanyDocumentSearchForm.do?lang=EN&company_search=Allied Properties Real Estate Investment Trust&document_selection=0&industry_group=A&FromDate=13&FromMonth=05&FromYear=2000&ToDate=13&ToMonth=11&ToYear=2020&Variable=Issuer,1620588590,15:29:50,20210509
32,2013-03-31,AP-UN.TO,CAD,2013-03-31,2013-03-31,Q1,70306000.0,29998000.0,40308000.0,0.5733223337979689,0.0,0.0,0.0,0.0,2504000.0,32502000.0,788000.0,92000.0,37896000.0,0.5390151622905585,37804000.0,0.5377065968765112,-587000.0,26262000.0,0.3735385315620288,0.0,26262000.0,0.3735385315620288,0.40303513603287583,0.4000681617920616,65160572.0,65643814.0,https://www.sedar.com/ModifyCompanyDocumentSearchForm.do?lang=EN&company_search=Allied Properties Real Estate Investment Trust&document_selection=0&industry_group=A&FromDate=13&FromMonth=05&FromYear=2000&ToDate=13&ToMonth=11&ToYear=2020&Variable=Issuer,https://www.sedar.com/ModifyCompanyDocumentSearchForm.do?lang=EN&company_search=Allied Properties Real Estate Investment Trust&document_selection=0&industry_group=A&FromDate=13&FromMonth=05&FromYear=2000&ToDate=13&ToMonth=11&ToYear=2020&Variable=Issuer,1620588590,15:29:50,20210509
33,2012-12-31,AP-UN.TO,CAD,2012-12-31,2012-12-31,Q4,68691000.0,29830000.0,38861000.0,0.5657364137951114,0.0,0.0,0.0,0.0,2947000.0,32777000.0,-33337000.0,177000.0,36091000.0,0.5254108980798067,35914000.0,0.5228341412994424,112248000.0,137725000.0,2.0049933761337,0.0,137725000.0,2.0049933761337,2.1136247852459,2.1136247852459,65160572.0,65160572.0,https://www.sedar.com/ModifyCompanyDocumentSearchForm.do?lang=EN&company_search=Allied Properties Real Estate Investment Trust&document_selection=0&industry_group=A&FromDate=13&FromMonth=05&FromYear=2000&ToDate=13&ToMonth=11&ToYear=2020&Variable=Issuer,https://www.sedar.com/ModifyCompanyDocumentSearchForm.do?lang=EN&company_search=Allied Properties Real Estate Investment Trust&document_selection=0&industry_group=A&FromDate=13&FromMonth=05&FromYear=2000&ToDate=13&ToMonth=11&ToYear=2020&Variable=Issuer,1620588590,15:29:50,20210509
34,2012-09-30,AP-UN.TO,CAD,2012-09-30,2012-09-30,Q3,66801000.0,27803000.0,38998000.0,0.5837936557835961,0.0,1084000.0,0.0,0.0,2126000.0,29929000.0,12449000.0,122000.0,36994000.0,0.5537941048786695,36872000.0,0.5519677849133995,80282000.0,104705000.0,1.5674166554392899,0.0,104705000.0,1.5674166554392899,1.81,1.79,57941780.0,58612588.0,https://www.sedar.com/ModifyCompanyDocumentSearchForm.do?lang=EN&company_search=Allied Properties Real Estate Investment Trust&document_selection=0&industry_group=A&FromDate=13&FromMonth=05&FromYear=2000&ToDate=13&ToMonth=11&ToYear=2020&Variable=Issuer,https://www.sedar.com/ModifyCompanyDocumentSearchForm.do?lang=EN&company_search=Allied Properties Real Estate Investment Trust&document_selection=0&industry_group=A&FromDate=13&FromMonth=05&FromYear=2000&ToDate=13&ToMonth=11&ToYear=2020&Variable=Issuer,1620588590,15:29:50,20210509
35,2012-06-30,AP-UN.TO,CAD,2012-06-30,2012-06-30,Q2,62723000.0,25940000.0,36783000.0,0.5864355977870956,0.0,1393000.0,0.0,0.0,2326000.0,28266000.0,12209000.0,114000.0,34571000.0,0.5511694274827416,34457000.0,0.5493519123766402,49610000.0,71858000.0,1.1456403552126015,0.0,71858000.0,1.1456403552126015,1.3,1.28,55143247.0,55850014.0,https://www.sedar.com/ModifyCompanyDocumentSearchForm.do?lang=EN&company_search=Allied Properties Real Estate Investment Trust&document_selection=0&industry_group=A&FromDate=13&FromMonth=05&FromYear=2000&ToDate=13&ToMonth=11&ToYear=2020&Variable=Issuer,https://www.sedar.com/ModifyCompanyDocumentSearchForm.do?lang=EN&company_search=Allied Properties Real Estate Investment Trust&document_selection=0&industry_group=A&FromDate=13&FromMonth=05&FromYear=2000&ToDate=13&ToMonth=11&ToYear=2020&Variable=Issuer,1620588590,15:29:50,20210509
36,2012-03-31,AP-UN.TO,CAD,2012-03-31,2012-03-31,Q1,60239000.0,25562000.0,34677000.0,0.5756569664171052,0.0,1418000.0,0.0,0.0,2349000.0,27911000.0,11400000.0,86000.0,32414000.0,0.5380899417321005,32328000.0,0.5366622951908232,34600000.0,55528000.0,0.9217948505121267,0.0,55528000.0,0.9217948505121267,1.08,1.06,51523865.0,52178626.0,https://www.sedar.com/ModifyCompanyDocumentSearchForm.do?lang=EN&company_search=Allied Properties Real Estate Investment Trust&document_selection=0&industry_group=A&FromDate=13&FromMonth=05&FromYear=2000&ToDate=13&ToMonth=11&ToYear=2020&Variable=Issuer,https://www.sedar.com/ModifyCompanyDocumentSearchForm.do?lang=EN&company_search=Allied Properties Real Estate Investment Trust&document_selection=0&industry_group=A&FromDate=13&FromMonth=05&FromYear=2000&ToDate=13&ToMonth=11&ToYear=2020&Variable=Issuer,1620588590,15:29:50,20210509
37,2011-12-31,AP-UN.TO,CAD,2011-12-31,2011-12-31,Q4,57128000.0,22427000.0,34701000.0,0.6074254306119591,0.0,1640000.0,0.0,0.0,2448000.0,24875000.0,13180000.0,51000.0,32304000.0,0.5654670214255706,32253000.0,0.5645742893152219,47111000.0,66184000.0,1.1585212155160343,0.0,66184000.0,1.1585212155160343,1.2845309644375476,1.2845309644375476,51523865.0,51523865.0,https://www.sedar.com/ModifyCompanyDocumentSearchForm.do?lang=EN&company_search=Allied Properties Real Estate Investment Trust&document_selection=0&industry_group=A&FromDate=13&FromMonth=05&FromYear=2000&ToDate=13&ToMonth=11&ToYear=2020&Variable=Issuer,https://www.sedar.com/ModifyCompanyDocumentSearchForm.do?lang=EN&company_search=Allied Properties Real Estate Investment Trust&document_selection=0&industry_group=A&FromDate=13&FromMonth=05&FromYear=2000&ToDate=13&ToMonth=11&ToYear=2020&Variable=Issuer,1620588590,15:29:50,20210509
38,2011-09-30,AP-UN.TO,CAD,2011-09-30,2011-09-30,Q3,50270000.0,22138000.0,28132000.0,0.5596180624627014,0.0,1349000.0,0.0,0.0,2210000.0,24348000.0,10431000.0,73000.0,25995000.0,0.5171076188581659,25922000.0,0.5156554605132285,945000.0,16436000.0,0.32695444599164514,0.0,16436000.0,0.32695444599164514,0.34,0.33,48616000.0,49214000.0,https://www.sedar.com/ModifyCompanyDocumentSearchForm.do?lang=EN&company_search=Allied Properties Real Estate Investment Trust&document_selection=0&industry_group=A&FromDate=13&FromMonth=05&FromYear=2000&ToDate=13&ToMonth=11&ToYear=2020&Variable=Issuer,https://www.sedar.com/ModifyCompanyDocumentSearchForm.do?lang=EN&company_search=Allied Properties Real Estate Investment Trust&document_selection=0&industry_group=A&FromDate=13&FromMonth=05&FromYear=2000&ToDate=13&ToMonth=11&ToYear=2020&Variable=Issuer,1620588590,15:29:50,20210509
39,2011-06-30,AP-UN.TO,CAD,2011-06-30,2011-06-30,Q2,45580000.0,21670000.0,23910000.0,0.5245721807810443,0.0,1307000.0,0.0,0.0,2155000.0,23825000.0,9205000.0,87000.0,21842000.0,0.47920140412461604,21755000.0,0.47729267222465993,19136000.0,31686000.0,0.6951733216322948,0.0,31686000.0,0.6951733216322948,0.6881528939081334,0.6790827261037291,46045000.0,46660000.0,https://www.sedar.com/ModifyCompanyDocumentSearchForm.do?lang=EN&company_search=Allied Properties Real Estate Investment Trust&document_selection=0&industry_group=A&FromDate=13&FromMonth=05&FromYear=2000&ToDate=13&ToMonth=11&ToYear=2020&Variable=Issuer,https://www.sedar.com/ModifyCompanyDocumentSearchForm.do?lang=EN&company_search=Allied Properties Real Estate Investment Trust&document_selection=0&industry_group=A&FromDate=13&FromMonth=05&FromYear=2000&ToDate=13&ToMonth=11&ToYear=2020&Variable=Issuer,1620588590,15:29:50,20210509
40,2011-03-31,AP-UN.TO,CAD,2011-03-31,2011-03-31,Q1,43514000.0,20515000.0,22999000.0,0.5285425380337363,0.0,1134000.0,0.0,0.0,1900000.0,22415000.0,9395000.0,107000.0,21206000.0,0.4873374086500896,21099000.0,0.48487842993059704,32649000.0,44353000.0,1.0192811508939652,0.0,44353000.0,1.0192811508939652,1.04,1.03,42623000.0,43162000.0,https://www.sedar.com/ModifyCompanyDocumentSearchForm.do?lang=EN&company_search=Allied Properties Real Estate Investment Trust&document_selection=0&industry_group=A&FromDate=13&FromMonth=05&FromYear=2000&ToDate=13&ToMonth=11&ToYear=2020&Variable=Issuer,https://www.sedar.com/ModifyCompanyDocumentSearchForm.do?lang=EN&company_search=Allied Properties Real Estate Investment Trust&document_selection=0&industry_group=A&FromDate=13&FromMonth=05&FromYear=2000&ToDate=13&ToMonth=11&ToYear=2020&Variable=Issuer,1620588590,15:29:50,20210509
41,2010-12-31,AP-UN.TO,CAD,2010-12-31,2010-12-31,Q4,48204000.0,20555000.0,27649000.0,0.5735831051365032,0.0,2277000.0,0.0,0.0,14791000.0,35346000.0,8969000.0,5890000.0,18748000.0,0.38893037922164136,12858000.0,0.2667413492656211,0.0,0.0,0.0,0.0,3889000.0,0.08067795203717534,0.09124181779790254,0.09124181779790254,42623000.0,42623000.0,https://www.sedar.com/ModifyCompanyDocumentSearchForm.do?lang=EN&company_search=Allied Properties Real Estate Investment Trust&document_selection=0&industry_group=A&FromDate=13&FromMonth=05&FromYear=2000&ToDate=13&ToMonth=11&ToYear=2020&Variable=Issuer,https://www.sedar.com/ModifyCompanyDocumentSearchForm.do?lang=EN&company_search=Allied Properties Real Estate Investment Trust&document_selection=0&industry_group=A&FromDate=13&FromMonth=05&FromYear=2000&ToDate=13&ToMonth=11&ToYear=2020&Variable=Issuer,1620588590,15:29:50,20210509
42,2010-09-30,AP-UN.TO,CAD,2010-09-30,2010-09-30,Q3,45163000.0,18811000.0,26352000.0,0.5834864822974559,0.0,1123000.0,0.0,0.0,12253000.0,31064000.0,8637000.0,5689000.0,19788000.0,0.4381462701769147,14099000.0,0.3121803246019972,0.0,0.0,0.0,0.0,5462000.0,0.12093970728251002,0.13896868039798677,0.1372389360278866,39303820.0,39799201.0,https://www.sedar.com/ModifyCompanyDocumentSearchForm.do?lang=EN&company_search=Allied Properties Real Estate Investment Trust&document_selection=0&industry_group=A&FromDate=13&FromMonth=05&FromYear=2000&ToDate=13&ToMonth=11&ToYear=2020&Variable=Issuer,https://www.sedar.com/ModifyCompanyDocumentSearchForm.do?lang=EN&company_search=Allied Properties Real Estate Investment Trust&document_selection=0&industry_group=A&FromDate=13&FromMonth=05&FromYear=2000&ToDate=13&ToMonth=11&ToYear=2020&Variable=Issuer,1620588590,15:29:50,20210509
43,2010-06-30,AP-UN.TO,CAD,2010-06-30,2010-06-30,Q2,43935000.0,18246000.0,25689000.0,0.5847046773642881,0.0,1241000.0,0.0,0.0,12618000.0,30864000.0,8463000.0,5600000.0,18671000.0,0.4249687037669284,13071000.0,0.297507681802663,0.0,0.0,0.0,0.0,4608000.0,0.10488221235916695,0.11895382281265333,0.11753977317119477,38737721.0,39203751.0,https://www.sedar.com/ModifyCompanyDocumentSearchForm.do?lang=EN&company_search=Allied Properties Real Estate Investment Trust&document_selection=0&industry_group=A&FromDate=13&FromMonth=05&FromYear=2000&ToDate=13&ToMonth=11&ToYear=2020&Variable=Issuer,https://www.sedar.com/ModifyCompanyDocumentSearchForm.do?lang=EN&company_search=Allied Properties Real Estate Investment Trust&document_selection=0&industry_group=A&FromDate=13&FromMonth=05&FromYear=2000&ToDate=13&ToMonth=11&ToYear=2020&Variable=Issuer,1620588590,15:29:50,20210509
44,2010-03-31,AP-UN.TO,CAD,2010-03-31,2010-03-31,Q1,47165000.0,20384000.0,26781000.0,0.5678151171419484,0.0,1439000.0,0.0,0.0,13830000.0,34214000.0,8370000.0,5546000.0,18497000.0,0.3921764019930033,12951000.0,0.2745892080992261,0.0,0.0,0.0,0.0,4581000.0,0.09712710696491042,0.11843162710267843,0.11710468445579106,38680546.0,39118845.0,https://www.sedar.com/ModifyCompanyDocumentSearchForm.do?lang=EN&company_search=Allied Properties Real Estate Investment Trust&document_selection=0&industry_group=A&FromDate=13&FromMonth=05&FromYear=2000&ToDate=13&ToMonth=11&ToYear=2020&Variable=Issuer,https://www.sedar.com/ModifyCompanyDocumentSearchForm.do?lang=EN&company_search=Allied Properties Real Estate Investment Trust&document_selection=0&industry_group=A&FromDate=13&FromMonth=05&FromYear=2000&ToDate=13&ToMonth=11&ToYear=2020&Variable=Issuer,1620588590,15:29:50,20210509
45,2009-12-31,AP-UN.TO,CAD,2009-12-31,2009-12-31,Q4,43806000.0,18542000.0,25264000.0,0.5767246495913801,0.0,1229000.0,0.0,0.0,12742000.0,31284000.0,7838000.0,8203000.0,20725000.0,0.47310870656987625,12522000.0,0.28585125325297905,0.0,0.0,0.0,0.0,4684000.0,0.10692599187325937,0.12109446438527523,0.12109446438527523,38680546.0,38680546.0,https://www.sedar.com/ModifyCompanyDocumentSearchForm.do?lang=EN&company_search=Allied Properties Real Estate Investment Trust&document_selection=0&industry_group=A&FromDate=13&FromMonth=05&FromYear=2000&ToDate=13&ToMonth=11&ToYear=2020&Variable=Issuer,https://www.sedar.com/ModifyCompanyDocumentSearchForm.do?lang=EN&company_search=Allied Properties Real Estate Investment Trust&document_selection=0&industry_group=A&FromDate=13&FromMonth=05&FromYear=2000&ToDate=13&ToMonth=11&ToYear=2020&Variable=Issuer,1620588590,15:29:50,20210509
46,2009-09-30,AP-UN.TO,CAD,2009-09-30,2009-09-30,Q3,36006000.0,14602000.0,21404000.0,0.594456479475643,0.0,774000.0,0.0,0.0,10569000.0,25171000.0,7046000.0,9795000.0,20630000.0,0.5729600622118536,10835000.0,0.30092206854413156,0.0,0.0,0.0,0.0,3789000.0,0.10523246125645726,0.12225528575035433,0.1206254568422554,30992525.0,31411280.0,https://www.sedar.com/ModifyCompanyDocumentSearchForm.do?lang=EN&company_search=Allied Properties Real Estate Investment Trust&document_selection=0&industry_group=A&FromDate=13&FromMonth=05&FromYear=2000&ToDate=13&ToMonth=11&ToYear=2020&Variable=Issuer,https://www.sedar.com/ModifyCompanyDocumentSearchForm.do?lang=EN&company_search=Allied Properties Real Estate Investment Trust&document_selection=0&industry_group=A&FromDate=13&FromMonth=05&FromYear=2000&ToDate=13&ToMonth=11&ToYear=2020&Variable=Issuer,1620588590,15:29:50,20210509
47,2009-06-30,AP-UN.TO,CAD,2009-06-30,2009-06-30,Q2,35863000.0,13973000.0,21890000.0,0.6103783844073278,0.0,832000.0,0.0,0.0,10905000.0,24878000.0,7035000.0,10660000.0,21645000.0,0.6035468309957338,10985000.0,0.3063045478626997,0.0,0.0,0.0,0.0,3950000.0,0.11014137132978279,0.12755849235033337,0.1259178575015978,30966186.0,31369657.0,https://www.sedar.com/ModifyCompanyDocumentSearchForm.do?lang=EN&company_search=Allied Properties Real Estate Investment Trust&document_selection=0&industry_group=A&FromDate=13&FromMonth=05&FromYear=2000&ToDate=13&ToMonth=11&ToYear=2020&Variable=Issuer,https://www.sedar.com/ModifyCompanyDocumentSearchForm.do?lang=EN&company_search=Allied Properties Real Estate Investment Trust&document_selection=0&industry_group=A&FromDate=13&FromMonth=05&FromYear=2000&ToDate=13&ToMonth=11&ToYear=2020&Variable=Issuer,1620588590,15:29:50,20210509
48,2009-03-31,AP-UN.TO,CAD,2009-03-31,2009-03-31,Q1,37129000.0,15244000.0,21885000.0,0.5894314417301839,0.0,921000.0,0.0,0.0,11154000.0,26398000.0,6855000.0,4381000.0,15112000.0,0.4070133857631501,10731000.0,0.2890193649169113,0.0,0.0,0.0,0.0,3876000.0,0.10439279269573648,0.13,0.12,30913909.0,31301821.0,https://www.sedar.com/ModifyCompanyDocumentSearchForm.do?lang=EN&company_search=Allied Properties Real Estate Investment Trust&document_selection=0&industry_group=A&FromDate=13&FromMonth=05&FromYear=2000&ToDate=13&ToMonth=11&ToYear=2020&Variable=Issuer,https://www.sedar.com/ModifyCompanyDocumentSearchForm.do?lang=EN&company_search=Allied Properties Real Estate Investment Trust&document_selection=0&industry_group=A&FromDate=13&FromMonth=05&FromYear=2000&ToDate=13&ToMonth=11&ToYear=2020&Variable=Issuer,1620588590,15:29:50,20210509
49,2008-12-31,AP-UN.TO,CAD,2008-12-31,2008-12-31,Q4,35347000.0,14404000.0,20943000.0,0.5924972416329533,0.0,906000.0,0.0,0.0,25592000.0,39996000.0,0.0,4284000.0,-365000.0,-0.010326194585113305,-4649000.0,-0.13152459897586782,0.0,0.0,0.0,0.0,3296000.0,0.09324695165077658,0.10661867446138888,0.10661867446138888,30913909.0,30913909.0,https://www.sedar.com/ModifyCompanyDocumentSearchForm.do?lang=EN&company_search=Allied Properties Real Estate Investment Trust&document_selection=0&industry_group=A&FromDate=13&FromMonth=05&FromYear=2000&ToDate=13&ToMonth=11&ToYear=2020&Variable=Issuer,https://www.sedar.com/ModifyCompanyDocumentSearchForm.do?lang=EN&company_search=Allied Properties Real Estate Investment Trust&document_selection=0&industry_group=A&FromDate=13&FromMonth=05&FromYear=2000&ToDate=13&ToMonth=11&ToYear=2020&Variable=Issuer,1620588590,15:29:50,20210509
50,2008-09-30,AP-UN.TO,CAD,2008-09-30,2008-09-30,Q3,33979000.0,12865000.0,21114000.0,0.6213837958739221,0.0,828000.0,0.0,0.0,5399000.0,18264000.0,0.0,4221000.0,19936000.0,0.5867153241708114,15715000.0,0.4624915388916684,-5260000.0,0.0,0.0,0.0,3710000.0,0.10918508490538274,0.121,0.119,30654315.0,31041608.0,https://www.sedar.com/ModifyCompanyDocumentSearchForm.do?lang=EN&company_search=Allied Properties Real Estate Investment Trust&document_selection=0&industry_group=A&FromDate=13&FromMonth=05&FromYear=2000&ToDate=13&ToMonth=11&ToYear=2020&Variable=Issuer,https://www.sedar.com/ModifyCompanyDocumentSearchForm.do?lang=EN&company_search=Allied Properties Real Estate Investment Trust&document_selection=0&industry_group=A&FromDate=13&FromMonth=05&FromYear=2000&ToDate=13&ToMonth=11&ToYear=2020&Variable=Issuer,1620588590,15:29:50,20210509
51,2008-06-30,AP-UN.TO,CAD,2008-06-30,2008-06-30,Q2,31142000.0,12262000.0,18880000.0,0.6062552180335239,0.0,856000.0,0.0,0.0,9897000.0,22159000.0,0.0,3853000.0,12836000.0,0.4121764819215208,8983000.0,0.2884528931988954,0.0,0.0,0.0,0.0,2561000.0,0.08223620833600925,0.092,0.091,27757454.0,28144747.0,https://www.sedar.com/ModifyCompanyDocumentSearchForm.do?lang=EN&company_search=Allied Properties Real Estate Investment Trust&document_selection=0&industry_group=A&FromDate=13&FromMonth=05&FromYear=2000&ToDate=13&ToMonth=11&ToYear=2020&Variable=Issuer,https://www.sedar.com/ModifyCompanyDocumentSearchForm.do?lang=EN&company_search=Allied Properties Real Estate Investment Trust&document_selection=0&industry_group=A&FromDate=13&FromMonth=05&FromYear=2000&ToDate=13&ToMonth=11&ToYear=2020&Variable=Issuer,1620588590,15:29:50,20210509
52,2008-03-31,AP-UN.TO,CAD,2008-03-31,2008-03-31,Q1,32003000.0,13192000.0,18811000.0,0.5877886448145486,0.0,916000.0,0.0,0.0,9885000.0,23077000.0,0.0,8936000.0,17862000.0,0.55813517482736,8926000.0,0.2789113520607443,0.0,0.0,0.0,0.0,2945000.0,0.09202262287910508,0.107,0.105,27615954.0,28006842.0,https://www.sedar.com/ModifyCompanyDocumentSearchForm.do?lang=EN&company_search=Allied Properties Real Estate Investment Trust&document_selection=0&industry_group=A&FromDate=13&FromMonth=05&FromYear=2000&ToDate=13&ToMonth=11&ToYear=2020&Variable=Issuer,https://www.sedar.com/ModifyCompanyDocumentSearchForm.do?lang=EN&company_search=Allied Properties Real Estate Investment Trust&document_selection=0&industry_group=A&FromDate=13&FromMonth=05&FromYear=2000&ToDate=13&ToMonth=11&ToYear=2020&Variable=Issuer,1620588590,15:29:50,20210509
53,2007-12-31,AP-UN.TO,CAD,2007-12-31,2007-12-31,Q4,30458000.0,12448000.0,18010000.0,0.591306060805043,0.0,899000.0,0.0,0.0,10512000.0,22960000.0,0.0,4660000.0,12158000.0,0.39917263116422613,7498000.0,0.2461750607393788,0.0,0.0,0.0,0.0,975000.0,0.032011294241250245,0.03530567873918098,0.03530567873918098,27615954.0,27615954.0,https://www.sedar.com/ModifyCompanyDocumentSearchForm.do?lang=EN&company_search=Allied Properties Real Estate Investment Trust&document_selection=0&industry_group=A&FromDate=13&FromMonth=05&FromYear=2000&ToDate=13&ToMonth=11&ToYear=2020&Variable=Issuer,https://www.sedar.com/ModifyCompanyDocumentSearchForm.do?lang=EN&company_search=Allied Properties Real Estate Investment Trust&document_selection=0&industry_group=A&FromDate=13&FromMonth=05&FromYear=2000&ToDate=13&ToMonth=11&ToYear=2020&Variable=Issuer,1620588590,15:29:50,20210509
54,2007-09-30,AP-UN.TO,CAD,2007-09-30,2007-09-30,Q3,27938000.0,10692000.0,17246000.0,0.6172954399026416,0.0,537000.0,0.0,0.0,10315000.0,21007000.0,0.0,3758000.0,10689000.0,0.3825971794688238,6931000.0,0.2480850454577994,0.0,0.0,0.0,0.0,680000.0,0.024339609134512136,0.028,0.027,24722413.0,25132093.0,https://www.sedar.com/ModifyCompanyDocumentSearchForm.do?lang=EN&company_search=Allied Properties Real Estate Investment Trust&document_selection=0&industry_group=A&FromDate=13&FromMonth=05&FromYear=2000&ToDate=13&ToMonth=11&ToYear=2020&Variable=Issuer,https://www.sedar.com/ModifyCompanyDocumentSearchForm.do?lang=EN&company_search=Allied Properties Real Estate Investment Trust&document_selection=0&industry_group=A&FromDate=13&FromMonth=05&FromYear=2000&ToDate=13&ToMonth=11&ToYear=2020&Variable=Issuer,1620588590,15:29:50,20210509
55,2007-06-30,AP-UN.TO,CAD,2007-06-30,2007-06-30,Q2,27699000.0,10969000.0,16730000.0,0.6039929239322719,0.0,587000.0,0.0,0.0,9202000.0,20171000.0,0.0,3280000.0,10808000.0,0.3901945918625221,7528000.0,0.2717787645763385,0.0,0.0,0.0,0.0,1614000.0,0.058269251597530596,0.067,0.066,24087495.0,24516617.0,https://www.sedar.com/ModifyCompanyDocumentSearchForm.do?lang=EN&company_search=Allied Properties Real Estate Investment Trust&document_selection=0&industry_group=A&FromDate=13&FromMonth=05&FromYear=2000&ToDate=13&ToMonth=11&ToYear=2020&Variable=Issuer,https://www.sedar.com/ModifyCompanyDocumentSearchForm.do?lang=EN&company_search=Allied Properties Real Estate Investment Trust&document_selection=0&industry_group=A&FromDate=13&FromMonth=05&FromYear=2000&ToDate=13&ToMonth=11&ToYear=2020&Variable=Issuer,1620588590,15:29:50,20210509
56,2007-03-31,AP-UN.TO,CAD,2007-03-31,2007-03-31,Q1,20812000.0,8178000.0,12634000.0,0.6070536229098596,0.0,690000.0,0.0,0.0,6367000.0,14545000.0,0.0,5581000.0,11848000.0,0.5692869498366327,6267000.0,0.3011243513357678,0.0,0.0,0.0,0.0,2541000.0,0.12209302325581395,0.128,0.126,19793265.0,20176412.0,https://www.sedar.com/ModifyCompanyDocumentSearchForm.do?lang=EN&company_search=Allied Properties Real Estate Investment Trust&document_selection=0&industry_group=A&FromDate=13&FromMonth=05&FromYear=2000&ToDate=13&ToMonth=11&ToYear=2020&Variable=Issuer,https://www.sedar.com/ModifyCompanyDocumentSearchForm.do?lang=EN&company_search=Allied Properties Real Estate Investment Trust&document_selection=0&industry_group=A&FromDate=13&FromMonth=05&FromYear=2000&ToDate=13&ToMonth=11&ToYear=2020&Variable=Issuer,1620588590,15:29:50,20210509
57,2006-12-31,AP-UN.TO,CAD,2006-12-31,2006-12-31,Q4,18153000.0,6944000.0,11209000.0,0.6174736958078555,0.0,1497000.0,0.0,0.0,6761000.0,13705000.0,0.0,5175000.0,9623000.0,0.5301052167685782,4448000.0,0.24502836996639674,0.0,0.0,0.0,0.0,1053000.0,0.05800694100148736,0.05319991421324375,0.05319991421324375,19793265.0,19793265.0,https://www.sedar.com/ModifyCompanyDocumentSearchForm.do?lang=EN&company_search=Allied Properties Real Estate Investment Trust&document_selection=0&industry_group=A&FromDate=13&FromMonth=05&FromYear=2000&ToDate=13&ToMonth=11&ToYear=2020&Variable=Issuer,https://www.sedar.com/ModifyCompanyDocumentSearchForm.do?lang=EN&company_search=Allied Properties Real Estate Investment Trust&document_selection=0&industry_group=A&FromDate=13&FromMonth=05&FromYear=2000&ToDate=13&ToMonth=11&ToYear=2020&Variable=Issuer,1620588590,15:29:50,20210509
58,2006-09-30,AP-UN.TO,CAD,2006-09-30,2006-09-30,Q3,16207000.0,5627000.0,10580000.0,0.6528043438020609,0.0,495000.0,0.0,0.0,4861000.0,10488000.0,0.0,4282000.0,10001000.0,0.6170790399210218,5719000.0,0.3528722157092614,0.0,0.0,0.0,0.0,2457000.0,0.1516011599925958,0.15,0.146,16397275.0,16772116.0,https://www.sedar.com/ModifyCompanyDocumentSearchForm.do?lang=EN&company_search=Allied Properties Real Estate Investment Trust&document_selection=0&industry_group=A&FromDate=13&FromMonth=05&FromYear=2000&ToDate=13&ToMonth=11&ToYear=2020&Variable=Issuer,https://www.sedar.com/ModifyCompanyDocumentSearchForm.do?lang=EN&company_search=Allied Properties Real Estate Investment Trust&document_selection=0&industry_group=A&FromDate=13&FromMonth=05&FromYear=2000&ToDate=13&ToMonth=11&ToYear=2020&Variable=Issuer,1620588590,15:29:50,20210509
59,2006-06-30,AP-UN.TO,CAD,2006-06-30,2006-06-30,Q2,15712000.0,5527000.0,10185000.0,0.6482306517311609,0.0,767000.0,0.0,0.0,4814000.0,10341000.0,0.0,4004000.0,9375000.0,0.5966776985743381,5371000.0,0.3418406313645621,0.0,0.0,0.0,0.0,2183000.0,0.13893839103869654,0.138,0.135,15848429.0,16166214.0,https://www.sedar.com/ModifyCompanyDocumentSearchForm.do?lang=EN&company_search=Allied Properties Real Estate Investment Trust&document_selection=0&industry_group=A&FromDate=13&FromMonth=05&FromYear=2000&ToDate=13&ToMonth=11&ToYear=2020&Variable=Issuer,https://www.sedar.com/ModifyCompanyDocumentSearchForm.do?lang=EN&company_search=Allied Properties Real Estate Investment Trust&document_selection=0&industry_group=A&FromDate=13&FromMonth=05&FromYear=2000&ToDate=13&ToMonth=11&ToYear=2020&Variable=Issuer,1620588590,15:29:50,20210509
60,2006-03-31,AP-UN.TO,CAD,2006-03-31,2006-03-31,Q1,15167000.0,5657000.0,9510000.0,0.6270191863915079,0.0,518000.0,0.0,0.0,4505000.0,10162000.0,0.0,3945000.0,8950000.0,0.5900969209467923,5005000.0,0.3299927474121448,0.0,0.0,0.0,0.0,2024000.0,0.13344761653590032,0.128,0.126,15808978.0,16064067.0,https://www.sedar.com/ModifyCompanyDocumentSearchForm.do?lang=EN&company_search=Allied Properties Real Estate Investment Trust&document_selection=0&industry_group=A&FromDate=13&FromMonth=05&FromYear=2000&ToDate=13&ToMonth=11&ToYear=2020&Variable=Issuer,https://www.sedar.com/ModifyCompanyDocumentSearchForm.do?lang=EN&company_search=Allied Properties Real Estate Investment Trust&document_selection=0&industry_group=A&FromDate=13&FromMonth=05&FromYear=2000&ToDate=13&ToMonth=11&ToYear=2020&Variable=Issuer,1620588590,15:29:50,20210509
61,2005-12-31,AP-UN.TO,CAD,2005-12-31,2005-12-31,Q4,14504000.0,5280000.0,9224000.0,0.6359624931053502,0.0,8508000.0,0.0,0.0,12427000.0,17707000.0,0.0,3737000.0,534000.0,0.03681742967457253,-3203000.0,-0.22083563154991726,0.0,0.0,0.0,0.0,1963000.0,0.1353419746276889,0.12416994950590735,0.12416994950590735,15808978.0,15808978.0,https://www.sedar.com/ModifyCompanyDocumentSearchForm.do?lang=EN&company_search=Allied Properties Real Estate Investment Trust&document_selection=0&industry_group=A&FromDate=13&FromMonth=05&FromYear=2000&ToDate=13&ToMonth=11&ToYear=2020&Variable=Issuer,https://www.sedar.com/ModifyCompanyDocumentSearchForm.do?lang=EN&company_search=Allied Properties Real Estate Investment Trust&document_selection=0&industry_group=A&FromDate=13&FromMonth=05&FromYear=2000&ToDate=13&ToMonth=11&ToYear=2020&Variable=Issuer,1620588590,15:29:50,20210509
62,2005-09-30,AP-UN.TO,CAD,2005-09-30,2005-09-30,Q3,13031000.0,4567000.0,8464000.0,0.6495280484997314,0.0,404000.0,0.0,0.0,3479000.0,8046000.0,0.0,2930000.0,7915000.0,0.6073977438416085,4985000.0,0.38254930550226385,-7877000.0,0.0,0.0,0.0,-5252000.0,-0.40303890722124164,-0.3629407627740533,-0.3566170109845101,14470681.0,14727284.0,https://www.sedar.com/ModifyCompanyDocumentSearchForm.do?lang=EN&company_search=Allied Properties Real Estate Investment Trust&document_selection=0&industry_group=A&FromDate=13&FromMonth=05&FromYear=2000&ToDate=13&ToMonth=11&ToYear=2020&Variable=Issuer,https://www.sedar.com/ModifyCompanyDocumentSearchForm.do?lang=EN&company_search=Allied Properties Real Estate Investment Trust&document_selection=0&industry_group=A&FromDate=13&FromMonth=05&FromYear=2000&ToDate=13&ToMonth=11&ToYear=2020&Variable=Issuer,1620588590,15:29:50,20210509
63,2005-06-30,AP-UN.TO,CAD,2005-06-30,2005-06-30,Q2,12260000.0,4480000.0,7780000.0,0.634584013050571,0.0,469000.0,0.0,0.0,2910000.0,7390000.0,0.0,2811000.0,7681000.0,0.6265089722675367,4870000.0,0.3972267536704731,0.0,0.0,0.0,0.0,2183000.0,0.17805872756933117,0.156,0.153,14036486.0,14288758.0,https://www.sedar.com/ModifyCompanyDocumentSearchForm.do?lang=EN&company_search=Allied Properties Real Estate Investment Trust&document_selection=0&industry_group=A&FromDate=13&FromMonth=05&FromYear=2000&ToDate=13&ToMonth=11&ToYear=2020&Variable=Issuer,https://www.sedar.com/ModifyCompanyDocumentSearchForm.do?lang=EN&company_search=Allied Properties Real Estate Investment Trust&document_selection=0&industry_group=A&FromDate=13&FromMonth=05&FromYear=2000&ToDate=13&ToMonth=11&ToYear=2020&Variable=Issuer,1620588590,15:29:50,20210509
64,2005-03-31,AP-UN.TO,CAD,2005-03-31,2005-03-31,Q1,11797000.0,4197000.0,7600000.0,0.6442315843010935,0.0,497000.0,0.0,0.0,2336000.0,6533000.0,0.0,2232000.0,7496000.0,0.6354157836738153,5264000.0,0.44621513944223107,0.0,0.0,0.0,0.0,2498000.0,0.21174874968212257,0.206,0.203,12117625.0,12328485.0,https://www.sedar.com/ModifyCompanyDocumentSearchForm.do?lang=EN&company_search=Allied Properties Real Estate Investment Trust&document_selection=0&industry_group=A&FromDate=13&FromMonth=05&FromYear=2000&ToDate=13&ToMonth=11&ToYear=2020&Variable=Issuer,https://www.sedar.com/ModifyCompanyDocumentSearchForm.do?lang=EN&company_search=Allied Properties Real Estate Investment Trust&document_selection=0&industry_group=A&FromDate=13&FromMonth=05&FromYear=2000&ToDate=13&ToMonth=11&ToYear=2020&Variable=Issuer,1620588590,15:29:50,20210509
65,2004-12-31,AP-UN.TO,CAD,2004-12-31,2004-12-31,Q4,10119000.0,3664000.0,6455000.0,0.6379088842771025,0.0,382000.0,0.0,0.0,3523000.0,7187000.0,0.0,1855000.0,4787000.0,0.47307046150805415,2932000.0,0.2897519517738907,0.0,0.0,0.0,0.0,1998000.0,0.1974503409427809,0.16488379529817104,0.16488379529817104,12117625.0,12117625.0,https://www.sedar.com/ModifyCompanyDocumentSearchForm.do?lang=EN&company_search=Allied Properties Real Estate Investment Trust&document_selection=0&industry_group=A&FromDate=13&FromMonth=05&FromYear=2000&ToDate=13&ToMonth=11&ToYear=2020&Variable=Issuer,https://www.sedar.com/ModifyCompanyDocumentSearchForm.do?lang=EN&company_search=Allied Properties Real Estate Investment Trust&document_selection=0&industry_group=A&FromDate=13&FromMonth=05&FromYear=2000&ToDate=13&ToMonth=11&ToYear=2020&Variable=Issuer,1620588590,15:29:50,20210509
66,2004-09-30,AP-UN.TO,CAD,2004-09-30,2004-09-30,Q3,9734000.0,3369000.0,6365000.0,0.6538935689336347,0.0,305000.0,0.0,0.0,1855000.0,5224000.0,0.0,1742000.0,6252000.0,0.6422847750154099,4510000.0,0.463324429833573,0.0,0.0,0.0,0.0,2248000.0,0.23094308608999384,0.22,0.217,10199764.0,10348019.0,https://www.sedar.com/ModifyCompanyDocumentSearchForm.do?lang=EN&company_search=Allied Properties Real Estate Investment Trust&document_selection=0&industry_group=A&FromDate=13&FromMonth=05&FromYear=2000&ToDate=13&ToMonth=11&ToYear=2020&Variable=Issuer,https://www.sedar.com/ModifyCompanyDocumentSearchForm.do?lang=EN&company_search=Allied Properties Real Estate Investment Trust&document_selection=0&industry_group=A&FromDate=13&FromMonth=05&FromYear=2000&ToDate=13&ToMonth=11&ToYear=2020&Variable=Issuer,1620588590,15:29:50,20210509
67,2004-06-30,AP-UN.TO,CAD,2004-06-30,2004-06-30,Q2,7933000.0,2656000.0,5277000.0,0.6651960166393546,0.0,527000.0,0.0,0.0,1354000.0,4010000.0,0.0,1234000.0,5157000.0,0.6500693306441447,3923000.0,0.4945165763267364,0.0,0.0,0.0,0.0,1778000.0,0.22412706416235975,0.212,0.211,8395633.0,8427322.0,https://www.sedar.com/ModifyCompanyDocumentSearchForm.do?lang=EN&company_search=Allied Properties Real Estate Investment Trust&document_selection=0&industry_group=A&FromDate=13&FromMonth=05&FromYear=2000&ToDate=13&ToMonth=11&ToYear=2020&Variable=Issuer,https://www.sedar.com/ModifyCompanyDocumentSearchForm.do?lang=EN&company_search=Allied Properties Real Estate Investment Trust&document_selection=0&industry_group=A&FromDate=13&FromMonth=05&FromYear=2000&ToDate=13&ToMonth=11&ToYear=2020&Variable=Issuer,1620588590,15:29:50,20210509
68,2004-03-31,AP-UN.TO,CAD,2004-03-31,2004-03-31,Q1,6779000.0,2339000.0,4440000.0,0.6549638589762502,0.0,351000.0,0.0,0.0,941000.0,3280000.0,0.0,833000.0,4332000.0,0.6390323056498008,3499000.0,0.5161528249004278,0.0,0.0,0.0,0.0,1843000.0,0.27186900722820473,0.258,0.257,7138165.0,7173918.0,https://www.sedar.com/ModifyCompanyDocumentSearchForm.do?lang=EN&company_search=Allied Properties Real Estate Investment Trust&document_selection=0&industry_group=A&FromDate=13&FromMonth=05&FromYear=2000&ToDate=13&ToMonth=11&ToYear=2020&Variable=Issuer,https://www.sedar.com/ModifyCompanyDocumentSearchForm.do?lang=EN&company_search=Allied Properties Real Estate Investment Trust&document_selection=0&industry_group=A&FromDate=13&FromMonth=05&FromYear=2000&ToDate=13&ToMonth=11&ToYear=2020&Variable=Issuer,1620588590,15:29:50,20210509
69,2003-12-31,AP-UN.TO,CAD,2003-12-31,2003-12-31,Q4,5541000.0,1776000.0,3765000.0,0.6794802382241473,0.0,303000.0,0.0,0.0,1320000.0,3096000.0,0.0,357000.0,2802000.0,0.5056848944233893,2445000.0,0.44125609095831075,0.0,0.0,0.0,0.0,1999000.0,0.36076520483667207,0.2800439608779007,0.2800439608779007,7138165.0,7138165.0,https://www.sedar.com/ModifyCompanyDocumentSearchForm.do?lang=EN&company_search=Allied Properties Real Estate Investment Trust&document_selection=0&industry_group=A&FromDate=13&FromMonth=05&FromYear=2000&ToDate=13&ToMonth=11&ToYear=2020&Variable=Issuer,https://www.sedar.com/ModifyCompanyDocumentSearchForm.do?lang=EN&company_search=Allied Properties Real Estate Investment Trust&document_selection=0&industry_group=A&FromDate=13&FromMonth=05&FromYear=2000&ToDate=13&ToMonth=11&ToYear=2020&Variable=Issuer,1620588590,15:29:50,20210509
70,2003-09-30,AP-UN.TO,CAD,2003-09-30,2003-09-30,Q3,5057000.0,1610000.0,3447000.0,0.6816294245600159,0.0,282000.0,0.0,0.0,241000.0,1851000.0,0.0,-21000.0,3185000.0,0.6298200514138818,3206000.0,0.6339727110935337,0.0,0.0,0.0,0.0,1838000.0,0.3634565948190627,0.302,0.302,6087000.0,6087000.0,https://www.sedar.com/ModifyCompanyDocumentSearchForm.do?lang=EN&company_search=Allied Properties Real Estate Investment Trust&document_selection=0&industry_group=A&FromDate=13&FromMonth=05&FromYear=2000&ToDate=13&ToMonth=11&ToYear=2020&Variable=Issuer,https://www.sedar.com/ModifyCompanyDocumentSearchForm.do?lang=EN&company_search=Allied Properties Real Estate Investment Trust&document_selection=0&industry_group=A&FromDate=13&FromMonth=05&FromYear=2000&ToDate=13&ToMonth=11&ToYear=2020&Variable=Issuer,1620588590,15:29:50,20210509
71,2003-06-30,AP-UN.TO,CAD,2003-06-30,2003-06-30,Q2,4989000.0,1579000.0,3410000.0,0.6835037081579475,0.0,339000.0,0.0,0.0,234000.0,1813000.0,0.0,134000.0,3310000.0,0.6634596111445179,3176000.0,0.6366005211465223,0.0,0.0,0.0,0.0,1777000.0,0.356183603928643,0.293,0.293,6066839.0,6066839.0,https://www.sedar.com/ModifyCompanyDocumentSearchForm.do?lang=EN&company_search=Allied Properties Real Estate Investment Trust&document_selection=0&industry_group=A&FromDate=13&FromMonth=05&FromYear=2000&ToDate=13&ToMonth=11&ToYear=2020&Variable=Issuer,https://www.sedar.com/ModifyCompanyDocumentSearchForm.do?lang=EN&company_search=Allied Properties Real Estate Investment Trust&document_selection=0&industry_group=A&FromDate=13&FromMonth=05&FromYear=2000&ToDate=13&ToMonth=11&ToYear=2020&Variable=Issuer,1620588590,15:29:50,20210509
72,2003-03-31,AP-UN.TO,CAD,2003-03-31,2003-03-31,Q1,2358000.0,838000.0,1520000.0,0.6446140797285835,0.0,133000.0,0.0,0.0,102000.0,940000.0,0.0,54000.0,1472000.0,0.6242578456318915,1418000.0,0.6013570822731128,0.0,0.0,0.0,0.0,820000.0,0.3477523324851569,0.136,0.136,6043902.0,6043902.0,https://www.sedar.com/ModifyCompanyDocumentSearchForm.do?lang=EN&company_search=Allied Properties Real Estate Investment Trust&document_selection=0&industry_group=A&FromDate=13&FromMonth=05&FromYear=2000&ToDate=13&ToMonth=11&ToYear=2020&Variable=Issuer,https://www.sedar.com/ModifyCompanyDocumentSearchForm.do?lang=EN&company_search=Allied Properties Real Estate Investment Trust&document_selection=0&industry_group=A&FromDate=13&FromMonth=05&FromYear=2000&ToDate=13&ToMonth=11&ToYear=2020&Variable=Issuer,1620588590,15:29:50,20210509
