,date,symbol,reportedCurrency,fillingDate,acceptedDate,period,revenue,costOfRevenue,grossProfit,grossProfitRatio,researchAndDevelopmentExpenses,generalAndAdministrativeExpenses,sellingAndMarketingExpenses,otherExpenses,operatingExpenses,costAndExpenses,interestExpense,depreciationAndAmortization,ebitda,ebitdaratio,operatingIncome,operatingIncomeRatio,totalOtherIncomeExpensesNet,incomeBeforeTax,incomeBeforeTaxRatio,incomeTaxExpense,netIncome,netIncomeRatio,eps,epsdiluted,weightedAverageShsOut,weightedAverageShsOutDil,link,finalLink,timestamp,est_time,est_date
0,2020-06-30,SBLK,USD,2020-09-30 00:00:00,2020-09-30 15:57:33,Q2,146134000,109789000,36345000,0.24871008800142336,0,13554000,0,5661000,62666000.00000001,172455000,-17842000,69958000,43637000,0.2986094953946378,-26321000,-0.18011551042194152,0,-44164000,-0.30221577456307225,-16000,-44120000,-0.3019146810461631,-0.46056,-0.46056,95797140,95797140,https://www.sec.gov/Archives/edgar/data/1386716/000114036120021987/0001140361-20-021987-index.htm,https://www.sec.gov/Archives/edgar/data/1386716/000114036120021987/sblk-20200630.htm,1620597616,18:00:16,20210509
1,2020-03-31,SBLK,USD,2020-04-24 00:00:00,2020-04-24 17:15:27,Q1,160862000,111389000,49473000,0.30754932799542467,0,10639000,0,8348000,26580000.0,137969000,-20106000,0,-17308000,-0.107595,22893000,0.14231453046710846,0,2787000,0.017325409357088685,43000,2755000,0.01712648108316445,0.02872,0.02872,95916480,95916480,https://www.sec.gov/Archives/edgar/data/1386716/000091957420003024/0000919574-20-003024-index.html,https://www.sec.gov/Archives/edgar/data/1386716/000091957420003024/d8525891_6-k.htm,1620597616,18:00:16,20210509
2,2019-12-31,SBLK,USD,2020-03-27 00:00:00,2020-03-27 16:10:15,Q4,248639000,189124000,59515000,0.23936309267653103,0,8051000,0,0,7421000.0,196545000,14138000,0,45111000,0.18143171425239002,52094000,0.2095166084162179,-7469000,23538000,0.09466736915769448,39000,23499000,0.09451051524499375,0.24499439512375767,0.24499439512375767,95916480,95916480,https://www.sec.gov/Archives/edgar/data/1386716/000114036120007197/0001140361-20-007197-index.html,https://www.sec.gov/Archives/edgar/data/1386716/000114036120007197/form20f.htm,1620597616,18:00:16,20210509
3,2019-09-30,SBLK,USD,2019-10-07 00:00:00,2019-10-07 16:16:36,Q3,248444000,209362000,39082000,0.15730707926132248,0,9706000,0,-110000,9691000.0,219053000,22501000,0,29314000,0.11799037207579978,29391000,0.11830030107388385,-1064000,5826000,0.023449952504387306,11000,5815000,0.02340567693323244,0.061737869753436994,0.06168050318222604,94188543,94276144,https://www.sec.gov/Archives/edgar/data/1386716/000114036119018052/0001140361-19-018052-index.html,https://www.sec.gov/Archives/edgar/data/1386716/000114036119018052/form6k.htm,1620597616,18:00:16,20210509
4,2019-06-30,SBLK,USD,2019-06-30,2019-06-30,Q2,157792000,160346000,-2554000,-0.016185864936118434,0,9829000,0,0,11064000.0,171410000,18169000,0,-16393000,-0.10388993104846887,-13618000,-0.08630348813628068,-5525000,-40114000,-0.25422074629892516,0,-40173000,-0.2545946562563375,-0.4265168429243034,-0.4265168429243034,94188543,94188543,,,1620597616,18:00:16,20210509
5,2019-03-31,SBLK,USD,2019-03-31,2019-03-31,Q1,166490000,150229000,16261000,0.09766952970148357,0,7233000,0,0,7077000.0,157306000,22236000,0,9689000,0.0581956874286744,9184000,0.05516247222055379,7233000,-5342000,-0.03208601117184215,0,-5342000,-0.03208601117184215,-0.06,-0.06,93080589,93080589,,,1620597616,18:00:16,20210509
6,2018-12-31,SBLK,USD,2019-03-21 00:00:00,2019-03-21 08:49:29,Q4,209433000,148158000,61275000,0.2925756685909097,0,7223000,0,0,7984000.0,156142000,16530000,0,48392000,0.231061962536945,53291000,0.25445369163407866,-20327000,11776000,0.05622800609264061,61000,11715000,0.05593674349314578,0.12585867929993438,0.12585867929993438,93080589,93080589,https://www.sec.gov/Archives/edgar/data/1386716/000114036119005312/0001140361-19-005312-index.html,https://www.sec.gov/Archives/edgar/data/1386716/000114036119005312/form20f.htm,1620597616,18:00:16,20210509
7,2018-09-30,SBLK,USD,2018-11-29 00:00:00,2018-11-29 08:54:29,Q3,188467000,130894000,57573000,0.3054805350538821,0,9047000,0,0,9049000.0,139943000,21353000,0,49206000,0.26108549507340806,48524000,0.2574668244308022,-1753000,26054000,0.1382417080974388,0,26054000,0.1382417080974388,0.29938431559193035,0.2979959753501261,87025267,87430711,https://www.sec.gov/Archives/edgar/data/1386716/000095014218002316/0000950142-18-002316-index.html,https://www.sec.gov/Archives/edgar/data/1386716/000095014218002316/eh1801275_6k.htm,1620597616,18:00:16,20210509
8,2018-06-30,SBLK,USD,2018-07-03 00:00:00,2018-07-03 11:40:36,Q2,132604000,97799000,34805000,0.2624732285602244,0,10383000,0,0,10347000.0,108146000,15047000,22075000,46533000,0.35091701607794634,24458000,0.1844439081777322,2834000,10728000,0.08090253687671563,0,10728000,0.08090253687671563,0.12327454278307472,0.12327454278307472,87025267,87025267,https://www.sec.gov/Archives/edgar/data/1386716/000091957418004492/0000919574-18-004492-index.html,https://www.sec.gov/Archives/edgar/data/1386716/000091957418004492/d7940880_6-k.htm,1620597616,18:00:16,20210509
9,2018-03-31,SBLK,USD,2018-04-23 00:00:00,2018-04-23 16:30:36,Q1,121057000,89656000,31401000,0.25939020461435525,0,7319000,0,0,7314000.0,96970000,13249000,21168000,45255000,0.373832161708947,24087000,0.19897238490958805,-807000,9900000,0.081779657516707,0,9900000,0.081779657516707,0.15442853300193907,0.15395774988789077,64107324,64303356,https://www.sec.gov/Archives/edgar/data/1386716/000095014218001039/0000950142-18-001039-index.html,https://www.sec.gov/Archives/edgar/data/1386716/000095014218001039/eh1800626_6k.htm,1620597616,18:00:16,20210509
10,2017-12-31,SBLK,USD,2018-03-22 00:00:00,2018-03-22 16:57:24,Q4,107707000,67195000,40512000,0.3761315420539055,0,5860000,0,-266000,5722000.0,72917000,10370000,21129000,55919000,0.5191770265628046,34790000,0.3230059327620303,1767000,23952000,0.22238108943708393,68000,23884000,0.22174974699880232,0.37256273557760733,0.37256273557760733,64107324,64107324,https://www.sec.gov/Archives/edgar/data/1386716/000114036118014673/0001140361-18-014673-index.html,https://www.sec.gov/Archives/edgar/data/1386716/000114036118014673/s002145x1_20f.htm,1620597616,18:00:16,20210509
11,2017-09-30,SBLK,USD,2017-10-17 00:00:00,2017-10-17 16:40:20,Q3,80798000,68399000,12399000,0.1534567687318993,0,7779000,0,28000,7460000.0,75859000,13107000,21107000,26046000,0.3223594643431768,4939000,0.06112775068689819,-1000,-7375000,-0.09127701180722295,51000,-7426000,-0.09190821554988984,-0.12,-0.12,63652049,63652049,https://www.sec.gov/Archives/edgar/data/1386716/000091957417007326/0000919574-17-007326-index.html,https://www.sec.gov/Archives/edgar/data/1386716/000091957417007326/d7684820_6-k.htm,1620597616,18:00:16,20210509
12,2017-06-30,SBLK,USD,2017-09-26 00:00:00,2017-09-26 16:08:42,Q2,78605000,67149000,11456000,0.14574136505311366,0,9284000,0,0,8989000.0,76138000,11845000,20742000,23209000,0.2952611157051078,2467000,0.03138477196107118,-672000,-10227000,-0.13010622733922778,52000,-10279000,-0.1307677628649577,-0.16148733876579527,-0.16148733876579527,63652049,63652049,https://www.sec.gov/Archives/edgar/data/1386716/000095014217001713/0000950142-17-001713-index.html,https://www.sec.gov/Archives/edgar/data/1386716/000095014217001713/eh1700975_6k.htm,1620597616,18:00:16,20210509
13,2017-03-31,SBLK,USD,2017-03-31,2017-03-31,Q1,64866000,63120000,1746000,0.02691702895199334,0,8032000,0,0,5866000.0,68986000,10376000,19645000,15525000,0.23933956155767275,-4120000,-0.06351555514445163,-1244000,-15885000,-0.2448894644343724,65000,-15950000,-0.24589153023155427,-0.26,-0.26,61027878,61027878,,,1620597616,18:00:16,20210509
14,2016-12-31,SBLK,USD,2017-01-24 00:00:00,2017-01-24 08:09:10,Q4,63241000,63597000,-356000,-0.005629259499375405,0,5347000,0,-397000,5176000.0,68773000,7464000,0,-9023000,-0.1426764282664727,-5532000,-0.08747489761388973,-16775000,-32859000,-0.5195838142976866,0,-33126000,-0.5238057589222181,-0.542801111321616,-0.542801111321616,61027878,61027878,https://www.sec.gov/Archives/edgar/data/1386716/000095014217000138/0000950142-17-000138-index.html,https://www.sec.gov/Archives/edgar/data/1386716/000095014217000138/eh1700200_6k.htm,1620597616,18:00:16,20210509
15,2016-09-30,SBLK,USD,2016-10-13 00:00:00,2016-10-13 15:07:01,Q3,59912000,65259000,-5347000,-0.08924756309253572,0,5957000,0,0,4610000.0,69869000,10603000,20746000,10789000,0.18008078515155562,-9957000,-0.16619375083455734,-19200000,-39406000,-0.6577313392976365,0,-39406000,-0.6577313392976365,-0.86,-0.86,45734704,45734704,https://www.sec.gov/Archives/edgar/data/1386716/000091957416015835/0000919574-16-015835-index.html,https://www.sec.gov/Archives/edgar/data/1386716/000091957416015835/d7286866_6-k.htm,1620597616,18:00:16,20210509
16,2016-06-30,SBLK,USD,2016-09-14 00:00:00,2016-09-14 16:22:16,Q2,52649000,66062000,-13413000,-0.2547626735550533,0,7124000,0,0,7124000.0,73186000,9300000,20312000,-225000,-0.004273585443218294,-20537000,-0.390073885543885,-2036000,-32908000,-0.6250451100685673,0,-32908000,-0.6250451100685673,-0.7195411169601098,-0.7195411169601098,45734704,45734704,https://www.sec.gov/Archives/edgar/data/1386716/000156761916002940/0001567619-16-002940-index.html,https://www.sec.gov/Archives/edgar/data/1386716/000156761916002940/s001408x2_6k.htm,1620597616,18:00:16,20210509
17,2016-03-31,SBLK,USD,2016-05-19 00:00:00,2016-05-19 16:48:36,Q1,46304000,68845000,-22541000,-0.48680459571527296,0,6174000,0,0,6124000.0,74969000,8440000,20535000,-8130000,-0.17557878369039392,-28665000,-0.619060988251555,-10918000,-48788000,-1.0536454733932274,0,-48788000,-1.0536454733932274,-1.11,-1.11,43824122,43824122,https://www.sec.gov/Archives/edgar/data/1386716/000095014216003766/0000950142-16-003766-index.html,https://www.sec.gov/Archives/edgar/data/1386716/000095014216003766/eh1600630_6k.htm,1620597616,18:00:16,20210509
18,2015-12-31,SBLK,USD,2016-01-05 00:00:00,2016-01-04 18:04:46,Q4,64154000,73582000,-9428000,-0.1469588801945319,0,6935000,0,0,6933000.0,80515000,4697000,21849000,5488000,0.0855441593665243,-16361000,-0.25502696636219097,-286882000,-311007000,-4.8478193097858275,0,-311007000,-4.8478193097858275,-7.1,-7.1,43824122,43824122,https://www.sec.gov/Archives/edgar/data/1386716/000095014216002745/0000950142-16-002745-index.html,https://www.sec.gov/Archives/edgar/data/1386716/000095014216002745/eh1600125_6k.htm,1620597616,18:00:16,20210509
19,2015-09-30,SBLK,USD,2015-11-18 00:00:00,2015-11-17 20:07:05,Q3,68814000,81444000,-12630000,-0.1835382334989973,0,5533000,0,0,5533000.0,86977000,7764000,0,-18077000,-0.26269363792251577,-18163000,-0.26394338361379954,-16046000,-41973000,-0.6099485569796844,0,-41973000,-0.6099485569796844,-0.95,-0.95,43824122,43824122,https://www.sec.gov/Archives/edgar/data/1386716/000095014215002442/0000950142-15-002442-index.html,https://www.sec.gov/Archives/edgar/data/1386716/000095014215002442/eh1501353_6k.htm,1620597616,18:00:16,20210509
20,2015-06-30,SBLK,USD,2015-09-17 00:00:00,2015-09-17 16:27:41,Q2,55817000,68460000,-12643000,-0.2265080531021015,0,5590000,0,0,5040000.0,73500000,5829000,20235000,2552000,0.04572083773760682,-17683000,-0.31680312449612125,-40189000,-65021000,-1.1648959994266979,0,-65021000,-1.1648959994266979,-1.4836806085926832,-1.4836806085926832,43824122,43824122,https://www.sec.gov/Archives/edgar/data/1386716/000091957415006942/0000919574-15-006942-index.html,https://www.sec.gov/Archives/edgar/data/1386716/000091957415006942/d6821442_6-k.htm,1620597616,18:00:16,20210509
21,2015-03-31,SBLK,USD,2015-04-08 00:00:00,2015-04-07 20:15:56,Q1,45501000,68668000,-23167000,-0.5091536449748357,0,5563000,0,0,5523000.0,74191000,6432000,0,-27973000,-0.6147776971934683,-28690000,-0.6305355926243379,-5592000,-40176000,-0.882969605063625,0,-40176000,-0.882969605063625,-1.3,-1.3,30694331,30694331,https://www.sec.gov/Archives/edgar/data/1386716/000156761915000448/0001567619-15-000448-index.html,https://www.sec.gov/Archives/edgar/data/1386716/000156761915000448/s000840x1_20f.htm,1620597616,18:00:16,20210509
22,2014-12-31,SBLK,USD,2015-02-25 00:00:00,2015-02-25 16:40:25,Q4,65650000,60797000,4853000,0.07392231530845392,0,7756000,0,0,7537000.0,68334000,3989000,16640000,13956000,0.21258187357197258,-2684000,-0.040883472962680883,-579000,-8074000,-0.12298552932216299,0,-8074000,-0.12298552932216299,-0.415,-0.415,19524715,19524715,https://www.sec.gov/Archives/edgar/data/1386716/000095014215000452/0000950142-15-000452-index.html,https://www.sec.gov/Archives/edgar/data/1386716/000095014215000452/eh1500336_6k.htm,1620597616,18:00:16,20210509
23,2014-09-30,SBLK,USD,2014-10-30 00:00:00,2014-10-30 10:22:07,Q3,36812000,42487000,-5675000,-0.15416168640660655,0,14752000,0,0,5375000.0,47862000,1533000,0,-10588000,-0.28762360099967405,-11050000,-0.3001738563511898,12370000,221000,0.006003477127023797,0,221000,0.006003477127023797,0.014307346401572902,0.014269518796959469,15446610,15487558,https://www.sec.gov/Archives/edgar/data/1386716/000095014214002124/0000950142-14-002124-index.html,https://www.sec.gov/Archives/edgar/data/1386716/000095014214002124/eh1401190_6k.htm,1620597616,18:00:16,20210509
24,2014-06-30,SBLK,USD,2014-07-15 00:00:00,2014-07-15 17:03:53,Q2,24746000,19005000,5741000,0.2319970904388588,0,6425000,0,-4000,6187000.0,25192000,1694000,0,-422000,-0.01705326113311242,-446000,-0.018023114846843935,-884000,-2992000,-0.12090842964519519,0,-2992000,-0.12090842964519519,-0.5,-0.5,5819250,5819250,https://www.sec.gov/Archives/edgar/data/1386716/000091957414004063/0000919574-14-004063-index.html,https://www.sec.gov/Archives/edgar/data/1386716/000091957414004063/d6034458_6-k.htm,1620597616,18:00:16,20210509
25,2014-03-31,SBLK,USD,2014-05-29 00:00:00,2014-05-29 10:07:19,Q1,20179000,15819000,4360000,0.21606620744338173,0,3790000,0,-90000,3621000.0,19440000,1374000,4679000,5418000,0.2684969522771198,739000,0.03662223103226126,-243000,-878000,-0.043510580306258984,0,-878000,-0.043510580306258984,-0.15,-0.15,5769911,5769911,https://www.sec.gov/Archives/edgar/data/1386716/000131786114000048/0001317861-14-000048-index.html,https://www.sec.gov/Archives/edgar/data/1386716/000131786114000048/f052914sblk6k.htm,1620597616,18:00:16,20210509
26,2013-12-31,SBLK,USD,2013-12-31,2013-12-31,Q4,16349000,12613000,3736000,0.22851550553550676,0,2702000,0,-225000,2203000.0,14816000,1309000,4034000,5567000,0.3405101229432993,1533000,0.09376720288702672,-194000,54000,0.003302954309132057,0,54000,0.003302954309132057,0.009358896523707212,0.009358896523707212,5769911,5769911,,,1620597616,18:00:16,20210509
27,2013-09-30,SBLK,USD,2013-10-01 00:00:00,2013-10-01 17:16:41,Q3,17727000,14724000,3003000,0.16940260619394146,0,2499000,0,-338000,858000.0,15582000,1711000,3957000,6102000,0.3442206803181587,2145000,0.12100186156710104,-722000,-168000,-0.009477068877982739,0,-168000,-0.009477068877982739,-0.15492038198939903,-0.15492038198939903,1084428,1084428,https://www.sec.gov/Archives/edgar/data/1386716/000131786113000067/0001317861-13-000067-index.html,https://www.sec.gov/Archives/edgar/data/1386716/000131786113000067/f100113sblk6k.htm,1620597616,18:00:16,20210509
28,2013-06-30,SBLK,USD,2013-07-12 00:00:00,2013-07-12 09:34:47,Q2,17379000,12882000,4497000,0.2587605731054721,0,2564000,0,-337000,1814000.0,14696000,1919000,3917000,6600000,0.3797686863455895,2683000,0.15438172507048736,20000,806000,0.04637781230220381,0,806000,0.04637781230220381,0.7432489754967596,0.738977002778957,1084428,1090697,https://www.sec.gov/Archives/edgar/data/1386716/000131786113000048/0001317861-13-000048-index.html,https://www.sec.gov/Archives/edgar/data/1386716/000131786113000048/f071113sblk6k.htm,1620597616,18:00:16,20210509
29,2013-03-31,SBLK,USD,2013-05-02 00:00:00,2013-05-02 11:42:07,Q1,18439000,13997000,4442000,0.24090243505613101,0,2145000,0,-225000,1248000.0,15245000,1875000,4153000,7347000,0.3984489397472748,3194000,0.17321980584630403,-225000,1158000,0.06280167037257986,0,1158000,0.06280167037257986,0.0713981439812012,0.07139725915910305,16218909,16219110,https://www.sec.gov/Archives/edgar/data/1386716/000131786113000033/0001317861-13-000033-index.html,https://www.sec.gov/Archives/edgar/data/1386716/000131786113000033/f050213sblk6k.htm,1620597616,18:00:16,20210509
30,2012-12-31,SBLK,USD,2013-01-03 00:00:00,2013-01-02 18:28:44,Q4,17938000,16504000,1434000,0.07994202252202029,0,1995000,0,-563000,519000.0,17023000,1791000,5914000,6829000,0.38070018954175494,915000,0.051009031107146836,-563000,-1384000,-0.07715464377299587,0,-1384000,-0.07715464377299587,-0.08533249677891404,-0.08533249677891404,16218909,16218909,https://www.sec.gov/Archives/edgar/data/1386716/000091957413000005/0000919574-13-000005-index.html,https://www.sec.gov/Archives/edgar/data/1386716/000091957413000005/d1346693_6-k.htm,1620597616,18:00:16,20210509
31,2012-09-30,SBLK,USD,2012-10-12 00:00:00,2012-10-12 10:30:01,Q3,18417000,40410000,-21993000,-1.1941684313406091,0,1988000,0,0,-15746000.0,24664000,1905000,9535000,3288000,0.17853070532660043,-6247000,-0.3391974805885866,-303219000,0,0.0,0,-308677000,-16.76043872509095,-19.031921320971712,-19.031921320971712,16218909,16218909,https://www.sec.gov/Archives/edgar/data/1386716/000131786112000105/0001317861-12-000105-index.html,https://www.sec.gov/Archives/edgar/data/1386716/000131786112000105/f101212sblk6k.htm,1620597616,18:00:16,20210509
32,2012-06-30,SBLK,USD,2012-07-23 00:00:00,2012-07-20 17:34:53,Q2,21802000,12932000,8870000,0.40684340886157233,0,2134000,0,0,11562000.0,24494000,1978000,9426000,6734000,0.30887074580313734,-2692000,-0.12347491055866434,0,0,0.0,0,-4554000,-0.20887991927346114,-0.2807833745167446,-0.2807833745167446,16218909,16218909,https://www.sec.gov/Archives/edgar/data/1386716/000131786112000075/0001317861-12-000075-index.html,https://www.sec.gov/Archives/edgar/data/1386716/000131786112000075/f072012sblk6k.htm,1620597616,18:00:16,20210509
33,2012-03-31,SBLK,USD,2012-04-26 00:00:00,2012-04-26 15:41:55,Q1,28005000,16292000,11713000,0.4182467416532762,0,3203000,0,0,9478000.0,25770000,2164000,9771000,12006000,0.4287091590787359,2235000,0.07980717728976969,0,0,0.0,0,94000,0.003356543474379575,0.075,0.075,1069658,1069658,https://www.sec.gov/Archives/edgar/data/1386716/000131786112000052/0001317861-12-000052-index.html,https://www.sec.gov/Archives/edgar/data/1386716/000131786112000052/f042612sblk6k.htm,1620597616,18:00:16,20210509
34,2011-12-31,SBLK,USD,2012-01-09 00:00:00,2012-01-09 16:41:44,Q4,28625000,15020000,13605000,0.4752838427947598,0,0,0,0,19218000.0,34238000,2100000,13540000,7927000,0.2769257641921397,-5613000,-0.19608733624454147,-62020000,0,0.0,0,-69943000,-2.443423580786026,-64.499678,-64.499678,1072516,1072516,https://www.sec.gov/Archives/edgar/data/1386716/000131786112000001/0001317861-12-000001-index.html,https://www.sec.gov/Archives/edgar/data/1386716/000131786112000001/f010912sblk6k.htm,1620597616,18:00:16,20210509
35,2011-09-30,SBLK,USD,2011-10-11 00:00:00,2011-10-11 16:22:55,Q3,26255000,12702000,13553000,0.5162064368691678,0,2996000,0,0,15764000.0,28466000,1086000,12675000,10464000,0.3985526566368311,-2211000,-0.08421253094648638,0,0,0.0,0,-2996000,-0.11411159779089697,-2.999985,-2.999985,1023631,1023631,https://www.sec.gov/Archives/edgar/data/1386716/000131786111000352/0001317861-11-000352-index.html,https://www.sec.gov/Archives/edgar/data/1386716/000131786111000352/f101011sblk6k.htm,1620597616,18:00:16,20210509
36,2011-06-30,SBLK,USD,2011-07-06 00:00:00,2011-07-06 17:25:10,Q2,22678000,10457000,12221000,0.538892318546609,0,2858000,0,0,14906000.0,25363000,922000,12069000,9384000,0.41379310344827586,-2685000,-0.11839668401093571,0,0,0.0,0,1702000,0.07505070993914807,2.014537336999428,2.0112854146355876,844859,846225,https://www.sec.gov/Archives/edgar/data/1386716/000131786111000258/0001317861-11-000258-index.html,https://www.sec.gov/Archives/edgar/data/1386716/000131786111000258/f070611sblk6k.htm,1620597616,18:00:16,20210509
37,2011-03-31,SBLK,USD,2011-04-01 00:00:00,2011-04-01 16:56:20,Q1,29507000,12593000,16914000,0.5732199139187312,0,0,0,0,16150000.0,28743000,1119000,11940000,12704000,0.43054190531060427,764000,0.025892161182092383,0,0,0.0,0,1678000,0.05686786186328668,1.9861302300147126,1.98465969236592,844859,845485,https://www.sec.gov/Archives/edgar/data/1386716/000131786111000108/0001317861-11-000108-index.html,https://www.sec.gov/Archives/edgar/data/1386716/000131786111000108/f040111sblk6k.htm,1620597616,18:00:16,20210509
38,2010-12-31,SBLK,USD,2011-04-01 00:00:00,2011-04-01 16:56:20,Q4,31896000,13121000,18775000,0.588631803360923,0,6291000,0,0,-3112000.0,10009000,1328000,12206000,34093000,1.0688801103586656,21887000,0.6861988964133434,102000,0,0.0,0,20686000,0.6485452721344369,24.48455896190962,24.48455896190962,844859,844859,https://www.sec.gov/Archives/edgar/data/1386716/000131786111000108/0001317861-11-000108-index.html,https://www.sec.gov/Archives/edgar/data/1386716/000131786111000108/f040111sblk6k.htm,1620597616,18:00:16,20210509
39,2010-06-30,SBLK,USD,2010-08-03 00:00:00,2010-08-03 16:06:51,Q3,29991000,6834000,23157000,0.7721316394918476,0,3274000,0,0,14644000.0,21478000,1456000,11454000,19967000,0.6657663965856424,8513000,0.28385182221333066,-1215000,0,0.0,0,5983000,0.19949318128771965,7.3493824946381325,7.33313232485911,814082,815886,https://www.sec.gov/Archives/edgar/data/1386716/000131786110000271/0001317861-10-000271-index.html,https://www.sec.gov/Archives/edgar/data/1386716/000131786110000271/f080310sblk6k.htm,1620597616,18:00:16,20210509
40,2009-12-31,SBLK,USD,2010-01-12 00:00:00,2010-01-11 17:33:28,Q2,31228000,20860000,10368000,0.33200973485333674,0,-2261000,0,0,13076000.0,33936000,2056000,13082000,10374000,0.33220187011656205,-2708000,-0.08671704880235685,-116000,0,0.0,0,-4560000,-0.14602280005123608,-5.601965601965602,-5.601965601965602,814000,814000,https://www.sec.gov/Archives/edgar/data/1386716/000131786110000002/0001317861-10-000002-index.html,https://www.sec.gov/Archives/edgar/data/1386716/000131786110000002/f011110sblk6k.htm,1620597616,18:00:16,20210509
41,2009-09-30,SBLK,USD,2009-10-30 00:00:00,2009-10-30 16:35:39,Q1,33638000,11326000,22312000,0.6632974612045901,0,1886000,0,0,17894000.0,29220000,2382000,13719000,18137000,0.5391818776383852,4418000,0.13133955645401035,-75092000,0,0.0,0,-72865000,-2.1661513764195255,-89.249554,-89.249554,814000,814000,https://www.sec.gov/Archives/edgar/data/1386716/000131786109000392/0001317861-09-000392-index.html,https://www.sec.gov/Archives/edgar/data/1386716/000131786109000392/f103009sblk6k.htm,1620597616,18:00:16,20210509
42,2009-06-30,SBLK,USD,2009-07-30 00:00:00,2009-07-30 10:51:31,Q4,32370000,14943000,17427000,0.538368860055607,0,5497000,0,0,18409000.0,33352000,2734000,15836000,14854000,0.45888168056842754,-982000,-0.03033673154155082,0,0,0.0,0,-3444000,-0.10639481000926784,-4.499978,-4.499978,813267,813267,https://www.sec.gov/Archives/edgar/data/1386716/000131786109000277/0001317861-09-000277-index.html,https://www.sec.gov/Archives/edgar/data/1386716/000131786109000277/f073009sblk6k.htm,1620597616,18:00:16,20210509
43,2008-12-31,SBLK,USD,2009-01-22 00:00:00,2009-01-22 14:45:35,Q3,72783000,7213000,65570000,0.9008971875300551,0,5250000,0,0,21010000.0,28223000,4379000,16011000,60571000,0.8322135663547806,44560000,0.6122308780896638,9690000,0,0.0,0,50201000,0.6897352403720649,61.72757532274149,61.72757532274149,813267,813267,https://www.sec.gov/Archives/edgar/data/1386716/000091957409000834/0000919574-09-000834-index.html,https://www.sec.gov/Archives/edgar/data/1386716/000091957409000834/d956963_6-k.htm,1620597616,18:00:16,20210509
44,2008-09-30,SBLK,USD,2008-10-01 00:00:00,2008-10-01 10:05:25,Q2,65179000,10571000,54608000,0.8378158609368048,0,10978000,0,0,13347000.0,23918000,2617000,13993000,55254000,0.8477270286441952,41261000,0.6330413169886007,-3592000,0,0.0,0,35244000,0.5407263075530462,43.33632128194062,43.33632128194062,813267,813267,https://www.sec.gov/Archives/edgar/data/1386716/000131786108000338/0001317861-08-000338-index.html,https://www.sec.gov/Archives/edgar/data/1386716/000131786108000338/f100108sblk6k.htm,1620597616,18:00:16,20210509
45,2008-06-30,SBLK,USD,2008-07-02 00:00:00,2008-07-02 16:57:01,Q1,59226000,6680000,52546000,0.8872116975652585,0,2657000,0,0,19349000.0,26029000,1904000,12166000,45363000,0.7659305034950866,33197000,0.560513963461993,-4000,0,0.0,0,31569000,0.5330260358626279,45.321411,40.935468,697180,766730,https://www.sec.gov/Archives/edgar/data/1386716/000131786108000243/0001317861-08-000243-index.html,https://www.sec.gov/Archives/edgar/data/1386716/000131786108000243/f070208sblk6k.htm,1620597616,18:00:16,20210509
46,2008-03-31,SBLK,USD,2008-04-11 00:00:00,2008-04-11 12:00:29,Q4,42492000,5897000,36595000,0.8612209357055446,0,2787000,0,0,17787000.0,23684000,1367000,8814000,27622000,0.6500517744516615,18808000,0.4426244940224042,0,0,0.0,0,17840000,0.41984373529134894,29.23962,26.315658,612162,675603,https://www.sec.gov/Archives/edgar/data/1386716/000131786108000117/0001317861-08-000117-index.html,https://www.sec.gov/Archives/edgar/data/1386716/000131786108000117/f041108sblk6k.htm,1620597616,18:00:16,20210509
47,2007-12-31,SBLK,USD,2007-12-31,2007-12-31,Q3,0,0,0,0.0,0,0,0,0,7439893.0,7482893,0,746944,-3102949,0.0,-3849893,0.0,0,1623246,0.0,0,1614246,0.0,2.6369588442275083,2.6369588442275083,612162,612162,,,1620597616,18:00:16,20210509
48,2007-09-30,SBLK,USD,2007-12-04 00:00:00,2007-12-04 14:12:29,Q2,0,0,0,0.0,0,0,0,0,249556.0,249556,0,-724,-250280,0.0,-249556,0.0,0,942741,0.0,0,942741,0.0,2.192971,2.192971,397090,397090,https://www.sec.gov/Archives/edgar/data/1386716/000131786107000405/0001317861-07-000405-index.html,https://www.sec.gov/Archives/edgar/data/1386716/000131786107000405/f120407sblk6k.htm,1620597616,18:00:16,20210509
49,2007-06-30,SBLK,USD,2007-06-30,2007-06-30,Q1,0,0,0,0.0,0,0,0,0,608869.0,608869,0,-610,-609479,0.0,-608869,0.0,0,578915,0.0,0,578915,0.0,1.461981,1.461981,397090,397090,,,1620597616,18:00:16,20210509
50,2007-03-31,SBLK,USD,2007-03-31,2007-03-31,Q4,0,0,0,0.0,0,0,0,0,847682.0,847682,0,-610,-848292,0.0,-847682,0.0,0,275098,0.0,0,275098,0.0,0.73099,0.73099,397090,397090,,,1620597616,18:00:16,20210509
