,date,symbol,reportedCurrency,fillingDate,acceptedDate,period,revenue,costOfRevenue,grossProfit,grossProfitRatio,researchAndDevelopmentExpenses,generalAndAdministrativeExpenses,sellingAndMarketingExpenses,otherExpenses,operatingExpenses,costAndExpenses,interestExpense,depreciationAndAmortization,ebitda,ebitdaratio,operatingIncome,operatingIncomeRatio,totalOtherIncomeExpensesNet,incomeBeforeTax,incomeBeforeTaxRatio,incomeTaxExpense,netIncome,netIncomeRatio,eps,epsdiluted,weightedAverageShsOut,weightedAverageShsOutDil,link,finalLink,timestamp,est_time,est_date
0,2020-12-31,PCYG,USD,2021-02-16,2021-02-16 17:16:24,Q2,5174204.0,2091588.0,3082616.0,0.5957662280033799,0.0,1231139.0,1205295.0,0.0,2698031.0,4789619.0,1907.0,282828.0,667413.0,0.12898853620769493,384585.0,0.07432737480006586,1171178.0,1635359.0,0.31606001618799723,12500.0,1622859.0,0.3136441856563831,0.08311272149953908,0.08231177723676202,19526000.0,19716000.0,https://www.sec.gov/Archives/edgar/data/50471/000165495421001744/0001654954-21-001744-index.htm,https://www.sec.gov/Archives/edgar/data/50471/000165495421001744/pcyg10q_dec312020.htm,1620596400,17:40:00,20210509
1,2020-09-30,PCYG,USD,2020-11-16,2020-11-16 17:16:02,Q1,5225402.0,1980957.0,3244445.0,0.6208986409083933,0.0,1081925.0,1283041.0,2229.457,2613466.0,4594423.0,70545.0,269465.0,900444.0,0.17232052194261802,630979.0,0.12075224068885035,-16263.0,578512.0,0.11071148210223826,23686.0,554826.0,0.10617862510865193,0.028468674636974705,0.028246919865594133,19489000.0,19642000.0,https://www.sec.gov/Archives/edgar/data/50471/000165495420012517/0001654954-20-012517-index.htm,https://www.sec.gov/Archives/edgar/data/50471/000165495420012517/pcyg10q_sep302020.htm,1620596400,17:40:00,20210509
2,2020-06-30,PCYG,USD,2020-09-28,2020-09-28 17:10:40,Q4,5767394.0,2374580.0,3392814.0,0.588275051088932,0.0,1432130.0,1259740.0,0.0,2921699.0,5296279.0,14139.0,214776.0,685891.0,0.11892563608451234,471115.0,0.08168593995832434,0.0,480096.0,0.08324314239672198,268.0,479828.0,0.08319667426917599,0.024620452562984247,0.024620452562984247,19489000.0,19489000.0,https://www.sec.gov/Archives/edgar/data/50471/000165495420010541/0001654954-20-010541-index.htm,https://www.sec.gov/Archives/edgar/data/50471/000165495420010541/pcyg10k_jun302020.htm,1620596400,17:40:00,20210509
3,2020-03-31,PCYG,USD,2020-05-11,2020-05-11 17:25:31,Q3,4633244.0,1369421.0,3263823.0,0.7044358121437162,0.0,1179851.0,1654189.0,0.0,3026900.0,4396321.0,16953.0,213414.0,450337.0,0.09719690998358817,236923.0,0.05113544635249082,0.0,273045.0,0.05893171177688893,1058.0,271987.0,0.05870336205043378,0.013885389013681845,0.01375338794498382,19588000.0,19776000.0,https://www.sec.gov/Archives/edgar/data/50471/000165495420005174/0001654954-20-005174-index.htm,https://www.sec.gov/Archives/edgar/data/50471/000165495420005174/pcyg10q_mar312020.htm,1620596400,17:40:00,20210509
4,2019-12-31,PCYG,USD,2020-02-10,2020-02-10 16:46:20,Q2,4837332.0,1425309.0,3412023.0,0.7053522478920198,0.0,1114251.0,1446517.0,0.0,2783267.0,4208576.0,16042.0,262739.0,891495.0,0.1842947724075999,628756.0,0.12997991454793675,0.0,678696.0,0.14030378729431844,15593.0,663103.0,0.13708031617428781,0.033590142343346334,0.03306917015759026,19741000.0,20052000.0,https://www.sec.gov/Archives/edgar/data/50471/000165495420001285/0001654954-20-001285-index.htm,https://www.sec.gov/Archives/edgar/data/50471/000165495420001285/pcyg10q_dec312019.htm,1620596400,17:40:00,20210509
5,2019-09-30,PCYG,USD,2019-11-07,2019-11-07 17:01:20,Q1,4800084.0,1828114.0,2971970.0,0.6191495815489896,0.0,1222212.0,1414863.0,0.0,2830752.0,4658866.0,20598.0,193677.0,334895.0,0.06976857071667912,141218.0,0.029419901818384844,0.0,203351.0,0.04236405029578649,25000.0,178351.0,0.03715580810669147,0.001602,0.001577,19811000.0,20122000.0,https://www.sec.gov/Archives/edgar/data/50471/000165495419012494/0001654954-19-012494-index.htm,https://www.sec.gov/Archives/edgar/data/50471/000165495419010672/pcyg10k_06302019.htm,1620596400,17:40:00,20210509
6,2019-06-30,PCYG,USD,2019-09-12,2019-09-12 16:46:24,Q4,4656245.0,1488848.0,3167397.0,0.6802470660371179,0.0,1251507.0,1472933.0,0.0,2896156.0,4385004.0,21882.0,171715.0,442956.0,0.09513159208761567,271241.0,0.05825316322487326,-148548.0,182303.0,0.03915236419045819,0.0,182303.0,0.03915236419045819,0.001796,0.001758,19871000.0,20303000.0,https://www.sec.gov/Archives/edgar/data/50471/000165495419010672/0001654954-19-010672-index.htm,https://www.sec.gov/Archives/edgar/data/50471/000165495419010672/pcyg10k_06302019.htm,1620596400,17:40:00,20210509
7,2019-03-31,PCYG,USD,2019-05-09,2019-05-09 17:26:20,Q3,5006132.0,1342051.0,3664081.0,0.7319185750595469,0.0,1020652.0,1485785.0,0.0,2646749.0,3988800.0,4706.0,140313.0,1157645.0,0.2312454006406543,1017332.0,0.20321717445724563,0.0,1088296.0,0.21739258972795764,20210.0,1068086.0,0.21335554076480603,0.053778057499622375,0.052382834722903386,19861000.0,20390000.0,https://www.sec.gov/Archives/edgar/data/50471/000165495419005581/0001654954-19-005581-index.htm,https://www.sec.gov/Archives/edgar/data/50471/000165495419005581/pcyg10q_mar312019.htm,1620596400,17:40:00,20210509
8,2018-12-31,PCYG,USD,2019-02-07,2019-02-07 16:17:27,Q2,5565237.0,1270659.0,4294578.0,0.7716792654113382,0.0,1326735.0,1139855.0,0.0,2610620.0,3881279.0,5623.0,144029.0,1827987.0,0.328465256735697,1683958.0,0.3025851369851814,0.0,1733108.0,0.3114167464925573,47500.0,1685608.0,0.30288162031554094,0.08503723135909595,0.08272922699386503,19822000.0,20375000.0,https://www.sec.gov/Archives/edgar/data/50471/000165495419001189/0001654954-19-001189-index.htm,https://www.sec.gov/Archives/edgar/data/50471/000165495419001189/pcyg10q_dec312018.htm,1620596400,17:40:00,20210509
9,2018-09-30,PCYG,USD,2018-11-08,2018-11-08 16:53:13,Q1,5941994.0,1728526.0,4213468.0,0.7091000091888345,0.0,1143311.0,1908024.0,0.0,3196710.0,4925236.0,10473.0,145376.0,1162134.0,0.19557980031619016,1016758.0,0.17111393919280296,0.0,1041409.0,0.17526254654582282,75000.0,966409.0,0.16264052101028711,0.048843070858182555,0.047459067917300986,19786000.0,20363000.0,https://www.sec.gov/Archives/edgar/data/50471/000165495418012235/0001654954-18-012235-index.htm,https://www.sec.gov/Archives/edgar/data/50471/000165495418010155/pcyg10k_june302018.htm,1620596400,17:40:00,20210509
10,2018-06-30,PCYG,USD,2018-09-13,2018-09-13 17:02:42,Q4,6320624.0,1937866.0,4382758.0,0.6934059042271775,0.0,1325162.0,1621591.0,0.0,3092792.0,5030658.0,-9486.0,146039.0,1436005.0,0.22719354924450497,1289966.0,0.20408839380415605,0.0,1299452.0,0.20558919499087433,29332.0,1270120.0,0.20094851394419286,0.06418313204305422,0.06242602968642485,19789000.0,20346000.0,https://www.sec.gov/Archives/edgar/data/50471/000165495418010155/0001654954-18-010155-index.htm,https://www.sec.gov/Archives/edgar/data/50471/000165495418010155/pcyg10k_june302018.htm,1620596400,17:40:00,20210509
11,2018-03-31,PCYG,USD,2018-05-10,2018-05-10 16:32:18,Q3,5278783.0,1805256.0,3473527.0,0.6580166299694457,0.0,1293727.0,1574663.0,0.0,3033579.0,4838835.0,17730.0,165187.0,605135.0,0.11463532408890459,439948.0,0.08334269470823104,0.0,457678.0,0.08670142341520763,349.0,457329.0,0.08663530969164673,0.023276109527687296,0.022505240883814774,19648000.0,20321000.0,https://www.sec.gov/Archives/edgar/data/50471/000165495418005056/0001654954-18-005056-index.htm,https://www.sec.gov/Archives/edgar/data/50471/000165495418005056/pcyg10q_mar312018.htm,1620596400,17:40:00,20210509
12,2017-12-31,PCYG,USD,2018-02-08,2018-02-08 17:01:23,Q2,5724706.0,1426351.0,4298355.0,0.750842925383417,0.0,1140085.0,1621149.0,0.0,2925059.0,4351410.0,7696.0,163825.0,1537121.0,0.2685065398991669,1373296.0,0.2398893497762156,0.0,1365600.0,0.23854500126294695,15116.0,1350484.0,0.235904516319266,0.06930179093754811,0.06640200609696136,19487000.0,20338000.0,https://www.sec.gov/Archives/edgar/data/50471/000165495418001239/0001654954-18-001239-index.htm,https://www.sec.gov/Archives/edgar/data/50471/000165495418001239/pcyg10q_dec312017.htm,1620596400,17:40:00,20210509
13,2017-09-30,PCYG,USD,2017-11-09,2017-11-09 16:21:22,Q1,4712165.0,1418013.0,3294152.0,0.6990739925278507,0.0,1135770.0,1585940.0,0.0,2880513.0,4298526.0,0.0,158803.0,572442.0,0.12148173928544523,413639.0,0.08778109425285405,0.0,391448.0,0.08307179396307218,60598.0,330850.0,0.07021188774162195,0.017033051894563427,0.016267577932933427,19424000.0,20338000.0,https://www.sec.gov/Archives/edgar/data/50471/000165495417010310/0001654954-17-010310-index.htm,https://www.sec.gov/Archives/edgar/data/50471/000165495417008440/pcyg10k_june302017.htm,1620596400,17:40:00,20210509
14,2017-06-30,PCYG,USD,2017-09-13,2017-09-13 17:20:17,Q4,5188477.0,1581351.0,3607126.0,0.6952186547227636,0.0,1169154.0,1394097.0,0.0,2712935.0,4294286.0,0.0,149684.0,1043875.0,0.20119102387849075,894191.0,0.17234171029379142,0.0,896215.0,0.17273180549899325,12914.0,883301.0,0.17024282848319458,0.04547472199341021,0.04547472199341021,19424000.0,19424000.0,https://www.sec.gov/Archives/edgar/data/50471/000165495417008440/0001654954-17-008440-index.htm,https://www.sec.gov/Archives/edgar/data/50471/000165495417008440/pcyg10k_june302017.htm,1620596400,17:40:00,20210509
15,2017-03-31,PCYG,USD,2017-05-10,2017-05-10 17:08:38,Q3,4748652.0,1342772.0,3405880.0,0.7172309110037964,0.0,1006605.0,1350726.0,0.0,2464230.0,3807002.0,0.0,106899.0,1048549.0,0.2208098213977356,941650.0,0.1982983802561232,0.0,936921.0,0.19730251869372614,35471.0,901450.0,0.1898328199244754,0.04,0.03,19390000.0,20353000.0,https://www.sec.gov/Archives/edgar/data/50471/000141588917000738/0001415889-17-000738-index.htm,https://www.sec.gov/Archives/edgar/data/50471/000141588917000738/pcyg10q_mar312017.htm,1620596400,17:40:00,20210509
16,2016-12-31,PCYG,USD,2017-02-06,2017-02-06 16:23:13,Q2,4785589.0,1190404.0,3595185.0,0.7512523536810203,0.0,938087.0,1159073.0,0.0,2210021.0,3400425.0,0.0,112861.0,1498025.0,0.3130283440554548,1385164.0,0.28944483113781816,0.0,1378328.0,0.2880163758316897,0.0,1378328.0,0.2880163758316897,0.07127562312545248,0.06785447742824792,19338000.0,20313000.0,https://www.sec.gov/Archives/edgar/data/50471/000165495417000770/0001654954-17-000770-index.htm,https://www.sec.gov/Archives/edgar/data/50471/000165495417000770/pcyg10q_dec312016.htm,1620596400,17:40:00,20210509
17,2016-09-30,PCYG,USD,2016-11-07,2016-11-07 16:31:22,Q1,4216545.0,1203515.0,3013030.0,0.7145731872895937,0.0,1023150.0,1193176.0,0.0,2332906.0,3536421.0,0.0,116580.0,796704.0,0.18894711191271527,680124.0,0.1612988833274636,0.0,673637.0,0.15976041996468673,59184.0,614453.0,0.14572428374415547,0.031893127789888925,0.030571321956316233,19266000.0,20099000.0,https://www.sec.gov/Archives/edgar/data/50471/000165495416003583/0001654954-16-003583-index.htm,https://www.sec.gov/Archives/edgar/data/50471/000141588916007070/pcyg10k_jun302016.htm,1620596400,17:40:00,20210509
18,2016-06-30,PCYG,USD,2016-09-07,2016-09-07 16:32:13,Q4,3794941.0,1056176.0,2738765.0,0.7216884267765955,0.0,847761.0,1263329.0,0.0,2236083.0,3292259.0,0.0,124993.0,627675.0,0.16539782831933356,502682.0,0.1324610843752248,0.0,497544.0,0.13110717663331262,0.0,497544.0,0.13110717663331262,0.025824976642790407,0.025824976642790407,19266000.0,19266000.0,https://www.sec.gov/Archives/edgar/data/50471/000141588916007070/0001415889-16-007070-index.htm,https://www.sec.gov/Archives/edgar/data/50471/000141588916007070/pcyg10k_jun302016.htm,1620596400,17:40:00,20210509
19,2016-03-31,PCYG,USD,2016-05-09,2016-05-09 16:40:29,Q3,3580329.0,1050074.0,2530255.0,0.7067101933928418,0.0,807542.0,1264036.0,0.0,2197517.0,3247591.0,0.0,125939.0,458677.0,0.12811029377467825,332738.0,0.09293503474122071,-26684.0,295068.0,0.08241365528140011,0.0,295068.0,0.08241365528140011,0.015371327359866639,0.014780744377097631,19196000.0,19963000.0,https://www.sec.gov/Archives/edgar/data/50471/000141588916005782/0001415889-16-005782-index.htm,https://www.sec.gov/Archives/edgar/data/50471/000141588916005782/parkcitygroup10q_mar312016.htm,1620596400,17:40:00,20210509
20,2015-12-31,PCYG,USD,2016-02-08,2016-02-08 16:52:22,Q2,3536792.0,998928.0,2537864.0,0.717560998780816,0.0,732444.0,1401068.0,0.0,2260928.0,3259856.0,0.0,127416.0,404352.0,0.11432733392294486,276936.0,0.07830146641363134,556.0,281183.0,0.07950227211552163,0.0,281183.0,0.07950227211552163,0.014685485976915444,0.01403529000698812,19147000.0,20034000.0,https://www.sec.gov/Archives/edgar/data/50471/000141588916004676/0001415889-16-004676-index.htm,https://www.sec.gov/Archives/edgar/data/50471/000141588916004676/pcyg10q_dec312015.htm,1620596400,17:40:00,20210509
21,2015-09-30,PCYG,USD,2015-11-09,2015-11-09 16:32:29,Q1,3098631.0,1174546.0,1924085.0,0.6209467987637121,0.0,777330.0,1442572.0,0.0,2349000.0,3523546.0,0.0,129098.0,-295817.0,-0.0954669981679006,-424915.0,-0.13712991317778722,0.0,-407292.0,-0.13144256286082467,0.0,-407292.0,-0.13144256286082467,-0.03,-0.03,19042000.0,19042000.0,https://www.sec.gov/Archives/edgar/data/50471/000141588915003631/0001415889-15-003631-index.htm,https://www.sec.gov/Archives/edgar/data/50471/000141588915003051/pcyg10k_june302015.htm,1620596400,17:40:00,20210509
22,2015-06-30,PCYG,USD,2015-09-14,2015-09-14 17:00:36,Q4,3444259.0,1307115.0,2137144.0,0.6204945679172211,0.0,1370988.0,1521965.0,0.0,3096318.0,4403433.0,0.0,203365.0,-755809.0,-0.21944023373387425,-959174.0,-0.27848486423349694,0.0,-2382980.0,-0.691870152622088,0.0,-2382980.0,-0.691870152622088,-0.12514336729335154,-0.12514336729335154,19042000.0,19042000.0,https://www.sec.gov/Archives/edgar/data/50471/000141588915003051/0001415889-15-003051-index.htm,https://www.sec.gov/Archives/edgar/data/50471/000141588915003051/pcyg10k_june302015.htm,1620596400,17:40:00,20210509
23,2015-03-31,PCYG,USD,2015-05-07,2015-05-07 17:01:17,Q3,3390933.0,1245353.0,2145580.0,0.6327403107050479,0.0,1026751.0,1547553.0,0.0,2764345.0,4009698.0,0.0,190041.0,-428724.0,-0.1264324597389568,-618765.0,-0.18247632731168678,0.0,-549854.0,-0.16215419178143597,0.0,-549854.0,-0.16215419178143597,-0.16,-0.16,17334000.0,17334000.0,https://www.sec.gov/Archives/edgar/data/50471/000141588915001569/0001415889-15-001569-index.htm,https://www.sec.gov/Archives/edgar/data/50471/000141588915001569/pcyg10q_mar312015.htm,1620596400,17:40:00,20210509
24,2014-12-31,PCYG,USD,2015-02-05,2015-02-05 17:24:07,Q2,3480004.0,1355404.0,2124600.0,0.6105165396361614,0.0,986930.0,1534396.0,0.0,2708690.0,4064094.0,0.0,187364.0,-396726.0,-0.11400159310161713,-584090.0,-0.16784176110142401,0.0,-540876.0,-0.15542395928280542,0.0,-540876.0,-0.15542395928280542,-0.04,-0.04,17193000.0,17193000.0,https://www.sec.gov/Archives/edgar/data/50471/000141588915000431/0001415889-15-000431-index.htm,https://www.sec.gov/Archives/edgar/data/50471/000141588915000431/pcyg10q_dec312014.htm,1620596400,17:40:00,20210509
25,2014-09-30,PCYG,USD,2014-11-06,2014-11-06 16:01:56,Q1,3333519.0,1348379.0,1985140.0,0.5955088301581601,0.0,894972.0,1337435.0,0.0,2419802.0,3768181.0,0.0,187395.0,-247267.0,-0.0741759683985602,-434662.0,-0.13039133720251783,0.0,-376063.0,-0.11281261633727001,0.0,-376063.0,-0.11281261633727001,-0.03,-0.03,17088000.0,17088000.0,https://www.sec.gov/Archives/edgar/data/50471/000141588914003352/0001415889-14-003352-index.htm,https://www.sec.gov/Archives/edgar/data/50471/000141588914002780/pcyg10k_june302014.htm,1620596400,17:40:00,20210509
26,2014-06-30,PCYG,USD,2014-09-11,2014-09-11 16:31:12,Q4,3044369.0,1295609.0,1748760.0,0.5744244538030705,0.0,779423.0,1298899.0,0.0,2277688.0,3573297.0,0.0,199366.0,-329562.0,-0.10825297459013675,-528928.0,-0.17373977990184503,0.0,-486275.0,-0.15972932321936006,0.0,-486275.0,-0.15972932321936006,-0.028457104400749063,-0.028457104400749063,17088000.0,17088000.0,https://www.sec.gov/Archives/edgar/data/50471/000141588914002780/0001415889-14-002780-index.htm,https://www.sec.gov/Archives/edgar/data/50471/000141588914002780/pcyg10k_june302014.htm,1620596400,17:40:00,20210509
27,2014-03-31,PCYG,USD,2014-05-12,2014-05-12 16:03:01,Q3,3088497.0,1336818.0,1751679.0,0.5671622799050801,0.0,905225.0,1073200.0,0.0,2190086.0,3526904.0,0.0,211661.0,-226746.0,-0.07341629277930332,-438407.0,-0.141948332797474,0.0,-406420.0,-0.13159151522569068,0.0,-406420.0,-0.13159151522569068,-0.03,-0.03,16867000.0,16867000.0,https://www.sec.gov/Archives/edgar/data/50471/000141588914001416/0001415889-14-001416-index.htm,https://www.sec.gov/Archives/edgar/data/50471/000141588914001416/pcyg10q_march312014.htm,1620596400,17:40:00,20210509
28,2013-12-31,PCYG,USD,2014-02-13,2014-02-13 17:00:42,Q2,3019614.0,1246443.0,1773171.0,0.5872177702183127,0.0,979144.0,1129832.0,0.0,2349703.0,3596146.0,0.0,240727.0,-335805.0,-0.11120792260202794,-576532.0,-0.1909290392745563,0.0,-550085.0,-0.18217063505467918,0.0,-550085.0,-0.18217063505467918,-0.04,-0.04,16693000.0,16693000.0,https://www.sec.gov/Archives/edgar/data/50471/000141588914000552/0001415889-14-000552-index.htm,https://www.sec.gov/Archives/edgar/data/50471/000141588914000552/pcyg10q_dec312013.htm,1620596400,17:40:00,20210509
29,2013-09-30,PCYG,USD,2013-11-13,2013-11-13 15:07:11,Q1,2775936.0,1209103.0,1566833.0,0.5644341224005165,0.0,1148473.0,1239643.0,0.0,2615691.0,3824794.0,0.0,227575.0,-821283.0,-0.2958580457186333,-1048858.0,-0.3778394026375248,0.0,-1047365.0,-0.37730156603034076,0.0,-1047365.0,-0.37730156603034076,-0.07,-0.07,16364000.0,16364000.0,https://www.sec.gov/Archives/edgar/data/50471/000141588913002285/0001415889-13-002285-index.htm,https://www.sec.gov/Archives/edgar/data/50471/000141588913001875/pcyg10kjune302013.htm,1620596400,17:40:00,20210509
30,2013-06-30,PCYG,USD,2013-09-23,2013-09-23 17:00:43,Q4,2899857.0,1169148.0,1730709.0,0.5968256365744932,0.0,612120.0,963584.0,0.0,1793986.0,2963134.0,0.0,218282.0,155005.0,0.05345263576790166,-63277.0,-0.021820731160191693,0.0,-92340.0,-0.03184294949716486,0.0,-92340.0,-0.03184294949716486,-0.0056428746027866045,-0.0056428746027866045,16364000.0,16364000.0,https://www.sec.gov/Archives/edgar/data/50471/000141588913001875/0001415889-13-001875-index.htm,https://www.sec.gov/Archives/edgar/data/50471/000141588913001875/pcyg10kjune302013.htm,1620596400,17:40:00,20210509
31,2013-03-31,PCYG,USD,2013-05-09,2013-05-09 17:13:43,Q3,3046988.0,1141643.0,1905345.0,0.6253208086149338,0.0,692548.0,747120.0,0.0,1662270.0,2803913.0,33781.0,222602.0,465677.0,0.15283191138265068,243075.0,0.07977550289006717,0.0,209294.0,0.06868881662809305,0.0,209294.0,0.06868881662809305,-0.01,-0.01,12750000.0,12750000.0,https://www.sec.gov/Archives/edgar/data/50471/000141588913000903/0001415889-13-000903-index.htm,https://www.sec.gov/Archives/edgar/data/50471/000141588913000903/pcyg10q_mar312013.htm,1620596400,17:40:00,20210509
32,2012-12-31,PCYG,USD,2013-02-14,2013-02-14 16:21:17,Q2,2658902.0,1099165.0,1559737.0,0.5866094350224266,0.0,595407.0,763301.0,0.0,1589163.0,2688328.0,34435.0,230455.0,201029.0,0.07560602083115511,-29426.0,-0.011066974262308276,0.0,-63861.0,-0.02401780885493335,0.0,-63861.0,-0.02401780885493335,-0.03,-0.03,12303000.0,12303000.0,https://www.sec.gov/Archives/edgar/data/50471/000141588913000257/0001415889-13-000257-index.htm,https://www.sec.gov/Archives/edgar/data/50471/000141588913000257/pcg10q12312012.htm,1620596400,17:40:00,20210509
33,2012-09-30,PCYG,USD,2012-11-08,2012-11-08 16:31:43,Q1,2712827.0,1080484.0,1632343.0,0.6017128994956185,0.0,574094.0,580356.0,0.0,1384518.0,2465002.0,43433.0,230068.0,477893.0,0.1761605144743841,247825.0,0.0913530424166377,0.0,204392.0,0.07534280659990482,0.0,204392.0,0.07534280659990482,0.01673286942284077,0.01673286942284077,12215000.0,12215000.0,https://www.sec.gov/Archives/edgar/data/50471/000141588912001627/0001415889-12-001627-index.htm,https://www.sec.gov/Archives/edgar/data/50471/000141588912001403/pcyg10kjune302012.htm,1620596400,17:40:00,20210509
34,2012-06-30,PCYG,USD,2012-09-25,2012-09-25 17:08:24,Q4,2442498.0,1127970.0,1314528.0,0.5381900005649953,0.0,664193.0,697491.0,0.0,1590780.0,2718750.0,0.0,229096.0,-47156.0,-0.01930646411992968,-276252.0,-0.11310224204891878,263277.0,-50437.0,-0.020649761023345772,0.0,-50437.0,-0.020649761023345772,-0.004129103561195252,-0.004129103561195252,12215000.0,12215000.0,https://www.sec.gov/Archives/edgar/data/50471/000141588912001403/0001415889-12-001403-index.htm,https://www.sec.gov/Archives/edgar/data/50471/000141588912001403/pcyg10kjune302012.htm,1620596400,17:40:00,20210509
35,2012-03-31,PCYG,USD,2012-05-14,2012-05-14 17:01:02,Q3,2509647.0,1198421.0,1311226.0,0.5224742762627572,0.0,734523.0,712256.0,0.0,1672977.0,2871398.0,46881.0,226197.0,-135554.0,-0.054013173964306535,-361751.0,-0.14414417645190739,55995.0,-352637.0,-0.14051259001763994,0.0,-352637.0,-0.14051259001763994,-0.05,-0.05,11838000.0,11838000.0,https://www.sec.gov/Archives/edgar/data/50471/000141588912000704/0001415889-12-000704-index.htm,https://www.sec.gov/Archives/edgar/data/50471/000141588912000704/pcg10qmar312012.htm,1620596400,17:40:00,20210509
36,2011-12-31,PCYG,USD,2012-02-14,2012-02-14 17:16:14,Q2,2567122.0,1115113.0,1452009.0,0.5656174502029899,0.0,790855.0,568797.0,0.0,1580487.0,2695600.0,47394.0,220836.0,92358.0,0.03597725390534614,-128478.0,-0.05004748508251653,0.0,-175872.0,-0.068509404695219,0.0,-175872.0,-0.068509404695219,-0.03,-0.03,11698000.0,11698000.0,https://www.sec.gov/Archives/edgar/data/50471/000141588912000245/0001415889-12-000245-index.htm,https://www.sec.gov/Archives/edgar/data/50471/000141588912000245/pcg10qdec312011.htm,1620596400,17:40:00,20210509
37,2011-09-30,PCYG,USD,2011-11-14,2011-11-14 16:29:51,Q1,2579280.0,1140261.0,1439019.0,0.5579149995347539,0.0,759537.0,661748.0,0.0,1645250.0,2785511.0,73490.0,223964.0,17733.0,0.0068751744672931984,-206231.0,-0.07995680965230607,0.0,-279721.0,-0.10844925715703607,0.0,-279721.0,-0.10844925715703607,-0.04,-0.04,11650000.0,11650000.0,https://www.sec.gov/Archives/edgar/data/50471/000141588911001283/0001415889-11-001283-index.htm,https://www.sec.gov/Archives/edgar/data/50471/000141588911000987/pcg10kjune302011.htm,1620596400,17:40:00,20210509
38,2011-06-30,PCYG,USD,2011-09-13,2011-09-13 16:59:48,Q4,2952427.0,1133592.0,1818835.0,0.6160474077767206,0.0,672922.0,693722.0,0.0,1577823.0,2711415.0,82884.0,211179.0,452191.0,0.15315907895436534,241012.0,0.08163182358107415,0.0,158128.0,0.05355864852882053,0.0,158128.0,0.05355864852882053,0.013573218884120171,0.013573218884120171,11650000.0,11650000.0,https://www.sec.gov/Archives/edgar/data/50471/000141588911000987/0001415889-11-000987-index.htm,https://www.sec.gov/Archives/edgar/data/50471/000141588911000987/pcg10kjune302011.htm,1620596400,17:40:00,20210509
39,2011-03-31,PCYG,USD,2011-05-10,2011-05-10 16:29:06,Q3,2486710.0,1094229.0,1392481.0,0.5599691962472504,0.0,668081.0,690804.0,0.0,1557890.0,2652119.0,80643.0,199005.0,33596.0,0.013510220331281091,-165409.0,-0.06651720546424794,0.0,-246052.0,-0.09894680119515344,0.0,-246052.0,-0.09894680119515344,-0.04,-0.04,11325000.0,11325000.0,https://www.sec.gov/Archives/edgar/data/50471/000141588911000298/0001415889-11-000298-index.htm,https://www.sec.gov/Archives/edgar/data/50471/000141588911000298/pcg10qmar312011.htm,1620596400,17:40:00,20210509
40,2010-12-31,PCYG,USD,2011-02-08,2011-02-08 16:33:36,Q2,2747009.0,908846.0,1838163.0,0.66915070172686,0.0,648493.0,737936.0,0.0,1568921.0,2477767.0,84687.0,182493.0,451735.0,0.1644461303184664,269242.0,0.09801278408625527,0.0,184555.0,0.06718398083151529,0.0,184555.0,0.06718398083151529,0.016569850960675165,0.016569850960675165,11138000.0,11138000.0,https://www.sec.gov/Archives/edgar/data/50471/000141588911000051/0001415889-11-000051-index.htm,https://www.sec.gov/Archives/edgar/data/50471/000141588911000051/pcg10qdec312010.htm,1620596400,17:40:00,20210509
41,2010-09-30,PCYG,USD,2010-11-09,2010-11-09 17:19:34,Q1,2565986.0,891555.0,1674431.0,0.6525487668288136,0.0,1064322.0,619598.0,0.0,1878033.0,2769588.0,98491.0,194113.0,-9489.0,-0.0036979936757254328,-203602.0,-0.07934649682422273,0.0,-302093.0,-0.11772979275802752,0.0,-302093.0,-0.11772979275802752,-0.05,-0.05,10950000.0,10950000.0,https://www.sec.gov/Archives/edgar/data/50471/000141588910000403/0001415889-10-000403-index.htm,https://www.sec.gov/Archives/edgar/data/50471/000141588910000365/pcyg10k-june302010.htm,1620596400,17:40:00,20210509
42,2010-06-30,PCYG,USD,2010-09-15,2010-09-15 17:16:44,Q4,2717865.0,1113039.0,1604826.0,0.5904730367402354,0.0,872742.0,404553.0,0.0,1471883.0,2584922.0,0.0,194588.0,327531.0,0.12051040062696271,132943.0,0.04891449722484376,0.0,-46594.0,-0.017143603527033167,0.0,-46594.0,-0.017143603527033167,-0.004255159817351598,-0.004255159817351598,10950000.0,10950000.0,https://www.sec.gov/Archives/edgar/data/50471/000141588910000365/0001415889-10-000365-index.htm,https://www.sec.gov/Archives/edgar/data/50471/000141588910000365/pcyg10k-june302010.htm,1620596400,17:40:00,20210509
43,2010-03-31,PCYG,USD,2010-05-10,2010-05-10 13:01:36,Q3,2968174.0,1299651.0,1668523.0,0.5621378665805981,0.0,826178.0,343294.0,0.0,1376745.0,2676396.0,168569.0,207273.0,499051.0,0.16813401101148384,291778.0,0.09830218848355925,0.0,123209.0,0.04151003276762077,0.0,123209.0,0.04151003276762077,0.011455973965597397,0.011428346164548743,10755000.0,10781000.0,https://www.sec.gov/Archives/edgar/data/50471/000141588910000102/0001415889-10-000102-index.htm,https://www.sec.gov/Archives/edgar/data/50471/000141588910000102/pcg10q_mar312010.htm,1620596400,17:40:00,20210509
44,2009-12-31,PCYG,USD,2010-02-11,2010-02-11 16:12:35,Q2,2499120.0,990443.0,1508677.0,0.6036832965203752,0.0,791365.0,407971.0,0.0,1402850.0,2393293.0,173845.0,203514.0,309341.0,0.12377997054963347,105827.0,0.04234570568840232,0.0,-68018.0,-0.027216780306667947,0.0,-68018.0,-0.027216780306667947,-0.01,-0.01,10660000.0,10660000.0,https://www.sec.gov/Archives/edgar/data/50471/000141588910000030/0001415889-10-000030-index.htm,https://www.sec.gov/Archives/edgar/data/50471/000141588910000030/pcgy10q-dec312009.htm,1620596400,17:40:00,20210509
45,2009-09-30,PCYG,USD,2009-11-09,2009-11-09 16:20:47,Q1,2689401.0,1025348.0,1664053.0,0.6187448431825525,0.0,699970.0,446413.0,0.0,1352908.0,2378256.0,210747.0,206525.0,517670.0,0.19248524113733875,311145.0,0.11569304837768708,67996.0,168394.0,0.06261394265860688,0.0,168394.0,0.06261394265860688,0.01588622641509434,0.015883229579324656,10600000.0,10602000.0,https://www.sec.gov/Archives/edgar/data/50471/000141588909000280/0001415889-09-000280-index.htm,https://www.sec.gov/Archives/edgar/data/50471/000141588909000251/pcg10k_june302009.htm,1620596400,17:40:00,20210509
46,2009-06-30,PCYG,USD,2009-09-24,2009-09-23 21:38:26,Q4,2477312.0,1251469.0,1225843.0,0.49482786181151184,0.0,655124.0,369024.0,0.0,1238477.0,2489946.0,0.0,214329.0,201695.0,0.0814168744187248,-12634.0,-0.00509988245323964,-620.0,-181399.0,-0.07322412356618786,0.0,-181399.0,-0.07322412356618786,-0.01711311320754717,-0.01711311320754717,10600000.0,10600000.0,https://www.sec.gov/Archives/edgar/data/50471/000141588909000251/0001415889-09-000251-index.htm,https://www.sec.gov/Archives/edgar/data/50471/000141588909000251/pcg10k_june302009.htm,1620596400,17:40:00,20210509
47,2009-03-31,PCYG,USD,2009-05-20,2009-05-20 17:22:57,Q3,2503115.0,1293332.0,1209783.0,0.48331099450085196,0.0,646994.0,445677.0,0.0,1331168.0,2624500.0,0.0,238497.0,117112.0,0.04678650401599607,-121385.0,-0.04849357700305419,-1457383.0,-1835836.0,-0.733420557984751,0.0,-1835836.0,-0.733420557984751,-0.21,-0.21,9872000.0,9872000.0,https://www.sec.gov/Archives/edgar/data/50471/000141588909000139/0001415889-09-000139-index.htm,https://www.sec.gov/Archives/edgar/data/50471/000141588909000139/pcg10q_3312009.htm,1620596400,17:40:00,20210509
48,2008-12-31,PCYG,USD,2009-02-20,2009-02-20 16:21:50,Q2,454062.0,455222.0,-1160.0,-0.0025547171972109535,0.0,508601.0,232532.0,0.0,878811.0,1334033.0,0.0,137678.0,-742293.0,-1.6347833555769917,-879971.0,-1.9379974540921725,34509.0,-925395.0,-2.0380366557870953,0.0,-925395.0,-2.0380366557870953,-0.12,-0.12,9435000.0,9435000.0,https://www.sec.gov/Archives/edgar/data/50471/000141588909000045/0001415889-09-000045-index.htm,https://www.sec.gov/Archives/edgar/data/50471/000141588909000045/pcg10q_12312008.htm,1620596400,17:40:00,20210509
49,2008-09-30,PCYG,USD,2008-11-14,2008-11-14 16:07:11,Q1,530278.0,580544.0,-50266.0,-0.09479178845812951,0.0,715713.0,0.0,0.0,851276.0,1431820.0,0.0,135563.0,-765979.0,-1.4444857225832488,-901542.0,-1.7001308747487167,-197205.0,-1121488.0,-2.114905766409317,0.0,-1121488.0,-2.114905766409317,-0.13,-0.13,9303000.0,9303000.0,https://www.sec.gov/Archives/edgar/data/50471/000141588908000092/0001415889-08-000092-index.htm,https://www.sec.gov/Archives/edgar/data/50471/000109690608001806/pcg10ksb063008.htm,1620596400,17:40:00,20210509
50,2008-06-30,PCYG,USD,2008-09-29,2008-09-29 17:08:46,Q4,846691.0,639697.0,206994.0,0.24447407613875663,0.0,721615.0,0.0,0.0,857163.0,1496860.0,0.0,135548.0,-514621.0,-0.6078026103974177,-650169.0,-0.7678940723357164,0.0,-661064.0,-0.7807618127510508,0.0,-661064.0,-0.7807618127510508,-0.07105922820595507,-0.07105922820595507,9303000.0,9303000.0,https://www.sec.gov/Archives/edgar/data/50471/000109690608001806/0001096906-08-001806-index.htm,https://www.sec.gov/Archives/edgar/data/50471/000109690608001806/pcg10ksb063008.htm,1620596400,17:40:00,20210509
51,2008-03-31,PCYG,USD,2008-05-14,2008-05-14 16:02:36,Q3,1149521.0,618380.0,531141.0,0.4620541947472034,0.0,989596.0,0.0,0.0,1125044.0,1743424.0,0.0,135448.0,-458455.0,-0.398822640038764,-593903.0,-0.516652588338969,399705.0,-191322.0,-0.16643628085089354,0.0,-191322.0,-0.16643628085089354,-0.03,-0.03,9209000.0,9209000.0,https://www.sec.gov/Archives/edgar/data/50471/000109690608000898/0001096906-08-000898-index.htm,https://www.sec.gov/Archives/edgar/data/50471/000109690608000898/parkcitygp10qsb033108.htm,1620596400,17:40:00,20210509
52,2007-12-31,PCYG,USD,2008-02-14,2008-02-14 16:40:55,Q2,494497.0,0.0,0.0,0.0,581296.0,1165075.0,0.0,0.0,1868945.0,1868945.0,0.0,122574.0,-1251874.0,-2.531610909671848,-1374448.0,-2.7794870342995,0.0,-1361069.0,-2.752431258430284,0.0,-1361069.0,-2.752431258430284,-0.16,-0.16,9155000.0,9155000.0,https://www.sec.gov/Archives/edgar/data/50471/000109690608000281/0001096906-08-000281-index.htm,https://www.sec.gov/Archives/edgar/data/50471/000109690608000281/parkcity10qsb123107.htm,1620596400,17:40:00,20210509
53,2007-09-30,PCYG,USD,2007-11-14,2007-11-14 17:08:19,Q1,854264.0,0.0,0.0,0.0,579854.0,1040840.0,0.0,0.0,1732663.0,1732663.0,0.0,111969.0,-766430.0,-0.8971816674938895,-878399.0,-1.0282523903617617,200000.0,-654724.0,-0.7664188119831808,0.0,-654724.0,-0.7664188119831808,-0.08,-0.08,9022000.0,9022000.0,https://www.sec.gov/Archives/edgar/data/50471/000109690607001556/0001096906-07-001556-index.htm,https://www.sec.gov/Archives/edgar/data/50471/000109690607001331/pcgi10ksb063007.htm,1620596400,17:40:00,20210509
54,2007-06-30,PCYG,USD,2007-09-28,2007-09-28 17:18:10,Q4,947435.0,0.0,0.0,0.0,1356662.0,1032622.0,0.0,0.0,2757920.0,1713703.0,0.0,163337.0,-602931.0,-0.6363824431227472,-766268.0,-0.8087816050705325,-44829.0,-818233.0,-0.8636296949131075,0.0,-818233.0,-0.8636296949131075,-0.09069308357348703,-0.09069308357348703,9022000.0,9022000.0,https://www.sec.gov/Archives/edgar/data/50471/000109690607001331/0001096906-07-001331-index.htm,https://www.sec.gov/Archives/edgar/data/50471/000109690607001331/pcgi10ksb063007.htm,1620596400,17:40:00,20210509
55,2007-03-31,PCYG,USD,2007-05-15,2007-05-15 17:24:41,Q3,498149.0,404195.0,93954.0,0.1886062202272814,137778.0,884236.0,0.0,0.0,1022014.0,1426209.0,0.0,76270.0,-851790.0,-1.7099100871426018,-928060.0,-1.8630168885213059,64158.0,-912173.0,-1.8311248240988138,0.0,-912173.0,-1.8311248240988138,-0.1,-0.1,8934000.0,8934000.0,https://www.sec.gov/Archives/edgar/data/50471/000103883807000323/0001038838-07-000323-index.htm,https://www.sec.gov/Archives/edgar/data/50471/000103883807000323/q033107.htm,1620596400,17:40:00,20210509
56,2006-12-31,PCYG,USD,2007-02-14,2007-02-14 16:08:06,Q2,560687.0,280292.0,280395.0,0.5000918516034794,138911.0,877648.0,0.0,0.0,1016559.0,1296851.0,0.0,36519.0,-699645.0,-1.2478352449762524,-736164.0,-1.3129678412376247,32524.0,-737157.0,-1.314738882834808,0.0,-737157.0,-1.314738882834808,-0.08,-0.08,8931000.0,8931000.0,https://www.sec.gov/Archives/edgar/data/50471/000103883807000088/0001038838-07-000088-index.htm,https://www.sec.gov/Archives/edgar/data/50471/000103883807000088/q123106.htm,1620596400,17:40:00,20210509
57,2006-09-30,PCYG,USD,2006-09-30,2006-09-30,Q1,585895.0,359730.0,226165.0,0.38601626571313974,84442.0,716322.0,0.0,0.0,800764.0,1160494.0,0.0,99887.0,-474712.0,-0.8102339156333472,-574599.0,-0.9807200948975499,56261.0,-544064.0,-0.9286032480222566,0.0,-544064.0,-0.9286032480222566,-0.06,-0.06,8931000.0,8931000.0,,,1620596400,17:40:00,20210509
58,2006-06-30,PCYG,USD,2006-06-30,2006-06-30,Q4,902916.0,367487.0,535429.0,0.5929997917857254,-392585.0,856828.0,0.0,0.0,464243.0,831730.0,0.0,42577.0,113763.0,0.12599510917959145,71186.0,0.07884011358753196,0.0,-30665.0,-0.033962184743652785,0.0,-30665.0,-0.033962184743652785,-0.003433546075467473,-0.003433546075467473,8931000.0,8931000.0,,,1620596400,17:40:00,20210509
59,2006-03-31,PCYG,USD,2006-09-14,2006-09-14,Q3,1369688.0,396976.0,972712.0,0.710170491381979,225180.0,813832.0,0.0,0.0,1039012.0,1435988.0,0.0,208886.0,142586.0,0.10410107995397493,-66300.0,-0.048405184246339314,0.0,-385791.0,-0.28166341531794103,0.0,-385791.0,-0.28166341531794103,-0.06733367774725371,-0.06733367774725371,5729540.0,5729540.0,https://www.sec.gov/Archives/edgar/data/50471/000103883806000737/0001038838-06-000737-index.htm,https://www.sec.gov/Archives/edgar/data/50471/000103883806000737/qa033106.txt,1620596400,17:40:00,20210509
60,2005-12-31,PCYG,USD,2005-12-31,2005-12-31,Q2,1113656.0,417421.0,696235.0,0.62517958867011,223687.0,626871.0,0.0,0.0,850558.0,1267979.0,0.0,103901.0,-50422.0,-0.045276099621427084,-154323.0,-0.1385733116869123,0.0,-354763.0,-0.3185570768711344,0.0,-354763.0,-0.3185570768711344,-0.06256887173807223,-0.06256887173807223,5669960.0,5669960.0,,,1620596400,17:40:00,20210509
61,2005-09-30,PCYG,USD,2005-09-30,2005-09-30,Q1,3698865.0,404651.0,3294214.0,0.8906013060763234,235909.0,596355.0,0.0,0.0,832264.0,1236915.0,0.0,157458.0,2619408.0,0.7081653426118553,2461950.0,0.6655960679830164,0.0,2164815.0,0.5852646690268501,0.0,2164815.0,0.5852646690268501,0.3826789817924695,0.38114416403452245,5657000.0,5679780.0,,,1620596400,17:40:00,20210509
62,2005-06-30,PCYG,USD,2005-06-30,2005-06-30,Q4,895208.0,402609.0,492599.0,0.5502620620012333,256252.0,1050776.0,0.0,0.0,1307028.0,1709637.0,0.0,129983.0,-684446.0,-0.7645664471273715,-814429.0,-0.9097651048694828,0.0,-1129834.0,-1.2620910447627813,0.0,-1129834.0,-1.2620910447627813,-0.19972317482764718,-0.19972317482764718,5657000.0,5657000.0,,,1620596400,17:40:00,20210509
63,2005-03-31,PCYG,USD,2005-03-31,2005-03-31,Q3,805865.0,394192.0,411673.0,0.5108461094600212,256309.0,687829.0,0.0,0.0,944138.0,1338330.0,0.0,130576.0,-401889.0,-0.4987051181029081,-532465.0,-0.6607372202540127,0.0,-832982.0,-1.0336495566875346,0.0,-832982.0,-1.0336495566875346,-0.15015502534484126,-0.15015502534484126,5547480.0,5547480.0,,,1620596400,17:40:00,20210509
64,2004-12-31,PCYG,USD,2004-12-31,2004-12-31,Q2,941062.0,351771.0,589291.0,0.6261978488133619,250769.0,1051150.0,0.0,0.0,1301919.0,1653690.0,0.0,128122.0,-584506.0,-0.6211131678890445,-712628.0,-0.7572593516686467,0.0,-1000602.0,-1.063268945085446,0.0,-1000602.0,-1.063268945085446,-0.18360343498843995,-0.18360343498843995,5449800.0,5449800.0,,,1620596400,17:40:00,20210509
65,2004-09-30,PCYG,USD,2004-09-30,2004-09-30,Q1,989675.0,300154.0,689521.0,0.6967145780180363,256081.0,603503.0,0.0,0.0,859584.0,1159738.0,0.0,126676.0,-43387.0,-0.04383964432768333,-170063.0,-0.17183721928916057,0.0,-444621.0,-0.44925960542602367,0.0,-444621.0,-0.44925960542602367,-0.08261106259638432,-0.08261106259638432,5382100.0,5382100.0,,,1620596400,17:40:00,20210509
66,2004-06-30,PCYG,USD,2004-06-30,2004-06-30,Q4,1419204.0,202048.0,1217156.0,0.8576328702568482,288987.0,1017158.0,0.0,0.0,1306143.0,1508191.0,0.0,85501.0,-3486.0,-0.0024563064929354764,-88987.0,-0.06270204988148285,119201.0,-304333.0,-0.21443922085901673,0.0,-304333.0,-0.21443922085901673,-0.056545400494230874,-0.056545400494230874,5382100.0,5382100.0,,,1620596400,17:40:00,20210509
67,2004-03-31,PCYG,USD,2004-03-31,2004-03-31,Q3,1508879.0,206321.0,1302558.0,0.863262064088638,286638.0,602388.0,0.0,0.0,889026.0,1095347.0,0.0,206884.0,620416.0,0.411176774280774,413532.0,0.2740657136854579,86934.0,101326.0,0.06715316470041667,0.0,101326.0,0.06715316470041667,0.020963277128374883,0.020207406816504795,4833500.0,5014300.0,,,1620596400,17:40:00,20210509
68,2003-12-31,PCYG,USD,2003-12-31,2003-12-31,Q2,1901110.0,208661.0,1692449.0,0.8902425425146362,321818.0,752594.0,0.0,0.0,1074412.0,1283073.0,0.0,179977.0,798014.0,0.41976213896092285,618037.0,0.3250927089963232,0.0,238778.0,0.12559925517197848,0.0,238778.0,0.12559925517197848,0.05078524454880342,0.05072051863747207,4701720.0,4707720.0,,,1620596400,17:40:00,20210509
69,2003-09-30,PCYG,USD,2003-09-30,2003-09-30,Q1,1200630.0,413662.0,786968.0,0.6554625488285317,406709.0,663799.0,0.0,0.0,1070508.0,1484170.0,0.0,243611.0,-39929.0,-0.0332567068955465,-283540.0,-0.23615934967475408,0.0,-711013.0,-0.5921999283709386,0.0,-711013.0,-0.5921999283709386,-0.161796845132985,-0.161796845132985,4394480.0,4394480.0,,,1620596400,17:40:00,20210509
70,2003-06-30,PCYG,USD,2003-06-30,2003-06-30,Q4,1539432.0,534767.0,1004665.0,0.6526205769400663,540225.0,1019575.0,0.0,0.0,3801879.0,4336646.0,0.0,744293.0,-2052921.0,-1.333557441965608,-2797214.0,-1.8170429093327929,0.0,-3582608.0,-2.3272271850916444,0.0,-3582608.0,-2.3272271850916444,-0.8152518614261528,-0.8152518614261528,4394480.0,4394480.0,,,1620596400,17:40:00,20210509
71,2003-03-31,PCYG,USD,2003-03-31,2003-03-31,Q3,1391380.0,305230.0,1086150.0,0.7806278658597938,286354.0,630234.0,0.0,0.0,916588.0,1221818.0,0.0,319084.0,488646.0,0.35119521626011585,169562.0,0.12186606103293134,0.0,-372612.0,-0.2678003133579612,0.0,-372612.0,-0.2678003133579612,-0.09064485681201163,-0.09064485681201163,4110680.0,4110680.0,,,1620596400,17:40:00,20210509
72,2002-12-31,PCYG,USD,2002-12-31,2002-12-31,Q2,980574.0,179467.0,801107.0,0.8169776069934549,205764.0,1040578.0,0.0,0.0,1246342.0,1425809.0,0.0,328912.0,-116323.0,-0.11862745697927948,-445235.0,-0.4540554817892377,0.0,-969369.0,-0.9885730194763476,0.0,-969369.0,-0.9885730194763476,-0.24715812608680132,-0.24715812608680132,3922060.0,3922060.0,,,1620596400,17:40:00,20210509
73,2002-09-30,PCYG,USD,2002-09-30,2002-09-30,Q1,1438796.0,82407.0,1356389.0,0.9427250284265455,119564.0,950985.0,0.0,0.0,1070549.0,1152956.0,0.0,99559.0,385399.0,0.2678621569701334,285840.0,0.19866610693941322,0.0,-78766.0,-0.05474438349842507,0.0,-78766.0,-0.05474438349842507,-0.022333180222634298,-0.022333180222634298,3526860.0,3526860.0,,,1620596400,17:40:00,20210509
74,2002-06-30,PCYG,USD,2002-06-30,2002-06-30,Q4,-208748.0,294322.0,-503070.0,2.40993925690306,170992.0,1151561.0,0.0,0.0,1322553.0,1616875.0,0.0,107057.0,-1718566.0,8.232730373464657,-1825623.0,8.745583191216204,0.0,-2118704.0,10.149577480981854,1348000.0,-3466704.0,16.607124379634776,-0.9829434681274561,-0.9829434681274561,3526860.0,3526860.0,,,1620596400,17:40:00,20210509
75,2002-03-31,PCYG,USD,2002-05-15,2002-05-15,Q3,1497507.0,189316.0,1308191.0,0.8735792220002978,174361.0,367739.0,444870.0,0.0,986970.0,1176286.0,0.0,29431.0,350652.0,0.23415716921523572,321221.0,0.2145038387132748,0.0,173255.0,0.115695619452864,52000.0,121255.0,0.08097124086899093,0.038987743080563846,0.038987743080563846,3110080.0,3110080.0,https://www.sec.gov/Archives/edgar/data/50471/000103883802000393/0001038838-02-000393-index.htm,https://www.sec.gov/Archives/edgar/data/50471/000103883802000393/q033102.txt,1620596400,17:40:00,20210509
76,2001-12-31,PCYG,USD,2002-05-15,2002-05-15,Q2,1651935.0,162952.0,1488983.0,0.9013568935823746,142946.0,405712.0,426756.0,0.0,1055052.0,1218004.0,0.0,44624.0,478555.0,0.2896936017458314,433931.0,0.2626804323414662,0.0,264170.0,0.15991549304300715,103000.0,161170.0,0.09756437147950736,0.053583302303314005,0.05244336559048815,3007840.0,3073220.0,https://www.sec.gov/Archives/edgar/data/50471/000103883802000391/0001038838-02-000391-index.htm,https://www.sec.gov/Archives/edgar/data/50471/000103883802000391/qa123101.txt,1620596400,17:40:00,20210509
77,2001-09-30,PCYG,USD,2001-09-30,2001-09-30,Q1,1738041.0,193110.0,1544931.0,0.888892149264603,237263.0,373167.0,353892.0,0.0,964322.0,1157432.0,0.0,43117.0,623726.0,0.35886725341922315,580609.0,0.33405943818356415,0.0,420194.0,0.24176299638501048,164000.0,256194.0,0.1474038874802148,0.08581161196969392,0.08581103712536342,2985540.0,2985560.0,,,1620596400,17:40:00,20210509
78,2001-06-30,PCYG,USD,2001-06-30,2001-06-30,Q4,850000.0,410000.0,440000.0,0.5176470588235295,240000.0,390000.0,0.0,0.0,770000.0,1180000.0,-320000.0,50000.0,-280000.0,-0.32941176470588235,-330000.0,-0.38823529411764707,0.0,-650000.0,-0.7647058823529411,0.0,-650000.0,-0.7647058823529411,-0.28634,-0.28634,2270000.0,2270000.0,,,1620596400,17:40:00,20210509
79,2001-03-31,PCYG,USD,2001-05-15,2001-05-15,Q3,22524.0,2355.0,20169.0,0.8954448588172615,0.0,1505264.0,0.0,0.0,1514577.0,1516932.0,0.0,0.0,-1450643.0,-64.40432427632747,-1494408.0,-66.34736281299946,-34452.0,0.0,0.0,0.0,-1539544.0,-68.35126975670396,-6.0,-6.0,249354.0,249354.0,https://www.sec.gov/Archives/edgar/data/50471/000005047101500004/0000050471-01-500004-index.htm,https://www.sec.gov/Archives/edgar/data/50471/000005047101500004/form-10qsb_33101.txt,1620596400,17:40:00,20210509
80,2000-12-31,PCYG,USD,2000-12-31,2000-12-31,Q2,128633.0,53574.0,75059.0,0.5835127844332325,0.0,0.0,0.0,0.0,1732192.0,1785766.0,0.0,0.0,-1829346.0,-14.221436178896552,-1657133.0,-12.88264286769336,219205.0,0.0,0.0,0.0,-1862440.0,-14.478710750740479,-9.5,-9.5,249303.0,249303.0,,,1620596400,17:40:00,20210509
81,2000-09-30,PCYG,USD,2000-09-30,2000-09-30,Q1,216636.0,192640.0,23996.0,0.11076644694325966,0.0,0.0,0.0,0.0,894344.0,1086984.0,0.0,0.0,-882127.0,-4.071931719566462,-870348.0,-4.017559408408575,61842.0,-909685.0,-4.19914049373142,0.0,-909685.0,-4.19914049373142,-5.0,-5.0,249303.0,249303.0,,,1620596400,17:40:00,20210509
82,2000-06-30,PCYG,USD,2000-06-30,2000-06-30,Q2,5112.0,33817.0,-28705.0,-5.615219092331769,0.0,1332560.0,0.0,0.0,2767999.0,2801816.0,0.0,0.0,-3225211.0,-630.9098200312989,-2796704.0,-547.0860719874804,428507.0,0.0,0.0,0.0,-4849832.0,-948.7151799687011,-23.133324111482636,-23.133324111482636,209647.0,209647.0,,,1620596400,17:40:00,20210509
83,2000-03-31,PCYG,USD,2000-03-31,2000-03-31,Q1,45063.0,18398.0,26665.0,0.5917271375629674,0.0,522096.0,0.0,0.0,864180.0,882578.0,0.0,0.0,-457162.0,-10.144952621884917,-837515.0,-18.585424849654927,-38269.0,0.0,0.0,0.0,-884637.0,-19.631116436988215,-4.0,-4.0,209647.0,209647.0,,,1620596400,17:40:00,20210509
84,1999-12-31,PCYG,USD,1999-12-31,1999-12-31,Q2,36709.0,88969.0,-52260.0,-1.4236290827862377,0.0,0.0,0.0,0.0,1058129.0,1147098.0,0.0,0.0,-952509.0,-25.947560543735868,-1110389.0,-30.248413195674086,-6751.0,0.0,0.0,0.0,-1139640.0,-31.04524775940505,-7.0,-7.0,164748.0,164748.0,,,1620596400,17:40:00,20210509
