,date,symbol,reportedCurrency,fillingDate,acceptedDate,period,revenue,costOfRevenue,grossProfit,grossProfitRatio,researchAndDevelopmentExpenses,generalAndAdministrativeExpenses,sellingAndMarketingExpenses,otherExpenses,operatingExpenses,costAndExpenses,interestExpense,depreciationAndAmortization,ebitda,ebitdaratio,operatingIncome,operatingIncomeRatio,totalOtherIncomeExpensesNet,incomeBeforeTax,incomeBeforeTaxRatio,incomeTaxExpense,netIncome,netIncomeRatio,eps,epsdiluted,weightedAverageShsOut,weightedAverageShsOutDil,link,finalLink,timestamp,est_time,est_date
0,2019-06-30,CWD.L,GBP,2019-06-30,2019-06-30,Q2,123093250,5556750.0,117536500.0,0.9548573946987345,0.0,1368250.0,6126500.0,143250.0,18197500,115428750,2453500.0,5283250.0,12947750.0,0.10518651510135608,7664500.0,0.06226580255213019,0.0,-9467750.0,-0.07691526545931641,-104750.0,-10418500.0,-0.084639084596434,-0.28820475,-0.28820475,36150403.0,36150403.0,https://find-and-update.company-information.service.gov.uk/search/companies?q=Countrywide+PLC,https://find-and-update.company-information.service.gov.uk/search/companies?q=Countrywide+PLC,1620590889,16:08:09,20210509
1,2019-03-31,CWD.L,GBP,2019-03-31,2019-03-31,Q1,123093250,5556750.0,117536500.0,0.9548573946987345,0.0,1368250.0,6126500.0,143250.0,18197500,115428750,2453500.0,5283250.0,12947750.0,0.10518651510135608,7664500.0,0.06226580255213019,0.0,-9467750.0,-0.07691526545931641,-104750.0,-10418500.0,-0.084639084596434,-0.28820475,-0.28820475,36150403.0,36150403.0,https://find-and-update.company-information.service.gov.uk/search/companies?q=Countrywide+PLC,https://find-and-update.company-information.service.gov.uk/search/companies?q=Countrywide+PLC,1620590889,16:08:09,20210509
2,2019-01-31,CWD.L,GBP,2019-01-31,2019-01-31,Q1,123093250,5556750.0,117536500.0,0.9548573946987345,0.0,1368250.0,6126500.0,143250.0,18197500,115428750,2453500.0,5283250.0,12947750.0,0.10518651510135608,7664500.0,0.06226580255213019,0.0,-9467750.0,-0.07691526545931641,-104750.0,-10418500.0,-0.084639084596434,-0.28820475,-0.28820475,36150403.0,36150403.0,https://find-and-update.company-information.service.gov.uk/search/companies?q=Countrywide+PLC,https://find-and-update.company-information.service.gov.uk/search/companies?q=Countrywide+PLC,1620590889,16:08:09,20210509
3,2018-06-30,CWD.L,GBP,2018-06-30,2018-06-30,Q2,154779750,0.0,0.0,0.0,0.0,0.0,3757750.0,149750.0,39096000,152798250,1943750.0,5615500.0,7597000.0,0.04908264808542461,1981500.0,0.012802062285279567,0.0,-63168250.0,-0.40811701789155236,-8629500.0,-54538750.0,-0.3523636005355998,-3.48910375,-3.48910375,15631662.0,15631662.0,https://find-and-update.company-information.service.gov.uk/search/companies?q=Countrywide+PLC,https://find-and-update.company-information.service.gov.uk/search/companies?q=Countrywide+PLC,1620590889,16:08:09,20210509
4,2018-03-31,CWD.L,GBP,2018-03-31,2018-03-31,Q1,154779750,0.0,0.0,0.0,0.0,0.0,3757750.0,149750.0,39096000,152798250,1943750.0,5615500.0,7597000.0,0.04908264808542461,1981500.0,0.012802062285279567,0.0,-63168250.0,-0.40811701789155236,-8629500.0,-54538750.0,-0.3523636005355998,-3.48910375,-3.48910375,15631662.0,15631662.0,https://find-and-update.company-information.service.gov.uk/search/companies?q=Countrywide+PLC,https://find-and-update.company-information.service.gov.uk/search/companies?q=Countrywide+PLC,1620590889,16:08:09,20210509
5,2018-01-31,CWD.L,GBP,2018-01-31,2018-01-31,Q1,154779750,0.0,0.0,0.0,0.0,0.0,3757750.0,149750.0,39096000,152798250,1943750.0,5615500.0,7597000.0,0.04908264808542461,1981500.0,0.012802062285279567,0.0,-63168250.0,-0.40811701789155236,-8629500.0,-54538750.0,-0.3523636005355998,-3.48910375,-3.48910375,15631662.0,15631662.0,https://find-and-update.company-information.service.gov.uk/search/companies?q=Countrywide+PLC,https://find-and-update.company-information.service.gov.uk/search/companies?q=Countrywide+PLC,1620590889,16:08:09,20210509
6,2017-06-30,CWD.L,GBP,2017-06-30,2017-06-30,Q2,165262250,0.0,0.0,0.0,0.0,0.0,4897500.0,145500.0,40890750,158018750,2732250.0,8372500.0,15616000.0,0.09449223885067522,7243500.0,0.043830336329076965,0.0,-53014750.0,-0.3207916508458526,-996750.0,-52018000.0,-0.3147603279030753,-5.714185279859743,-5.711445410284093,9103310.0,9107677.0,https://find-and-update.company-information.service.gov.uk/search/companies?q=Countrywide+PLC,https://find-and-update.company-information.service.gov.uk/search/companies?q=Countrywide+PLC,1620590889,16:08:09,20210509
7,2017-03-31,CWD.L,GBP,2017-03-31,2017-03-31,Q1,165262250,0.0,0.0,0.0,0.0,0.0,4897500.0,145500.0,40890750,158018750,2732250.0,8372500.0,15616000.0,0.09449223885067522,7243500.0,0.043830336329076965,0.0,-53014750.0,-0.3207916508458526,-996750.0,-52018000.0,-0.3147603279030753,-5.714185279859743,-5.711445410284093,9103310.0,9107677.0,https://find-and-update.company-information.service.gov.uk/search/companies?q=Countrywide+PLC,https://find-and-update.company-information.service.gov.uk/search/companies?q=Countrywide+PLC,1620590889,16:08:09,20210509
8,2017-01-31,CWD.L,GBP,2017-01-31,2017-01-31,Q1,165262250,0.0,0.0,0.0,0.0,0.0,4897500.0,145500.0,40890750,158018750,2732250.0,8372500.0,15616000.0,0.09449223885067522,7243500.0,0.043830336329076965,0.0,-53014750.0,-0.3207916508458526,-996750.0,-52018000.0,-0.3147603279030753,-5.714185279859743,-5.711445410284093,9103310.0,9107677.0,https://find-and-update.company-information.service.gov.uk/search/companies?q=Countrywide+PLC,https://find-and-update.company-information.service.gov.uk/search/companies?q=Countrywide+PLC,1620590889,16:08:09,20210509
9,2016-06-30,CWD.L,GBP,2016-06-30,2016-06-30,Q2,180992500,0.0,0.0,0.0,0.0,0.0,5292750.0,199750.0,42570750,168646000,2106500.0,8218000.0,20564500.0,0.11362073014075169,12346500.0,0.06821553379283672,0.0,4873750.0,0.02692791137754327,488750.0,4351000.0,0.024039670152078123,0.5124450175704689,0.5124147216949752,8490667.0,8491169.0,https://find-and-update.company-information.service.gov.uk/search/companies?q=Countrywide+PLC,https://find-and-update.company-information.service.gov.uk/search/companies?q=Countrywide+PLC,1620590889,16:08:09,20210509
10,2016-03-31,CWD.L,GBP,2016-03-31,2016-03-31,Q1,180992500,0.0,0.0,0.0,0.0,0.0,5292750.0,199750.0,42570750,168646000,2106500.0,8218000.0,20564500.0,0.11362073014075169,12346500.0,0.06821553379283672,0.0,4873750.0,0.02692791137754327,488750.0,4351000.0,0.024039670152078123,0.5124450175704689,0.5124147216949752,8490667.0,8491169.0,https://find-and-update.company-information.service.gov.uk/search/companies?q=Countrywide+PLC,https://find-and-update.company-information.service.gov.uk/search/companies?q=Countrywide+PLC,1620590889,16:08:09,20210509
11,2016-01-31,CWD.L,GBP,2016-01-31,2016-01-31,Q1,180992500,0.0,0.0,0.0,0.0,0.0,5292750.0,199750.0,42570750,168646000,2106500.0,8218000.0,20564500.0,0.11362073014075169,12346500.0,0.06821553379283672,0.0,4873750.0,0.02692791137754327,488750.0,4351000.0,0.024039670152078123,0.5124450175704689,0.5124147216949752,8490667.0,8491169.0,https://find-and-update.company-information.service.gov.uk/search/companies?q=Countrywide+PLC,https://find-and-update.company-information.service.gov.uk/search/companies?q=Countrywide+PLC,1620590889,16:08:09,20210509
12,2015-09-30,CWD.L,GBP,2015-09-30,2015-09-30,Q3,179674750,0.0,0.0,0.0,0.0,0.0,4983000.0,249750.0,37662000,159760250,1377000.0,7839500.0,27754000.0,0.15446800399054403,19914500.0,0.11083638630358467,0.0,11927500.0,0.06638384080122554,1485500.0,10337750.0,0.05753590863490835,1.20774175,1.20072375,8559795.0,8609360.0,https://find-and-update.company-information.service.gov.uk/search/companies?q=Countrywide+PLC,https://find-and-update.company-information.service.gov.uk/search/companies?q=Countrywide+PLC,1620590889,16:08:09,20210509
13,2015-06-30,CWD.L,GBP,2015-06-30,2015-06-30,Q2,179674750,0.0,0.0,0.0,0.0,0.0,4983000.0,249750.0,37662000,159760250,1377000.0,7839500.0,27754000.0,0.15446800399054403,19914500.0,0.11083638630358467,0.0,11927500.0,0.06638384080122554,1485500.0,10337750.0,0.05753590863490835,1.20774175,1.20072375,8559795.0,8609360.0,https://find-and-update.company-information.service.gov.uk/search/companies?q=Countrywide+PLC,https://find-and-update.company-information.service.gov.uk/search/companies?q=Countrywide+PLC,1620590889,16:08:09,20210509
14,2015-03-31,CWD.L,GBP,2015-03-31,2015-03-31,Q1,179674750,0.0,0.0,0.0,0.0,0.0,4983000.0,249750.0,37662000,159760250,1377000.0,7839500.0,27754000.0,0.15446800399054403,19914500.0,0.11083638630358467,0.0,11927500.0,0.06638384080122554,1485500.0,10337750.0,0.05753590863490835,1.20774175,1.20072375,8559795.0,8609360.0,https://find-and-update.company-information.service.gov.uk/search/companies?q=Countrywide+PLC,https://find-and-update.company-information.service.gov.uk/search/companies?q=Countrywide+PLC,1620590889,16:08:09,20210509
15,2015-01-31,CWD.L,GBP,2015-01-31,2015-01-31,Q1,179674750,0.0,0.0,0.0,0.0,0.0,4983000.0,249750.0,37662000,159760250,1377000.0,7839500.0,27754000.0,0.15446800399054403,19914500.0,0.11083638630358467,0.0,11927500.0,0.06638384080122554,1485500.0,10337750.0,0.05753590863490835,1.20774175,1.20072375,8559795.0,8609360.0,https://find-and-update.company-information.service.gov.uk/search/companies?q=Countrywide+PLC,https://find-and-update.company-information.service.gov.uk/search/companies?q=Countrywide+PLC,1620590889,16:08:09,20210509
16,2014-09-30,CWD.L,GBP,2014-09-30,2014-09-30,Q3,171273500,0.0,175550250.0,1.0249702960469658,0.0,0.0,4924500.0,392250.0,35143000,148417250,1086500.0,6089750.0,28946000.0,0.1690045453616584,22856250.0,0.13344884059705675,0.0,19912000.0,0.11625849883373668,2928000.0,16869250.0,0.09849305350798576,1.96760475,1.91465025,8574064.0,8811024.0,https://find-and-update.company-information.service.gov.uk/search/companies?q=Countrywide+PLC,https://find-and-update.company-information.service.gov.uk/search/companies?q=Countrywide+PLC,1620590889,16:08:09,20210509
17,2014-06-30,CWD.L,GBP,2014-06-30,2014-06-30,Q2,171273500,0.0,175550250.0,1.0249702960469658,0.0,0.0,4924500.0,392250.0,35143000,148417250,1086500.0,6089750.0,28946000.0,0.1690045453616584,22856250.0,0.13344884059705675,0.0,19912000.0,0.11625849883373668,2928000.0,16869250.0,0.09849305350798576,1.96760475,1.91465025,8574064.0,8811024.0,https://find-and-update.company-information.service.gov.uk/search/companies?q=Countrywide+PLC,https://find-and-update.company-information.service.gov.uk/search/companies?q=Countrywide+PLC,1620590889,16:08:09,20210509
18,2014-03-31,CWD.L,GBP,2014-03-31,2014-03-31,Q1,171273500,0.0,175550250.0,1.0249702960469658,0.0,0.0,4924500.0,392250.0,35143000,148417250,1086500.0,6089750.0,28946000.0,0.1690045453616584,22856250.0,0.13344884059705675,0.0,19912000.0,0.11625849883373668,2928000.0,16869250.0,0.09849305350798576,1.96760475,1.91465025,8574064.0,8811024.0,https://find-and-update.company-information.service.gov.uk/search/companies?q=Countrywide+PLC,https://find-and-update.company-information.service.gov.uk/search/companies?q=Countrywide+PLC,1620590889,16:08:09,20210509
19,2014-01-31,CWD.L,GBP,2014-01-31,2014-01-31,Q1,171273500,0.0,175550250.0,1.0249702960469658,0.0,0.0,4924500.0,392250.0,35143000,148417250,1086500.0,6089750.0,28946000.0,0.1690045453616584,22856250.0,0.13344884059705675,0.0,19912000.0,0.11625849883373668,2928000.0,16869250.0,0.09849305350798576,1.96760475,1.91465025,8574064.0,8811024.0,https://find-and-update.company-information.service.gov.uk/search/companies?q=Countrywide+PLC,https://find-and-update.company-information.service.gov.uk/search/companies?q=Countrywide+PLC,1620590889,16:08:09,20210509
20,2013-09-30,CWD.L,GBP,2013-09-30,2013-09-30,Q3,142716000,0.0,146192000.0,1.0243560637910256,0.0,0.0,4234250.0,266000.0,28998000,126568500,3218250.0,4796750.0,20944250.0,0.14675474368676253,16147500.0,0.11314428655511645,0.0,9531250.0,0.06678473331651671,958000.0,8468000.0,0.05933462260713585,1.05462075,1.04760275,8031615.0,8081600.0,https://find-and-update.company-information.service.gov.uk/search/companies?q=Countrywide+PLC,https://find-and-update.company-information.service.gov.uk/search/companies?q=Countrywide+PLC,1620590889,16:08:09,20210509
21,2013-06-30,CWD.L,GBP,2013-06-30,2013-06-30,Q2,142716000,0.0,146192000.0,1.0243560637910256,0.0,0.0,4234250.0,266000.0,28998000,126568500,3218250.0,4796750.0,20944250.0,0.14675474368676253,16147500.0,0.11314428655511645,0.0,9531250.0,0.06678473331651671,958000.0,8468000.0,0.05933462260713585,1.05462075,1.04760275,8031615.0,8081600.0,https://find-and-update.company-information.service.gov.uk/search/companies?q=Countrywide+PLC,https://find-and-update.company-information.service.gov.uk/search/companies?q=Countrywide+PLC,1620590889,16:08:09,20210509
22,2013-03-31,CWD.L,GBP,2013-03-31,2013-03-31,Q1,142716000,0.0,146192000.0,1.0243560637910256,0.0,0.0,4234250.0,266000.0,28998000,126568500,3218250.0,4796750.0,20944250.0,0.14675474368676253,16147500.0,0.11314428655511645,0.0,9531250.0,0.06678473331651671,958000.0,8468000.0,0.05933462260713585,1.05462075,1.04760275,8031615.0,8081600.0,https://find-and-update.company-information.service.gov.uk/search/companies?q=Countrywide+PLC,https://find-and-update.company-information.service.gov.uk/search/companies?q=Countrywide+PLC,1620590889,16:08:09,20210509
23,2013-01-31,CWD.L,GBP,2013-01-31,2013-01-31,Q1,142716000,0.0,146192000.0,1.0243560637910256,0.0,0.0,4234250.0,266000.0,28998000,126568500,3218250.0,4796750.0,20944250.0,0.14675474368676253,16147500.0,0.11314428655511645,0.0,9531250.0,0.06678473331651671,958000.0,8468000.0,0.05933462260713585,1.05462075,1.04760275,8031615.0,8081600.0,https://find-and-update.company-information.service.gov.uk/search/companies?q=Countrywide+PLC,https://find-and-update.company-information.service.gov.uk/search/companies?q=Countrywide+PLC,1620590889,16:08:09,20210509
24,2012-09-30,CWD.L,GBP,2012-09-30,2012-09-30,Q3,131838750,1872000.0,129966750.0,0.9858008362488266,0.0,3236500.0,6446750.0,3123250.0,23168000,120535000,6817000.0,4089000.0,15392750.0,0.11675436849939794,11303750.0,0.08573920793393444,0.0,-2692750.0,-0.0204245716832115,-1944000.0,-854250.0,-0.006479506214978525,-0.137171,-0.137171,6222354.0,6222354.0,https://find-and-update.company-information.service.gov.uk/search/companies?q=Countrywide+PLC,https://find-and-update.company-information.service.gov.uk/search/companies?q=Countrywide+PLC,1620590889,16:08:09,20210509
25,2012-06-30,CWD.L,GBP,2012-06-30,2012-06-30,Q2,131838750,1872000.0,129966750.0,0.9858008362488266,0.0,3236500.0,6446750.0,3123250.0,23168000,120535000,6817000.0,4089000.0,15392750.0,0.11675436849939794,11303750.0,0.08573920793393444,0.0,-2692750.0,-0.0204245716832115,-1944000.0,-854250.0,-0.006479506214978525,-0.137171,-0.137171,6222354.0,6222354.0,https://find-and-update.company-information.service.gov.uk/search/companies?q=Countrywide+PLC,https://find-and-update.company-information.service.gov.uk/search/companies?q=Countrywide+PLC,1620590889,16:08:09,20210509
26,2012-03-31,CWD.L,GBP,2012-03-31,2012-03-31,Q1,131838750,1872000.0,129966750.0,0.9858008362488266,0.0,3236500.0,6446750.0,3123250.0,23168000,120535000,6817000.0,4089000.0,15392750.0,0.11675436849939794,11303750.0,0.08573920793393444,0.0,-2692750.0,-0.0204245716832115,-1944000.0,-854250.0,-0.006479506214978525,-0.137171,-0.137171,6222354.0,6222354.0,https://find-and-update.company-information.service.gov.uk/search/companies?q=Countrywide+PLC,https://find-and-update.company-information.service.gov.uk/search/companies?q=Countrywide+PLC,1620590889,16:08:09,20210509
27,2012-01-31,CWD.L,GBP,2012-01-31,2012-01-31,Q1,131838750,1872000.0,129966750.0,0.9858008362488266,0.0,3236500.0,6446750.0,3123250.0,23168000,120535000,6817000.0,4089000.0,15392750.0,0.11675436849939794,11303750.0,0.08573920793393444,0.0,-2692750.0,-0.0204245716832115,-1944000.0,-854250.0,-0.006479506214978525,-0.137171,-0.137171,6222354.0,6222354.0,https://find-and-update.company-information.service.gov.uk/search/companies?q=Countrywide+PLC,https://find-and-update.company-information.service.gov.uk/search/companies?q=Countrywide+PLC,1620590889,16:08:09,20210509
28,2011-09-30,CWD.L,GBP,2011-09-30,2011-09-30,Q3,124713750,1875250.0,122838500.0,0.9849635665674394,0.0,3622000.0,5795250.0,409250.0,21582500,116177750,6805750.0,4768500.0,13304500.0,0.10668029788215012,8536000.0,0.06844473845105291,0.0,-1826250.0,-0.014643533692155035,-1166000.0,-710500.0,-0.005697046235880166,-0.11420275,-0.11420275,6211058.0,6211058.0,https://find-and-update.company-information.service.gov.uk/search/companies?q=Countrywide+PLC,https://find-and-update.company-information.service.gov.uk/search/companies?q=Countrywide+PLC,1620590889,16:08:09,20210509
29,2011-06-30,CWD.L,GBP,2011-06-30,2011-06-30,Q2,124713750,1875250.0,122838500.0,0.9849635665674394,0.0,3622000.0,5795250.0,409250.0,21582500,116177750,6805750.0,4768500.0,13304500.0,0.10668029788215012,8536000.0,0.06844473845105291,0.0,-1826250.0,-0.014643533692155035,-1166000.0,-710500.0,-0.005697046235880166,-0.11420275,-0.11420275,6211058.0,6211058.0,https://find-and-update.company-information.service.gov.uk/search/companies?q=Countrywide+PLC,https://find-and-update.company-information.service.gov.uk/search/companies?q=Countrywide+PLC,1620590889,16:08:09,20210509
30,2011-03-31,CWD.L,GBP,2011-03-31,2011-03-31,Q1,124713750,1875250.0,122838500.0,0.9849635665674394,0.0,3622000.0,5795250.0,409250.0,21582500,116177750,6805750.0,4768500.0,13304500.0,0.10668029788215012,8536000.0,0.06844473845105291,0.0,-1826250.0,-0.014643533692155035,-1166000.0,-710500.0,-0.005697046235880166,-0.11420275,-0.11420275,6211058.0,6211058.0,https://find-and-update.company-information.service.gov.uk/search/companies?q=Countrywide+PLC,https://find-and-update.company-information.service.gov.uk/search/companies?q=Countrywide+PLC,1620590889,16:08:09,20210509
31,2011-01-31,CWD.L,GBP,2011-01-31,2011-01-31,Q1,124713750,1875250.0,122838500.0,0.9849635665674394,0.0,3622000.0,5795250.0,409250.0,21582500,116177750,6805750.0,4768500.0,13304500.0,0.10668029788215012,8536000.0,0.06844473845105291,0.0,-1826250.0,-0.014643533692155035,-1166000.0,-710500.0,-0.005697046235880166,-0.11420275,-0.11420275,6211058.0,6211058.0,https://find-and-update.company-information.service.gov.uk/search/companies?q=Countrywide+PLC,https://find-and-update.company-information.service.gov.uk/search/companies?q=Countrywide+PLC,1620590889,16:08:09,20210509
32,2010-09-30,CWD.L,GBP,2010-09-30,2010-09-30,Q3,117010250,2164250.0,114846000.0,0.9815037571494805,0.0,3586500.0,5673500.0,368250.0,18057750,110611750,5878250.0,5644000.0,12042500.0,0.10291833407757013,6398500.0,0.05468324356199564,0.0,-3257750.0,-0.02784157798141616,-1189500.0,-2068250.0,-0.017675801906243255,-0.320278,-0.320278,6455261.0,6455261.0,https://find-and-update.company-information.service.gov.uk/search/companies?q=Countrywide+PLC,https://find-and-update.company-information.service.gov.uk/search/companies?q=Countrywide+PLC,1620590889,16:08:09,20210509
33,2010-06-30,CWD.L,GBP,2010-06-30,2010-06-30,Q2,117010250,2164250.0,114846000.0,0.9815037571494805,0.0,3586500.0,5673500.0,368250.0,18057750,110611750,5878250.0,5644000.0,12042500.0,0.10291833407757013,6398500.0,0.05468324356199564,0.0,-3257750.0,-0.02784157798141616,-1189500.0,-2068250.0,-0.017675801906243255,-0.320278,-0.320278,6455261.0,6455261.0,https://find-and-update.company-information.service.gov.uk/search/companies?q=Countrywide+PLC,https://find-and-update.company-information.service.gov.uk/search/companies?q=Countrywide+PLC,1620590889,16:08:09,20210509
34,2010-03-31,CWD.L,GBP,2010-03-31,2010-03-31,Q1,117010250,2164250.0,114846000.0,0.9815037571494805,0.0,3586500.0,5673500.0,368250.0,18057750,110611750,5878250.0,5644000.0,12042500.0,0.10291833407757013,6398500.0,0.05468324356199564,0.0,-3257750.0,-0.02784157798141616,-1189500.0,-2068250.0,-0.017675801906243255,-0.320278,-0.320278,6455261.0,6455261.0,https://find-and-update.company-information.service.gov.uk/search/companies?q=Countrywide+PLC,https://find-and-update.company-information.service.gov.uk/search/companies?q=Countrywide+PLC,1620590889,16:08:09,20210509
35,2010-01-31,CWD.L,GBP,2010-01-31,2010-01-31,Q1,117010250,2164250.0,114846000.0,0.9815037571494805,0.0,3586500.0,5673500.0,368250.0,18057750,110611750,5878250.0,5644000.0,12042500.0,0.10291833407757013,6398500.0,0.05468324356199564,0.0,-3257750.0,-0.02784157798141616,-1189500.0,-2068250.0,-0.017675801906243255,-0.320278,-0.320278,6455261.0,6455261.0,https://find-and-update.company-information.service.gov.uk/search/companies?q=Countrywide+PLC,https://find-and-update.company-information.service.gov.uk/search/companies?q=Countrywide+PLC,1620590889,16:08:09,20210509
