,date,symbol,reportedCurrency,fillingDate,acceptedDate,period,revenue,costOfRevenue,grossProfit,grossProfitRatio,researchAndDevelopmentExpenses,generalAndAdministrativeExpenses,sellingAndMarketingExpenses,otherExpenses,operatingExpenses,costAndExpenses,interestExpense,depreciationAndAmortization,ebitda,ebitdaratio,operatingIncome,operatingIncomeRatio,totalOtherIncomeExpensesNet,incomeBeforeTax,incomeBeforeTaxRatio,incomeTaxExpense,netIncome,netIncomeRatio,eps,epsdiluted,weightedAverageShsOut,weightedAverageShsOutDil,link,finalLink,timestamp,est_time,est_date
0,2021-03-31,NDAQ,USD,2021-05-05,2021-05-05 14:36:32,Q1,1652000000,1040000000.0,612000000.0,0.3704600484261501,0.0,119000000.0,10000000.0,1000000.0,192000000,1232000000,29000000.0,63000000.0,483000000,0.2923728813559322,420000000.0,0.2391041162227603,3000000.0,395000000.0,0.2391041162227603,97000000.0,298000000.0,0.18038740920096852,1.81,1.78,164700000,167100000,https://www.sec.gov/Archives/edgar/data/1120193/000112019321000016/0001120193-21-000016-index.htm,https://www.sec.gov/Archives/edgar/data/1120193/000112019321000016/ndaq-20210331.htm,1620595578,17:26:18,20210509
1,2020-12-31,NDAQ,USD,2021-02-23,2021-02-23 16:49:38,Q4,1462000000,878000000.0,584000000.0,0.399452804377565,0.0,153000000.0,19000000.0,1483000.0,233000000,1111000000,22000000.0,53000000.0,404000000,0.2763337893296854,351000000.0,0.24008207934336526,-60000000.0,267000000.0,0.1826265389876881,42000000.0,225000000.0,0.1538987688098495,1.36,1.34,164500000,167300000,https://www.sec.gov/Archives/edgar/data/1120193/000112019321000011/0001120193-21-000011-index.htm,https://www.sec.gov/Archives/edgar/data/1120193/000112019321000011/ndaq-20201231.htm,1620595578,17:26:18,20210509
2,2020-09-30,NDAQ,USD,2020-11-04,2020-11-04 16:30:00,Q3,1414000000,897000000.0,517000000.0,0.36562942008486565,0.0,119000000.0,7000000.0,1000000.0,179000000,1076000000,22000000.0,51000000.0,389000000,0.2751060820367751,338000000.0,0.23903818953323905,43000000.0,357000000.0,0.2524752475247525,93000000.0,264000000.0,0.1867043847241867,1.61,1.58,164200000,167500000,https://www.sec.gov/Archives/edgar/data/1120193/000112019320000021/0001120193-20-000021-index.htm,https://www.sec.gov/Archives/edgar/data/1120193/000112019320000021/ndaq-20200930.htm,1620595578,17:26:18,20210509
3,2020-06-30,NDAQ,USD,2020-08-05,2020-08-05 13:00:01,Q2,1398000000,888000000.0,510000000.0,0.3648068669527897,0.0,117000000.0,4000000.0,0.0,178000000,1066000000,24000000.0,50000000.0,382000000,0.2732474964234621,332000000.0,0.2374821173104435,9000000.0,316000000.0,0.22603719599427755,75000000.0,241000000.0,0.17238912732474965,1.47,1.45,164100000,166100000,https://www.sec.gov/Archives/edgar/data/1120193/000112019320000015/0001120193-20-000015-index.htm,https://www.sec.gov/Archives/edgar/data/1120193/000112019320000015/ndaq-20200630.htm,1620595578,17:26:18,20210509
4,2020-03-31,NDAQ,USD,2020-05-06 00:00:00,2020-05-06 15:19:39,Q1,1353000000,847000000.0,506000000.0,0.37398373983739835,0.0,148000000.0,9000000.0,5000000.0,212000000,1059000000,26000000.0,48000000.0,342000000,0.25277161862527714,294000000.0,0.21729490022172948,3000000.0,273000000.0,0.2017738359201774,70000000.0,203000000.0,0.15003695491500368,1.23,1.22,164900000,166800000,https://www.sec.gov/Archives/edgar/data/1120193/000112019320000007/0001120193-20-000007-index.html,https://www.sec.gov/Archives/edgar/data/1120193/000112019320000007/ndaq-20200331.htm,1620595578,17:26:18,20210509
5,2019-12-31,NDAQ,USD,2020-02-25 00:00:00,2020-02-25 12:31:28,Q4,1065000000,608000000.0,457000000.0,0.4291079812206573,0.0,118000000.0,10000000.0,4000000.0,183000000,791000000,24000000.0,47000000.0,321000000,0.30140845070422534,274000000.0,0.25727699530516435,3000000.0,252000000.0,0.23661971830985915,49000000.0,203000000.0,0.19061032863849764,1.23,1.21,164500000,166800000,https://www.sec.gov/Archives/edgar/data/1120193/000112019320000004/0001120193-20-000004-index.html,https://www.sec.gov/Archives/edgar/data/1120193/000112019320000004/ndaq1231201910-k.htm,1620595578,17:26:18,20210509
6,2019-09-30,NDAQ,USD,2019-11-06 00:00:00,2019-11-06 12:54:56,Q3,1096000000,639000000.0,457000000.0,0.416970802919708,0.0,128000000.0,8000000.0,0.0,191000000,830000000,27000000.0,47000000.0,313000000,0.28558394160583944,266000000.0,0.2427007299270073,-25000000.0,215000000.0,0.19616788321167883,65000000.0,150000000.0,0.13686131386861314,0.91,0.9,164300000,167000000,https://www.sec.gov/Archives/edgar/data/1120193/000112019319000015/0001120193-19-000015-index.html,https://www.sec.gov/Archives/edgar/data/1120193/000112019319000015/ndaq930201910-q.htm,1620595578,17:26:18,20210509
7,2019-06-30,NDAQ,USD,2019-08-05 00:00:00,2019-08-05 14:03:22,Q2,1061000000,607000000.0,454000000.0,0.4278982092365693,0.0,127000000.0,10000000.0,0.0,193000000,800000000,29000000.0,48000000.0,309000000,0.29123468426013194,261000000.0,0.24599434495758718,6000000.0,239000000.0,0.22525918944392084,65000000.0,174000000.0,0.16399622997172478,1.05,1.04,165600000,167000000,https://www.sec.gov/Archives/edgar/data/1120193/000112019319000010/0001120193-19-000010-index.html,https://www.sec.gov/Archives/edgar/data/1120193/000112019319000010/ndaq630201910-q.htm,1620595578,17:26:18,20210509
8,2019-03-31,NDAQ,USD,2019-05-01 00:00:00,2019-05-01 11:42:09,Q1,1039000000,580000000.0,459000000.0,0.44177093358999037,0.0,110000000.0,10000000.0,0.0,175000000,755000000,35000000.0,48000000.0,332000000,0.31953801732435033,284000000.0,0.273339749759384,63000000.0,313000000.0,0.3012512030798845,66000000.0,247000000.0,0.2377285851780558,1.49,1.48,165300000,167000000,https://www.sec.gov/Archives/edgar/data/1120193/000112019319000006/0001120193-19-000006-index.html,https://www.sec.gov/Archives/edgar/data/1120193/000112019319000006/ndaq331201910-q.htm,1620595578,17:26:18,20210509
9,2018-12-31,NDAQ,USD,2019-02-22 00:00:00,2019-02-22 12:32:43,Q4,1136000000,670000000.0,466000000.0,0.4102112676056338,0.0,142000000.0,10000000.0,0.0,211000000,881000000,35000000.0,51000000.0,306000000,0.26936619718309857,255000000.0,0.2244718309859155,109000000.0,328000000.0,0.2887323943661972,372000000.0,-44000000.0,-0.03873239436619718,-0.27,-0.27,164500000,164500000,https://www.sec.gov/Archives/edgar/data/1120193/000112019319000002/0001120193-19-000002-index.html,https://www.sec.gov/Archives/edgar/data/1120193/000112019319000002/ndaq1231201810-k.htm,1620595578,17:26:18,20210509
10,2018-09-30,NDAQ,USD,2018-11-06 00:00:00,2018-11-06 16:01:39,Q3,964000000,528000000.0,436000000.0,0.45228215767634855,0.0,116000000.0,7000000.0,0.0,184000000,712000000,35000000.0,53000000.0,305000000,0.3163900414937759,252000000.0,0.26141078838174275,-8000000.0,209000000.0,0.21680497925311204,46000000.0,163000000.0,0.1690871369294606,0.99,0.97,164200000,167300000,https://www.sec.gov/Archives/edgar/data/1120193/000112019318000012/0001120193-18-000012-index.html,https://www.sec.gov/Archives/edgar/data/1120193/000112019318000012/ndaq930201810-q.htm,1620595578,17:26:18,20210509
11,2018-06-30,NDAQ,USD,2018-08-01 00:00:00,2018-08-01 13:13:21,Q2,1027000000,585000000.0,442000000.0,0.43037974683544306,0.0,112000000.0,10000000.0,0.0,183000000,768000000,35000000.0,53000000.0,312000000,0.3037974683544304,259000000.0,0.25219084712755596,64000000.0,288000000.0,0.2804284323271665,126000000.0,162000000.0,0.15774099318403115,0.98,0.97,165700000,167400000,https://www.sec.gov/Archives/edgar/data/1120193/000112019318000010/0001120193-18-000010-index.html,https://www.sec.gov/Archives/edgar/data/1120193/000112019318000010/ndaq630201810-q.htm,1620595578,17:26:18,20210509
12,2018-03-31,NDAQ,USD,2018-05-02 00:00:00,2018-05-02 16:50:15,Q1,1151000000,682000000.0,469000000.0,0.40747176368375326,0.0,116000000.0,9000000.0,0.0,186000000,868000000,35000000.0,53000000.0,336000000,0.29192006950477845,283000000.0,0.24587315377932234,-8000000.0,239000000.0,0.20764552562988706,62000000.0,177000000.0,0.15377932232841007,1.06,1.05,166900000,169000000,https://www.sec.gov/Archives/edgar/data/1120193/000112019318000007/0001120193-18-000007-index.html,https://www.sec.gov/Archives/edgar/data/1120193/000112019318000007/ndaq331201810-q.htm,1620595578,17:26:18,20210509
13,2017-12-31,NDAQ,USD,2018-02-28 00:00:00,2018-02-28 15:28:32,Q4,1024000000,570000000.0,454000000.0,0.443359375,0.0,122000000.0,9000000.0,0.0,187000000,757000000,28000000.0,48000000.0,315000000,0.3076171875,267000000.0,0.2607421875,-19000000.0,213000000.0,0.2080078125,-33000000.0,246000000.0,0.240234375,1.47,1.45,166900000,169700000,https://www.sec.gov/Archives/edgar/data/1120193/000112019318000003/0001120193-18-000003-index.html,https://www.sec.gov/Archives/edgar/data/1120193/000112019318000003/ndaq1231201710-k.htm,1620595578,17:26:18,20210509
14,2017-09-30,NDAQ,USD,2017-11-07 00:00:00,2017-11-07 12:32:40,Q3,969000000,531000000.0,438000000.0,0.4520123839009288,0.0,108000000.0,7000000.0,0.0,171000000,702000000,34000000.0,48000000.0,315000000,0.32507739938080493,267000000.0,0.2755417956656347,1000000.0,236000000.0,0.2435500515995872,65000000.0,171000000.0,0.17647058823529413,1.03,1.01,166700000,170000000,https://www.sec.gov/Archives/edgar/data/1120193/000112019317000014/0001120193-17-000014-index.html,https://www.sec.gov/Archives/edgar/data/1120193/000112019317000014/ndaq930201710-q.htm,1620595578,17:26:18,20210509
15,2017-06-30,NDAQ,USD,2017-08-02 00:00:00,2017-08-02 11:49:39,Q2,1000000000,561000000.0,439000000.0,0.439,0.0,121000000.0,8000000.0,0.0,184000000,745000000,36000000.0,47000000.0,302000000,0.302,255000000.0,0.255,-8000000.0,213000000.0,0.213,66000000.0,147000000.0,0.147,0.89,0.87,165400000,168500000,https://www.sec.gov/Archives/edgar/data/1120193/000112019317000011/0001120193-17-000011-index.html,https://www.sec.gov/Archives/edgar/data/1120193/000112019317000011/ndaq630201710-q.htm,1620595578,17:26:18,20210509
16,2017-03-31,NDAQ,USD,2017-05-10 00:00:00,2017-05-10 13:23:28,Q1,971000000,549000000.0,422000000.0,0.43460350154479915,0.0,108000000.0,7000000.0,0.0,168000000,717000000,37000000.0,45000000.0,299000000,0.3079299691040165,254000000.0,0.2615859938208033,-2000000.0,217000000.0,0.223480947476828,48000000.0,169000000.0,0.17404737384140062,1.02,0.99,166500000,170200000,https://www.sec.gov/Archives/edgar/data/1120193/000112019317000006/0001120193-17-000006-index.html,https://www.sec.gov/Archives/edgar/data/1120193/000112019317000006/ndaq331201710-q.htm,1620595578,17:26:18,20210509
17,2016-12-31,NDAQ,USD,2017-03-01 00:00:00,2017-03-01 12:03:02,Q4,973000000,554000000.0,419000000.0,0.4306269270298047,0.0,119000000.0,8000000.0,0.0,186000000,740000000,31000000.0,45000000.0,278000000,0.2857142857142857,233000000.0,0.2394655704008222,-602000000.0,-405000000.0,-0.41623843782117165,-180000000.0,-225000000.0,-0.2312435765673176,-1.35,-1.35,165800000,165800000,https://www.sec.gov/Archives/edgar/data/1120193/000112019317000003/0001120193-17-000003-index.html,https://www.sec.gov/Archives/edgar/data/1120193/000112019317000003/ndaq1231201610-k.htm,1620595578,17:26:18,20210509
18,2016-09-30,NDAQ,USD,2016-11-08 00:00:00,2016-11-08 15:51:04,Q3,929000000,512000000.0,417000000.0,0.4488697524219591,0.0,110000000.0,8000000.0,0.0,172000000,684000000,37000000.0,46000000.0,291000000,0.3132400430570506,245000000.0,0.263724434876211,-10000000.0,199000000.0,0.21420882669537136,68000000.0,131000000.0,0.14101184068891282,0.79,0.77,165600000,169500000,https://www.sec.gov/Archives/edgar/data/1120193/000112019316000027/0001120193-16-000027-index.html,https://www.sec.gov/Archives/edgar/data/1120193/000112019316000027/ndaq-20160930x10q.htm,1620595578,17:26:18,20210509
19,2016-06-30,NDAQ,USD,2016-08-03 00:00:00,2016-08-03 10:55:04,Q2,897000000,502000000.0,395000000.0,0.4403567447045708,0.0,98000000.0,8000000.0,0.0,153000000,655000000,32000000.0,41000000.0,283000000,0.31549609810479373,242000000.0,0.2697881828316611,-65000000.0,146000000.0,0.16276477146042365,76000000.0,70000000.0,0.07803790412486064,0.42424242424242425,0.4161712247324614,165000000,168200000,https://www.sec.gov/Archives/edgar/data/1120193/000112019316000024/0001120193-16-000024-index.html,https://www.sec.gov/Archives/edgar/data/1120193/000112019316000024/ndaq-20160630x10q.htm,1620595578,17:26:18,20210509
20,2016-03-31,NDAQ,USD,2016-05-05 00:00:00,2016-05-05 12:35:52,Q1,905000000,523000000.0,382000000.0,0.4220994475138122,0.0,94000000.0,6000000.0,0.0,145000000,668000000,28000000.0,38000000.0,275000000,0.30386740331491713,237000000.0,0.261878453038674,-15000000.0,195000000.0,0.2154696132596685,63000000.0,132000000.0,0.14585635359116023,0.8,0.78,164300000,168400000,https://www.sec.gov/Archives/edgar/data/1120193/000112019316000022/0001120193-16-000022-index.html,https://www.sec.gov/Archives/edgar/data/1120193/000112019316000022/ndaq-20160331x10q.htm,1620595578,17:26:18,20210509
21,2015-12-31,NDAQ,USD,2016-02-26 00:00:00,2016-02-26 11:07:40,Q4,865000000,478000000.0,387000000.0,0.44739884393063584,0.0,76000000.0,8000000.0,0.0,127000000,605000000,23000000.0,36000000.0,296000000,0.3421965317919075,260000000.0,0.30057803468208094,-14000000.0,219000000.0,0.25317919075144507,71000000.0,148000000.0,0.17109826589595376,0.9,0.88,164600000,168900000,https://www.sec.gov/Archives/edgar/data/1120193/000112019316000020/0001120193-16-000020-index.html,https://www.sec.gov/Archives/edgar/data/1120193/000112019316000020/ndaq-20151231x10k.htm,1620595578,17:26:18,20210509
22,2015-09-30,NDAQ,USD,2015-11-04 00:00:00,2015-11-04 16:14:17,Q3,871000000,492000000.0,379000000.0,0.4351320321469575,0.0,89000000.0,6000000.0,0.0,136000000,628000000,28000000.0,35000000.0,278000000,0.31917336394948337,243000000.0,0.27898966704936856,-10000000.0,206000000.0,0.2365097588978186,68000000.0,138000000.0,0.1584385763490241,0.83,0.8,166900000,171500000,https://www.sec.gov/Archives/edgar/data/1120193/000112019315000018/0001120193-15-000018-index.html,https://www.sec.gov/Archives/edgar/data/1120193/000112019315000018/ndaq-20150930x10q.htm,1620595578,17:26:18,20210509
23,2015-06-30,NDAQ,USD,2015-08-06 00:00:00,2015-08-06 11:29:38,Q2,807000000,433000000.0,374000000.0,0.4634448574969021,0.0,105000000.0,6000000.0,0.0,152000000,585000000,27000000.0,33000000.0,255000000,0.3159851301115242,222000000.0,0.275092936802974,-4000000.0,192000000.0,0.2379182156133829,60000000.0,133000000.0,0.16480793060718713,0.79,0.77,168700000,172100000,https://www.sec.gov/Archives/edgar/data/1120193/000112019315000007/0001120193-15-000007-index.html,https://www.sec.gov/Archives/edgar/data/1120193/000112019315000007/ndaq-20150630x10q.htm,1620595578,17:26:18,20210509
24,2015-03-31,NDAQ,USD,2015-05-06 00:00:00,2015-05-06 12:05:30,Q1,858000000,498000000.0,360000000.0,0.4195804195804196,0.0,135000000.0,7000000.0,0.0,183000000,681000000,28000000.0,34000000.0,211000000,0.24592074592074592,177000000.0,0.2062937062937063,-136000000.0,14000000.0,0.016317016317016316,5000000.0,9000000.0,0.01048951048951049,0.05325443786982249,0.05211349160393746,169000000,172700000,https://www.sec.gov/Archives/edgar/data/1120193/000112019315000005/0001120193-15-000005-index.html,https://www.sec.gov/Archives/edgar/data/1120193/000112019315000005/ndaq-20150331x10q.htm,1620595578,17:26:18,20210509
25,2014-12-31,NDAQ,USD,2015-02-17,2015-02-17 15:34:58,Q4,920000000,551000000.0,369000000.0,0.40108695652173915,0.0,113000000.0,9000000.0,0.0,161000000,712000000,29000000.0,33000000.0,241000000,0.2619565217391304,208000000.0,0.22608695652173913,-84000000.0,97000000.0,0.10543478260869565,11000000.0,86000000.0,0.09347826086956522,0.52,0.5,168200000,172500000,https://www.sec.gov/Archives/edgar/data/1120193/000112019315000003/ndaq-20141231x10k.htm,https://www.sec.gov/Archives/edgar/data/1120193/000112019315000003/ndaq-20141231x10k.htm,1620595578,17:26:18,20210509
26,2014-09-30,NDAQ,USD,2014-11-05 00:00:00,2014-11-05 16:09:50,Q3,818000000,457000000.0,361000000.0,0.441320293398533,0.0,103000000.0,5000000.0,0.0,149000000,606000000,29000000.0,35000000.0,247000000,0.3019559902200489,212000000.0,0.2591687041564792,-5000000.0,179000000.0,0.21882640586797067,56000000.0,123000000.0,0.15036674816625917,0.73,0.71,168600000,173200000,https://www.sec.gov/Archives/edgar/data/1120193/000112019314000008/0001120193-14-000008-index.html,https://www.sec.gov/Archives/edgar/data/1120193/000112019314000008/ndaq-20140930x10q.htm,1620595578,17:26:18,20210509
27,2014-06-30,NDAQ,USD,2014-08-06 00:00:00,2014-08-06 11:20:32,Q2,865000000,487000000.0,378000000.0,0.4369942196531792,0.0,122000000.0,9000000.0,0.0,173000000,660000000,30000000.0,34000000.0,239000000,0.27630057803468205,205000000.0,0.23699421965317918,-14000000.0,162000000.0,0.18728323699421964,61000000.0,101000000.0,0.11676300578034682,0.6,0.59,169300000,172500000,https://www.sec.gov/Archives/edgar/data/1120193/000112019314000006/0001120193-14-000006-index.html,https://www.sec.gov/Archives/edgar/data/1120193/000112019314000006/ndaq-20140630x10q.htm,1620595578,17:26:18,20210509
28,2014-03-31,NDAQ,USD,2014-05-09 00:00:00,2014-05-09 10:20:30,Q1,898000000,527000000.0,371000000.0,0.4131403118040089,0.0,109000000.0,8000000.0,0.0,159000000,686000000,30000000.0,35000000.0,247000000,0.2750556792873051,212000000.0,0.23608017817371937,-28000000.0,156000000.0,0.17371937639198218,53000000.0,103000000.0,0.11469933184855234,0.61,0.59,169600000,173700000,https://www.sec.gov/Archives/edgar/data/1120193/000112019314000004/0001120193-14-000004-index.html,https://www.sec.gov/Archives/edgar/data/1120193/000112019314000004/ndaq-20140331x10q.htm,1620595578,17:26:18,20210509
29,2013-12-31,NDAQ,USD,2014-02-24,2014-02-24 10:57:50,Q4,849000000,474000000.0,375000000.0,0.4416961130742049,0.0,117000000.0,8000000.0,0.0,166000000,640000000,30000000.0,34000000.0,243000000,0.2862190812720848,209000000.0,0.24617196702002356,54000000.0,235000000.0,0.2767962308598351,94000000.0,141000000.0,0.16607773851590105,0.84,0.81,168300000,173100000,https://www.sec.gov/Archives/edgar/data/1120193/000112019314000002/ndaq-20131231x10k.htm,https://www.sec.gov/Archives/edgar/data/1120193/000112019314000002/ndaq-20131231x10k.htm,1620595578,17:26:18,20210509
30,2013-09-30,NDAQ,USD,2013-11-07 00:00:00,2013-11-07 11:19:28,Q3,805000000,449000000.0,356000000.0,0.4422360248447205,0.0,106000000.0,7000000.0,0.0,154000000,603000000,32000000.0,33000000.0,235000000,0.2919254658385093,202000000.0,0.25093167701863356,-1000000.0,171000000.0,0.2124223602484472,58000000.0,113000000.0,0.14037267080745341,0.68,0.66,167300000,172100000,https://www.sec.gov/Archives/edgar/data/1120193/000112019313000013/0001120193-13-000013-index.html,https://www.sec.gov/Archives/edgar/data/1120193/000112019313000013/ndaq-20130930x10q.htm,1620595578,17:26:18,20210509
31,2013-06-30,NDAQ,USD,2013-08-08 00:00:00,2013-08-08 13:10:23,Q2,814000000,489000000.0,325000000.0,0.39926289926289926,0.0,97000000.0,8000000.0,0.0,141000000,630000000,26000000.0,28000000.0,212000000,0.26044226044226043,184000000.0,0.22604422604422605,-25000000.0,135000000.0,0.16584766584766586,47000000.0,88000000.0,0.10810810810810811,0.53,0.52,166400000,170100000,https://www.sec.gov/Archives/edgar/data/1120193/000112019313000011/0001120193-13-000011-index.html,https://www.sec.gov/Archives/edgar/data/1120193/000112019313000011/ndaq-20130630x10q.htm,1620595578,17:26:18,20210509
32,2013-03-31,NDAQ,USD,2013-05-07 00:00:00,2013-05-07 14:50:38,Q1,744000000,443000000.0,301000000.0,0.40456989247311825,0.0,91000000.0,7000000.0,0.0,132000000,575000000,24000000.0,27000000.0,196000000,0.26344086021505375,169000000.0,0.2271505376344086,-89000000.0,59000000.0,0.0793010752688172,17000000.0,42000000.0,0.056451612903225805,0.26,0.25,165700000,169700000,https://www.sec.gov/Archives/edgar/data/1120193/000112019313000007/0001120193-13-000007-index.html,https://www.sec.gov/Archives/edgar/data/1120193/000112019313000007/ndaq-20130331x10q.htm,1620595578,17:26:18,20210509
33,2012-12-31,NDAQ,USD,2013-02-21 00:00:00,2013-02-21 16:24:51,Q4,752000000,787000000.0,-35000000.0,-0.04654255319148936,0.0,-288000000.0,6000000.0,0.0,-221000000,566000000,24000000.0,27000000.0,213000000,0.28324468085106386,186000000.0,0.2473404255319149,-13000000.0,153000000.0,0.20345744680851063,68000000.0,86000000.0,0.11436170212765957,0.52,0.5,164500000,169100000,https://www.sec.gov/Archives/edgar/data/1120193/000119312513069357/0001193125-13-069357-index.html,https://www.sec.gov/Archives/edgar/data/1120193/000119312513069357/d445717d10k.htm,1620595578,17:26:18,20210509
34,2012-09-30,NDAQ,USD,2012-11-07 00:00:00,2012-11-07 16:20:04,Q3,743000000,334000000.0,409000000.0,0.550471063257066,0.0,200000000.0,6000000.0,0.0,232000000,566000000,24000000.0,26000000.0,203000000,0.2732166890982503,177000000.0,0.23822341857335128,-21000000.0,134000000.0,0.180349932705249,45000000.0,89000000.0,0.11978465679676985,0.53,0.52,166235266,170519566,https://www.sec.gov/Archives/edgar/data/1120193/000119312512457492/0001193125-12-457492-index.html,https://www.sec.gov/Archives/edgar/data/1120193/000119312512457492/d404608d10q.htm,1620595578,17:26:18,20210509
35,2012-06-30,NDAQ,USD,2012-08-03 00:00:00,2012-08-03 13:28:49,Q2,823000000,399000000.0,424000000.0,0.5151883353584447,0.0,200000000.0,6000000.0,0.0,231000000,630000000,24000000.0,25000000.0,218000000,0.2648845686512758,193000000.0,0.2345078979343864,-46000000.0,125000000.0,0.15188335358444716,33000000.0,93000000.0,0.11300121506682867,0.55,0.53,169000000,173000000,https://www.sec.gov/Archives/edgar/data/1120193/000119312512334281/0001193125-12-334281-index.html,https://www.sec.gov/Archives/edgar/data/1120193/000119312512334281/d359026d10q.htm,1620595578,17:26:18,20210509
36,2012-03-31,NDAQ,USD,2012-05-08,2012-05-08 11:10:59,Q1,801000000,390000000.0,411000000.0,0.5131086142322098,0.0,197000000.0,6000000.0,0.0,229000000,619000000,24000000.0,26000000.0,208000000,0.2596754057428215,182000000.0,0.2272159800249688,-23000000.0,137000000.0,0.17103620474406991,53000000.0,85000000.0,0.10611735330836454,0.49,0.48,173000000,178000000,https://www.sec.gov/Archives/edgar/data/1120193/000119312512077518/d259668d10k.htm,https://www.sec.gov/Archives/edgar/data/1120193/000119312512077518/d259668d10k.htm,1620595578,17:26:18,20210509
37,2011-12-31,NDAQ,USD,2012-02-24 00:00:00,2012-02-24 13:15:31,Q4,837000000,416000000.0,421000000.0,0.5029868578255675,0.0,224000000.0,9000000.0,0.0,261000000,677000000,26000000.0,28000000.0,188000000,0.22461170848267623,160000000.0,0.1911589008363202,-17000000.0,120000000.0,0.14336917562724014,39000000.0,81000000.0,0.0967741935483871,0.4682080924855491,0.4682080924855491,173000000,173000000,https://www.sec.gov/Archives/edgar/data/1120193/000119312512077518/0001193125-12-077518-index.html,https://www.sec.gov/Archives/edgar/data/1120193/000119312512077518/d259668d10k.htm,1620595578,17:26:18,20210509
38,2011-09-30,NDAQ,USD,2011-11-04 00:00:00,2011-11-04 13:25:49,Q3,946000000,508000000.0,438000000.0,0.4630021141649049,0.0,208000000.0,4000000.0,0.0,240000000,748000000,30000000.0,28000000.0,226000000,0.23890063424947147,198000000.0,0.20930232558139536,-1000000.0,170000000.0,0.17970401691331925,61000000.0,110000000.0,0.11627906976744186,0.62,0.61,177097281,180924442,https://www.sec.gov/Archives/edgar/data/1120193/000119312511297029/0001193125-11-297029-index.html,https://www.sec.gov/Archives/edgar/data/1120193/000119312511297029/d222777d10q.htm,1620595578,17:26:18,20210509
39,2011-06-30,NDAQ,USD,2011-08-04 00:00:00,2011-08-04 09:37:28,Q2,838000000,422000000.0,416000000.0,0.4964200477326969,0.0,198000000.0,5000000.0,0.0,229000000,651000000,31000000.0,26000000.0,213000000,0.2541766109785203,187000000.0,0.22315035799522673,-28000000.0,131000000.0,0.15632458233890215,40000000.0,92000000.0,0.10978520286396182,0.52,0.51,177000000,181000000,https://www.sec.gov/Archives/edgar/data/1120193/000119312511209461/0001193125-11-209461-index.html,https://www.sec.gov/Archives/edgar/data/1120193/000119312511209461/d10q.htm,1620595578,17:26:18,20210509
40,2011-03-31,NDAQ,USD,2011-05-05 00:00:00,2011-05-05 13:39:35,Q1,817000000,402000000.0,415000000.0,0.5079559363525091,0.0,197000000.0,5000000.0,0.0,229000000,631000000,30000000.0,27000000.0,213000000,0.2607099143206854,186000000.0,0.22766217870257038,-6000000.0,152000000.0,0.18604651162790697,49000000.0,104000000.0,0.12729498164014688,0.59,0.57,176000000,181000000,https://www.sec.gov/Archives/edgar/data/1120193/000119312511128092/0001193125-11-128092-index.html,https://www.sec.gov/Archives/edgar/data/1120193/000119312511128092/d10q.htm,1620595578,17:26:18,20210509
41,2010-12-31,NDAQ,USD,2011-02-24,2011-02-24 16:16:05,Q4,806000000,405000000.0,401000000.0,0.4975186104218362,0.0,216000000.0,6000000.0,0.0,250000000,655000000,26000000.0,28000000.0,179000000,0.22208436724565755,151000000.0,0.18734491315136476,21000000.0,148000000.0,0.18362282878411912,13000000.0,137000000.0,0.16997518610421836,0.7784090909090909,0.7784090909090909,176000000,176000000,https://www.sec.gov/Archives/edgar/data/1120193/000119312511045348/d10k.htm,https://www.sec.gov/Archives/edgar/data/1120193/000119312511045348/d10k.htm,1620595578,17:26:18,20210509
42,2010-09-30,NDAQ,USD,2010-11-03 00:00:00,2010-11-03 10:19:05,Q3,751000000,379000000.0,372000000.0,0.49533954727030627,0.0,167000000.0,5000000.0,0.0,197000000,576000000,25000000.0,25000000.0,200000000,0.2663115845539281,175000000.0,0.23302263648468707,-9000000.0,143000000.0,0.1904127829560586,43000000.0,101000000.0,0.13448735019973368,0.51,0.5,200115483,204072891,https://www.sec.gov/Archives/edgar/data/1120193/000119312510245538/0001193125-10-245538-index.html,https://www.sec.gov/Archives/edgar/data/1120193/000119312510245538/d10q.htm,1620595578,17:26:18,20210509
43,2010-06-30,NDAQ,USD,2010-08-04 00:00:00,2010-08-04 11:25:53,Q2,876000000,486000000.0,390000000.0,0.4452054794520548,0.0,171000000.0,5000000.0,0.0,201000000,687000000,26000000.0,25000000.0,214000000,0.24429223744292236,189000000.0,0.21575342465753425,-19000000.0,146000000.0,0.16666666666666666,51000000.0,96000000.0,0.1095890410958904,0.46601941747572817,0.45933014354066987,206000000,209000000,https://www.sec.gov/Archives/edgar/data/1120193/000119312510176575/0001193125-10-176575-index.html,https://www.sec.gov/Archives/edgar/data/1120193/000119312510176575/d10q.htm,1620595578,17:26:18,20210509
44,2010-03-31,NDAQ,USD,2010-05-05 00:00:00,2010-05-05 13:35:05,Q1,764000000,404000000.0,360000000.0,0.4712041884816754,0.0,210000000.0,4000000.0,0.0,239000000,643000000,25000000.0,25000000.0,146000000,0.19109947643979058,121000000.0,0.15837696335078533,-9000000.0,89000000.0,0.11649214659685864,29000000.0,61000000.0,0.07984293193717278,0.29,0.28,211165338,214761357,https://www.sec.gov/Archives/edgar/data/1120193/000119312510108415/0001193125-10-108415-index.html,https://www.sec.gov/Archives/edgar/data/1120193/000119312510108415/d10q.htm,1620595578,17:26:18,20210509
45,2009-12-31,NDAQ,USD,2010-02-18 00:00:00,2010-02-18 17:30:13,Q4,816000000,447000000.0,369000000.0,0.4522058823529412,0.0,183000000.0,8000000.0,0.0,217000000,664000000,25000000.0,26000000.0,178000000,0.2181372549019608,152000000.0,0.18627450980392157,-79000000.0,51000000.0,0.0625,9000000.0,43000000.0,0.05269607843137255,0.20363190477785706,0.20363190477785706,211165338,211165338,https://www.sec.gov/Archives/edgar/data/1120193/000119312510034340/0001193125-10-034340-index.html,https://www.sec.gov/Archives/edgar/data/1120193/000119312510034340/d10k.htm,1620595578,17:26:18,20210509
46,2009-09-30,NDAQ,USD,2009-11-06 00:00:00,2009-11-06 11:20:42,Q3,810000000,461000000.0,349000000.0,0.4308641975308642,0.0,173000000.0,3000000.0,0.0,203000000,664000000,26000000.0,28000000.0,174000000,0.21481481481481482,146000000.0,0.18024691358024691,-39000000.0,84000000.0,0.1037037037037037,25000000.0,60000000.0,0.07407407407407407,0.3,0.28,203311334,215031060,https://www.sec.gov/Archives/edgar/data/1120193/000119312509226871/0001193125-09-226871-index.html,https://www.sec.gov/Archives/edgar/data/1120193/000119312509226871/d10q.htm,1620595578,17:26:18,20210509
47,2009-06-30,NDAQ,USD,2009-08-07 00:00:00,2009-08-07 12:02:28,Q2,889000000,522000000.0,367000000.0,0.4128233970753656,0.0,165000000.0,3000000.0,0.0,195000000,717000000,25000000.0,26000000.0,198000000,0.22272215973003376,172000000.0,0.19347581552305962,-35000000.0,114000000.0,0.12823397075365578,46000000.0,69000000.0,0.07761529808773904,0.34,0.33,202000000,214000000,https://www.sec.gov/Archives/edgar/data/1120193/000119312509168612/0001193125-09-168612-index.html,https://www.sec.gov/Archives/edgar/data/1120193/000119312509168612/d10q.htm,1620595578,17:26:18,20210509
48,2009-03-31,NDAQ,USD,2009-05-08 00:00:00,2009-05-08 14:18:20,Q1,895000000,526000000.0,369000000.0,0.4122905027932961,0.0,160000000.0,2000000.0,0.0,186000000,712000000,27000000.0,24000000.0,207000000,0.23128491620111732,183000000.0,0.20446927374301677,-19000000.0,142000000.0,0.15865921787709497,48000000.0,94000000.0,0.10502793296089385,0.47,0.44,201945206,214286374,https://www.sec.gov/Archives/edgar/data/1120193/000119312509105110/0001193125-09-105110-index.html,https://www.sec.gov/Archives/edgar/data/1120193/000119312509105110/d10q.htm,1620595578,17:26:18,20210509
49,2008-12-31,NDAQ,USD,2009-02-27 00:00:00,2009-02-26 18:33:09,Q4,1023009000,620454000.0,402555000.0,0.39350093694190375,0.0,173235000.0,5688000.0,0.0,205772000,826226000,0.0,26849000.0,223632000,0.2186021823854922,196783000.0,0.19235705648728407,-68014000.0,76517000.0,0.07479601841235023,39753000.0,36764000.0,0.03593712274281067,0.1820493822467863,0.1820493822467863,201945206,201945206,https://www.sec.gov/Archives/edgar/data/1120193/000119312509039333/0001193125-09-039333-index.html,https://www.sec.gov/Archives/edgar/data/1120193/000119312509039333/d10k.htm,1620595578,17:26:18,20210509
50,2008-09-30,NDAQ,USD,2008-11-07 00:00:00,2008-11-07 16:04:50,Q3,990380000,591342000.0,399038000.0,0.40291403299743533,0.0,190569000.0,7067000.0,0.0,225507000,816849000,0.0,27624000.0,201155000,0.20310890769199702,173531000.0,0.17521658353359318,-74063000.0,99219000.0,0.10018275813324179,39103000.0,60116000.0,0.06069993335891274,0.3,0.28,199977325,214151753,https://www.sec.gov/Archives/edgar/data/1120193/000119312508229993/0001193125-08-229993-index.html,https://www.sec.gov/Archives/edgar/data/1120193/000119312508229993/d10q.htm,1620595578,17:26:18,20210509
51,2008-06-30,NDAQ,USD,2008-08-08 00:00:00,2008-08-08 14:16:30,Q2,821478000,441325000.0,380153000.0,0.46276711001390175,0.0,193474000.0,3960000.0,0.0,219627000,660952000,0.0,22193000.0,182719000,0.22242713742790435,160526000.0,0.19541119786531105,3374000.0,150217000.0,0.18286186605119065,48580000.0,101637000.0,0.12372455500938552,0.51,0.48,199721424,214410680,https://www.sec.gov/Archives/edgar/data/1120193/000119312508171672/0001193125-08-171672-index.html,https://www.sec.gov/Archives/edgar/data/1120193/000119312508171672/d10q.htm,1620595578,17:26:18,20210509
52,2008-03-31,NDAQ,USD,2008-05-09 00:00:00,2008-05-09 15:34:21,Q1,813826000,535494000.0,278332000.0,0.3420043105037195,0.0,126042000.0,1898000.0,0.0,143852000,679346000,0.0,15912000.0,150392000,0.1847962586597135,134480000.0,0.16524416767220512,60526000.0,196212000.0,0.2410982200126317,74849000.0,121363000.0,0.149126471751947,0.75,0.69,161817333,175888406,https://www.sec.gov/Archives/edgar/data/1120193/000119312508109671/0001193125-08-109671-index.html,https://www.sec.gov/Archives/edgar/data/1120193/000119312508109671/d10q.htm,1620595578,17:26:18,20210509
53,2007-12-31,NDAQ,USD,2008-02-25,2008-02-25 15:17:14,Q4,664486000,452936000.0,211550000.0,0.31836637641726084,0.0,92867000.0,7575000.0,0.0,110036000,562972000,0.0,9594000.0,111108000,0.16720894044419296,101514000.0,0.1527707130022303,18202000.0,132141000.0,0.19886197752849571,53178000.0,78963000.0,0.11883320340834871,0.48797615518728144,0.48797615518728144,161817333,161817333,https://www.sec.gov/Archives/edgar/data/1120193/000119312508037364/d10k.htm,https://www.sec.gov/Archives/edgar/data/1120193/000119312508037364/d10k.htm,1620595578,17:26:18,20210509
54,2007-09-30,NDAQ,USD,2007-11-09 00:00:00,2007-11-09 16:11:33,Q3,651961000,442017000.0,209944000.0,0.3220192618883645,0.0,112288000.0,4146000.0,0.0,126096000,568113000,0.0,9661000.0,93509000,0.1434272908962346,83848000.0,0.1286089198587032,466640000.0,536581000.0,0.8230262239612492,171588000.0,364993000.0,0.5598387020082489,3.23,2.41,113000929,143163462,https://www.sec.gov/Archives/edgar/data/1120193/000119312507242445/0001193125-07-242445-index.html,https://www.sec.gov/Archives/edgar/data/1120193/000119312507242445/d10q.htm,1620595578,17:26:18,20210509
55,2007-06-30,NDAQ,USD,2007-08-01 00:00:00,2007-08-01 17:28:04,Q2,558201000,359521000.0,198680000.0,0.3559291366371612,0.0,85721000.0,4227000.0,0.0,99744000,459265000,0.0,9796000.0,108732000,0.19479004874588185,98936000.0,0.17724081468861574,11288000.0,94333000.0,0.1689946811274075,38205000.0,56128000.0,0.10055159342244102,0.5,0.39,112256000,143917949,https://www.sec.gov/Archives/edgar/data/1120193/000119312507168236/0001193125-07-168236-index.html,https://www.sec.gov/Archives/edgar/data/1120193/000119312507168236/d10q.htm,1620595578,17:26:18,20210509
56,2007-03-31,NDAQ,USD,2007-05-09 00:00:00,2007-05-09 10:55:11,Q1,561947000,369880000.0,192067000.0,0.34178846047758954,0.0,95989000.0,4875000.0,0.0,110703000,480583000,0.0,9839000.0,91203000,0.16229822385385098,81364000.0,0.1447894552333227,-32768000.0,30848000.0,0.05489485663238704,12532000.0,18316000.0,0.0325938211254798,0.16,0.14,114475000,130828571,https://www.sec.gov/Archives/edgar/data/1120193/000119312507107563/0001193125-07-107563-index.html,https://www.sec.gov/Archives/edgar/data/1120193/000119312507107563/d10q.htm,1620595578,17:26:18,20210509
57,2006-12-31,NDAQ,USD,2007-02-28 00:00:00,2007-02-28 17:12:28,Q4,447440000,264390000.0,183050000.0,0.40910513141426785,0.0,121980000.0,8184000.0,0.0,114959000,379349000,0.0,10584000.0,78675000,0.17583363132487037,68091000.0,0.15217906311460755,80773000.0,105522000.0,0.23583497228678704,42487000.0,63035000.0,0.14087922403003755,0.5506442454684429,0.5506442454684429,114475000,114475000,https://www.sec.gov/Archives/edgar/data/1120193/000119312507042803/0001193125-07-042803-index.html,https://www.sec.gov/Archives/edgar/data/1120193/000119312507042803/d10k.htm,1620595578,17:26:18,20210509
58,2006-09-30,NDAQ,USD,2006-11-08,2006-11-08 15:51:49,Q3,402859000,231709000.0,171150000.0,0.42483846705671213,0.0,76925000.0,3487000.0,0.0,103291000,335000000,0.0,14313000.0,82172000,0.20397210934843207,67859000.0,0.16844354972831685,-8487000.0,49904000.0,0.12387460625181515,19678000.0,30226000.0,0.07502873213705043,0.27,0.22,111948148,137390909,https://www.sec.gov/Archives/edgar/data/1120193/000119312506228280/d10q.htm,https://www.sec.gov/Archives/edgar/data/1120193/000119312506228280/d10q.htm,1620595578,17:26:18,20210509
59,2006-06-30,NDAQ,USD,2006-08-08,2006-08-08 15:26:08,Q2,411032000,239881000.0,171151000.0,0.41639337083244127,0.0,100425000.0,3820000.0,0.0,134821000,374702000,0.0,21470000.0,57800000,0.14062165476167307,36330000.0,0.08838727884933534,118000.0,27739000.0,0.067486229782596,11095000.0,16644000.0,0.04049319760991845,0.16,0.13,104025000,128030769,https://www.sec.gov/Archives/edgar/data/1120193/000119312506165568/d10q.htm,https://www.sec.gov/Archives/edgar/data/1120193/000119312506165568/d10q.htm,1620595578,17:26:18,20210509
60,2006-03-31,NDAQ,USD,2006-05-10,2006-05-10 16:14:06,Q1,396239000,234221000.0,162018000.0,0.4088895843165362,0.0,82510000.0,5031000.0,0.0,120207000,354428000,0.0,24549000.0,66360000,0.16747468068514204,41811000.0,0.105519648494974,-8117000.0,29980000.0,0.07566140637342614,11992000.0,17988000.0,0.045396843824055684,0.2,0.16,86490000,108112500,https://www.sec.gov/Archives/edgar/data/1120193/000119312506054916/d10k.htm,https://www.sec.gov/Archives/edgar/data/1120193/000119312506054916/d10k.htm,1620595578,17:26:18,20210509
61,2005-12-31,NDAQ,USD,2006-03-15,2006-03-15 15:23:24,Q4,259575000,120947000.0,138628000.0,0.5340575941442743,0.0,70525000.0,4194000.0,0.0,105408000,226355000,0.0,20267000.0,53487000,0.2060560531638255,33220000.0,0.12797842627371664,-10468000.0,29462000.0,0.11350091495714149,12316000.0,17146000.0,0.06605412693826447,0.19824257139553705,0.19824257139553705,86490000,86490000,https://www.sec.gov/Archives/edgar/data/1120193/000119312506054916/d10k.htm,https://www.sec.gov/Archives/edgar/data/1120193/000119312506054916/d10k.htm,1620595578,17:26:18,20210509
62,2005-09-30,NDAQ,USD,2005-11-08,2005-11-08 15:42:05,Q3,220465000,89821000.0,130644000.0,0.5925838568480257,0.0,73674000.0,1470000.0,0.0,99282000,189103000,0.0,14171000.0,45533000,0.20653164901458282,31362000.0,0.14225387249676819,-10499000.0,30693000.0,0.13921937722540992,12891000.0,17802000.0,0.08074751094278003,0.2,0.16,82130000,102662500,https://www.sec.gov/Archives/edgar/data/1120193/000119312505219734/d10q.htm,https://www.sec.gov/Archives/edgar/data/1120193/000119312505219734/d10q.htm,1620595578,17:26:18,20210509
63,2005-06-30,NDAQ,USD,2005-08-09,2005-08-09 16:10:01,Q2,219686000,89225000.0,130461000.0,0.5938521344100216,0.0,76738000.0,2026000.0,0.0,104138000,193363000,0.0,15396000.0,41719000,0.1899028613566636,26323000.0,0.11982101727010369,-10441000.0,24786000.0,0.1128246679351438,10815000.0,13971000.0,0.06359531331081635,0.15,0.13,78180000,90207692,https://www.sec.gov/Archives/edgar/data/1120193/000119312505162592/d10q.htm,https://www.sec.gov/Archives/edgar/data/1120193/000119312505162592/d10q.htm,1620595578,17:26:18,20210509
64,2005-03-31,NDAQ,USD,2005-05-10,2005-05-10 16:55:51,Q1,180193000,53915000.0,126278000.0,0.7007930385753054,0.0,73609000.0,1346000.0,0.0,103520000,157435000,0.0,18510000.0,41268000,0.22902110514836868,22758000.0,0.12629791390342576,-10372000.0,21321000.0,0.11832313130920735,8550000.0,12771000.0,0.07087400731437958,0.14,0.13,77457143,83415385,https://www.sec.gov/Archives/edgar/data/1120193/000119312505048077/d10k.htm,https://www.sec.gov/Archives/edgar/data/1120193/000119312505048077/d10k.htm,1620595578,17:26:18,20210509
65,2004-12-31,NDAQ,USD,2005-03-14,2005-03-11 17:32:05,Q4,168054000,46668000.0,121386000.0,0.7223035452890142,0.0,84976000.0,3794000.0,0.0,121404000,168072000,0.0,21471000.0,21453000,0.12765539647970295,-18000.0,-0.00010710842943339641,-11295000.0,-1613000.0,-0.009598105370892689,514000.0,7431000.0,0.04421792995108715,0.09593692346747155,0.09593692346747155,77457143,77457143,https://www.sec.gov/Archives/edgar/data/1120193/000119312505048077/d10k.htm,https://www.sec.gov/Archives/edgar/data/1120193/000119312505048077/d10k.htm,1620595578,17:26:18,20210509
66,2004-09-30,NDAQ,USD,2004-11-05 00:00:00,2004-11-05 16:42:35,Q3,123970000,9177000.0,114793000.0,0.925974025974026,0.0,90949000.0,2819000.0,0.0,123759000,132936000,0.0,19053000.0,10087000,0.08136645962732919,-8966000.0,-0.07232394934258288,-11120000.0,-10320000.0,-0.08324594659998387,-4835000.0,-5485000.0,-0.04424457530047592,-0.08,-0.08,81112500,81112500,https://www.sec.gov/Archives/edgar/data/1120193/000110465904033942/0001104659-04-033942-index.html,https://www.sec.gov/Archives/edgar/data/1120193/000110465904033942/a04-12471_110q.htm,1620595578,17:26:18,20210509
67,2004-06-30,NDAQ,USD,2004-08-06 00:00:00,2004-08-06 13:04:30,Q2,120013000,0.0,0.0,0.0,0.0,79639000.0,3537000.0,0.0,111450000,111450000,0.0,16821000.0,25384000,0.21151041970453202,8563000.0,0.07135060368460083,-11764000.0,7361000.0,0.061335022039279076,2576000.0,4785000.0,0.039870680676260074,0.02,0.02,61900000,61900000,https://www.sec.gov/Archives/edgar/data/1120193/000110465904022914/0001104659-04-022914-index.html,https://www.sec.gov/Archives/edgar/data/1120193/000110465904022914/a04-8833_110q.htm,1620595578,17:26:18,20210509
68,2004-03-31,NDAQ,USD,2004-05-10 00:00:00,2004-05-07 18:53:58,Q1,128404000,0.0,0.0,0.0,0.0,97544000.0,2640000.0,0.0,119800000,119800000,0.0,19532000.0,28136000,0.2191208996604467,8604000.0,0.06700725834086166,0.0,7125000.0,0.05548892557864241,2494000.0,4631000.0,0.0360658546462727,0.02,0.02,91600000,91600000,https://www.sec.gov/Archives/edgar/data/1120193/000110465904013296/0001104659-04-013296-index.html,https://www.sec.gov/Archives/edgar/data/1120193/000110465904013296/a04-5305_110q.htm,1620595578,17:26:18,20210509
69,2003-12-31,NDAQ,USD,2004-03-15,2004-03-15 17:04:40,Q4,127777000,0.0,0.0,0.0,0.0,72872000.0,4909000.0,0.0,78016000,78016000,0.0,11632000.0,61393000,0.4804698811210155,49761000.0,0.38943628352520404,18100000.0,37415000.0,0.2928148258293746,-1923000.0,-20997000.0,-0.16432534806733606,-0.22922489082969433,-0.22922489082969433,91600000,91600000,https://www.sec.gov/Archives/edgar/data/1120193/000110465904007461/a04-3218_110k.htm,https://www.sec.gov/Archives/edgar/data/1120193/000110465904007461/a04-3218_110k.htm,1620595578,17:26:18,20210509
70,2003-09-30,NDAQ,USD,2003-11-14 00:00:00,2003-11-14 15:40:36,Q3,144786000,0.0,0.0,0.0,0.0,94267000.0,3795000.0,0.0,190349000,190349000,0.0,29210000.0,-16353000,-0.11294600306659483,-45563000.0,-0.3146920282347741,-68012000.0,-45977000.0,-0.31755142071747267,-7969000.0,-38008000.0,-0.26251156879808824,-0.52,-0.52,77980769,77980769,https://www.sec.gov/Archives/edgar/data/1120193/000104746903037495/0001047469-03-037495-index.html,https://www.sec.gov/Archives/edgar/data/1120193/000104746903037495/a2122640z10-q.htm,1620595578,17:26:18,20210509
71,2003-06-30,NDAQ,USD,2003-08-14 00:00:00,2003-08-14 16:28:08,Q2,151395000,0.0,0.0,0.0,0.0,117839000.0,5507000.0,0.0,146640000,146640000,0.0,23013000.0,27768000,0.18341424749826613,4755000.0,0.03140790646983058,-70608000.0,-62215000.0,-0.4109448792892764,-13207000.0,-49008000.0,-0.3237095016347964,-0.66,-0.66,78109091,78109091,https://www.sec.gov/Archives/edgar/data/1120193/000104746903027763/0001047469-03-027763-index.html,https://www.sec.gov/Archives/edgar/data/1120193/000104746903027763/a2116700z10-q.htm,1620595578,17:26:18,20210509
72,2003-03-31,NDAQ,USD,2003-05-09 00:00:00,2003-05-09 17:04:53,Q1,165887000,0.0,0.0,0.0,0.0,113541000.0,5303000.0,0.0,144352000,144352000,0.0,26078000.0,47613000,0.28702068275392284,21535000.0,0.1298172852604484,-17194000.0,4424000.0,0.026668756442638664,1858000.0,2566000.0,0.015468360992723963,0.02,0.02,78340266,78340266,https://www.sec.gov/Archives/edgar/data/1120193/000104746903017768/0001047469-03-017768-index.html,https://www.sec.gov/Archives/edgar/data/1120193/000104746903017768/a2110525z10-q.htm,1620595578,17:26:18,20210509
73,2002-12-31,NDAQ,USD,2003-03-31 00:00:00,2003-03-31 16:31:41,Q4,212369000,0.0,0.0,0.0,0.0,134167000.0,12952000.0,0.0,212378000,212378000,0.0,22996000.0,22987000,0.10824084494441279,-9000.0,-4.237906662460152e-05,-42576000.0,628000.0,0.0029571170933610836,308000.0,320000.0,0.0015068112577636095,0.004084744874366396,0.004084744874366396,78340266,78340266,https://www.sec.gov/Archives/edgar/data/1120193/000104746903011291/0001047469-03-011291-index.html,https://www.sec.gov/Archives/edgar/data/1120193/000104746903011291/a2106487z10-k.htm,1620595578,17:26:18,20210509
74,2002-09-30,NDAQ,USD,2002-11-14 00:00:00,2002-11-14 17:19:21,Q3,187194000,0.0,0.0,0.0,0.0,119236000.0,6121000.0,0.0,161720000,161720000,0.0,25606000.0,51080000,0.27287199376048377,25474000.0,0.1360834214771841,-11233000.0,24937000.0,0.13321473978866843,12226000.0,12711000.0,0.06790281739799353,0.13,0.13,79000000,79000000,https://www.sec.gov/Archives/edgar/data/1120193/000110465902006220/0001104659-02-006220-index.html,https://www.sec.gov/Archives/edgar/data/1120193/000110465902006220/j5373_10q.htm,1620595578,17:26:18,20210509
75,2002-06-30,NDAQ,USD,2002-08-14 00:00:00,2002-08-14 18:09:02,Q2,205262000,0.0,0.0,0.0,0.0,146073000.0,4216000.0,0.0,190292000,190292000,0.0,25852000.0,40822000,0.1988775321296684,14970000.0,0.07293118063742923,-15208000.0,17078000.0,0.08320098215938654,8308000.0,8770000.0,0.04272588204343717,0.08,0.08,79112500,79112500,https://www.sec.gov/Archives/edgar/data/1120193/000110465902004211/0001104659-02-004211-index.html,https://www.sec.gov/Archives/edgar/data/1120193/000110465902004211/j4699_10q.htm,1620595578,17:26:18,20210509
76,2002-03-31,NDAQ,USD,2002-05-15 00:00:00,2002-05-15 16:30:01,Q1,211293000,0.0,0.0,0.0,0.0,143467000.0,3822000.0,0.0,172592000,172592000,0.0,26612000.0,65313000,0.30911104485240876,38701000.0,0.18316271717472893,0.0,41534000.0,0.19657063887587378,20207000.0,21327000.0,0.10093566753276256,0.19,0.18,78038913,78038913,https://www.sec.gov/Archives/edgar/data/1120193/000091205702020801/0000912057-02-020801-index.html,https://www.sec.gov/Archives/edgar/data/1120193/000091205702020801/a2079900z10-q.htm,1620595578,17:26:18,20210509
77,2001-12-31,NDAQ,USD,2002-03-28 00:00:00,2002-03-28 00:00:00,Q4,215451000,0.0,0.0,0.0,0.0,0.0,0.0,0.0,688568000,204489000,0.0,34725000.0,45687000,0.21205285656599412,10962000.0,0.05087931826726263,0.0,-19222000.0,-0.08921750189138133,-5965000.0,-13257000.0,-0.06153139228873387,-0.16987678954472366,-0.16987678954472366,78038913,78038913,https://www.sec.gov/Archives/edgar/data/1120193/000091205702012206/0000912057-02-012206-index.html,https://www.sec.gov/Archives/edgar/data/1120193/000091205702012206/a2074352z10-k.htm,1620595578,17:26:18,20210509
78,2001-09-30,NDAQ,USD,2001-11-14 00:00:00,2001-11-14 00:00:00,Q3,197708000,0.0,0.0,0.0,0.0,0.0,5948000.0,0.0,190954000,190954000,0.0,22894000.0,29648000,0.14995852469298157,6754000.0,0.034161490683229816,0.0,13681000.0,0.06919800918526312,5736000.0,7945000.0,0.04018552612944342,0.07,0.07,113500000,113500000,https://www.sec.gov/Archives/edgar/data/1120193/000095017201501137/0000950172-01-501137-index.html,https://www.sec.gov/Archives/edgar/data/1120193/000095017201501137/s566685.txt,1620595578,17:26:18,20210509
79,2001-06-30,NDAQ,USD,2001-08-20 00:00:00,2001-08-20 00:00:00,Q2,221306000,0.0,0.0,0.0,0.0,0.0,4947000.0,0.0,188573000,188573000,0.0,21887000.0,54620000,0.24680758768402122,32733000.0,0.14790832602821433,0.0,36335000.0,0.1641844324148464,16753000.0,19582000.0,0.08848381878484994,0.17,0.16,115188235,122387500,https://www.sec.gov/Archives/edgar/data/1120193/000095017201500707/0000950172-01-500707-index.html,https://www.sec.gov/Archives/edgar/data/1120193/000095017201500707/june3010q.txt,1620595578,17:26:18,20210509
