,date,symbol,reportedCurrency,fillingDate,acceptedDate,period,revenue,costOfRevenue,grossProfit,grossProfitRatio,researchAndDevelopmentExpenses,generalAndAdministrativeExpenses,sellingAndMarketingExpenses,otherExpenses,operatingExpenses,costAndExpenses,interestExpense,depreciationAndAmortization,ebitda,ebitdaratio,operatingIncome,operatingIncomeRatio,totalOtherIncomeExpensesNet,incomeBeforeTax,incomeBeforeTaxRatio,incomeTaxExpense,netIncome,netIncomeRatio,eps,epsdiluted,weightedAverageShsOut,weightedAverageShsOutDil,link,finalLink,timestamp,est_time,est_date
0,2021-01-31,ANIX,USD,2021-03-11,2021-03-11 16:30:51,Q1,512500.0,385002.0,127498.0,0.24877658536585365,827651.0,1532978.0,0.0,0.0,2360629.0,2745631.0,0.0,14128.0,-2219003.0,-4.3297619512195125,-2233131.0,-4.357328780487805,0.0,-2232377.0,-4.355857560975609,0.0,-2208291.0,-4.308860487804878,-0.09532850025119721,-0.09532850025119721,23165066.0,23165066.0,https://www.sec.gov/Archives/edgar/data/715446/000149315221005819/0001493152-21-005819-index.htm,https://www.sec.gov/Archives/edgar/data/715446/000149315221005819/form10-q.htm,1620588472,15:27:52,20210509
1,2020-10-31,ANIX,USD,2021-01-07,2021-01-07 16:15:57,Q4,0.0,0.0,0.0,0.0,4381205.0,584034.0,0.0,0.0,2242227.0,9978202.0,0.0,-52885.0,-62863.202,0.0,-9978.202,0.0,0.0,-10092.363,0.0,0.0,-10092.363,0.0,-0.43567167043685523,-0.43567167043685523,23165066.0,23165066.0,https://www.sec.gov/Archives/edgar/data/715446/000149315221000456/0001493152-21-000456-index.htm,https://www.sec.gov/Archives/edgar/data/715446/000149315221000456/form10-k.htm,1620588472,15:27:52,20210509
2,2020-07-31,ANIX,USD,2020-09-08,2020-09-08 16:30:33,Q3,0.0,0.0,0.0,0.0,859289.0,1576680.0,0.0,-148084.0,2435969.0,2435969.0,0.0,46629.0,-2389340.0,0.0,-2435969.0,0.0,-148084.0,-2576787.0,0.0,0.0,-2561684.0,0.0,-0.11,-0.11,23165066.0,23165066.0,https://www.sec.gov/Archives/edgar/data/715446/000149315220017421/0001493152-20-017421-index.htm,https://www.sec.gov/Archives/edgar/data/715446/000149315220017421/form10-q.htm,1620588472,15:27:52,20210509
3,2020-04-30,ANIX,USD,2020-06-09 00:00:00,2020-06-09 17:11:27,Q2,0.0,0.0,0.0,0.0,1228790.0,1441347.0,0.0,0.0,2670137.0,2670137.0,0.0,14654.0,-2655483.0,0.0,-2670137.0,0.0,0.0,-2657990.0,0.0,0.0,-2640093.0,0.0,-0.12,-0.12,21155505.0,21155505.0,https://www.sec.gov/Archives/edgar/data/715446/000151316220000122/0001513162-20-000122-index.htm,https://www.sec.gov/Archives/edgar/data/715446/000151316220000122/form10q.htm,1620588472,15:27:52,20210509
4,2020-01-31,ANIX,USD,2020-03-09 00:00:00,2020-03-09 17:10:56,Q1,0.0,0.0,0.0,0.0,1490588.0,1139281.0,0.0,0.0,2629869.0,2629869.0,0.0,15310.0,-2614559.0,0.0,-2629869.0,0.0,0.0,-2616575.0,0.0,0.0,-2592543.0,0.0,-0.13,-0.13,20703882.0,20703882.0,https://www.sec.gov/Archives/edgar/data/715446/000151316220000040/0001513162-20-000040-index.html,https://www.sec.gov/Archives/edgar/data/715446/000151316220000040/form10q.htm,1620588472,15:27:52,20210509
5,2019-10-31,ANIX,USD,2020-01-09 00:00:00,2020-01-09 16:16:35,Q4,0.0,0.0,0.0,0.0,871188.0,1257443.0,0.0,0.0,2128631.0,2128631.0,0.0,14568.0,-2114063.0,0.0,-2128631.0,0.0,0.0,-2111061.0,0.0,0.0,-2087493.0,0.0,-0.10082616390491407,-0.10082616390491407,20703882.0,20703882.0,https://www.sec.gov/Archives/edgar/data/715446/000151316220000009/0001513162-20-000009-index.html,https://www.sec.gov/Archives/edgar/data/715446/000151316220000009/form10k.htm,1620588472,15:27:52,20210509
6,2019-07-31,ANIX,USD,2019-09-06,2019-09-06 17:01:43,Q3,0.0,0.0,0.0,0.0,1085574.0,1056963.0,0.0,0.0,2184412.0,2184412.0,0.0,56757.0,-2127655.0,0.0,-2184412.0,0.0,0.0,-2166048.0,0.0,0.0,-2140028.0,0.0,-0.11,-0.11,20100915.0,20100915.0,https://www.sec.gov/Archives/edgar/data/715446/000151316219000202/form10q.htm,https://www.sec.gov/Archives/edgar/data/715446/000151316219000202/form10q.htm,1620588472,15:27:52,20210509
7,2019-04-30,ANIX,USD,2019-06-12 00:00:00,2019-06-11 17:51:38,Q2,250000.0,166250.0,83750.0,0.335,1269393.0,1281966.0,0.0,0.0,2676984.0,2843234.0,0.0,137603.0,-2455631.0,-9.822524,-2593234.0,-10.372936,0.0,-2574934.0,-10.299736,0.0,-2537692.0,-10.150768,-0.13,-0.13,19645140.0,19645140.0,https://www.sec.gov/Archives/edgar/data/715446/000151316219000156/0001513162-19-000156-index.html,https://www.sec.gov/Archives/edgar/data/715446/000151316219000156/form10q.htm,1620588472,15:27:52,20210509
8,2019-01-31,ANIX,USD,2019-03-13 00:00:00,2019-03-13 16:29:29,Q1,0.0,0.0,0.0,0.0,2247272.0,2066456.0,0.0,0.0,4564978.0,4564978.0,0.0,257380.0,-4307598.0,0.0,-4564978.0,0.0,-418750.0,-4966609.0,0.0,0.0,-4881841.0,0.0,-0.25,-0.25,19170591.0,19170591.0,https://www.sec.gov/Archives/edgar/data/715446/000151316219000075/0001513162-19-000075-index.html,https://www.sec.gov/Archives/edgar/data/715446/000151316219000075/form10q.htm,1620588472,15:27:52,20210509
9,2018-10-31,ANIX,USD,2019-01-11 00:00:00,2019-01-11 16:31:23,Q4,0.0,1230.0,-1230.0,0.0,2432906.0,2309275.0,0.0,0.0,4823505.0,4824735.0,0.0,87345.0,-4737390.0,0.0,-4824735.0,0.0,0.0,-5391520.0,0.0,0.0,-5302493.0,0.0,-0.27659517643457104,-0.27659517643457104,19170591.0,19170591.0,https://www.sec.gov/Archives/edgar/data/715446/000151316219000016/0001513162-19-000016-index.html,https://www.sec.gov/Archives/edgar/data/715446/000151316219000016/form10k.htm,1620588472,15:27:52,20210509
10,2018-07-31,ANIX,USD,2018-09-07 00:00:00,2018-09-07 16:16:13,Q3,362500.0,241157.0,121343.0,0.33473931034482757,2942071.0,2703752.0,0.0,0.0,5727147.0,5968304.0,0.0,86369.0,-5519435.0,-15.226027586206897,-5605804.0,-15.464286896551725,0.0,-5593576.0,-15.430554482758621,0.0,-5476926.0,-15.108761379310344,-0.3,-0.3,18431025.0,18431025.0,https://www.sec.gov/Archives/edgar/data/715446/000151316218000230/0001513162-18-000230-index.html,https://www.sec.gov/Archives/edgar/data/715446/000151316218000230/form10q.htm,1620588472,15:27:52,20210509
11,2018-04-30,ANIX,USD,2018-06-11 00:00:00,2018-06-08 17:56:47,Q2,750000.0,500670.0,249330.0,0.33244,660193.0,908767.0,0.0,0.0,1650284.0,2150954.0,0.0,84302.0,-1316652.0,-1.755536,-1400954.0,-1.8679386666666666,0.0,-1392514.0,-1.8566853333333333,0.0,-1378534.0,-1.8380453333333333,-0.08,-0.08,16713091.0,16713091.0,https://www.sec.gov/Archives/edgar/data/715446/000151316218000161/0001513162-18-000161-index.html,https://www.sec.gov/Archives/edgar/data/715446/000151316218000161/form10q.htm,1620588472,15:27:52,20210509
12,2018-01-31,ANIX,USD,2018-03-09 00:00:00,2018-03-08 17:32:59,Q1,0.0,25353.0,-25353.0,0.0,777873.0,990036.0,0.0,0.0,1849233.0,1874586.0,0.0,85715.0,-1788871.0,0.0,-1874586.0,0.0,0.0,-1865474.0,0.0,0.0,-1838072.0,0.0,-0.11,-0.11,16610770.0,16610770.0,https://www.sec.gov/Archives/edgar/data/715446/000151316218000062/0001513162-18-000062-index.html,https://www.sec.gov/Archives/edgar/data/715446/000151316218000062/form10q.htm,1620588472,15:27:52,20210509
13,2017-12-01,ANIX,USD,2018-01-09 00:00:00,2018-01-09 08:01:17,Q1,0.0,0.0,0.0,0.0,451630000.0,859885000.0,0.0,83445000.0,1394960000.0,1394960000.0,0.0,10505000.0,-1384455000.0,0.0,-1394960000.0,0.0,0.0,-1589260000.0,0.0,0.0,-1589260000.0,0.0,-0.1303,-0.1303,12197340000.0,12197340000.0,https://www.sec.gov/Archives/edgar/data/715446/000151316218000006/0001513162-18-000006-index.html,https://www.sec.gov/Archives/edgar/data/715446/000151316218000006/form10k.htm,1620588472,15:27:52,20210509
14,2017-10-31,ANIX,USD,2018-01-09 00:00:00,2018-01-09 08:01:17,Q4,0.0,-38917.0,38917.0,0.0,351828.0,1343447.0,0.0,0.0,1776598.0,1737681.0,57762.0,92443.0,-1645238.0,0.0,-1737681.0,0.0,0.0,-1785820.0,0.0,0.0,-1785820.0,0.0,-0.00014641061083810078,-0.00014641061083810078,12197340000.0,12197340000.0,https://www.sec.gov/Archives/edgar/data/715446/000151316218000006/0001513162-18-000006-index.html,https://www.sec.gov/Archives/edgar/data/715446/000151316218000006/form10k.htm,1620588472,15:27:52,20210509
15,2017-07-31,ANIX,USD,2017-09-08 00:00:00,2017-09-08 17:01:13,Q3,362500.0,141451.0,221049.0,0.6097903448275862,362968.0,1507681.0,0.0,0.0,1951974.0,2093425.0,71667.0,92143.0,-1638782.0,-4.520777931034483,-1730925.0,-4.774965517241379,0.0,-1794400.0,-4.950068965517241,0.0,-1794400.0,-4.950068965517241,-0.12,-0.12,14561754.0,14561754.0,https://www.sec.gov/Archives/edgar/data/715446/000151316217000252/0001513162-17-000252-index.html,https://www.sec.gov/Archives/edgar/data/715446/000151316217000252/form10q.htm,1620588472,15:27:52,20210509
16,2017-04-30,ANIX,USD,2017-05-26 00:00:00,2017-05-26 16:15:20,Q2,0.0,225.0,-225.0,0.0,431124.0,699345.0,0.0,0.0,1211793.0,1212018.0,175727.0,92097.0,-1119921.0,0.0,-1212018.0,0.0,1547608.0,160489.0,0.0,0.0,160489.0,0.0,0.02,0.02,9734171.0,9734171.0,https://www.sec.gov/Archives/edgar/data/715446/000151316217000168/0001513162-17-000168-index.html,https://www.sec.gov/Archives/edgar/data/715446/000151316217000168/form10q.htm,1620588472,15:27:52,20210509
17,2017-01-31,ANIX,USD,2017-03-16 00:00:00,2017-03-15 18:03:28,Q1,0.0,2121.0,-2121.0,0.0,451630.0,859885.0,0.0,0.0,1392839.0,1394960.0,195299.0,91829.0,-1303131.0,0.0,-1394960.0,0.0,0.0,-1589260.0,0.0,0.0,-1589260.0,0.0,-0.373152,-0.373152,9619601.0,9619601.0,https://www.sec.gov/Archives/edgar/data/715446/000151316217000076/0001513162-17-000076-index.html,https://www.sec.gov/Archives/edgar/data/715446/000151316217000076/form10q.htm,1620588472,15:27:52,20210509
18,2016-10-31,ANIX,USD,2016-12-07 00:00:00,2016-12-07 06:37:34,Q4,200000.0,71983.0,128017.0,0.640085,0.0,-596464.0,0.0,0.0,1041319.0,1113302.0,136708.0,114657.0,-798645.0,-3.993225,-913302.0,-4.56651,0.0,-1047670.0,-5.23835,0.0,-1047670.0,-5.23835,-0.10890992256331629,-0.10890992256331629,9619601.0,9619601.0,https://www.sec.gov/Archives/edgar/data/715446/000151316216001096/0001513162-16-001096-index.html,https://www.sec.gov/Archives/edgar/data/715446/000151316216001096/form10k.htm,1620588472,15:27:52,20210509
19,2016-07-31,ANIX,USD,2016-08-19 00:00:00,2016-08-19 15:55:46,Q3,100000.0,70271.0,29729.0,0.29729,0.0,923289.0,0.0,0.0,1004613.0,1074884.0,132357.0,81324.0,-893560.0,-8.9356,-974884.0,-9.74884,0.0,-1103775.0,-11.03775,0.0,-1103775.0,-11.03775,-0.118316,-0.118316,9609016.0,9609016.0,https://www.sec.gov/Archives/edgar/data/715446/000151316216000968/0001513162-16-000968-index.html,https://www.sec.gov/Archives/edgar/data/715446/000151316216000968/form10q.htm,1620588472,15:27:52,20210509
20,2016-04-30,ANIX,USD,2016-05-20 00:00:00,2016-05-20 16:43:55,Q2,0.0,15521.0,-15521.0,0.0,0.0,1051542.0,0.0,0.0,1132866.0,1148387.0,126980.0,77475.0,-1070912.0,0.0,-1148387.0,0.0,0.0,-1271894.0,0.0,0.0,-1271894.0,0.0,-0.136519,-0.136519,9598688.0,9598688.0,https://www.sec.gov/Archives/edgar/data/715446/000151316216000858/0001513162-16-000858-index.html,https://www.sec.gov/Archives/edgar/data/715446/000151316216000858/form10q.htm,1620588472,15:27:52,20210509
21,2016-01-31,ANIX,USD,2016-02-19 00:00:00,2016-02-19 15:43:51,Q1,0.0,59641.0,-59641.0,0.0,0.0,1331474.0,0.0,0.0,1412798.0,1472439.0,123901.0,85173.0,-1387266.0,0.0,-1472439.0,0.0,0.0,-1593089.0,0.0,0.0,-1593089.0,0.0,-0.163823,-0.163823,9588812.0,9588812.0,https://www.sec.gov/Archives/edgar/data/715446/000151316216000719/0001513162-16-000719-index.html,https://www.sec.gov/Archives/edgar/data/715446/000151316216000719/form10q.htm,1620588472,15:27:52,20210509
22,2015-10-31,ANIX,USD,2015-12-23 00:00:00,2015-12-22 17:37:48,Q4,0.0,22753.0,-22753.0,0.0,0.0,1073457.0,0.0,0.0,1154776.0,1177529.0,118127.0,81319.0,-1096210.0,0.0,-1177529.0,0.0,0.0,-1292413.0,0.0,0.0,-1292413.0,0.0,-0.13478343302590562,-0.13478343302590562,9588812.0,9588812.0,https://www.sec.gov/Archives/edgar/data/715446/000151316215000658/0001513162-15-000658-index.html,https://www.sec.gov/Archives/edgar/data/715446/000151316215000658/itus10k.htm,1620588472,15:27:52,20210509
23,2015-07-31,ANIX,USD,2015-08-18 00:00:00,2015-08-18 16:15:36,Q3,95000.0,81553.0,13447.0,0.14154736842105264,0.0,1422844.0,0.0,0.0,1504168.0,1585721.0,115981.0,81324.0,-1409397.0,-14.835757894736842,-1490721.0,-15.6918,0.0,-1602179.0,-16.865042105263157,0.0,-1602179.0,-16.865042105263157,-0.16641134761201987,-0.16584356240202014,9627823.0,9660785.0,https://www.sec.gov/Archives/edgar/data/715446/000151316215000512/0001513162-15-000512-index.html,https://www.sec.gov/Archives/edgar/data/715446/000151316215000512/form10q.htm,1620588472,15:27:52,20210509
24,2015-04-30,ANIX,USD,2015-05-22 00:00:00,2015-05-22 16:20:03,Q2,25000.0,120637.0,-95637.0,-3.82548,0.0,1956277.0,0.0,0.0,2037601.0,2158238.0,108612.0,81324.0,-2051914.0,-82.07656,-2133238.0,-85.32952,0.0,-2236671.0,-89.46684,0.0,-2236671.0,-89.46684,-0.227532,-0.227532,9634674.0,9634674.0,https://www.sec.gov/Archives/edgar/data/715446/000151316215000286/0001513162-15-000286-index.html,https://www.sec.gov/Archives/edgar/data/715446/000151316215000286/form10q2.htm,1620588472,15:27:52,20210509
25,2015-01-31,ANIX,USD,2015-03-09,2015-03-09 16:32:02,Q1,9135000.0,3423579.0,5711421.0,0.625223973727422,0.0,1773368.0,0.0,0.0,1854692.0,5278271.0,109186.0,81324.0,3938053.0,0.43109501915708814,3856729.0,0.4221925561029009,0.0,3752220.0,0.410752052545156,0.0,3752220.0,0.410752052545156,0.38858110761491466,0.3691275200797237,9656208.0,10165105.0,https://www.sec.gov/Archives/edgar/data/715446/000151316215000036/form10k.htm,https://www.sec.gov/Archives/edgar/data/715446/000151316215000036/form10k.htm,1620588472,15:27:52,20210509
26,2014-10-31,ANIX,USD,2015-01-29,2015-01-29 15:23:43,Q4,1375000.0,1256442.0,118558.0,0.086224,0.0,1601707.0,0.0,0.0,1683031.0,2939473.0,181576.0,81324.0,-1483149.0,-1.0786538181818182,-1564473.0,-1.1377985454545454,-1411173.0,-3153444.0,-2.293413818181818,0.0,-3153444.0,-2.293413818181818,-0.3265716728554314,-0.3265716728554314,9656208.0,9656208.0,https://www.sec.gov/Archives/edgar/data/715446/000151316215000036/form10k.htm,https://www.sec.gov/Archives/edgar/data/715446/000151316215000036/form10k.htm,1620588472,15:27:52,20210509
27,2014-07-31,ANIX,USD,2014-09-15 00:00:00,2014-09-15 15:30:40,Q3,1187320.0,162520.0,1024800.0,0.8631203045514267,0.0,1103094.0,0.0,0.0,1184383.0,1346903.0,280913.0,81289.0,-78294.0,-0.06594178486002089,-159583.0,-0.13440605733921773,850000.0,411001.0,0.34615857561567226,0.0,411001.0,0.34615857561567226,0.041888,0.041888,9811896.0,9811896.0,https://www.sec.gov/Archives/edgar/data/715446/000151316214000533/0001513162-14-000533-index.html,https://www.sec.gov/Archives/edgar/data/715446/000151316214000533/form10q.htm,1620588472,15:27:52,20210509
28,2014-04-30,ANIX,USD,2014-06-16 00:00:00,2014-06-16 16:25:14,Q2,1105000.0,535914.0,569086.0,0.5150099547511312,0.0,1842996.0,0.0,0.0,1924355.0,2460269.0,422463.0,81359.0,-1273910.0,-1.1528597285067874,-1355269.0,-1.22648778280543,-1473619.0,-3249443.0,-2.940672398190045,0.0,-3249443.0,-2.940672398190045,-0.455063,-0.455063,9357833.0,9357833.0,https://www.sec.gov/Archives/edgar/data/715446/000151316214000385/0001513162-14-000385-index.html,https://www.sec.gov/Archives/edgar/data/715446/000151316214000385/form10q.htm,1620588472,15:27:52,20210509
29,2014-01-31,ANIX,USD,2014-03-17,2014-03-17 17:01:47,Q1,0.0,33198.0,-33198.0,0.0,0.0,1931545.0,0.0,0.0,1931545.0,1964743.0,378665.0,70481.0,-1894262.0,0.0,-1964743.0,0.0,-1272432.0,-3614428.0,0.0,0.0,-3614428.0,0.0,-0.455063,-0.455063,9239689.0,9239689.0,https://www.sec.gov/Archives/edgar/data/715446/000151316214000025/copytele10k_2013.htm,https://www.sec.gov/Archives/edgar/data/715446/000151316214000025/copytele10k_2013.htm,1620588472,15:27:52,20210509
30,2013-10-31,ANIX,USD,2014-01-16,2014-01-16 17:11:26,Q4,386720.0,289591.0,97129.0,0.2511610467521721,0.0,1872354.0,0.0,0.0,1872354.0,2161945.0,126831.0,0.0,-1775213.0,-4.590434940008275,-1775225.0,-4.590465970211006,-1024710.0,-2926754.0,-7.568147496896979,0.0,-2926754.0,-7.568147496896979,-0.3167589298730726,-0.3167589298730726,9239689.0,9239689.0,https://www.sec.gov/Archives/edgar/data/715446/000151316214000025/copytele10k_2013.htm,https://www.sec.gov/Archives/edgar/data/715446/000151316214000025/copytele10k_2013.htm,1620588472,15:27:52,20210509
31,2013-07-31,ANIX,USD,2013-09-16 00:00:00,2013-09-16 16:57:44,Q3,0.0,0.0,0.0,0.0,0.0,2218605.0,0.0,0.0,2218605.0,2218605.0,125035.0,0.0,-2218529.0,0.0,-2218605.0,0.0,-238328.0,-2581892.0,0.0,0.0,-2581892.0,0.0,-0.227532,-0.227532,8876353.0,8876353.0,https://www.sec.gov/Archives/edgar/data/715446/000151316213000674/0001513162-13-000674-index.html,https://www.sec.gov/Archives/edgar/data/715446/000151316213000674/form10q.htm,1620588472,15:27:52,20210509
32,2013-04-30,ANIX,USD,2013-06-14 00:00:00,2013-06-14 16:41:56,Q2,0.0,0.0,0.0,0.0,0.0,1851025.0,0.0,0.0,1851025.0,1851025.0,835458.0,0.0,-1850995.0,0.0,-1851025.0,0.0,210000.0,-2476453.0,0.0,0.0,-2476453.0,0.0,-0.227532,-0.227532,8423219.0,8423219.0,https://www.sec.gov/Archives/edgar/data/715446/000151316213000443/0001513162-13-000443-index.html,https://www.sec.gov/Archives/edgar/data/715446/000151316213000443/copytele10q_20131.htm,1620588472,15:27:52,20210509
33,2013-01-31,ANIX,USD,2013-03-18 00:00:00,2013-03-18 17:15:17,Q1,2130.0,27067.0,-24937.0,-11.707511737089202,0.0,2047862.0,0.0,0.0,2047862.0,2074929.0,22195.0,1424.0,-2071375.0,-972.4765258215963,-2072799.0,-973.1450704225352,0.0,-2094987.0,-983.561971830986,0.0,-2094987.0,-983.561971830986,-0.227532,-0.227532,8130649.0,8130649.0,https://www.sec.gov/Archives/edgar/data/715446/000151316213000201/0001513162-13-000201-index.html,https://www.sec.gov/Archives/edgar/data/715446/000151316213000201/q13113draftx.htm,1620588472,15:27:52,20210509
34,2012-10-31,ANIX,USD,2013-01-29 00:00:00,2013-01-29 17:30:47,Q4,350.0,1925.0,-1575.0,-4.5,499204.0,0.0,0.0,0.0,1724189.0,1726114.0,0.0,1611.0,-1724153.0,-4926.151428571428,-1725764.0,-4930.754285714285,-127500.0,-1860503.0,-5315.722857142857,0.0,-1860503.0,-5315.722857142857,-0.2288258907745249,-0.2288258907745249,8130649.0,8130649.0,https://www.sec.gov/Archives/edgar/data/715446/000151316213000088/0001513162-13-000088-index.html,https://www.sec.gov/Archives/edgar/data/715446/000151316213000088/copytele_201210kfinancialsec.htm,1620588472,15:27:52,20210509
35,2012-07-31,ANIX,USD,2012-09-14 00:00:00,2012-09-14 16:51:34,Q3,249470.0,714.0,248756.0,0.9971379324167234,458412.0,0.0,0.0,0.0,892094.0,892808.0,0.0,1712.0,-641626.0,-2.5719565478815087,-643338.0,-2.578819096484547,13463.0,-629102.0,-2.521754118731711,0.0,-629102.0,-2.521754118731711,-0.07823399413551586,-0.07823399413551586,8041287.0,8041287.0,https://www.sec.gov/Archives/edgar/data/715446/000151316212000700/0001513162-12-000700-index.html,https://www.sec.gov/Archives/edgar/data/715446/000151316212000700/copytele_2012q3.htm,1620588472,15:27:52,20210509
36,2012-04-30,ANIX,USD,2012-06-14,2012-06-14 16:31:52,Q2,248070.0,497.0,247573.0,0.9979965332365864,604211.0,0.0,0.0,0.0,1125771.0,1126268.0,0.0,1834.0,-876364.0,-3.532728665296086,-878198.0,-3.5401217398314992,0.0,-877109.0,-3.535731849881082,0.0,-877109.0,-3.535731849881082,-0.11050563842588469,-0.11050563842588469,7937233.0,7937233.0,https://www.sec.gov/Archives/edgar/data/715446/000119312512270996/d347898d10q.htm,https://www.sec.gov/Archives/edgar/data/715446/000119312512270996/d347898d10q.htm,1620588472,15:27:52,20210509
37,2012-01-31,ANIX,USD,2012-03-16 00:00:00,2012-03-16 12:23:32,Q1,449195.0,737.0,448458.0,0.9983592871692695,649679.0,0.0,0.0,0.0,1335714.0,1336451.0,0.0,2077.0,-885179.0,-1.970589610302875,-887256.0,-1.9752134373712975,0.0,-886085.0,-1.9726065517202998,0.0,-886085.0,-1.9726065517202998,-0.11307556449410558,-0.11307556449410558,7836220.0,7836220.0,https://www.sec.gov/Archives/edgar/data/715446/000119312512119054/0001193125-12-119054-index.html,https://www.sec.gov/Archives/edgar/data/715446/000119312512119054/d308187d10q.htm,1620588472,15:27:52,20210509
38,2011-10-31,ANIX,USD,2012-01-30 00:00:00,2012-01-30 17:14:35,Q4,448960.0,597.0,448363.0,0.9986702601568068,736411.0,0.0,0.0,0.0,1455279.0,1455876.0,0.0,1985.0,-1004931.0,-2.2383530826799714,-1006916.0,-2.2427744119743407,-1785793.0,-2791389.0,-6.217455898075553,0.0,-2791389.0,-6.217455898075553,-0.3562162624326525,-0.3562162624326525,7836220.0,7836220.0,https://www.sec.gov/Archives/edgar/data/715446/000119312512029810/0001193125-12-029810-index.html,https://www.sec.gov/Archives/edgar/data/715446/000119312512029810/d277634d10k.htm,1620588472,15:27:52,20210509
39,2011-07-31,ANIX,USD,2011-09-14 00:00:00,2011-09-14 17:02:32,Q3,450360.0,3626.0,446734.0,0.9919486632915889,879644.0,0.0,0.0,0.0,1654392.0,1658018.0,0.0,2007.0,-1205651.0,-2.677082778221867,-1207658.0,-2.6815392130739855,33507.0,-1173498.0,-2.6056887823074875,600000.0,-1773498.0,-3.9379563016253663,-0.227532,-0.227532,7498051.0,7498051.0,https://www.sec.gov/Archives/edgar/data/715446/000119312511248105/0001193125-11-248105-index.html,https://www.sec.gov/Archives/edgar/data/715446/000119312511248105/d228343d10q.htm,1620588472,15:27:52,20210509
40,2011-04-30,ANIX,USD,2011-06-14 00:00:00,2011-06-14 17:14:10,Q2,86915.0,24652.0,62263.0,0.7163665650348041,731806.0,0.0,0.0,0.0,1349817.0,1374469.0,0.0,2055.0,-1285499.0,-14.790300868664787,-1287554.0,-14.813944658574469,0.0,0.0,0.0,0.0,-1287040.0,-14.808030834723581,-0.227532,-0.227532,7314097.0,7314097.0,https://www.sec.gov/Archives/edgar/data/715446/000115752311003640/0001157523-11-003640-index.html,https://www.sec.gov/Archives/edgar/data/715446/000115752311003640/a6758504.htm,1620588472,15:27:52,20210509
41,2011-01-31,ANIX,USD,2011-03-17,2011-03-17 16:12:37,Q1,16958.0,5206.0,11752.0,0.6930062507371152,776912.0,0.0,0.0,0.0,1537890.0,1543096.0,0.0,1930.0,-1524208.0,-89.88135393324684,-1526138.0,-89.99516452411841,0.0,-1526109.0,-89.99345441679444,0.0,-1526109.0,-89.99345441679444,-0.227532,-0.227532,6865187.0,6865187.0,https://www.sec.gov/Archives/edgar/data/715446/000115752311000826/a6608783.htm,https://www.sec.gov/Archives/edgar/data/715446/000115752311000826/a6608783.htm,1620588472,15:27:52,20210509
42,2010-10-31,ANIX,USD,2011-02-14,2011-02-14 19:13:02,Q4,311250.0,7252.0,303998.0,0.9767004016064257,787927.0,0.0,0.0,0.0,1430974.0,1438226.0,0.0,2055.0,-1124921.0,-3.614204016064257,-1126976.0,-3.620806425702811,0.0,-1126930.0,-3.6206586345381524,0.0,-1126930.0,-3.6206586345381524,-0.16415139165182244,-0.16415139165182244,6865187.0,6865187.0,https://www.sec.gov/Archives/edgar/data/715446/000115752311000826/a6608783.htm,https://www.sec.gov/Archives/edgar/data/715446/000115752311000826/a6608783.htm,1620588472,15:27:52,20210509
43,2010-07-31,ANIX,USD,2010-09-14 00:00:00,2010-09-14 16:16:36,Q3,58030.0,707324.0,-649294.0,-11.188936756849905,673320.0,0.0,0.0,0.0,1294287.0,2001611.0,0.0,2088.0,-1941493.0,-33.45671204549371,-1943581.0,-33.492693434430464,0.0,-1270133.0,-21.887523694640702,0.0,-1270133.0,-21.887523694640702,-0.227532,-0.227532,6558204.0,6558204.0,https://www.sec.gov/Archives/edgar/data/715446/000115752310005480/0001157523-10-005480-index.html,https://www.sec.gov/Archives/edgar/data/715446/000115752310005480/a6427692.htm,1620588472,15:27:52,20210509
44,2010-04-30,ANIX,USD,2010-06-14 00:00:00,2010-06-14 16:59:13,Q2,322525.0,19044.0,303481.0,0.940953414463995,849275.0,0.0,0.0,0.0,1643858.0,1662902.0,0.0,2089.0,-1338288.0,-4.149408572978839,-1340377.0,-4.155885590264321,68211.0,-1271904.0,-3.9435826680102317,0.0,-1271904.0,-3.9435826680102317,-0.227532,-0.227532,6465420.0,6465420.0,https://www.sec.gov/Archives/edgar/data/715446/000115752310003672/0001157523-10-003672-index.html,https://www.sec.gov/Archives/edgar/data/715446/000115752310003672/a6325310.htm,1620588472,15:27:52,20210509
45,2010-01-31,ANIX,USD,2010-03-17 00:00:00,2010-03-17 16:28:24,Q1,38870.0,22007.0,16863.0,0.43383071777720605,696937.0,0.0,0.0,0.0,1527469.0,1549476.0,0.0,2126.0,-1508480.0,-38.8083354772318,-1510606.0,-38.86303061487008,0.0,-1506164.0,-38.748752251093386,0.0,-1506164.0,-38.748752251093386,-0.227532,-0.227532,6386387.0,6386387.0,https://www.sec.gov/Archives/edgar/data/715446/000115752310001625/0001157523-10-001625-index.html,https://www.sec.gov/Archives/edgar/data/715446/000115752310001625/a6217313.htm,1620588472,15:27:52,20210509
46,2009-10-31,ANIX,USD,2010-01-29 00:00:00,2010-01-29 17:03:42,Q4,119160.0,7104.0,112056.0,0.9403826787512588,1583278.0,0.0,0.0,0.0,3481852.0,3488956.0,0.0,2518.0,-3367278.0,-28.25845921450151,-3369796.0,-28.27959046659953,-9218972.0,0.0,0.0,0.0,-12584390.0,-105.60918093319906,-1.970502257379642,-1.970502257379642,6386387.0,6386387.0,https://www.sec.gov/Archives/edgar/data/715446/000115752310000472/0001157523-10-000472-index.html,https://www.sec.gov/Archives/edgar/data/715446/000115752310000472/a6160172.htm,1620588472,15:27:52,20210509
47,2009-07-31,ANIX,USD,2009-09-09 00:00:00,2009-09-09 17:08:34,Q3,299765.0,34866.0,264899.0,0.8836888896302103,649092.0,0.0,0.0,0.0,1455200.0,1490066.0,0.0,2533.0,-1187768.0,-3.962330492218905,-1190301.0,-3.9707804446816675,0.0,0.0,0.0,0.0,-1185764.0,-3.9556452554501025,-0.227532,-0.227532,6171704.0,6171704.0,https://www.sec.gov/Archives/edgar/data/715446/000115752309006400/0001157523-09-006400-index.html,https://www.sec.gov/Archives/edgar/data/715446/000115752309006400/a6045947.txt,1620588472,15:27:52,20210509
48,2009-04-30,ANIX,USD,2009-06-18 00:00:00,2009-06-17 19:59:24,Q2,262750.0,4107.0,258643.0,0.9843691722169362,1062049.0,0.0,0.0,0.0,1636872.0,1640979.0,0.0,2760.0,-1375469.0,-5.234896289248335,-1378229.0,-5.245400570884872,29468.0,0.0,0.0,0.0,-1344151.0,-5.115703139866794,-0.227532,-0.227532,6033169.0,6033169.0,https://www.sec.gov/Archives/edgar/data/715446/000115752309004505/0001157523-09-004505-index.html,https://www.sec.gov/Archives/edgar/data/715446/000115752309004505/a5983478.txt,1620588472,15:27:52,20210509
49,2009-01-31,ANIX,USD,2009-03-12 00:00:00,2009-03-12 17:09:21,Q1,374122.0,19611.0,354511.0,0.9475812702808175,821781.0,0.0,0.0,0.0,1736503.0,1756114.0,0.0,2801.0,-1379191.0,-3.6864739309636962,-1381992.0,-3.693960793537937,0.0,0.0,0.0,0.0,-1374710.0,-3.6744965545998363,-0.227532,-0.227532,5883853.0,5883853.0,https://www.sec.gov/Archives/edgar/data/715446/000115752309002059/0001157523-09-002059-index.html,https://www.sec.gov/Archives/edgar/data/715446/000115752309002059/a5916108.txt,1620588472,15:27:52,20210509
50,2008-10-31,ANIX,USD,2009-01-16 00:00:00,2009-01-16 09:33:11,Q4,963413.0,10713.0,952700.0,0.9888801583536864,753123.0,0.0,0.0,0.0,1545150.0,1555863.0,0.0,0.0,-592449.0,-0.614948106367674,-592450.0,-0.6149491443441183,-1.0,0.0,0.0,0.0,-565762.0,-0.5872476290023074,-0.09615501950847515,-0.09615501950847515,5883853.0,5883853.0,https://www.sec.gov/Archives/edgar/data/715446/000115752309000289/0001157523-09-000289-index.html,https://www.sec.gov/Archives/edgar/data/715446/000115752309000289/a5872700.txt,1620588472,15:27:52,20210509
51,2008-07-31,ANIX,USD,2008-09-19 00:00:00,2008-09-18 19:37:30,Q3,882130.0,34711.0,847419.0,0.9606509244669154,930266.0,0.0,0.0,0.0,1588801.0,1623512.0,0.0,2809.0,-738573.0,-0.8372609479328443,-741382.0,-0.8404452858422228,0.0,-729166.0,-0.8265969868386746,0.0,-729166.0,-0.8265969868386746,-0.227532,-0.227532,5731354.0,5731354.0,https://www.sec.gov/Archives/edgar/data/715446/000115752308007495/0001157523-08-007495-index.html,https://www.sec.gov/Archives/edgar/data/715446/000115752308007495/a5774355.txt,1620588472,15:27:52,20210509
52,2008-04-30,ANIX,USD,2008-06-09 00:00:00,2008-06-09 08:59:52,Q2,165355.0,37272.0,128083.0,0.7745940552145384,1131302.0,0.0,0.0,0.0,2091237.0,2128509.0,0.0,2698.0,-1960456.0,-11.856043058873333,-1963154.0,-11.872359469021196,130887.0,-1826393.0,-11.04528438813462,14958.0,-1841351.0,-11.135744307701612,-0.227532,-0.227532,5680900.0,5680900.0,https://www.sec.gov/Archives/edgar/data/715446/000115752308004915/0001157523-08-004915-index.html,https://www.sec.gov/Archives/edgar/data/715446/000115752308004915/a5703521.txt,1620588472,15:27:52,20210509
53,2008-01-31,ANIX,USD,2008-01-31,2008-01-31,Q1,52225.0,12898.0,39327.0,0.7530301579703207,1312702.0,0.0,0.0,0.0,2731859.0,2744757.0,0.0,2302.0,-2690230.0,-51.51230253709909,-2692532.0,-51.556381043561515,0.0,0.0,0.0,0.0,-2685325.0,-51.41838200095739,-0.455063,-0.455063,5570173.0,5570173.0,,,1620588472,15:27:52,20210509
54,2007-10-31,ANIX,USD,2008-01-15,2008-01-15,Q4,145675.0,46595.0,99080.0,0.6801441565127853,814007.0,0.0,0.0,0.0,1011675.0,1058270.0,0.0,2180.0,-910415.0,-6.249631027973228,-912595.0,-6.264595846919512,0.0,0.0,0.0,0.0,-1197367.0,-8.219440535438476,-0.21496046891182732,-0.21496046891182732,5570173.0,5570173.0,https://www.sec.gov/Archives/edgar/data/715446/000115752308000299/0001157523-08-000299-index.htm,https://www.sec.gov/Archives/edgar/data/715446/000115752308000299/a5584122.txt,1620588472,15:27:52,20210509
55,2007-07-31,ANIX,USD,2007-09-17 00:00:00,2007-09-17 16:05:41,Q3,114000.0,36962.0,77038.0,0.6757719298245614,670722.0,0.0,0.0,0.0,1139811.0,1176773.0,0.0,2210.0,-1060563.0,-9.303184210526316,-1062773.0,-9.322570175438596,0.0,0.0,0.0,0.0,-1055521.0,-9.258956140350877,-0.227532,-0.227532,4576123.0,4576123.0,https://www.sec.gov/Archives/edgar/data/715446/000115752307009223/0001157523-07-009223-index.html,https://www.sec.gov/Archives/edgar/data/715446/000115752307009223/a5494202.txt,1620588472,15:27:52,20210509
56,2007-04-30,ANIX,USD,2007-06-11 00:00:00,2007-06-11 16:05:31,Q2,96427.0,35607.0,60820.0,0.6307362045900007,916283.0,0.0,0.0,0.0,1500931.0,1536538.0,0.0,2405.0,-1437706.0,-14.909786678005123,-1440111.0,-14.934727825194189,0.0,0.0,0.0,0.0,-1431896.0,-14.84953384425524,-0.227532,-0.227532,4495521.0,4495521.0,https://www.sec.gov/Archives/edgar/data/715446/000115752307006019/0001157523-07-006019-index.html,https://www.sec.gov/Archives/edgar/data/715446/000115752307006019/a5423094.txt,1620588472,15:27:52,20210509
57,2007-01-31,ANIX,USD,2007-01-31,2007-01-31,Q1,130750.0,41196.0,89554.0,0.684925430210325,1002931.0,0.0,0.0,0.0,1872642.0,1913838.0,0.0,3094.0,-1779994.0,-13.613720841300191,-1783088.0,-13.63738432122371,0.0,0.0,0.0,0.0,-1773434.0,-13.563548757170173,-0.455063,-0.455063,4435160.0,4435160.0,,,1620588472,15:27:52,20210509
58,2006-10-31,ANIX,USD,2006-10-31,2006-10-31,Q4,110878.0,35888.0,74990.0,0.6763289381121593,1031433.0,0.0,0.0,0.0,1882736.0,1918624.0,0.0,3456.0,-1804290.0,-16.272750229982503,-1807746.0,-16.30391962336983,0.0,0.0,0.0,0.0,-1801190.0,-16.244791572719567,-0.40611612658844326,-0.40611612658844326,4435160.0,4435160.0,,,1620588472,15:27:52,20210509
59,2006-07-31,ANIX,USD,2006-07-31,2006-07-31,Q3,130845.0,39245.0,91600.0,0.7000649623600443,1312472.0,0.0,0.0,0.0,2246326.0,2285571.0,0.0,3736.0,-2150990.0,-16.439221980205588,-2154726.0,-16.467774848102717,0.0,0.0,0.0,0.0,-2147275.0,-16.41082960755092,-0.455063,-0.455063,4218560.0,4218560.0,,,1620588472,15:27:52,20210509
60,2006-04-30,ANIX,USD,2006-04-30,2006-04-30,Q2,71538.0,25855.0,45683.0,0.6385836897872459,1613807.0,0.0,0.0,0.0,2465075.0,2490930.0,0.0,3965.0,-2415427.0,-33.76425116721183,-2419392.0,-33.81967625597584,0.0,0.0,0.0,0.0,-2412879.0,-33.72863373312086,-0.682595,-0.682595,4149218.0,4149218.0,,,1620588472,15:27:52,20210509
61,2006-01-31,ANIX,USD,2006-01-31,2006-01-31,Q1,195390.0,55458.0,139932.0,0.7161676646706587,656588.0,0.0,0.0,0.0,1385684.0,1441142.0,0.0,3915.0,-1241837.0,-6.3556835047853015,-1245752.0,-6.375720354163468,0.0,0.0,0.0,0.0,-1239557.0,-6.344014535032499,-0.227532,-0.227532,4098553.0,4098553.0,,,1620588472,15:27:52,20210509
62,2005-10-31,ANIX,USD,2005-10-31,2005-10-31,Q4,48360.0,164369.0,-116009.0,-2.3988626964433415,541714.0,0.0,0.0,0.0,1033788.0,1198157.0,0.0,3737.0,-1146060.0,-23.698511166253102,-1149797.0,-23.77578577336642,0.0,0.0,0.0,0.0,-1145715.0,-23.69137717121588,-0.27954134056580454,-0.27954134056580454,4098553.0,4098553.0,,,1620588472,15:27:52,20210509
63,2005-07-31,ANIX,USD,2005-09-09,2005-09-09,Q3,132125.0,354828.0,-222703.0,-1.6855477767265847,485309.0,0.0,0.0,0.0,900503.0,1255331.0,0.0,3670.0,-1119536.0,-8.473309366130557,-1123206.0,-8.501086092715232,0.0,0.0,0.0,0.0,-1119053.0,-8.469653736991486,-0.227532,-0.227532,3926672.0,3926672.0,https://www.sec.gov/Archives/edgar/data/715446/000115752305008049/0001157523-05-008049-index.htm,https://www.sec.gov/Archives/edgar/data/715446/000115752305008049/a4968632.txt,1620588472,15:27:52,20210509
64,2005-04-30,ANIX,USD,2005-04-30,2005-04-30,Q2,46709.0,135858.0,-89149.0,-1.9086043374938448,649935.0,0.0,0.0,0.0,1095406.0,1231264.0,0.0,0.0,-1184555.0,-25.360315999058,-1184555.0,-25.360315999058,0.0,0.0,0.0,0.0,-1179995.0,-25.262690273823033,-0.227532,-0.227532,3838657.0,3838657.0,,,1620588472,15:27:52,20210509
65,2005-01-31,ANIX,USD,2005-01-31,2005-01-31,Q1,212591.0,64573.0,148018.0,0.6962571322398409,589953.0,0.0,0.0,0.0,1156512.0,1221085.0,0.0,0.0,-1008494.0,-4.743822645361281,-1008494.0,-4.743822645361281,0.0,0.0,0.0,0.0,-1006494.0,-4.734414909379983,-0.227532,-0.227532,3786882.0,3786882.0,,,1620588472,15:27:52,20210509
66,2004-10-31,ANIX,USD,2004-10-31,2004-10-31,Q4,137211.0,46594.0,90617.0,0.6604208117424988,432082.0,0.0,0.0,0.0,914092.0,960686.0,0.0,0.0,-823475.0,-6.001523201492592,-823475.0,-6.001523201492592,0.0,0.0,0.0,0.0,-822189.0,-5.992150775083631,-0.2171150302544415,-0.2171150302544415,3786882.0,3786882.0,,,1620588472,15:27:52,20210509
67,2004-07-31,ANIX,USD,2004-09-02,2004-09-02,Q3,216447.0,83220.0,133227.0,0.6155178865957948,741166.0,0.0,0.0,0.0,1168518.0,1251738.0,0.0,3067.0,-1032224.0,-4.768945746533793,-1035291.0,-4.783115497096287,0.0,0.0,0.0,0.0,-1034212.0,-4.778130443018383,-0.227532,-0.227532,3693913.0,3693913.0,https://www.sec.gov/Archives/edgar/data/715446/000115752304008242/0001157523-04-008242-index.htm,https://www.sec.gov/Archives/edgar/data/715446/000115752304008242/a4712214.txt,1620588472,15:27:52,20210509
68,2004-04-30,ANIX,USD,2004-04-30,2004-04-30,Q2,101804.0,31699.0,70105.0,0.6886271659266826,506636.0,0.0,0.0,0.0,766024.0,797723.0,0.0,4533.0,-691386.0,-6.791344151506817,-695919.0,-6.835870889159562,0.0,0.0,0.0,0.0,-694900.0,-6.825861459274685,-0.227532,-0.227532,3611262.0,3611262.0,,,1620588472,15:27:52,20210509
69,2004-01-31,ANIX,USD,2004-01-31,2004-01-31,Q1,39000.0,14599.0,24401.0,0.6256666666666667,484543.0,0.0,0.0,0.0,834704.0,849303.0,0.0,6158.0,-804145.0,-20.619102564102565,-810303.0,-20.777,0.0,0.0,0.0,0.0,-809354.0,-20.752666666666666,-0.227532,-0.227532,3543038.0,3543038.0,,,1620588472,15:27:52,20210509
70,2003-10-31,ANIX,USD,2003-12-22,2003-12-22,Q4,47899.0,67762.0,-19863.0,-0.4146850664940813,456670.0,0.0,0.0,0.0,670495.0,738257.0,0.0,6666.0,-683692.0,-14.273617403286082,-690358.0,-14.412785235599909,0.0,0.0,0.0,0.0,-689026.0,-14.384976721852231,-0.19447321761719744,-0.19447321761719744,3543038.0,3543038.0,https://www.sec.gov/Archives/edgar/data/715446/000115752303007508/0001157523-03-007508-index.htm,https://www.sec.gov/Archives/edgar/data/715446/000115752303007508/a4538688.txt,1620588472,15:27:52,20210509
71,2003-07-31,ANIX,USD,2003-07-31,2003-07-31,Q3,83240.0,30497.0,52743.0,0.6336256607400288,456325.0,0.0,0.0,0.0,704276.0,734773.0,0.0,7490.0,-644043.0,-7.737181643440653,-651533.0,-7.827162421912542,0.0,0.0,0.0,0.0,-650765.0,-7.817936088419029,-0.227532,-0.227532,3359958.0,3359958.0,,,1620588472,15:27:52,20210509
72,2003-04-30,ANIX,USD,2003-06-16,2003-06-16,Q2,21743.0,15660.0,6083.0,0.2797682012601757,403120.0,0.0,0.0,0.0,977006.0,992666.0,0.0,8806.0,-962117.0,-44.249505588005334,-970923.0,-44.654509497309476,0.0,0.0,0.0,0.0,-970024.0,-44.61316285701145,-0.227532,-0.227532,3226702.0,3226702.0,https://www.sec.gov/Archives/edgar/data/715446/000115752303002443/0001157523-03-002443-index.htm,https://www.sec.gov/Archives/edgar/data/715446/000115752303002443/a4415317.txt,1620588472,15:27:52,20210509
73,2003-01-31,ANIX,USD,2003-01-31,2003-01-31,Q1,91339.0,62025.0,29314.0,0.320936292273837,491627.0,0.0,0.0,0.0,835579.0,897604.0,0.0,10121.0,-796144.0,-8.716364313163051,-806265.0,-8.827171306889719,0.0,0.0,0.0,0.0,-804596.0,-8.808898717962753,-0.227532,-0.227532,3122587.0,3122587.0,,,1620588472,15:27:52,20210509
74,2002-10-31,ANIX,USD,2002-10-31,2002-10-31,Q4,38671.0,109075.0,-70404.0,-1.8205890719143545,550700.0,0.0,0.0,0.0,3967591.0,4076666.0,0.0,15673.0,-4022322.0,-104.01391223397378,-4037995.0,-104.41920302035116,0.0,0.0,0.0,0.0,-1213890.0,-31.39018903053968,-0.3887449733185977,-0.3887449733185977,3122587.0,3122587.0,,,1620588472,15:27:52,20210509
75,2002-07-31,ANIX,USD,2002-09-16 00:00:00,2002-09-16 16:29:50,Q3,1253859.0,507876.0,745983.0,0.5949496713745326,381583.0,578478.0,0.0,0.0,960061.0,1467937.0,0.0,21800.0,-192278.0,-0.1533489810257772,-214078.0,-0.1707353059634297,-2820800.0,0.0,0.0,0.0,-3029184.0,-2.415888867887059,-0.910127,-0.910127,3003963.0,3003963.0,https://www.sec.gov/Archives/edgar/data/715446/000115752302001034/0001157523-02-001034-index.html,https://www.sec.gov/Archives/edgar/data/715446/000115752302001034/a4250028.txt,1620588472,15:27:52,20210509
76,2002-04-30,ANIX,USD,2002-06-14 00:00:00,2002-06-14 16:28:58,Q2,2616975.0,827831.0,1789144.0,0.6836687396708031,400280.0,501243.0,0.0,0.0,901523.0,1729354.0,0.0,25082.0,912703.0,0.34876259803781084,887621.0,0.3391782496966918,0.0,0.0,0.0,0.0,897527.0,0.3429635361438302,0.30176896859309954,0.30069558260487345,2974219.0,2984836.0,https://www.sec.gov/Archives/edgar/data/715446/000115752302000523/0001157523-02-000523-index.html,https://www.sec.gov/Archives/edgar/data/715446/000115752302000523/a4197885.txt,1620588472,15:27:52,20210509
77,2002-01-31,ANIX,USD,2002-01-31,2002-01-31,Q1,1277189.0,426276.0,850913.0,0.6662389043438364,293411.0,501796.0,0.0,0.0,795207.0,1221483.0,0.0,23916.0,79622.0,0.0623415954882167,55706.0,0.04361609753920524,0.0,60307.0,0.04721854009077748,0.0,60307.0,0.04721854009077748,0.020495373103336007,0.020398188661682373,2942469.0,2956488.0,,,1620588472,15:27:52,20210509
78,2001-10-31,ANIX,USD,2001-10-31,2001-10-31,Q4,751635.0,317593.0,434042.0,0.5774637955922755,0.0,1153950.0,0.0,0.0,1153950.0,1471543.0,0.0,9992.0,-709916.0,-0.944495666114537,-719908.0,-0.9577893525447857,0.0,0.0,0.0,0.0,-707434.0,-0.9411935314348054,-0.24042190418998466,-0.24042190418998466,2942469.0,2942469.0,,,1620588472,15:27:52,20210509
79,2001-07-31,ANIX,USD,2001-09-14 00:00:00,2001-09-14 00:00:00,Q3,515828.0,211580.0,304248.0,0.5898245151484603,0.0,1260143.0,0.0,0.0,1260143.0,1471723.0,0.0,45616.0,-910279.0,-1.7646948207542048,-955895.0,-1.853127399055499,0.0,0.0,0.0,0.0,-946307.0,-1.8345398078429245,-0.227532,-0.227532,4159012.0,4159012.0,https://www.sec.gov/Archives/edgar/data/715446/000090951801500290/0000909518-01-500290-index.html,https://www.sec.gov/Archives/edgar/data/715446/000090951801500290/the-q.txt,1620588472,15:27:52,20210509
80,2001-04-30,ANIX,USD,2001-06-14 00:00:00,2001-06-14 00:00:00,Q2,245014.0,44117.0,200897.0,0.8199409013362502,482000.0,459233.0,0.0,0.0,991332.0,1035449.0,0.0,50099.0,-740336.0,-3.021606928583673,-790435.0,-3.2260809586390984,0.0,0.0,0.0,0.0,-788080.0,-3.216469262980891,-0.227532,-0.227532,2812545.0,2812545.0,https://www.sec.gov/Archives/edgar/data/715446/000090951801500138/0000909518-01-500138-index.html,https://www.sec.gov/Archives/edgar/data/715446/000090951801500138/the-q.txt,1620588472,15:27:52,20210509
81,2001-01-31,ANIX,USD,2001-03-19 00:00:00,2001-03-19 00:00:00,Q1,178291.0,13454.0,164837.0,0.9245390961966673,0.0,1242039.0,0.0,0.0,1302835.0,1316289.0,0.0,60796.0,-1077202.0,-6.041819272986298,-1137998.0,-6.3828123685435605,0.0,0.0,0.0,0.0,-1130136.0,-6.338715919479951,-0.455063,-0.455063,2483469.0,2483469.0,https://www.sec.gov/Archives/edgar/data/715446/000071544601000004/0000715446-01-000004-index.html,https://www.sec.gov/Archives/edgar/data/715446/000071544601000004/0000715446-01-000004-0001.txt,1620588472,15:27:52,20210509
82,2000-10-31,ANIX,USD,2000-10-31,2000-10-31,Q4,281410.0,46560.0,234850.0,0.8345474574464304,0.0,1690906.0,0.0,0.0,1752807.0,1799367.0,0.0,61901.0,-1456056.0,-5.174144486692015,-1517957.0,-5.394111794179311,0.0,0.0,0.0,0.0,-1409268.0,-5.007881738388828,-0.5674594689927678,-0.5674594689927678,2483469.0,2483469.0,,,1620588472,15:27:52,20210509
83,2000-07-31,ANIX,USD,2000-09-14 00:00:00,2000-09-14 00:00:00,Q3,492196.0,158693.0,333503.0,0.6775816950970751,0.0,1265006.0,0.0,0.0,1331711.0,1490404.0,0.0,66705.0,-931503.0,-1.8925448398605433,-998208.0,-2.028070118408114,-18000.0,0.0,0.0,0.0,-973856.0,-1.9785938934895855,-0.455063,-0.455063,2772125.0,2772125.0,https://www.sec.gov/Archives/edgar/data/715446/000071544600000016/0000715446-00-000016-index.html,https://www.sec.gov/Archives/edgar/data/715446/000071544600000016/0000715446-00-000016-0001.txt,1620588472,15:27:52,20210509
84,2000-04-30,ANIX,USD,2000-06-13 00:00:00,2000-06-13 00:00:00,Q2,421600.0,151316.0,270284.0,0.6410910815939279,689000.0,774471.0,0.0,0.0,1496669.0,1647985.0,0.0,33198.0,-1193187.0,-2.8301399430740037,-1226385.0,-2.908882827324478,-54000.0,0.0,0.0,0.0,-1246395.0,-2.9563448766603417,-0.453277,-0.453277,2749741.0,2749741.0,https://www.sec.gov/Archives/edgar/data/715446/000071544600000013/0000715446-00-000013-index.html,https://www.sec.gov/Archives/edgar/data/715446/000071544600000013/0000715446-00-000013-0001.txt,1620588472,15:27:52,20210509
85,2000-01-31,ANIX,USD,2000-01-31,2000-01-31,Q1,300000.0,200000.0,100000.0,0.3333333333333333,0.0,1400000.0,0.0,0.0,1500000.0,1700000.0,0.0,100000.0,-1300000.0,-4.333333333333333,-1400000.0,-4.666666666666667,0.0,0.0,0.0,0.0,-1300000.0,-4.333333333333333,-0.455063,-0.455063,2651371.0,2651371.0,,,1620588472,15:27:52,20210509
86,1999-10-31,ANIX,USD,1999-10-31,1999-10-31,Q4,0.0,0.0,0.0,0.0,0.0,5600000.0,0.0,0.0,3500000.0,3200000.0,0.0,100000.0,-3100000.0,0.0,-3200000.0,0.0,-200000.0,0.0,0.0,0.0,-3600000.0,0.0,-1.357788102834345,-1.357788102834345,2651371.0,2651371.0,,,1620588472,15:27:52,20210509
87,1999-07-31,ANIX,USD,1999-09-13 00:00:00,1999-09-13 00:00:00,Q3,100000.0,0.0,0.0,0.0,700000.0,1200000.0,0.0,0.0,2000000.0,2000000.0,0.0,100000.0,-1800000.0,-18.0,-1900000.0,-19.0,0.0,0.0,0.0,0.0,-1900000.0,-19.0,-0.682595,-0.682595,2783495.0,2783495.0,https://www.sec.gov/Archives/edgar/data/715446/000071544699000015/0000715446-99-000015-index.html,https://www.sec.gov/Archives/edgar/data/715446/0000715446-99-000015.txt,1620588472,15:27:52,20210509
88,1999-04-30,ANIX,USD,1999-04-30,1999-04-30,Q2,100000.0,0.0,0.0,0.0,800000.0,800000.0,0.0,0.0,1600000.0,1600000.0,0.0,0.0,-1500000.0,-15.0,-1500000.0,-15.0,0.0,0.0,0.0,0.0,-1600000.0,-16.0,-0.682595,-0.682595,2343996.0,2343996.0,,,1620588472,15:27:52,20210509
89,1999-01-31,ANIX,USD,1999-03-16 00:00:00,1999-03-16 00:00:00,Q1,100000.0,0.0,0.0,0.0,700000.0,700000.0,0.0,0.0,1400000.0,1400000.0,0.0,0.0,-1300000.0,-13.0,-1300000.0,-13.0,0.0,0.0,0.0,0.0,-1400000.0,-14.0,-0.455063,-0.455063,3076494.0,3076494.0,https://www.sec.gov/Archives/edgar/data/715446/000071544699000006/0000715446-99-000006-index.html,https://www.sec.gov/Archives/edgar/data/715446/0000715446-99-000006.txt,1620588472,15:27:52,20210509
90,1998-10-31,ANIX,USD,1998-10-31,1998-10-31,Q4,100000.0,0.0,0.0,0.0,0.0,4400000.0,0.0,0.0,1700000.0,1400000.0,0.0,0.0,-1000000.0,-10.0,-1300000.0,-13.0,-300000.0,0.0,0.0,0.0,-1700000.0,-17.0,-0.5525770568705806,-0.5525770568705806,3076494.0,3076494.0,,,1620588472,15:27:52,20210509
91,1998-07-31,ANIX,USD,1998-09-14 00:00:00,1998-09-14 00:00:00,Q3,100000.0,0.0,0.0,0.0,900000.0,900000.0,0.0,0.0,1800000.0,1800000.0,0.0,0.0,-1800000.0,-18.0,-1700000.0,-17.0,100000.0,0.0,0.0,0.0,-1700000.0,-17.0,-0.682595,-0.682595,2490495.0,2490495.0,https://www.sec.gov/Archives/edgar/data/715446/000071544698000015/0000715446-98-000015-index.html,https://www.sec.gov/Archives/edgar/data/715446/0000715446-98-000015.txt,1620588472,15:27:52,20210509
92,1998-04-30,ANIX,USD,1998-06-15 00:00:00,1998-06-15 00:00:00,Q2,100000.0,0.0,0.0,0.0,1000000.0,900000.0,0.0,0.0,1900000.0,1900000.0,0.0,0.0,-1900000.0,-19.0,-1800000.0,-18.0,100000.0,0.0,0.0,0.0,-1800000.0,-18.0,-0.682595,-0.682595,2636995.0,2636995.0,https://www.sec.gov/Archives/edgar/data/715446/000071544698000009/0000715446-98-000009-index.html,https://www.sec.gov/Archives/edgar/data/715446/0000715446-98-000009.txt,1620588472,15:27:52,20210509
93,1998-01-31,ANIX,USD,1998-01-31,1998-01-31,Q1,100000.0,-100000.0,200000.0,2.0,1100000.0,900000.0,0.0,0.0,2100000.0,2000000.0,0.0,100000.0,-1800000.0,-18.0,-1900000.0,-19.0,100000.0,0.0,0.0,0.0,-1900000.0,-19.0,-0.682595,-0.682595,2783495.0,2783495.0,,,1620588472,15:27:52,20210509
94,1997-10-31,ANIX,USD,1997-10-31,1997-10-31,Q4,0.0,-100000.0,100000.0,0.0,0.0,4300000.0,0.0,0.0,1600000.0,1500000.0,0.0,100000.0,-1400000.0,0.0,-1500000.0,0.0,100000.0,0.0,0.0,0.0,-1400000.0,0.0,-0.5029647978530588,-0.5029647978530588,2783495.0,2783495.0,,,1620588472,15:27:52,20210509
95,1997-07-31,ANIX,USD,1997-09-12 00:00:00,1997-09-12 00:00:00,Q3,100000.0,-100000.0,200000.0,2.0,800000.0,800000.0,0.0,0.0,1700000.0,1600000.0,0.0,100000.0,-1400000.0,-14.0,-1500000.0,-15.0,100000.0,0.0,0.0,0.0,-1500000.0,-15.0,-0.682595,-0.682595,2197496.0,2197496.0,https://www.sec.gov/Archives/edgar/data/715446/000071544697000016/0000715446-97-000016-index.html,https://www.sec.gov/Archives/edgar/data/715446/0000715446-97-000016.txt,1620588472,15:27:52,20210509
96,1997-04-30,ANIX,USD,1997-06-13 00:00:00,1997-06-13 00:00:00,Q2,100000.0,0.0,0.0,0.0,1100000.0,700000.0,0.0,0.0,1800000.0,1800000.0,0.0,0.0,-1900000.0,-19.0,-1700000.0,-17.0,200000.0,0.0,0.0,0.0,-1600000.0,-16.0,-0.682595,-0.682595,2343996.0,2343996.0,https://www.sec.gov/Archives/edgar/data/715446/000071544697000011/0000715446-97-000011-index.html,https://www.sec.gov/Archives/edgar/data/715446/0000715446-97-000011.txt,1620588472,15:27:52,20210509
97,1997-01-31,ANIX,USD,1997-03-14 00:00:00,1997-03-14 00:00:00,Q1,100000.0,-100000.0,200000.0,2.0,900000.0,700000.0,0.0,0.0,1700000.0,1600000.0,0.0,100000.0,-1400000.0,-14.0,-1500000.0,-15.0,200000.0,0.0,0.0,0.0,-1400000.0,-14.0,-0.455063,-0.455063,3076494.0,3076494.0,https://www.sec.gov/Archives/edgar/data/715446/000090951897000163/0000909518-97-000163-index.html,https://www.sec.gov/Archives/edgar/data/715446/0000909518-97-000163.txt,1620588472,15:27:52,20210509
98,1996-10-31,ANIX,USD,1996-10-31,1996-10-31,Q4,0.0,0.0,0.0,0.0,1400000.0,700000.0,0.0,0.0,2200000.0,2100000.0,0.0,0.0,-2300000.0,0.0,-2100000.0,0.0,200000.0,0.0,0.0,0.0,-2000000.0,0.0,-0.6500906551418595,-0.6500906551418595,3076494.0,3076494.0,,,1620588472,15:27:52,20210509
99,1996-07-31,ANIX,USD,1996-09-13 00:00:00,1996-09-13 00:00:00,Q3,100000.0,0.0,0.0,0.0,1000000.0,700000.0,0.0,0.0,1700000.0,1700000.0,0.0,0.0,-1800000.0,-18.0,-1600000.0,-16.0,200000.0,0.0,0.0,0.0,-1500000.0,-15.0,-0.682595,-0.682595,2197496.0,2197496.0,https://www.sec.gov/Archives/edgar/data/715446/000090951896000309/0000909518-96-000309-index.html,https://www.sec.gov/Archives/edgar/data/715446/0000909518-96-000309.txt,1620588472,15:27:52,20210509
100,1996-04-30,ANIX,USD,1996-06-13 00:00:00,1996-06-13 00:00:00,Q2,100000.0,0.0,0.0,0.0,700000.0,400000.0,0.0,0.0,1100000.0,1100000.0,0.0,0.0,-1100000.0,-11.0,-1000000.0,-10.0,100000.0,0.0,0.0,0.0,-1000000.0,-10.0,-0.455063,-0.455063,2197496.0,2197496.0,https://www.sec.gov/Archives/edgar/data/715446/000090951896000184/0000909518-96-000184-index.html,https://www.sec.gov/Archives/edgar/data/715446/0000909518-96-000184.txt,1620588472,15:27:52,20210509
101,1996-01-31,ANIX,USD,1996-03-14 00:00:00,1996-03-14 00:00:00,Q1,100000.0,0.0,0.0,0.0,800000.0,300000.0,0.0,0.0,1100000.0,1100000.0,0.0,0.0,-1100000.0,-11.0,-1000000.0,-10.0,100000.0,0.0,0.0,0.0,-1000000.0,-10.0,-0.455063,-0.455063,2197496.0,2197496.0,https://www.sec.gov/Archives/edgar/data/715446/000090951896000063/0000909518-96-000063-index.html,https://www.sec.gov/Archives/edgar/data/715446/0000909518-96-000063.txt,1620588472,15:27:52,20210509
102,1995-10-31,ANIX,USD,1996-01-29,1996-01-29,Q4,0.0,0.0,0.0,0.0,900000.0,200000.0,0.0,0.0,1200000.0,1100000.0,0.0,0.0,-1300000.0,0.0,-1100000.0,0.0,200000.0,0.0,0.0,0.0,-900000.0,0.0,-0.4095570594895281,-0.4095570594895281,2197496.0,2197496.0,https://www.sec.gov/Archives/edgar/data/715446/0000909518-96-000011-index.html,https://www.sec.gov/Archives/edgar/data/715446/,1620588472,15:27:52,20210509
103,1995-07-31,ANIX,USD,1995-09-12 00:00:00,1995-09-12 00:00:00,Q3,100000.0,0.0,0.0,0.0,600000.0,300000.0,0.0,0.0,900000.0,900000.0,0.0,0.0,-900000.0,-9.0,-800000.0,-8.0,100000.0,0.0,0.0,0.0,-700000.0,-7.0,-0.455063,-0.455063,1538247.0,1538247.0,https://www.sec.gov/Archives/edgar/data/715446/000090951895000207/0000909518-95-000207-index.html,https://www.sec.gov/Archives/edgar/data/715446/0000909518-95-000207.txt,1620588472,15:27:52,20210509
104,1995-04-30,ANIX,USD,1995-04-30,1995-04-30,Q3,100000.0,0.0,0.0,0.0,500000.0,300000.0,0.0,0.0,800000.0,800000.0,0.0,0.0,-800000.0,-8.0,-700000.0,-7.0,100000.0,0.0,0.0,0.0,-700000.0,-7.0,-0.455063,-0.455063,1538247.0,1538247.0,,,1620588472,15:27:52,20210509
105,1995-01-31,ANIX,USD,1995-01-31,1995-01-31,Q3,100000.0,0.0,0.0,0.0,500000.0,200000.0,0.0,0.0,700000.0,700000.0,0.0,0.0,-700000.0,-7.0,-600000.0,-6.0,100000.0,0.0,0.0,0.0,-700000.0,-7.0,-0.455063,-0.455063,1538247.0,1538247.0,,,1620588472,15:27:52,20210509
106,1994-07-31,ANIX,USD,1994-07-31,1994-07-31,Q3,100000.0,0.0,0.0,0.0,600000.0,300000.0,0.0,0.0,900000.0,900000.0,0.0,0.0,-900000.0,-9.0,-800000.0,-8.0,100000.0,0.0,0.0,0.0,-800000.0,-8.0,-0.455063,-0.455063,1757997.0,1757997.0,,,1620588472,15:27:52,20210509
107,1994-04-30,ANIX,USD,1994-04-30,1994-04-30,Q3,100000.0,0.0,0.0,0.0,200000.0,700000.0,0.0,0.0,900000.0,900000.0,0.0,0.0,-800000.0,-8.0,-800000.0,-8.0,0.0,0.0,0.0,0.0,-800000.0,-8.0,-0.455063,-0.455063,1757997.0,1757997.0,,,1620588472,15:27:52,20210509
108,1994-01-31,ANIX,USD,1994-01-31,1994-01-31,Q3,100000.0,0.0,0.0,0.0,0.0,1200000.0,0.0,0.0,1200000.0,1200000.0,0.0,0.0,-1200000.0,-12.0,-1100000.0,-11.0,100000.0,0.0,0.0,0.0,-1100000.0,-11.0,-0.682595,-0.682595,1611497.0,1611497.0,,,1620588472,15:27:52,20210509
109,1993-07-31,ANIX,USD,1993-07-31,1993-07-31,Q3,100000.0,0.0,0.0,0.0,0.0,600000.0,0.0,0.0,600000.0,600000.0,0.0,0.0,-500000.0,-5.0,-500000.0,-5.0,0.0,0.0,0.0,0.0,-600000.0,-6.0,-0.455063,-0.455063,1318498.0,1318498.0,,,1620588472,15:27:52,20210509
110,1993-04-30,ANIX,USD,1993-04-30,1993-04-30,Q3,100000.0,0.0,0.0,0.0,0.0,800000.0,0.0,0.0,800000.0,800000.0,0.0,0.0,-700000.0,-7.0,-700000.0,-7.0,0.0,0.0,0.0,0.0,-800000.0,-8.0,-0.455063,-0.455063,1757997.0,1757997.0,,,1620588472,15:27:52,20210509
111,1993-01-31,ANIX,USD,1993-01-31,1993-01-31,Q3,100000.0,0.0,0.0,0.0,0.0,600000.0,0.0,0.0,600000.0,600000.0,0.0,0.0,-500000.0,-5.0,-500000.0,-5.0,0.0,0.0,0.0,0.0,-600000.0,-6.0,-0.455063,-0.455063,1318498.0,1318498.0,,,1620588472,15:27:52,20210509
112,1992-07-31,ANIX,USD,1992-07-31,1992-07-31,Q3,100000.0,500000.0,-400000.0,-4.0,0.0,0.0,0.0,0.0,0.0,500000.0,0.0,0.0,-400000.0,-4.0,-400000.0,-4.0,0.0,0.0,0.0,0.0,-400000.0,-4.0,-0.227532,-0.227532,1757997.0,1757997.0,,,1620588472,15:27:52,20210509
113,1992-04-30,ANIX,USD,1992-04-30,1992-04-30,Q3,100000.0,0.0,0.0,0.0,0.0,500000.0,0.0,0.0,500000.0,500000.0,0.0,0.0,-400000.0,-4.0,-400000.0,-4.0,0.0,0.0,0.0,0.0,-500000.0,-5.0,-0.227532,-0.227532,2197496.0,2197496.0,,,1620588472,15:27:52,20210509
114,1992-01-31,ANIX,USD,1992-01-31,1992-01-31,Q3,100000.0,0.0,0.0,0.0,0.0,400000.0,0.0,0.0,400000.0,400000.0,0.0,0.0,-300000.0,-3.0,-300000.0,-3.0,0.0,0.0,0.0,0.0,-400000.0,-4.0,-0.227532,-0.227532,1757997.0,1757997.0,,,1620588472,15:27:52,20210509
115,1991-07-31,ANIX,USD,1991-07-31,1991-07-31,Q3,100000.0,0.0,0.0,0.0,0.0,300000.0,0.0,0.0,300000.0,300000.0,0.0,0.0,-300000.0,-3.0,-200000.0,-2.0,100000.0,0.0,0.0,0.0,-300000.0,-3.0,-0.227532,-0.227532,1318498.0,1318498.0,,,1620588472,15:27:52,20210509
116,1991-04-30,ANIX,USD,1991-04-30,1991-04-30,Q3,100000.0,0.0,0.0,0.0,0.0,400000.0,0.0,0.0,400000.0,400000.0,0.0,0.0,-400000.0,-4.0,-300000.0,-3.0,100000.0,0.0,0.0,0.0,-300000.0,-3.0,-0.227532,-0.227532,1318498.0,1318498.0,,,1620588472,15:27:52,20210509
117,1991-01-31,ANIX,USD,1991-01-31,1991-01-31,Q3,100000.0,0.0,0.0,0.0,0.0,400000.0,0.0,0.0,400000.0,400000.0,0.0,0.0,-400000.0,-4.0,-300000.0,-3.0,100000.0,0.0,0.0,0.0,-300000.0,-3.0,-0.227532,-0.227532,1318498.0,1318498.0,,,1620588472,15:27:52,20210509
118,1990-07-31,ANIX,USD,1990-07-31,1990-07-31,Q3,100000.0,0.0,0.0,0.0,0.0,300000.0,0.0,0.0,300000.0,300000.0,0.0,0.0,-300000.0,-3.0,-200000.0,-2.0,100000.0,0.0,0.0,0.0,-300000.0,-3.0,-0.227532,-0.227532,1318498.0,1318498.0,,,1620588472,15:27:52,20210509
119,1990-04-30,ANIX,USD,1990-04-30,1990-04-30,Q3,100000.0,0.0,0.0,0.0,0.0,400000.0,0.0,0.0,400000.0,400000.0,0.0,0.0,-400000.0,-4.0,-300000.0,-3.0,100000.0,0.0,0.0,0.0,-300000.0,-3.0,-0.227532,-0.227532,1318498.0,1318498.0,,,1620588472,15:27:52,20210509
120,1990-01-31,ANIX,USD,1990-01-31,1990-01-31,Q3,100000.0,0.0,0.0,0.0,0.0,400000.0,0.0,0.0,400000.0,400000.0,0.0,0.0,-400000.0,-4.0,-300000.0,-3.0,100000.0,0.0,0.0,0.0,-300000.0,-3.0,-0.227532,-0.227532,1318498.0,1318498.0,,,1620588472,15:27:52,20210509
