,date,symbol,reportedCurrency,fillingDate,acceptedDate,period,revenue,costOfRevenue,grossProfit,grossProfitRatio,researchAndDevelopmentExpenses,generalAndAdministrativeExpenses,sellingAndMarketingExpenses,otherExpenses,operatingExpenses,costAndExpenses,interestExpense,depreciationAndAmortization,ebitda,ebitdaratio,operatingIncome,operatingIncomeRatio,totalOtherIncomeExpensesNet,incomeBeforeTax,incomeBeforeTaxRatio,incomeTaxExpense,netIncome,netIncomeRatio,eps,epsdiluted,weightedAverageShsOut,weightedAverageShsOutDil,link,finalLink,timestamp,est_time,est_date
0,2021-01-31,CLDR,USD,2021-03-25,2021-03-25 16:24:58,Q4,226563000,43261000,183302000,0.8090553179468846,61681000,69562000.0,103654000,-202000.0,234897000,278158000,0.0,22377000.0,-29218000.0,-0.12896192229093012,-51595000,-0.2277291525977322,-202000.0,-52689000,-0.23255783159650958,2089000.0,-54778000,-0.24177822504115853,-0.1761299512232765,-0.1761299512232765,311009000,311009000,https://www.sec.gov/Archives/edgar/data/1535379/000162828021005632/0001628280-21-005632-index.htm,https://www.sec.gov/Archives/edgar/data/1535379/000162828021005632/cldr-20210131.htm,1620590352,15:59:12,20210509
1,2020-10-31,CLDR,USD,2020-12-04,2020-12-04 16:07:47,Q3,217899000,42047000,175852000,0.8070344517414031,56306000,33923000.0,97952000,-1398000.0,188181000,230228000,0.0,22077000.0,9748000.0,0.044736322791752145,-12329000,-0.05658126012510383,-1398000.0,-12526000,-0.05748534871660724,1419000.0,-13945000,-0.06399754014474596,-0.04,-0.04,311009000,311009000,https://www.sec.gov/Archives/edgar/data/1535379/000162828020017108/0001628280-20-017108-index.htm,https://www.sec.gov/Archives/edgar/data/1535379/000162828020017108/cldr-20201031.htm,1620590352,15:59:12,20210509
2,2020-07-31,CLDR,USD,2020-09-04 00:00:00,2020-09-04 16:13:43,Q2,214336000,49639000,164697000,0.7684056808002389,62304000,33167000.0,105760000,980000.0,201231000,250870000,0.0,22366000.0,-14168000.0,-0.0661018214392356,-36534000,-0.1704520005971932,980000.0,-34110000,-0.15914265452373844,1887000.0,-35997000,-0.16794658853389072,-0.12,-0.12,300103000,300103000,https://www.sec.gov/Archives/edgar/data/1535379/000162828020013328/0001628280-20-013328-index.htm,https://www.sec.gov/Archives/edgar/data/1535379/000162828020013328/cldr-20200731.htm,1620590352,15:59:12,20210509
3,2020-04-30,CLDR,USD,2020-06-05,2020-06-05 16:09:27,Q1,210460000,54241000,156219000,0.7422740663308942,64216000,34675000.0,113135000,-2497000.0,212026000,266267000,0.0,22573000.0,-33234000.0,-0.157911242041243,-55807000,-0.2651667775349235,-2497000.0,-56063000,-0.2663831606956191,1951000.0,-58014000,-0.27565333079920173,-0.2,-0.2,295293000,295293000,https://www.sec.gov/Archives/edgar/data/1535379/000162828020009075/0001628280-20-009075-index.htm,https://www.sec.gov/Archives/edgar/data/1535379/000162828020009075/cldr-20200430.htm,1620590352,15:59:12,20210509
4,2020-01-31,CLDR,USD,2020-03-27 00:00:00,2020-03-27 16:49:43,Q4,211720000,56511000,155209000,0.7330861515208766,66994000,34768000.0,117884000,-106000.0,219646000,276157000,0.0,-10864000.0,-75301000.0,-0.3556631399962214,-64437000,-0.30435008501794825,-106000.0,-62059000,-0.2931182694124315,2228000.0,-64287000,-0.3036416021160023,-0.2177058040657923,-0.2177058040657923,295293000,295293000,https://www.sec.gov/Archives/edgar/data/1535379/000162828020004231/0001628280-20-004231-index.html,https://www.sec.gov/Archives/edgar/data/1535379/000162828020004231/cldr-20200131.htm,1620590352,15:59:12,20210509
5,2019-10-31,CLDR,USD,2019-12-06 00:00:00,2019-12-06 16:03:49,Q3,198292000,57628000,140664000,0.7093780888790269,66657000,38691000.0,117783000,-46000.0,223131000,280759000,0.0,33956000.0,-48511000.0,-0.24464426199745828,-82467000,-0.4158866721804208,-46000.0,-79757000,-0.4022199584451213,2365000.0,-82122000,-0.4141468137897646,-0.29,-0.29,283267000,283267000,https://www.sec.gov/Archives/edgar/data/1535379/000162828019014815/0001628280-19-014815-index.html,https://www.sec.gov/Archives/edgar/data/1535379/000162828019014815/q3-20cldr10q.htm,1620590352,15:59:12,20210509
6,2019-07-31,CLDR,USD,2019-09-04 00:00:00,2019-09-04 17:25:09,Q2,196711000,57130000,139581000,0.7095739435008719,65742000,50445000.0,112491000,104000.0,228678000,285808000,0.0,34433000.0,-54664000.0,-0.27788989939555997,-89097000,-0.45293349126383375,104000.0,-85837000,-0.43636095592010615,1206000.0,-87043000,-0.44249177727732564,-0.31,-0.31,276778000,276778000,https://www.sec.gov/Archives/edgar/data/1535379/000162828019011400/0001628280-19-011400-index.html,https://www.sec.gov/Archives/edgar/data/1535379/000162828019011400/q2-20cldr10q.htm,1620590352,15:59:12,20210509
7,2019-04-30,CLDR,USD,2019-06-05 00:00:00,2019-06-05 17:27:29,Q1,187468000,61233000,126235000,0.6733682548488276,64173000,46432000.0,119383000,233000.0,229988000,291221000,0.0,34631000.0,-69122000.0,-0.3687135937866729,-103753000,-0.5534437877397742,233000.0,-100229000,-0.5346459129024687,2901000.0,-103130000,-0.550120553907867,-0.38,-0.38,271352000,271352000,https://www.sec.gov/Archives/edgar/data/1535379/000162828019007611/0001628280-19-007611-index.html,https://www.sec.gov/Archives/edgar/data/1535379/000162828019007611/q1-20cldr10q.htm,1620590352,15:59:12,20210509
8,2019-01-31,CLDR,USD,2019-03-29 00:00:00,2019-03-29 17:12:48,Q4,148713000,40655000,108058000,0.7266210754944087,52787000,55120000.0,83294000,676000.0,191201000,231856000,0.0,9669000.0,-73474000.0,-0.4940657508086045,-83143000,-0.5590836039888913,676000.0,-79876000,-0.5371151143477705,1823000.0,-81699000,-0.5493736257085796,-0.45,-0.45,190408000,190408000,https://www.sec.gov/Archives/edgar/data/1535379/000162828019003670/0001628280-19-003670-index.html,https://www.sec.gov/Archives/edgar/data/1535379/000162828019003670/fy-19cldr10k.htm,1620590352,15:59:12,20210509
9,2018-10-31,CLDR,USD,2018-12-06 00:00:00,2018-12-06 09:21:07,Q3,118183000,29976000,88207000,0.7463594594823283,37563000,22067000.0,54927000,-1126000.0,114557000,144533000,0.0,2691000.0,-23659000.0,-0.2001895365661728,-26350000,-0.22295930886844978,-1126000.0,-25036000,-0.2118409585134918,1498000.0,-26534000,-0.2245162163762978,-0.17,-0.17,152245000,152245000,https://www.sec.gov/Archives/edgar/data/1535379/000162828018014845/0001628280-18-014845-index.html,https://www.sec.gov/Archives/edgar/data/1535379/000162828018014845/q3-19cldr10q.htm,1620590352,15:59:12,20210509
10,2018-07-31,CLDR,USD,2018-09-06 00:00:00,2018-09-05 17:51:20,Q2,110338000,32132000,78206000,0.7087857311171128,39800000,17090000.0,55166000,-907000.0,112056000,144188000,0.0,2676000.0,-31174000.0,-0.28253185665863073,-33850000,-0.30678460729757656,-907000.0,-32584000,-0.2953107723540394,791000.0,-33375000,-0.3024796534285559,-0.22,-0.22,149505000,149505000,https://www.sec.gov/Archives/edgar/data/1535379/000162828018011639/0001628280-18-011639-index.html,https://www.sec.gov/Archives/edgar/data/1535379/000162828018011639/q2-19cldr10q.htm,1620590352,15:59:12,20210509
11,2018-04-30,CLDR,USD,2018-06-06 00:00:00,2018-06-06 17:25:45,Q1,102707000,33351000,69356000,0.6752801659088475,43664000,16336000.0,59777000,-1121000.0,119777000,153128000,0.0,2392000.0,-48029000.0,-0.4676312227988355,-50421000,-0.49092077463074574,-1121000.0,-49735000,-0.4842415804180825,1306000.0,-51041000,-0.49695736415239466,-0.35,-0.35,146678000,146678000,https://www.sec.gov/Archives/edgar/data/1535379/000162828018007661/0001628280-18-007661-index.html,https://www.sec.gov/Archives/edgar/data/1535379/000162828018007661/q1-19cldr10q.htm,1620590352,15:59:12,20210509
12,2018-01-31,CLDR,USD,2018-04-04 00:00:00,2018-04-04 15:34:28,Q4,103450000,32827000,70623000,0.6826776220396327,38925000,15548000.0,61828000,1080000.0,116301000,149128000,0.0,2407000.0,-43271000.0,-0.41827936201063315,-45678000,-0.4415466408893185,1080000.0,-43038000,-0.41602706621556307,869000.0,-43907000,-0.42442725954567423,-0.31,-0.31,142857000,142857000,https://www.sec.gov/Archives/edgar/data/1535379/000162828018004005/0001628280-18-004005-index.html,https://www.sec.gov/Archives/edgar/data/1535379/000162828018004005/fy-18cldr10k.htm,1620590352,15:59:12,20210509
13,2017-10-31,CLDR,USD,2017-12-08 00:00:00,2017-12-08 14:36:20,Q3,94569000,33126000,61443000,0.6497160803223043,38095000,15877000.0,64061000,-490000.0,118033000,151159000,0.0,2701000.0,-53889000.0,-0.5698378961393269,-56590000,-0.5983990525436453,-490000.0,-55579000,-0.5877084456851611,-241000.0,-55338000,-0.5851600418741871,-0.4,-0.4,138506000,138506000,https://www.sec.gov/Archives/edgar/data/1535379/000162828017012249/0001628280-17-012249-index.html,https://www.sec.gov/Archives/edgar/data/1535379/000162828017012249/q3-18cldr10q.htm,1620590352,15:59:12,20210509
14,2017-07-31,CLDR,USD,2017-09-12 00:00:00,2017-09-12 15:34:44,Q2,89828000,31970000,57858000,0.6440976087634145,42844000,18564000.0,62135000,817000.0,123543000,155513000,0.0,3352000.0,-62333000.0,-0.6939150376274659,-65685000,-0.7312307966335664,817000.0,-63428000,-0.7061050006679431,801000.0,-64229000,-0.7150220421249499,-0.48,-0.48,134506000,134506000,https://www.sec.gov/Archives/edgar/data/1535379/000162828017009243/0001628280-17-009243-index.html,https://www.sec.gov/Archives/edgar/data/1535379/000162828017009243/q2-18cldr10q.htm,1620590352,15:59:12,20210509
15,2017-04-30,CLDR,USD,2017-06-09,2017-06-09,Q2,79596000,60112000,19484000,0.24478617015930448,95831000,35550000.0,110443000,22000.0,241824000,301936000,0.0,3642000.0,-218698000.0,-2.74760038192874,-222340000,-2.793356450072868,22000.0,-221669000,-2.7849263782099603,650000.0,-222319000,-2.7930926177194833,-1.735998,-1.735998,128064103,128064103,https://www.sec.gov/Archives/edgar/data/1535379/000162828017006344/0001628280-17-006344-index.htm,https://www.sec.gov/Archives/edgar/data/1535379/000162828017006344/q1-18cldr10q.htm,1620590352,15:59:12,20210509
16,2017-01-31,CLDR,USD,2017-01-31,2017-01-31,Q2,72827000,22175000,50652000,0.6955112801570846,25191000,30598000.0,55911000,-236000.0,111700000,133875000,0.0,2663000.0,-58385000.0,-0.8016944265176377,-61048000,-0.8382605352410507,-236000.0,-60671000,-0.8330838837244429,761000.0,-61432000,-0.8435333049555797,-0.5423988459526885,-0.5423988459526885,113259828,113259828,,,1620590352,15:59:12,20210509
17,2016-10-31,CLDR,USD,2016-10-31,2016-10-31,Q3,67258000,22439000,44819000,0.6663742603110411,25968000,8633000.0,54206000,-296000.0,88807000,111246000,0.0,2518000.0,-41470000.0,-0.6165809271759494,-43988000,-0.654018852775878,-296000.0,-43589000,-0.6480864729846264,456000.0,-44045000,-0.6548663356031996,-0.388885,-0.388885,113259828,113259828,,,1620590352,15:59:12,20210509
18,2016-07-31,CLDR,USD,2016-07-31,2016-07-31,Q2,64456000,21339000,43117000,0.6689369492366886,26635000,8367000.0,46902000,-178000.0,81904000,103243000,0.0,2548000.0,-36239000.0,-0.562228496959166,-38787000,-0.6017593397046047,-178000.0,-38257000,-0.5935366761822018,470000.0,-38727000,-0.6008284721360307,-0.341931,-0.341931,113259828,113259828,,,1620590352,15:59:12,20210509
19,2016-04-30,CLDR,USD,2016-04-30,2016-04-30,Q2,56485000,21035000,35450000,0.6276002478534124,24515000,8309000.0,46142000,163000.0,78966000,100001000,0.0,2405000.0,-41111000.0,-0.7278215455430646,-43516000,-0.7703992210321324,163000.0,-42613000,-0.7544126759316633,500000.0,-43113000,-0.7632645835177481,-0.380656,-0.380656,113259828,113259828,,,1620590352,15:59:12,20210509
