,date,symbol,reportedCurrency,fillingDate,acceptedDate,period,revenue,costOfRevenue,grossProfit,grossProfitRatio,researchAndDevelopmentExpenses,generalAndAdministrativeExpenses,sellingAndMarketingExpenses,otherExpenses,operatingExpenses,costAndExpenses,interestExpense,depreciationAndAmortization,ebitda,ebitdaratio,operatingIncome,operatingIncomeRatio,totalOtherIncomeExpensesNet,incomeBeforeTax,incomeBeforeTaxRatio,incomeTaxExpense,netIncome,netIncomeRatio,eps,epsdiluted,weightedAverageShsOut,weightedAverageShsOutDil,link,finalLink,timestamp,est_time,est_date
0,2020-09-30,TNP.AX,AUD,2020-09-30,2020-09-30,Q3,0.0,0.0,0.0,0.0,0.0,32663.25,0.0,0.0,74269.25,0.0,0.0,0.0,-106932.5,0.0,-106932.5,0.0,0.0,-106922.0,0.0,0.0,-105458.5,0.0,-0.0019426927334816083,-0.0019426927334816083,54284704.0,54284704.0,,,1620598922,18:22:02,20210509
1,2020-06-30,TNP.AX,AUD,2020-06-30,2020-06-30,Q2,0.0,0.0,0.0,0.0,0.0,32663.25,0.0,0.0,74269.25,0.0,0.0,0.0,-106932.5,0.0,-106932.5,0.0,0.0,-106922.0,0.0,0.0,-105458.5,0.0,-0.0019426927334816083,-0.0019426927334816083,54284704.0,54284704.0,,,1620598922,18:22:02,20210509
2,2020-03-31,TNP.AX,AUD,2020-03-31,2020-03-31,Q1,0.0,0.0,0.0,0.0,0.0,32663.25,0.0,0.0,74269.25,0.0,0.0,0.0,-106932.5,0.0,-106932.5,0.0,0.0,-106922.0,0.0,0.0,-105458.5,0.0,-0.0019426927334816083,-0.0019426927334816083,54284704.0,54284704.0,,,1620598922,18:22:02,20210509
3,2020-01-31,TNP.AX,AUD,2020-01-31,2020-01-31,Q1,0.0,0.0,0.0,0.0,0.0,32663.25,0.0,0.0,74269.25,0.0,0.0,0.0,-106932.5,0.0,-106932.5,0.0,0.0,-106922.0,0.0,0.0,-105458.5,0.0,-0.0019426927334816083,-0.0019426927334816083,54284704.0,54284704.0,,,1620598922,18:22:02,20210509
4,2019-06-30,TNP.AX,AUD,2019-06-30,2019-06-30,Q2,0.0,0.0,0.0,0.0,0.0,88442.5,0.0,0.0,23724.0,0.0,0.0,0.0,-112166.5,0.0,-112166.5,0.0,0.0,-112101.25,0.0,0.0,-110995.25,0.0,-0.00205,-0.00205,54284704.0,54284704.0,,,1620598922,18:22:02,20210509
5,2019-03-31,TNP.AX,AUD,2019-03-31,2019-03-31,Q1,0.0,0.0,0.0,0.0,0.0,88442.5,0.0,0.0,23724.0,0.0,0.0,0.0,-112166.5,0.0,-112166.5,0.0,0.0,-112101.25,0.0,0.0,-110995.25,0.0,-0.00205,-0.00205,54284704.0,54284704.0,,,1620598922,18:22:02,20210509
6,2019-01-31,TNP.AX,AUD,2019-01-31,2019-01-31,Q1,0.0,0.0,0.0,0.0,0.0,88442.5,0.0,0.0,23724.0,0.0,0.0,0.0,-112166.5,0.0,-112166.5,0.0,0.0,-112101.25,0.0,0.0,-110995.25,0.0,-0.00205,-0.00205,54284704.0,54284704.0,,,1620598922,18:22:02,20210509
7,2018-06-30,TNP.AX,AUD,2018-06-30,2018-06-30,Q2,0.0,0.0,0.0,0.0,0.0,100077.5,0.0,0.0,56605.0,0.0,0.0,0.0,-156682.5,0.0,-156682.5,0.0,0.0,-156139.75,0.0,0.0,-154692.0,0.0,-0.00330525,-0.00330525,46738911.0,46738911.0,,,1620598922,18:22:02,20210509
8,2018-03-31,TNP.AX,AUD,2018-03-31,2018-03-31,Q1,0.0,0.0,0.0,0.0,0.0,100077.5,0.0,0.0,56605.0,0.0,0.0,0.0,-156682.5,0.0,-156682.5,0.0,0.0,-156139.75,0.0,0.0,-154692.0,0.0,-0.00330525,-0.00330525,46738911.0,46738911.0,,,1620598922,18:22:02,20210509
9,2018-01-31,TNP.AX,AUD,2018-01-31,2018-01-31,Q1,0.0,0.0,0.0,0.0,0.0,100077.5,0.0,0.0,56605.0,0.0,0.0,0.0,-156682.5,0.0,-156682.5,0.0,0.0,-156139.75,0.0,0.0,-154692.0,0.0,-0.00330525,-0.00330525,46738911.0,46738911.0,,,1620598922,18:22:02,20210509
10,2017-06-30,TNP.AX,AUD,2017-06-30,2017-06-30,Q2,0.0,0.0,0.0,0.0,184834.5,202627.5,0.0,-6312.75,39620.75,0.0,0.0,0.0,-427082.75,0.0,-427082.75,0.0,-6312.75,-432051.75,0.0,0.0,-432051.75,0.0,-0.01072,-0.01072,41546455.0,41546455.0,,,1620598922,18:22:02,20210509
11,2017-03-31,TNP.AX,AUD,2017-03-31,2017-03-31,Q1,0.0,0.0,0.0,0.0,184834.5,202627.5,0.0,-6312.75,39620.75,0.0,0.0,0.0,-427082.75,0.0,-427082.75,0.0,-6312.75,-432051.75,0.0,0.0,-432051.75,0.0,-0.01072,-0.01072,41546455.0,41546455.0,,,1620598922,18:22:02,20210509
12,2017-01-31,TNP.AX,AUD,2017-01-31,2017-01-31,Q1,0.0,0.0,0.0,0.0,184834.5,202627.5,0.0,-6312.75,39620.75,0.0,0.0,0.0,-427082.75,0.0,-427082.75,0.0,-6312.75,-432051.75,0.0,0.0,-432051.75,0.0,-0.01072,-0.01072,41546455.0,41546455.0,,,1620598922,18:22:02,20210509
13,2016-06-30,TNP.AX,AUD,2016-06-30,2016-06-30,Q2,0.0,0.0,0.0,0.0,113703.75,166119.0,0.0,5214.5,132770.5,0.0,0.0,0.0,-412593.25,0.0,-412593.25,0.0,5214.5,-405503.25,0.0,0.0,-405503.25,0.0,-0.0134,-0.0134,31047150.0,31047150.0,,,1620598922,18:22:02,20210509
14,2016-03-31,TNP.AX,AUD,2016-03-31,2016-03-31,Q1,0.0,0.0,0.0,0.0,113703.75,166119.0,0.0,5214.5,132770.5,0.0,0.0,0.0,-412593.25,0.0,-412593.25,0.0,5214.5,-405503.25,0.0,0.0,-405503.25,0.0,-0.0134,-0.0134,31047150.0,31047150.0,,,1620598922,18:22:02,20210509
15,2016-01-31,TNP.AX,AUD,2016-01-31,2016-01-31,Q1,0.0,0.0,0.0,0.0,113703.75,166119.0,0.0,5214.5,132770.5,0.0,0.0,0.0,-412593.25,0.0,-412593.25,0.0,5214.5,-405503.25,0.0,0.0,-405503.25,0.0,-0.0134,-0.0134,31047150.0,31047150.0,,,1620598922,18:22:02,20210509
16,2015-09-30,TNP.AX,AUD,2015-09-30,2015-09-30,Q3,0.0,0.0,0.0,0.0,0.0,13500.0,0.0,0.0,161288.25,0.0,0.0,0.0,-174788.25,0.0,-174788.25,0.0,0.0,-173455.75,0.0,0.0,-173455.75,0.0,-0.00893325,-0.00893325,18965020.0,18965020.0,,,1620598922,18:22:02,20210509
17,2015-06-30,TNP.AX,AUD,2015-06-30,2015-06-30,Q2,0.0,0.0,0.0,0.0,0.0,13500.0,0.0,0.0,161288.25,0.0,0.0,0.0,-174788.25,0.0,-174788.25,0.0,0.0,-173455.75,0.0,0.0,-173455.75,0.0,-0.00893325,-0.00893325,18965020.0,18965020.0,,,1620598922,18:22:02,20210509
18,2015-03-31,TNP.AX,AUD,2015-03-31,2015-03-31,Q1,0.0,0.0,0.0,0.0,0.0,13500.0,0.0,0.0,161288.25,0.0,0.0,0.0,-174788.25,0.0,-174788.25,0.0,0.0,-173455.75,0.0,0.0,-173455.75,0.0,-0.00893325,-0.00893325,18965020.0,18965020.0,,,1620598922,18:22:02,20210509
19,2015-01-31,TNP.AX,AUD,2015-01-31,2015-01-31,Q1,0.0,0.0,0.0,0.0,0.0,13500.0,0.0,0.0,161288.25,0.0,0.0,0.0,-174788.25,0.0,-174788.25,0.0,0.0,-173455.75,0.0,0.0,-173455.75,0.0,-0.00893325,-0.00893325,18965020.0,18965020.0,,,1620598922,18:22:02,20210509
20,2014-09-30,TNP.AX,AUD,2014-09-30,2014-09-30,Q3,0.0,0.0,0.0,0.0,0.0,110389.0,0.0,0.0,44616.0,0.0,0.0,0.0,-155005.0,0.0,-155005.0,0.0,0.0,-150716.25,0.0,0.0,-150716.25,0.0,-0.00982675,-0.00982675,14935294.0,14935294.0,,,1620598922,18:22:02,20210509
21,2014-06-30,TNP.AX,AUD,2014-06-30,2014-06-30,Q2,0.0,0.0,0.0,0.0,0.0,110389.0,0.0,0.0,44616.0,0.0,0.0,0.0,-155005.0,0.0,-155005.0,0.0,0.0,-150716.25,0.0,0.0,-150716.25,0.0,-0.00982675,-0.00982675,14935294.0,14935294.0,,,1620598922,18:22:02,20210509
22,2014-03-31,TNP.AX,AUD,2014-03-31,2014-03-31,Q1,0.0,0.0,0.0,0.0,0.0,110389.0,0.0,0.0,44616.0,0.0,0.0,0.0,-155005.0,0.0,-155005.0,0.0,0.0,-150716.25,0.0,0.0,-150716.25,0.0,-0.00982675,-0.00982675,14935294.0,14935294.0,,,1620598922,18:22:02,20210509
23,2014-01-31,TNP.AX,AUD,2014-01-31,2014-01-31,Q1,0.0,0.0,0.0,0.0,0.0,110389.0,0.0,0.0,44616.0,0.0,0.0,0.0,-155005.0,0.0,-155005.0,0.0,0.0,-150716.25,0.0,0.0,-150716.25,0.0,-0.00982675,-0.00982675,14935294.0,14935294.0,,,1620598922,18:22:02,20210509
24,2013-09-30,TNP.AX,AUD,2013-09-30,2013-09-30,Q3,0.0,0.0,0.0,0.0,0.0,162636.5,0.0,1132.5,87488.5,0.0,0.0,0.0,-250125.0,0.0,-250125.0,0.0,1132.5,-241761.5,0.0,0.0,-241761.5,0.0,-0.0268,-0.0268,8914588.0,8914588.0,,,1620598922,18:22:02,20210509
25,2013-06-30,TNP.AX,AUD,2013-06-30,2013-06-30,Q2,0.0,0.0,0.0,0.0,0.0,162636.5,0.0,1132.5,87488.5,0.0,0.0,0.0,-250125.0,0.0,-250125.0,0.0,1132.5,-241761.5,0.0,0.0,-241761.5,0.0,-0.0268,-0.0268,8914588.0,8914588.0,,,1620598922,18:22:02,20210509
26,2013-03-31,TNP.AX,AUD,2013-03-31,2013-03-31,Q1,0.0,0.0,0.0,0.0,0.0,162636.5,0.0,1132.5,87488.5,0.0,0.0,0.0,-250125.0,0.0,-250125.0,0.0,1132.5,-241761.5,0.0,0.0,-241761.5,0.0,-0.0268,-0.0268,8914588.0,8914588.0,,,1620598922,18:22:02,20210509
27,2013-01-31,TNP.AX,AUD,2013-01-31,2013-01-31,Q1,0.0,0.0,0.0,0.0,0.0,162636.5,0.0,1132.5,87488.5,0.0,0.0,0.0,-250125.0,0.0,-250125.0,0.0,1132.5,-241761.5,0.0,0.0,-241761.5,0.0,-0.0268,-0.0268,8914588.0,8914588.0,,,1620598922,18:22:02,20210509
28,2012-09-30,TNP.AX,AUD,2012-09-30,2012-09-30,Q3,13.0,0.0,13.0,1.0,0.0,147763.0,0.0,824.5,458205.75,0.0,0.0,0.0,-605955.75,-2.145371176030593e-05,-605955.75,-46611.980769230766,824.5,-603861.5,-46450.88461538462,0.0,-603861.5,-46450.88461538462,-0.13846675,-0.13846675,4352142.0,4352142.0,,,1620598922,18:22:02,20210509
29,2012-06-30,TNP.AX,AUD,2012-06-30,2012-06-30,Q2,13.0,0.0,13.0,1.0,0.0,147763.0,0.0,824.5,458205.75,0.0,0.0,0.0,-605955.75,-2.145371176030593e-05,-605955.75,-46611.980769230766,824.5,-603861.5,-46450.88461538462,0.0,-603861.5,-46450.88461538462,-0.13846675,-0.13846675,4352142.0,4352142.0,,,1620598922,18:22:02,20210509
30,2012-03-31,TNP.AX,AUD,2012-03-31,2012-03-31,Q1,13.0,0.0,13.0,1.0,0.0,147763.0,0.0,824.5,458205.75,0.0,0.0,0.0,-605955.75,-2.145371176030593e-05,-605955.75,-46611.980769230766,824.5,-603861.5,-46450.88461538462,0.0,-603861.5,-46450.88461538462,-0.13846675,-0.13846675,4352142.0,4352142.0,,,1620598922,18:22:02,20210509
31,2012-01-31,TNP.AX,AUD,2012-01-31,2012-01-31,Q1,13.0,0.0,13.0,1.0,0.0,147763.0,0.0,824.5,458205.75,0.0,0.0,0.0,-605955.75,-2.145371176030593e-05,-605955.75,-46611.980769230766,824.5,-603861.5,-46450.88461538462,0.0,-603861.5,-46450.88461538462,-0.13846675,-0.13846675,4352142.0,4352142.0,,,1620598922,18:22:02,20210509
32,2011-09-30,TNP.AX,AUD,2011-09-30,2011-09-30,Q3,151.5,0.0,151.5,1.0,0.0,135573.5,0.0,-86336.25,799053.0,0.0,0.0,0.0,-934475.0,-0.00016212311725835363,-934475.0,-6168.151815181518,-86336.25,-1011833.25,-6678.767326732674,0.0,-1011833.25,-6678.767326732674,-0.40224225,-0.40224225,2514345.0,2514345.0,,,1620598922,18:22:02,20210509
33,2011-06-30,TNP.AX,AUD,2011-06-30,2011-06-30,Q2,151.5,0.0,151.5,1.0,0.0,135573.5,0.0,-86336.25,799053.0,0.0,0.0,0.0,-934475.0,-0.00016212311725835363,-934475.0,-6168.151815181518,-86336.25,-1011833.25,-6678.767326732674,0.0,-1011833.25,-6678.767326732674,-0.40224225,-0.40224225,2514345.0,2514345.0,,,1620598922,18:22:02,20210509
34,2011-03-31,TNP.AX,AUD,2011-03-31,2011-03-31,Q1,151.5,0.0,151.5,1.0,0.0,135573.5,0.0,-86336.25,799053.0,0.0,0.0,0.0,-934475.0,-0.00016212311725835363,-934475.0,-6168.151815181518,-86336.25,-1011833.25,-6678.767326732674,0.0,-1011833.25,-6678.767326732674,-0.40224225,-0.40224225,2514345.0,2514345.0,,,1620598922,18:22:02,20210509
35,2011-01-31,TNP.AX,AUD,2011-01-31,2011-01-31,Q1,151.5,0.0,151.5,1.0,0.0,135573.5,0.0,-86336.25,799053.0,0.0,0.0,0.0,-934475.0,-0.00016212311725835363,-934475.0,-6168.151815181518,-86336.25,-1011833.25,-6678.767326732674,0.0,-1011833.25,-6678.767326732674,-0.40224225,-0.40224225,2514345.0,2514345.0,,,1620598922,18:22:02,20210509
36,2010-09-30,TNP.AX,AUD,2010-09-30,2010-09-30,Q3,0.0,0.0,0.0,0.0,0.0,32341.25,0.0,-53606.0,24281.75,0.0,0.0,0.0,-81893.25,0.0,-81893.25,0.0,-53606.0,-124884.25,0.0,0.0,-125125.5,0.0,-0.02528825,-0.02528825,1989115.0,1989115.0,,,1620598922,18:22:02,20210509
37,2010-06-30,TNP.AX,AUD,2010-06-30,2010-06-30,Q2,0.0,0.0,0.0,0.0,0.0,32341.25,0.0,-53606.0,24281.75,0.0,0.0,0.0,-81893.25,0.0,-81893.25,0.0,-53606.0,-124884.25,0.0,0.0,-125125.5,0.0,-0.02528825,-0.02528825,1989115.0,1989115.0,,,1620598922,18:22:02,20210509
38,2010-03-31,TNP.AX,AUD,2010-03-31,2010-03-31,Q1,0.0,0.0,0.0,0.0,0.0,32341.25,0.0,-53606.0,24281.75,0.0,0.0,0.0,-81893.25,0.0,-81893.25,0.0,-53606.0,-124884.25,0.0,0.0,-125125.5,0.0,-0.02528825,-0.02528825,1989115.0,1989115.0,,,1620598922,18:22:02,20210509
39,2010-01-31,TNP.AX,AUD,2010-01-31,2010-01-31,Q1,0.0,0.0,0.0,0.0,0.0,32341.25,0.0,-53606.0,24281.75,0.0,0.0,0.0,-81893.25,0.0,-81893.25,0.0,-53606.0,-124884.25,0.0,0.0,-125125.5,0.0,-0.02528825,-0.02528825,1989115.0,1989115.0,,,1620598922,18:22:02,20210509
40,2009-09-30,TNP.AX,AUD,2009-09-30,2009-09-30,Q3,273276.004625,97775.756575,175500.24805,0.6422087745714384,223251.19895,187282.95022499998,379320.324125,237721.18405,0.0,0.0,-126922.440875,0.0,-614354.22525,-0.4448183041531055,-614354.22525,-2.2481089259667746,237721.18405,-359889.20125,-1.316944024206787,-1446.9985,-358442.20275,-1.3116490166850485,-0.1959845,-0.1959845,1898110.0,1898110.0,,,1620598922,18:22:02,20210509
41,2009-06-30,TNP.AX,AUD,2009-06-30,2009-06-30,Q2,273276.004625,97775.756575,175500.24805,0.6422087745714384,223251.19895,187282.95022499998,379320.324125,237721.18405,0.0,0.0,-126922.440875,0.0,-614354.22525,-0.4448183041531055,-614354.22525,-2.2481089259667746,237721.18405,-359889.20125,-1.316944024206787,-1446.9985,-358442.20275,-1.3116490166850485,-0.1959845,-0.1959845,1898110.0,1898110.0,,,1620598922,18:22:02,20210509
42,2009-03-31,TNP.AX,AUD,2009-03-31,2009-03-31,Q1,273276.004625,97775.756575,175500.24805,0.6422087745714384,223251.19895,187282.95022499998,379320.324125,237721.18405,0.0,0.0,-126922.440875,0.0,-614354.22525,-0.4448183041531055,-614354.22525,-2.2481089259667746,237721.18405,-359889.20125,-1.316944024206787,-1446.9985,-358442.20275,-1.3116490166850485,-0.1959845,-0.1959845,1898110.0,1898110.0,,,1620598922,18:22:02,20210509
43,2009-01-31,TNP.AX,AUD,2009-01-31,2009-01-31,Q1,273276.004625,97775.756575,175500.24805,0.6422087745714384,223251.19895,187282.95022499998,379320.324125,237721.18405,0.0,0.0,-126922.440875,0.0,-614354.22525,-0.4448183041531055,-614354.22525,-2.2481089259667746,237721.18405,-359889.20125,-1.316944024206787,-1446.9985,-358442.20275,-1.3116490166850485,-0.1959845,-0.1959845,1898110.0,1898110.0,,,1620598922,18:22:02,20210509
44,2008-09-30,TNP.AX,AUD,2008-09-30,2008-09-30,Q3,489962.7931,132603.61685,357359.17625,0.729359823404109,558103.314,239032.620925,465951.371475,-66409.967975,0.0,0.0,116812.321525,0.0,-23578.783425,-20.77981650997755,-905728.13015,-1.848565121484936,-948559.3147,-1801505.581025,-3.676821192129415,3244.786725,-1804750.36775,-3.683443708717808,-0.9570045,-0.9570045,1898110.0,1898110.0,,,1620598922,18:22:02,20210509
45,2008-06-30,TNP.AX,AUD,2008-06-30,2008-06-30,Q2,489962.7931,132603.61685,357359.17625,0.729359823404109,558103.314,239032.620925,465951.371475,-66409.967975,0.0,0.0,116812.321525,0.0,-23578.783425,-20.77981650997755,-905728.13015,-1.848565121484936,-948559.3147,-1801505.581025,-3.676821192129415,3244.786725,-1804750.36775,-3.683443708717808,-0.9570045,-0.9570045,1898110.0,1898110.0,,,1620598922,18:22:02,20210509
46,2008-03-31,TNP.AX,AUD,2008-03-31,2008-03-31,Q1,489962.7931,132603.61685,357359.17625,0.729359823404109,558103.314,239032.620925,465951.371475,-66409.967975,0.0,0.0,116812.321525,0.0,-23578.783425,-20.77981650997755,-905728.13015,-1.848565121484936,-948559.3147,-1801505.581025,-3.676821192129415,3244.786725,-1804750.36775,-3.683443708717808,-0.9570045,-0.9570045,1898110.0,1898110.0,,,1620598922,18:22:02,20210509
47,2008-01-31,TNP.AX,AUD,2008-01-31,2008-01-31,Q1,489962.7931,132603.61685,357359.17625,0.729359823404109,558103.314,239032.620925,465951.371475,-66409.967975,0.0,0.0,116812.321525,0.0,-23578.783425,-20.77981650997755,-905728.13015,-1.848565121484936,-948559.3147,-1801505.581025,-3.676821192129415,3244.786725,-1804750.36775,-3.683443708717808,-0.9570045,-0.9570045,1898110.0,1898110.0,,,1620598922,18:22:02,20210509
48,2006-09-30,TNP.AX,AUD,2006-09-30,2006-09-30,Q3,334373.1305,0.0,334373.1305,1.0,59396.632775,51704.982475,0.0,567045.551675,796726.7755,0.0,16665.242275,224553.456975,-573455.26025,-1.7150159744967906,-798008.717225,-2.3865814697242844,-556790.017925,-1299034.270575,-3.884984025577976,-238868.472775,-1060165.7978,-3.170607028784569,-0.66539875,-0.66539875,1592890.0,1592890.0,,,1620598922,18:22:02,20210509
49,2006-06-30,TNP.AX,AUD,2006-06-30,2006-06-30,Q2,334373.1305,0.0,334373.1305,1.0,59396.632775,51704.982475,0.0,567045.551675,796726.7755,0.0,16665.242275,224553.456975,-573455.26025,-1.7150159744967906,-798008.717225,-2.3865814697242844,-556790.017925,-1299034.270575,-3.884984025577976,-238868.472775,-1060165.7978,-3.170607028784569,-0.66539875,-0.66539875,1592890.0,1592890.0,,,1620598922,18:22:02,20210509
50,2006-03-31,TNP.AX,AUD,2006-03-31,2006-03-31,Q1,334373.1305,0.0,334373.1305,1.0,59396.632775,51704.982475,0.0,567045.551675,796726.7755,0.0,16665.242275,224553.456975,-573455.26025,-1.7150159744967906,-798008.717225,-2.3865814697242844,-556790.017925,-1299034.270575,-3.884984025577976,-238868.472775,-1060165.7978,-3.170607028784569,-0.66539875,-0.66539875,1592890.0,1592890.0,,,1620598922,18:22:02,20210509
51,2006-01-31,TNP.AX,AUD,2006-01-31,2006-01-31,Q1,334373.1305,0.0,334373.1305,1.0,59396.632775,51704.982475,0.0,567045.551675,796726.7755,0.0,16665.242275,224553.456975,-573455.26025,-1.7150159744967906,-798008.717225,-2.3865814697242844,-556790.017925,-1299034.270575,-3.884984025577976,-238868.472775,-1060165.7978,-3.170607028784569,-0.66539875,-0.66539875,1592890.0,1592890.0,,,1620598922,18:22:02,20210509
52,2005-09-30,TNP.AX,AUD,2005-09-30,2005-09-30,Q3,182325.2812,0.0,182325.2812,1.0,0.0,0.0,0.0,118246.3581,802830.5366,0.0,12446.985075,0.0,-502258.897275,-0.3630105552917106,-620505.2554,-3.403286978723168,118246.3581,-514705.88235,-2.8230088496909995,-514705.88235,-345058.085925,-1.8925410873025985,-0.20198925,-0.20198925,1708299.0,1708299.0,,,1620598922,18:22:02,20210509
53,2005-06-30,TNP.AX,AUD,2005-06-30,2005-06-30,Q2,182325.2812,0.0,182325.2812,1.0,0.0,0.0,0.0,118246.3581,802830.5366,0.0,12446.985075,0.0,-502258.897275,-0.3630105552917106,-620505.2554,-3.403286978723168,118246.3581,-514705.88235,-2.8230088496909995,-514705.88235,-345058.085925,-1.8925410873025985,-0.20198925,-0.20198925,1708299.0,1708299.0,,,1620598922,18:22:02,20210509
54,2005-03-31,TNP.AX,AUD,2005-03-31,2005-03-31,Q1,182325.2812,0.0,182325.2812,1.0,0.0,0.0,0.0,118246.3581,802830.5366,0.0,12446.985075,0.0,-502258.897275,-0.3630105552917106,-620505.2554,-3.403286978723168,118246.3581,-514705.88235,-2.8230088496909995,-514705.88235,-345058.085925,-1.8925410873025985,-0.20198925,-0.20198925,1708299.0,1708299.0,,,1620598922,18:22:02,20210509
55,2005-01-31,TNP.AX,AUD,2005-01-31,2005-01-31,Q1,182325.2812,0.0,182325.2812,1.0,0.0,0.0,0.0,118246.3581,802830.5366,0.0,12446.985075,0.0,-502258.897275,-0.3630105552917106,-620505.2554,-3.403286978723168,118246.3581,-514705.88235,-2.8230088496909995,-514705.88235,-345058.085925,-1.8925410873025985,-0.20198925,-0.20198925,1708299.0,1708299.0,,,1620598922,18:22:02,20210509
