,date,symbol,reportedCurrency,fillingDate,acceptedDate,period,revenue,costOfRevenue,grossProfit,grossProfitRatio,researchAndDevelopmentExpenses,generalAndAdministrativeExpenses,sellingAndMarketingExpenses,otherExpenses,operatingExpenses,costAndExpenses,interestExpense,depreciationAndAmortization,ebitda,ebitdaratio,operatingIncome,operatingIncomeRatio,totalOtherIncomeExpensesNet,incomeBeforeTax,incomeBeforeTaxRatio,incomeTaxExpense,netIncome,netIncomeRatio,eps,epsdiluted,weightedAverageShsOut,weightedAverageShsOutDil,link,finalLink,timestamp,est_time,est_date
0,2020-12-31,TXP.L,USD,2020-12-31,2020-12-31,Q4,4414000.0,2050000.0,2364000.0,0.5355686452197553,0.0,2299000.0,0.0,0.0,3912000.0,5962000.0,267000.0,0.0,-1344000.0,-0.304485727231536,-1548000.0,-0.3507023108291799,7879000.0,5446000.0,1.2338015405527867,3791000.0,1655000.0,0.37494336202990486,0.008981028903246464,0.008981028903246464,184277327.0,184277327.0,https://find-and-update.company-information.service.gov.uk/search/companies?q=Touchstone+Exploration+Inc,https://find-and-update.company-information.service.gov.uk/search/companies?q=Touchstone+Exploration+Inc,1620599168,18:26:08,20210509
1,2020-09-30,TXP.L,USD,2020-09-30,2020-09-30,Q3,4753000.0,2126000.0,2627000.0,0.5527035556490637,0.0,1289000.0,0.0,0.0,3056000.0,5182000.0,317000.0,0.0,498000.0,0.10477593099095309,-429000.0,-0.09025878392594151,5000.0,-594000.0,-0.1249737008205344,109000.0,-703000.0,-0.14790658531453818,-0.003815,-0.003815,184277327.0,184277327.0,https://find-and-update.company-information.service.gov.uk/search/companies?q=Touchstone+Exploration+Inc,https://find-and-update.company-information.service.gov.uk/search/companies?q=Touchstone+Exploration+Inc,1620599168,18:26:08,20210509
2,2020-06-30,TXP.L,USD,2020-06-30,2020-06-30,Q2,3755000.0,1709000.0,2046000.0,0.5448735019973369,0.0,1077000.0,0.0,22000.0,2585000.0,4294000.0,392000.0,0.0,-1058000.0,-0.28175765645805595,-539000.0,-0.14354194407456725,-315000.0,-2601000.0,-0.692676431424767,141000.0,-2742000.0,-0.7302263648468709,-0.01,-0.01,183639870.0,183639870.0,https://find-and-update.company-information.service.gov.uk/search/companies?q=Touchstone+Exploration+Inc,https://find-and-update.company-information.service.gov.uk/search/companies?q=Touchstone+Exploration+Inc,1620599168,18:26:08,20210509
3,2020-03-31,TXP.L,USD,2020-03-31,2020-03-31,Q1,6698000.0,3107000.0,3591000.0,0.5361301881158554,0.0,1211000.0,0.0,41000.0,3288000.0,6395000.0,428000.0,0.0,1224000.0,0.18274111675126903,303000.0,0.04523738429381905,-18947000.0,-19280000.0,-2.878471185428486,-10040000.0,-9240000.0,-1.379516273514482,-0.05,-0.054558,169360911.0,169360911.0,https://find-and-update.company-information.service.gov.uk/search/companies?q=Touchstone+Exploration+Inc,https://find-and-update.company-information.service.gov.uk/search/companies?q=Touchstone+Exploration+Inc,1620599168,18:26:08,20210509
4,2019-12-31,TXP.L,USD,2019-12-31,2019-12-31,Q4,8920000.0,3941000.0,4979000.0,0.5581838565022421,0.0,1851000.0,0.0,55000.0,4312000.0,8253000.0,439000.0,0.0,3222000.0,0.3612107623318386,667000.0,0.07477578475336323,-7817000.0,-6380000.0,-0.7152466367713004,-2831000.0,-3549000.0,-0.39786995515695067,-0.01925901605898592,-0.01925901605898592,184277327.0,184277327.0,https://find-and-update.company-information.service.gov.uk/search/companies?q=Touchstone+Exploration+Inc,https://find-and-update.company-information.service.gov.uk/search/companies?q=Touchstone+Exploration+Inc,1620599168,18:26:08,20210509
5,2019-09-30,TXP.L,USD,2019-09-30,2019-09-30,Q3,9011000.0,3821000.0,5190000.0,0.5759627122405948,0.0,1371000.0,0.0,6000.0,3931000.0,7752000.0,322000.0,0.0,2445000.0,0.27133503495727446,1259000.0,0.13971812229497282,-155000.0,782000.0,0.08678282099655976,1835000.0,-1053000.0,-0.11685717456442127,-0.01,-0.01,160688095.0,160688095.0,https://find-and-update.company-information.service.gov.uk/search/companies?q=Touchstone+Exploration+Inc,https://find-and-update.company-information.service.gov.uk/search/companies?q=Touchstone+Exploration+Inc,1620599168,18:26:08,20210509
6,2019-06-30,TXP.L,USD,2019-06-30,2019-06-30,Q2,9708000.0,4025000.0,5683000.0,0.5853934899052328,0.0,1536000.0,0.0,3000.0,4238000.0,8263000.0,325000.0,0.0,2861000.0,0.29470539761021836,1445000.0,0.1488463123197363,-126000.0,1158000.0,0.11928306551297899,1991000.0,-833000.0,-0.08580552121961268,-0.01,-0.01,160688095.0,160688095.0,https://find-and-update.company-information.service.gov.uk/search/companies?q=Touchstone+Exploration+Inc,https://find-and-update.company-information.service.gov.uk/search/companies?q=Touchstone+Exploration+Inc,1620599168,18:26:08,20210509
7,2019-03-31,TXP.L,USD,2019-03-31,2019-03-31,Q1,11015000.0,4370000.0,6645000.0,0.6032682705401725,0.0,1346000.0,0.0,8000.0,3931000.0,8301000.0,321000.0,0.0,4263000.0,0.3870177031320926,2714000.0,0.24639128461189289,-108000.0,2375000.0,0.21561507035860192,2560000.0,-185000.0,-0.016795279164775308,-0.001312,-0.001312,140984391.0,140984391.0,https://find-and-update.company-information.service.gov.uk/search/companies?q=Touchstone+Exploration+Inc,https://find-and-update.company-information.service.gov.uk/search/companies?q=Touchstone+Exploration+Inc,1620599168,18:26:08,20210509
8,2018-12-31,TXP.L,USD,2018-12-31,2018-12-31,Q4,8231689.358916,3008640.61598,5223048.742936,0.6345050833676993,0.0,1608609.834685,0.0,-19258.165721,4797650.455775,7806291.071755,185797.854555,0.0,1045652.034906,0.12702763543590498,425398.287161,0.05167812688415384,3929570.040156,3846708.644322,0.4673048844045007,3262097.154051,584611.49027,0.07101962486434076,0.003172454798359431,0.003172454798359431,184277327.0,184277327.0,https://find-and-update.company-information.service.gov.uk/search/companies?q=Touchstone+Exploration+Inc,https://find-and-update.company-information.service.gov.uk/search/companies?q=Touchstone+Exploration+Inc,1620599168,18:26:08,20210509
9,2018-09-30,TXP.L,USD,2018-09-30,2018-09-30,Q3,9976702.966695,3629228.875937,6347474.090758,0.636229635376299,0.0,1311909.350547,0.0,0.0,4139286.847625,7768515.723563,234518.308682,0.0,3504616.837331,0.3512800620636279,2208187.243133,0.2213343677269476,-243032.174674,1966703.044094,0.19712955779673907,1760048.29684,206654.747254,0.02071373157483698,0.001602,0.001581,129021428.0,130728340.0,https://find-and-update.company-information.service.gov.uk/search/companies?q=Touchstone+Exploration+Inc,https://find-and-update.company-information.service.gov.uk/search/companies?q=Touchstone+Exploration+Inc,1620599168,18:26:08,20210509
10,2018-06-30,TXP.L,USD,2018-06-30,2018-06-30,Q2,9510340.632603,3721867.396594,5788473.23601,0.608650463703284,0.0,1451490.26764,0.0,-8363.746959,3804744.525547,7526611.922141,231143.552311,0.0,3011709.245742,0.31667732651103675,1983728.710462,0.208586504637011,-195407.542579,1548053.527981,0.1627758234730331,2074209.245742,-526155.717762,-0.05532459226100191,-0.007603,-0.007603,129021428.0,129021428.0,https://find-and-update.company-information.service.gov.uk/search/companies?q=Touchstone+Exploration+Inc,https://find-and-update.company-information.service.gov.uk/search/companies?q=Touchstone+Exploration+Inc,1620599168,18:26:08,20210509
11,2018-03-31,TXP.L,USD,2018-03-31,2018-03-31,Q1,317482.441672,3182567.89091,-2865085.449238,-9.024390243911505,0.0,1367497.541447,0.0,0.0,3578259.421872,6760827.312782,301221.145879,0.0,2411317.861872,7.59512195122652,-6443344.87111,-20.295121951237856,107634.291201,1323359.73858,4.1682926829295335,1226566.311241,96793.427339,0.304878048780411,0.0007502120294235156,0.0007463348276207637,129021428.0,129691693.0,https://find-and-update.company-information.service.gov.uk/search/companies?q=Touchstone+Exploration+Inc,https://find-and-update.company-information.service.gov.uk/search/companies?q=Touchstone+Exploration+Inc,1620599168,18:26:08,20210509
12,2017-12-31,TXP.L,USD,2017-12-31,2017-12-31,Q4,7154916.967046,1515310.103058,5639606.863987,0.7882141595719152,0.0,-4621021.070341,0.0,0.0,5582529.970716,7097840.073775,226259.708562,0.0,743193.452282,0.10387170888285473,57076.893271,0.007977296387069734,7081536.806745,6814596.364964,0.9524354225703187,3859585.367051,2955010.997913,0.41300423352544013,0.01603567322155156,0.01603567322155156,184277327.0,184277327.0,https://find-and-update.company-information.service.gov.uk/search/companies?q=Touchstone+Exploration+Inc,https://find-and-update.company-information.service.gov.uk/search/companies?q=Touchstone+Exploration+Inc,1620599168,18:26:08,20210509
13,2017-09-30,TXP.L,USD,2017-09-30,2017-09-30,Q3,6356154.224404,1748446.228628,4607707.995776,0.7249207355738845,0.0,3290529.048068,0.0,0.0,4282040.740651,6030486.969279,244250.441344,0.0,1235762.133927,0.19441978440082205,325667.255125,0.05123652504758677,-339371.075266,-228934.407068,-0.03601775523146099,740812.394702,-969746.80177,-0.15256816740643683,-0.008061,-0.008061,103137143.0,103137143.0,https://find-and-update.company-information.service.gov.uk/search/companies?q=Touchstone+Exploration+Inc,https://find-and-update.company-information.service.gov.uk/search/companies?q=Touchstone+Exploration+Inc,1620599168,18:26:08,20210509
14,2017-06-30,TXP.L,USD,2017-06-30,2017-06-30,Q2,5717537.060958,1665436.427385,4052100.633573,0.7087143625605203,0.0,3495417.358676,0.0,0.0,4492680.076275,6158116.50366,312942.117242,0.0,465953.127883,0.0814954276492136,-440579.442702,-0.0770575578268624,-449806.237313,-1190256.50489,-0.20817643894564752,230669.865289,-1420926.370179,-0.24852071005918713,-0.015378,-0.015378,84236044.0,84236044.0,https://find-and-update.company-information.service.gov.uk/search/companies?q=Touchstone+Exploration+Inc,https://find-and-update.company-information.service.gov.uk/search/companies?q=Touchstone+Exploration+Inc,1620599168,18:26:08,20210509
15,2017-03-31,TXP.L,USD,2017-03-31,2017-03-31,Q1,5542224.688433,1984132.935407,3558091.753026,0.6419970234068604,0.0,2626014.187375,0.0,0.0,3693066.782645,5677199.718052,591640.546499,0.0,723616.131016,0.13056419970237515,-134975.02962,-0.024353943986013787,-124476.97176,-838344.906192,-0.1512650520903064,323190.209811,-1161535.116004,-0.20957921796786816,-0.014997,-0.014997,83137143.0,83137143.0,https://find-and-update.company-information.service.gov.uk/search/companies?q=Touchstone+Exploration+Inc,https://find-and-update.company-information.service.gov.uk/search/companies?q=Touchstone+Exploration+Inc,1620599168,18:26:08,20210509
16,2016-12-31,TXP.L,USD,2016-12-31,2016-12-31,Q4,73889.140965,1503799.941542,-1429910.800576,-19.35211022758167,0.0,-4730280.367663,0.0,0.0,4160720.238835,5664520.180376,91000.0,0.0,762242.807187,10.316032873464604,-5590631.039411,-75.66241759474758,1785235.619973,-3935458.16901,-53.261658176188,1292409.995787,-5227868.164797,-70.75286160483785,-0.028369568030455528,-0.028369568030455528,184277327.0,184277327.0,https://find-and-update.company-information.service.gov.uk/search/companies?q=Touchstone+Exploration+Inc,https://find-and-update.company-information.service.gov.uk/search/companies?q=Touchstone+Exploration+Inc,1620599168,18:26:08,20210509
17,2016-09-30,TXP.L,USD,2016-09-30,2016-09-30,Q3,4692146.795969,1239779.425746,3452367.370222,0.7357756524556972,0.0,2617988.210686,0.0,0.0,3494961.019205,4734740.444952,0.0,0.0,1600304.24035,0.3410601394067239,-42593.648983,-0.009077646296060471,-734740.444952,-11409.01312,-0.0024315124006353394,522532.800913,-533941.814033,-0.11379478035335697,-0.007606,-0.007606,83137143.0,83137143.0,https://find-and-update.company-information.service.gov.uk/search/companies?q=Touchstone+Exploration+Inc,https://find-and-update.company-information.service.gov.uk/search/companies?q=Touchstone+Exploration+Inc,1620599168,18:26:08,20210509
18,2016-06-30,TXP.L,USD,2016-06-30,2016-06-30,Q2,7197514.260539,1257555.380358,5939958.880181,0.8252792096220417,0.0,3109493.113203,0.0,0.0,4001453.106401,5259008.48676,19323.223423,0.0,2589311.93866,0.3597508591064736,1938505.773779,0.26932989690719017,-4888002.597041,-3209973.875002,-0.4459836769759474,-1236686.299062,-1973287.57594,-0.274162371133979,-0.023188,-0.023188,83125605.0,83125605.0,https://find-and-update.company-information.service.gov.uk/search/companies?q=Touchstone+Exploration+Inc,https://find-and-update.company-information.service.gov.uk/search/companies?q=Touchstone+Exploration+Inc,1620599168,18:26:08,20210509
19,2016-03-31,TXP.L,USD,2016-03-31,2016-03-31,Q1,6111521.986996,1105512.927183,5006009.059813,0.8191100466405434,0.0,3979846.537857,0.0,0.0,4949770.423099,6055283.350282,73187.266956,0.0,714924.039321,0.11697970502964795,56238.636714,0.00920206731378267,-1994545.622631,-2322732.735509,-0.3800579856296474,-439893.994022,-1882838.741487,-0.3080801714357364,-0.023112,-0.023112,83087143.0,83087143.0,https://find-and-update.company-information.service.gov.uk/search/companies?q=Touchstone+Exploration+Inc,https://find-and-update.company-information.service.gov.uk/search/companies?q=Touchstone+Exploration+Inc,1620599168,18:26:08,20210509
20,2015-12-31,TXP.L,USD,2015-12-31,2015-12-31,Q4,11760377.996723,1409462.830214,10350915.166508,0.8801515707566762,0.0,13496977.972839,0.0,0.0,15032997.379875,16442460.210089,10862.761317,0.0,-10713040.469047,-0.9109435489260773,-4682082.213367,-0.3981234459191406,11249134.179328,-1010788.458072,-0.08594863688511148,-1661227.983168,650439.525096,0.05530770569425944,0.0035296774469492933,0.0035296774469492933,184277327.0,184277327.0,https://find-and-update.company-information.service.gov.uk/search/companies?q=Touchstone+Exploration+Inc,https://find-and-update.company-information.service.gov.uk/search/companies?q=Touchstone+Exploration+Inc,1620599168,18:26:08,20210509
21,2015-09-30,TXP.L,USD,2015-09-30,2015-09-30,Q3,4953445.065177,2027560.521415,2925884.543762,0.5906766917293853,0.0,2005959.031657,0.0,0.0,3577653.631285,5605214.1527,127374.301676,0.0,3535940.409683,0.7138345864660661,-651769.087523,-0.1315789473683626,-20687523.277467,-18850651.769088,-3.8055639097744622,-9416014.897579,-9434636.871508,-1.9046616541352266,-0.111732,-0.111732,83080866.0,83080866.0,https://find-and-update.company-information.service.gov.uk/search/companies?q=Touchstone+Exploration+Inc,https://find-and-update.company-information.service.gov.uk/search/companies?q=Touchstone+Exploration+Inc,1620599168,18:26:08,20210509
22,2015-06-30,TXP.L,USD,2015-06-30,2015-06-30,Q2,8525670.461045,2519112.872691,6006557.588354,0.7045261268071309,0.0,5390273.179141,0.0,0.0,7352716.082203,9871828.954894,92644.061516,0.0,229596.152452,0.026929982046697377,-1346158.493849,-0.15789473684208055,-6889495.774625,-8463639.219856,-0.9927241802891127,-1612006.670372,-6851632.549484,-0.803647358971952,-0.08056,-0.08056,83079643.0,83079643.0,https://find-and-update.company-information.service.gov.uk/search/companies?q=Touchstone+Exploration+Inc,https://find-and-update.company-information.service.gov.uk/search/companies?q=Touchstone+Exploration+Inc,1620599168,18:26:08,20210509
23,2015-03-31,TXP.L,USD,2015-03-31,2015-03-31,Q1,7983909.133933,2371825.209024,5612083.924909,0.7029243232562191,0.0,2642372.613977,0.0,0.0,4070831.361413,6442656.570437,77299.258558,0.0,2827733.080928,0.35417901600478435,1541252.563496,0.19304485279590783,-1646158.70011,-324183.625177,-0.04060462359211521,565546.616186,-889730.241363,-0.11144042679312217,-0.007888,-0.007888,83073865.0,83073865.0,https://find-and-update.company-information.service.gov.uk/search/companies?q=Touchstone+Exploration+Inc,https://find-and-update.company-information.service.gov.uk/search/companies?q=Touchstone+Exploration+Inc,1620599168,18:26:08,20210509
24,2014-12-31,TXP.L,USD,2014-12-31,2014-12-31,Q4,12919543.225978,3747813.739506,9171729.486472,0.7099112813857014,0.0,-6236915.9591,0.0,0.0,-6346412.86102,-2598599.121514,0.0,0.0,7407114.321366,0.5733263314195295,15518142.347493,1.2011370739709948,-70634135.536718,-55414286.293009,-4.2891830867197065,-13581052.591488,-41833233.701521,-3.23798086122772,-0.22701237522031673,-0.22701237522031673,184277327.0,184277327.0,https://find-and-update.company-information.service.gov.uk/search/companies?q=Touchstone+Exploration+Inc,https://find-and-update.company-information.service.gov.uk/search/companies?q=Touchstone+Exploration+Inc,1620599168,18:26:08,20210509
25,2014-09-30,TXP.L,USD,2014-09-30,2014-09-30,Q3,16708774.57041,4628285.760361,12080488.810049,0.7230026809651647,0.0,2694009.926714,0.0,0.0,6047411.707789,10675697.46815,0.0,0.0,19638409.575516,1.1753351206433873,6033077.102259,0.36107238605894726,-10251930.692182,-4189288.466018,-0.25072386058980767,1804368.471035,-5993656.937053,-0.35871313672920824,-0.071673,-0.071673,82844988.0,82844988.0,https://find-and-update.company-information.service.gov.uk/search/companies?q=Touchstone+Exploration+Inc,https://find-and-update.company-information.service.gov.uk/search/companies?q=Touchstone+Exploration+Inc,1620599168,18:26:08,20210509
26,2014-06-30,TXP.L,USD,2014-06-30,2014-06-30,Q2,7368144.794684,2587895.659346,4780249.135337,0.6487724208115283,0.0,4585289.954916,0.0,0.0,5776603.023742,8364498.683088,0.0,0.0,-3657359.240409,-0.496374507060139,-996353.888405,-0.13522452614175737,3852318.420831,2627262.416931,0.3565704108891194,48739.795105,2578522.621826,0.34995547640246744,0.04242837137391372,0.04225057614264521,60773547.0,61029289.0,https://find-and-update.company-information.service.gov.uk/search/companies?q=Touchstone+Exploration+Inc,https://find-and-update.company-information.service.gov.uk/search/companies?q=Touchstone+Exploration+Inc,1620599168,18:26:08,20210509
27,2014-03-31,TXP.L,USD,2014-03-31,2014-03-31,Q1,0.0,0.0,0.0,0.0,0.0,2282472.995712,0.0,0.0,2381986.285259,2381986.285259,1809.332537,0.0,-2230907.018401,0.0,-2381986.285259,0.0,-1256581.447104,-3588811.08759,0.0,0.0,-3588811.08759,0.0,-0.072373,-0.072373,48748311.0,48748311.0,https://find-and-update.company-information.service.gov.uk/search/companies?q=Touchstone+Exploration+Inc,https://find-and-update.company-information.service.gov.uk/search/companies?q=Touchstone+Exploration+Inc,1620599168,18:26:08,20210509
28,2013-12-31,TXP.L,USD,2013-12-31,2013-12-31,Q4,0.0,0.0,0.0,0.0,0.0,1521606.995358,0.0,0.0,1618066.272654,1618066.272654,305048.93669,0.0,-1341329.653153,0.0,-1618066.272654,0.0,-45077157.615715,-46777342.465154,0.0,-5474814.451719,-41302528.013434,0.0,-0.22413244584036104,-0.22413244584036104,184277327.0,184277327.0,https://find-and-update.company-information.service.gov.uk/search/companies?q=Touchstone+Exploration+Inc,https://find-and-update.company-information.service.gov.uk/search/companies?q=Touchstone+Exploration+Inc,1620599168,18:26:08,20210509
29,2013-09-30,TXP.L,USD,2013-09-30,2013-09-30,Q3,0.0,0.0,0.0,0.0,0.0,1797243.064038,0.0,0.0,1910661.315652,1910661.315652,0.0,0.0,-1742957.405146,0.0,-1910661.315652,0.0,-8724.480893,-1865100.137653,0.0,-449795.459392,-1415304.678261,0.0,-0.019388,-0.019388,48718886.0,48718886.0,https://find-and-update.company-information.service.gov.uk/search/companies?q=Touchstone+Exploration+Inc,https://find-and-update.company-information.service.gov.uk/search/companies?q=Touchstone+Exploration+Inc,1620599168,18:26:08,20210509
30,2013-06-30,TXP.L,USD,2013-06-30,2013-06-30,Q2,0.0,0.0,0.0,0.0,0.0,2391271.289538,0.0,0.0,2501520.681265,2501520.681265,0.0,0.0,30413.625304,0.0,-2501520.681265,0.0,-2421684.914842,-4844320.255474,0.0,-899102.798054,-3945217.457421,0.0,-0.076034,-0.076034,48795043.0,48795043.0,https://find-and-update.company-information.service.gov.uk/search/companies?q=Touchstone+Exploration+Inc,https://find-and-update.company-information.service.gov.uk/search/companies?q=Touchstone+Exploration+Inc,1620599168,18:26:08,20210509
31,2013-03-31,TXP.L,USD,2013-03-31,2013-03-31,Q1,0.0,0.0,0.0,0.0,0.0,3245368.322768,0.0,0.0,3361344.537815,3361344.537815,0.0,0.0,-2658607.30257,0.0,-3361344.537815,0.0,-586761.020198,-3818369.453044,0.0,-861958.818615,-2956410.634429,0.0,-0.058971,-0.058971,48798286.0,48798286.0,https://find-and-update.company-information.service.gov.uk/search/companies?q=Touchstone+Exploration+Inc,https://find-and-update.company-information.service.gov.uk/search/companies?q=Touchstone+Exploration+Inc,1620599168,18:26:08,20210509
32,2012-12-31,TXP.L,USD,2012-12-31,2012-12-31,Q4,-821335026.670053,-269485394.97079,-551849631.699263,0.6718934585520266,0.0,-35997184.611319,0.0,0.0,-364097560.348393,-633582955.319183,-80119638.45461,0.0,-499720366.823784,0.608424516910968,-187752071.35087,0.2285937714261075,-239622597.204484,-331122949.836584,0.4031521109955083,-179950544.610276,-134129987.141472,0.16330727752507596,-0.7278702666523483,-0.7278702666523483,184277327.0,184277327.0,https://find-and-update.company-information.service.gov.uk/search/companies?q=Touchstone+Exploration+Inc,https://find-and-update.company-information.service.gov.uk/search/companies?q=Touchstone+Exploration+Inc,1620599168,18:26:08,20210509
33,2012-09-30,TXP.L,USD,2012-09-30,2012-09-30,Q3,241638811.277623,79359918.719837,162278892.557785,0.6715762741083012,0.0,18546101.092202,0.0,0.0,123444246.888494,202804165.608331,27199390.398781,0.0,138807213.614427,0.5744408891953577,38834645.669291,0.16071360997001927,18996189.99238,25705867.411735,0.10638136843919946,4886969.77394,10341884.683769,0.04279893875113891,0.10374978895198694,0.10287573804012691,99681019.0,100527927.0,https://find-and-update.company-information.service.gov.uk/search/companies?q=Touchstone+Exploration+Inc,https://find-and-update.company-information.service.gov.uk/search/companies?q=Touchstone+Exploration+Inc,1620599168,18:26:08,20210509
34,2012-06-30,TXP.L,USD,2012-06-30,2012-06-30,Q2,236166551.961459,80009831.874939,156156720.08652,0.6612143793842739,0.0,19225248.254842,0.0,0.0,119243928.817225,199253760.692164,30266443.810835,0.0,136931471.831678,0.5798089132199568,36912791.269295,0.15629982723090674,-26505751.646839,-19859404.188379,-0.08409067255053095,4314226.723036,-14964113.656474,-0.06336254449324413,-0.28769386637594246,-0.28479055751903404,52014017.0,52544276.0,https://find-and-update.company-information.service.gov.uk/search/companies?q=Touchstone+Exploration+Inc,https://find-and-update.company-information.service.gov.uk/search/companies?q=Touchstone+Exploration+Inc,1620599168,18:26:08,20210509
35,2012-03-31,TXP.L,USD,2012-03-31,2012-03-31,Q1,331119263.112528,105995730.222209,225123532.890319,0.6798865483516515,0.0,21415040.442614,0.0,0.0,147600004.009181,253595734.23139,26417496.065991,0.0,196761584.027423,0.5942317646453426,77523528.881138,0.2341256988567056,61080875.204218,112283128.363953,0.33910177048743473,77888364.354372,18529432.400196,0.055959995277891555,0.34826726559562465,0.3446632570346661,53204634.0,53760974.0,https://find-and-update.company-information.service.gov.uk/search/companies?q=Touchstone+Exploration+Inc,https://find-and-update.company-information.service.gov.uk/search/companies?q=Touchstone+Exploration+Inc,1620599168,18:26:08,20210509
36,2011-12-31,TXP.L,USD,2011-12-31,2011-12-31,Q4,372395508.336686,107491975.444451,264903532.892235,0.7113499678753736,0.0,21107197.253173,0.0,0.0,147427705.663008,254919681.107459,-4541365.543496,0.0,212659215.168934,0.5710574118328703,117475827.229227,0.3154598393356992,-145459482.882216,-54579410.57962,-0.14656302065349908,42872294.799478,-98272895.672519,-0.2638938802228238,-0.5332880461876843,-0.5332880461876843,184277327.0,184277327.0,https://find-and-update.company-information.service.gov.uk/search/companies?q=Touchstone+Exploration+Inc,https://find-and-update.company-information.service.gov.uk/search/companies?q=Touchstone+Exploration+Inc,1620599168,18:26:08,20210509
37,2011-09-30,TXP.L,USD,2011-09-30,2011-09-30,Q3,262451575.599884,89133660.981016,173317914.618869,0.6603805453357149,0.0,22384118.724101,0.0,0.0,113638816.613665,202772477.594681,24290257.299798,0.0,150933795.894767,0.575091978586063,59679098.005204,0.2273908924676708,16224342.295461,51613183.000867,0.1966579277830398,20769972.05358,14790401.850246,0.05635478398801633,0.27821907703424864,0.2740774805482268,53160991.0,53964309.0,https://find-and-update.company-information.service.gov.uk/search/companies?q=Touchstone+Exploration+Inc,https://find-and-update.company-information.service.gov.uk/search/companies?q=Touchstone+Exploration+Inc,1620599168,18:26:08,20210509
38,2011-06-30,TXP.L,USD,2011-06-30,2011-06-30,Q2,283888820.055342,96030025.193078,187858794.862264,0.661733684424918,0.0,20347540.577376,0.0,0.0,106614215.504068,202644240.697146,24963862.387973,0.0,167872138.13598,0.5913305712541078,81244579.358196,0.28618449765777315,84032338.000248,140313054.97047,0.4942535424364969,30197621.112625,60185644.075497,0.2120042771101879,1.135754,1.115103,53136982.0,53714412.0,https://find-and-update.company-information.service.gov.uk/search/companies?q=Touchstone+Exploration+Inc,https://find-and-update.company-information.service.gov.uk/search/companies?q=Touchstone+Exploration+Inc,1620599168,18:26:08,20210509
39,2011-03-31,TXP.L,USD,2011-03-31,2011-03-31,Q1,204389295.305121,42073854.575012,162315440.730109,0.7941484434779112,0.0,27863691.082508,0.0,0.0,138464466.874505,180538321.449517,14354209.751932,0.0,127053945.324156,0.6216271998711307,23850973.855604,0.1166938504288997,41900999.063699,51496537.745264,0.25195320365671686,7612844.810734,21179944.64508,0.10362550843703278,0.39868727720405417,0.3942224748249763,53124205.0,53725868.0,https://find-and-update.company-information.service.gov.uk/search/companies?q=Touchstone+Exploration+Inc,https://find-and-update.company-information.service.gov.uk/search/companies?q=Touchstone+Exploration+Inc,1620599168,18:26:08,20210509
40,2010-12-31,TXP.L,USD,2010-12-31,2010-12-31,Q4,-526966847.312571,-189235122.923073,-337731724.389498,0.6408974798165472,0.0,-3102202.697772,0.0,0.0,-59603613.761011,-248838736.684084,9493172.815552,0.0,-307172432.87207,0.5829065612734274,-278128110.628487,0.5277905280889805,21017005.800103,-259028007.893228,0.49154516876008564,-73955728.277505,-30964478.247931,0.058759822189657376,-0.16803194810792432,-0.16803194810792432,184277327.0,184277327.0,https://find-and-update.company-information.service.gov.uk/search/companies?q=Touchstone+Exploration+Inc,https://find-and-update.company-information.service.gov.uk/search/companies?q=Touchstone+Exploration+Inc,1620599168,18:26:08,20210509
41,2010-09-30,TXP.L,USD,2010-09-30,2010-09-30,Q3,447467532.467532,153996898.623764,293470633.843768,0.6558478829188844,0.0,25443884.473735,0.0,0.0,210139561.930607,364136460.554371,26392711.765846,0.0,283197176.757574,0.6328887711604476,83331071.913161,0.18622819728089982,-113394.068618,63580151.192091,0.14208885914354993,20234541.577825,26989726.691219,0.06031661457622595,0.503974,0.48459,52999204.0,53331350.0,https://find-and-update.company-information.service.gov.uk/search/companies?q=Touchstone+Exploration+Inc,https://find-and-update.company-information.service.gov.uk/search/companies?q=Touchstone+Exploration+Inc,1620599168,18:26:08,20210509
42,2010-06-30,TXP.L,USD,2010-06-30,2010-06-30,Q2,557840812.067166,173584100.180249,384256711.886918,0.6888286112717263,0.0,26605635.138981,0.0,0.0,256359927.900579,429944028.080827,21828099.800778,0.0,332110805.42643,0.5953504982823714,127896783.986339,0.2292711132274413,-2195237.643487,103873446.542074,0.18620625148804507,43508206.052557,38943174.271891,0.06981055066154268,0.739968,0.664074,52602022.0,53637959.0,https://find-and-update.company-information.service.gov.uk/search/companies?q=Touchstone+Exploration+Inc,https://find-and-update.company-information.service.gov.uk/search/companies?q=Touchstone+Exploration+Inc,1620599168,18:26:08,20210509
43,2010-03-31,TXP.L,USD,2010-03-31,2010-03-31,Q1,524446733.372572,141371394.938199,383075338.434373,0.7304370759846693,0.0,25091230.135374,0.0,0.0,204538944.477143,345910339.415342,19696880.517952,0.0,369990190.308024,0.7054866905714511,178536393.95723,0.34042807895686905,-56000.0,158839513.439278,0.3028706317185446,37839905.826957,80928977.830096,0.15431305541682777,1.608789,1.491073,50120690.0,53200458.0,https://find-and-update.company-information.service.gov.uk/search/companies?q=Touchstone+Exploration+Inc,https://find-and-update.company-information.service.gov.uk/search/companies?q=Touchstone+Exploration+Inc,1620599168,18:26:08,20210509
44,2009-12-31,TXP.L,USD,2009-12-31,2009-12-31,Q4,429047098.071514,130072278.80068,298974819.270834,0.6968344981580568,0.0,38611773.618612,0.0,0.0,212986529.251915,343058808.052595,18061205.605896,0.0,269950580.354962,0.6291863563891682,85988290.018919,0.20041690156027203,-336000.0,67666364.328981,0.15771313833173228,-17969001.948536,56252650.949521,0.1311106664102055,0.3052608362911678,0.3052608362911678,184277327.0,184277327.0,https://find-and-update.company-information.service.gov.uk/search/companies?q=Touchstone+Exploration+Inc,https://find-and-update.company-information.service.gov.uk/search/companies?q=Touchstone+Exploration+Inc,1620599168,18:26:08,20210509
45,2009-09-30,TXP.L,USD,2009-09-30,2009-09-30,Q3,217831415.473852,63367948.358125,154463467.115726,0.7090963751932624,0.0,12246234.446627,0.0,0.0,77066142.763589,140434091.121714,8179436.804191,0.0,174665322.330331,0.8018371544360525,77397324.352138,0.35530836626009343,-182000.0,69217887.547946,0.3177589761209387,8742632.612967,51310693.236037,0.2355523105995527,1.103939,1.047806,46191829.0,51682033.0,https://find-and-update.company-information.service.gov.uk/search/companies?q=Touchstone+Exploration+Inc,https://find-and-update.company-information.service.gov.uk/search/companies?q=Touchstone+Exploration+Inc,1620599168,18:26:08,20210509
46,2009-06-30,TXP.L,USD,2009-06-30,2009-06-30,Q2,164926138.076575,36051509.539601,128874628.536974,0.781408150581551,0.0,12576769.025367,0.0,0.0,77822472.974719,113873982.51432,6232826.564452,92411906.452127,143464062.014382,0.8698685586621316,51052155.562255,0.30954557086974016,-261000.0,44819328.997804,0.2717539470729281,10250226.107929,29860889.788535,0.18105613904977647,0.706318,0.689091,42334080.0,46458582.0,https://find-and-update.company-information.service.gov.uk/search/companies?q=Touchstone+Exploration+Inc,https://find-and-update.company-information.service.gov.uk/search/companies?q=Touchstone+Exploration+Inc,1620599168,18:26:08,20210509
47,2009-03-31,TXP.L,USD,2009-03-31,2009-03-31,Q1,152959531.16338,50452205.591193,102507325.572187,0.6701597788155895,0.0,11907024.629762,0.0,0.0,100787202.027402,151239407.618595,7261423.932842,86325334.600459,88045458.14524399,0.5756127615950939,1720123.544785,0.011245612036739914,9169000.0,-5541300.388057,-0.03622723177765363,-6237427.73422,-1221192.682347,-0.007983763241550557,-0.031678,-0.031678,41765926.0,41765926.0,https://find-and-update.company-information.service.gov.uk/search/companies?q=Touchstone+Exploration+Inc,https://find-and-update.company-information.service.gov.uk/search/companies?q=Touchstone+Exploration+Inc,1620599168,18:26:08,20210509
48,2008-12-31,TXP.L,USD,2008-12-31,2008-12-31,Q4,16806825.21884,-55943265.17046,72750090.3893,4.328603971424009,0.0,0.0,0.0,0.0,89712913.025545,33769647.855084,8847000.0,54443074.145928,37480251.509684004,2.230061360290083,-16962822.636244,-1.0092817897117852,98623000.0,72832546.078362,4.333510054993532,-3504320.445555,-3530917.17701,-0.21008829038407187,-0.019160887747248473,-0.019160887747248473,184277327.0,184277327.0,https://find-and-update.company-information.service.gov.uk/search/companies?q=Touchstone+Exploration+Inc,https://find-and-update.company-information.service.gov.uk/search/companies?q=Touchstone+Exploration+Inc,1620599168,18:26:08,20210509
49,2008-09-30,TXP.L,USD,2008-09-30,2008-09-30,Q3,289923483.84659,56206310.221047,233717173.625543,0.8061339858526674,0.0,0.0,0.0,0.0,78915548.838088,135121859.059135,6496000.0,63577483.833299,218379108.620754,0.7532301479113953,154801624.787455,0.5339395854851368,29227000.0,176655016.058946,0.609315995086556,46576610.617797,116404685.433592,0.4015014026776332,2.815039,2.550538,41289532.0,46124940.0,https://find-and-update.company-information.service.gov.uk/search/companies?q=Touchstone+Exploration+Inc,https://find-and-update.company-information.service.gov.uk/search/companies?q=Touchstone+Exploration+Inc,1620599168,18:26:08,20210509
50,2008-06-30,TXP.L,USD,2008-06-30,2008-06-30,Q2,237562389.467479,44798585.18373,192763804.283749,0.8114239156957854,0.0,0.0,0.0,0.0,66193751.228139,110992336.411869,6324000.0,57081484.788868,183651537.844478,0.7730665542477165,126570053.05561,0.5327865801456622,-41104000.0,80472587.934761,0.33874296396474524,16549420.318334,56628021.222244,0.2383711552539173,1.375516,1.257614,41168571.0,45028125.0,https://find-and-update.company-information.service.gov.uk/search/companies?q=Touchstone+Exploration+Inc,https://find-and-update.company-information.service.gov.uk/search/companies?q=Touchstone+Exploration+Inc,1620599168,18:26:08,20210509
51,2008-03-31,TXP.L,USD,2008-03-31,2008-03-31,Q1,168662197.610026,34355387.15632,134306810.453706,0.7963065367157426,0.0,0.0,0.0,0.0,59644418.53687,93999805.69319,6285000.0,51959584.183426,126621976.100263,0.7507430704361702,74662391.916837,0.4426741319324465,-14382000.0,55986592.830079,0.33194511647197295,16275138.443602,34525405.615467,0.20470150457362865,0.85495,0.777227,40382955.0,44421250.0,https://find-and-update.company-information.service.gov.uk/search/companies?q=Touchstone+Exploration+Inc,https://find-and-update.company-information.service.gov.uk/search/companies?q=Touchstone+Exploration+Inc,1620599168,18:26:08,20210509
52,2007-12-31,TXP.L,USD,2007-12-31,2007-12-31,Q4,123993801.21343,23599424.896923,100394376.316507,0.8096725427725099,0.0,0.0,0.0,0.0,43082168.895661,66681593.792584,2433000.0,36868383.289707,94180590.71055299,0.7595588633373723,57312207.420846,0.4622183275290895,-8726000.0,46962796.783921,0.37875116598033914,735421.562565,40644199.683749,0.32779219030303225,0.22055995897829037,0.22055995897829037,184277327.0,184277327.0,https://find-and-update.company-information.service.gov.uk/search/companies?q=Touchstone+Exploration+Inc,https://find-and-update.company-information.service.gov.uk/search/companies?q=Touchstone+Exploration+Inc,1620599168,18:26:08,20210509
53,2007-09-30,TXP.L,USD,2007-09-30,2007-09-30,Q3,62013497.179694,12090048.348106,49923448.831587,0.8050416619292707,0.0,0.0,0.0,0.0,23834609.18614,35924657.534247,2336000.0,20506900.884111,46595740.529558,0.7513806291965669,26088839.645447,0.4206961521594312,9273000.0,33942385.173247,0.5473386716909954,10620467.365028,21130136.986301,0.3407344843828604,0.543916,0.503626,38337851.0,43925798.0,https://find-and-update.company-information.service.gov.uk/search/companies?q=Touchstone+Exploration+Inc,https://find-and-update.company-information.service.gov.uk/search/companies?q=Touchstone+Exploration+Inc,1620599168,18:26:08,20210509
54,2007-06-30,TXP.L,USD,2007-06-30,2007-06-30,Q2,34625645.843119,7503992.484735,27121653.358384,0.783282237716694,0.0,0.0,0.0,0.0,16303428.839831,23807421.324566,2348000.0,13410472.023291,24228696.541844,0.6997326967305899,10818224.518553,0.3124338696112106,4571000.0,14481916.392673,0.4182424916574062,-3488961.953969,15560356.975106,0.4493882091212528,0.40760402374280885,0.36917582095976587,38175180.0,42148906.0,https://find-and-update.company-information.service.gov.uk/search/companies?q=Touchstone+Exploration+Inc,https://find-and-update.company-information.service.gov.uk/search/companies?q=Touchstone+Exploration+Inc,1620599168,18:26:08,20210509
55,2007-03-31,TXP.L,USD,2007-03-31,2007-03-31,Q1,25546983.356449,6599341.192788,18947642.163662,0.7416782599844188,0.0,0.0,0.0,0.0,13419729.542302,20019070.73509,0.0,10386615.811373,15914528.432732,0.622951375928876,5527912.621359,0.21638220623663385,0.0,5364077.669903,0.20996912218792005,1751907.073509,3241158.113731,0.12687048284754968,0.08985004129631899,0.08717782261700921,36072973.0,37178700.0,https://find-and-update.company-information.service.gov.uk/search/companies?q=Touchstone+Exploration+Inc,https://find-and-update.company-information.service.gov.uk/search/companies?q=Touchstone+Exploration+Inc,1620599168,18:26:08,20210509
56,2006-12-31,TXP.L,USD,2006-12-31,2006-12-31,Q4,19306475.154808,5020196.249744,14286278.905064,0.7399734436509094,0.0,0.0,0.0,0.0,11224714.734196,16244910.98394,406000.0,8398170.074834,11459734.245702,0.5935694710615323,3061564.170868,0.1585770652757172,-634000.0,3165740.019185,0.1639729672972758,1089914.125524,1476500.015797,0.07647693346184421,0.008012380252275962,0.008012380252275962,184277327.0,184277327.0,https://find-and-update.company-information.service.gov.uk/search/companies?q=Touchstone+Exploration+Inc,https://find-and-update.company-information.service.gov.uk/search/companies?q=Touchstone+Exploration+Inc,1620599168,18:26:08,20210509
57,2006-09-30,TXP.L,USD,2006-09-30,2006-09-30,Q3,22066093.498119,5706609.349812,16359484.148307,0.7413856081821436,0.0,0.0,0.0,0.0,8761418.592155,14468027.941967,379000.0,6306876.662566,13904942.218719,0.6301497009384245,7598065.556153,0.3443321563375361,-570000.0,6748164.069497,0.30581598279152766,1295002.686728,4629231.595916,0.20978935833434287,0.143292,0.125381,33633613.0,34783596.0,https://find-and-update.company-information.service.gov.uk/search/companies?q=Touchstone+Exploration+Inc,https://find-and-update.company-information.service.gov.uk/search/companies?q=Touchstone+Exploration+Inc,1620599168,18:26:08,20210509
58,2006-06-30,TXP.L,USD,2006-06-30,2006-06-30,Q2,24472267.097469,5647101.059056,18825166.038413,0.7692448747570249,0.0,0.0,0.0,0.0,10035002.692515,15682103.751571,640000.0,7600311.073456,16390474.419354,0.669757090917382,8790163.345898,0.3591887629735419,1031000.0,9141087.775983,0.37352844097261434,-1717824.448034,10837372.105547,0.442842997029394,0.323102,0.305152,33541667.0,35514706.0,https://find-and-update.company-information.service.gov.uk/search/companies?q=Touchstone+Exploration+Inc,https://find-and-update.company-information.service.gov.uk/search/companies?q=Touchstone+Exploration+Inc,1620599168,18:26:08,20210509
59,2006-03-31,TXP.L,USD,2006-03-31,2006-03-31,Q1,18522044.947675,5213587.236233,13308457.711443,0.7185198907053488,0.0,0.0,0.0,0.0,7515868.931206,12729456.167439,1516000.0,5625321.667524,11417910.447761,0.6164497753901761,5792588.780237,0.31274023989257843,-55000.0,4445016.297821,0.2399851803825239,1664093.326471,2780922.97135,0.1501412494789933,0.085778,0.085778,32420000.0,32420000.0,https://find-and-update.company-information.service.gov.uk/search/companies?q=Touchstone+Exploration+Inc,https://find-and-update.company-information.service.gov.uk/search/companies?q=Touchstone+Exploration+Inc,1620599168,18:26:08,20210509
60,2005-12-31,TXP.L,USD,2005-12-31,2005-12-31,Q4,19421189.394776,11503211.789608,7917977.605168,0.4076978728860866,0.0,0.0,0.0,0.0,6430241.505063,17933453.294671,1709000.0,4647782.642592,6135518.742697,0.31591879456916055,1487736.100105,0.07660375839314856,6620000.0,5708181.136792,0.29391511615284555,1237545.015032,4470636.12176,0.23019373483698846,0.024260369924727635,0.024260369924727635,184277327.0,184277327.0,https://find-and-update.company-information.service.gov.uk/search/companies?q=Touchstone+Exploration+Inc,https://find-and-update.company-information.service.gov.uk/search/companies?q=Touchstone+Exploration+Inc,1620599168,18:26:08,20210509
61,2005-09-30,TXP.L,USD,2005-09-30,2005-09-30,Q3,15467251.537436,2145099.557046,13322151.98039,0.8613134627148119,0.0,0.0,0.0,0.0,5152023.394831,7297122.951877,0.0,4245993.433951,12416122.019510001,0.8027361544783035,8170128.585559,0.5282210977033971,0.0,3947877.693201,0.25524106100206595,1221347.783082,2726529.910119,0.1762775955068599,0.08601,0.08601,31700000.0,31700000.0,https://find-and-update.company-information.service.gov.uk/search/companies?q=Touchstone+Exploration+Inc,https://find-and-update.company-information.service.gov.uk/search/companies?q=Touchstone+Exploration+Inc,1620599168,18:26:08,20210509
62,2005-06-30,TXP.L,USD,2005-06-30,2005-06-30,Q2,10780056.161431,1903611.310651,8876444.85078,0.823413599878843,0.0,0.0,0.0,0.0,5086364.526873,6989975.837524,2125000.0,3448893.238805,7238973.562713,0.6715153849209688,3790080.323908,0.3515826139633845,2156000.0,3815385.620061,0.353930031803705,-22856.396526,3838242.016587,0.35605028017567325,0.13597057158122883,0.13269113272525354,28228476.0,28926138.0,https://find-and-update.company-information.service.gov.uk/search/companies?q=Touchstone+Exploration+Inc,https://find-and-update.company-information.service.gov.uk/search/companies?q=Touchstone+Exploration+Inc,1620599168,18:26:08,20210509
63,2005-03-31,TXP.L,USD,2005-03-31,2005-03-31,Q1,9408944.366372,1849218.814582,7559725.55179,0.803461606044649,0.0,0.0,0.0,0.0,4640820.038026,6490038.852608,2548000.0,3452922.212119,6371827.725883,0.6772096292391955,2918905.513764,0.31022667369533,-1428000.0,-367859.79995,-0.03909681953958064,-162850.293461,-205009.506489,-0.02178878931644164,-0.007436,-0.007436,27570623.0,27570623.0,https://find-and-update.company-information.service.gov.uk/search/companies?q=Touchstone+Exploration+Inc,https://find-and-update.company-information.service.gov.uk/search/companies?q=Touchstone+Exploration+Inc,1620599168,18:26:08,20210509
64,2004-12-31,TXP.L,USD,2004-12-31,2004-12-31,Q4,16359416.225417,4055743.698633,12303672.526784,0.7520850595920565,0.0,0.0,0.0,0.0,9250027.104557,13305770.80319,253000.0,7523062.78546,10576708.207687,0.6465211265457244,3053645.422227,0.1866598037577079,11915000.0,12329172.489097,0.753643792615389,6023365.29964,7134389.718656,0.43610295259628956,0.03871550469502957,0.03871550469502957,184277327.0,184277327.0,https://find-and-update.company-information.service.gov.uk/search/companies?q=Touchstone+Exploration+Inc,https://find-and-update.company-information.service.gov.uk/search/companies?q=Touchstone+Exploration+Inc,1620599168,18:26:08,20210509
65,2004-09-30,TXP.L,USD,2004-09-30,2004-09-30,Q3,14827266.311975,3086767.259493,11740499.052482,0.7918181818181802,0.0,0.0,0.0,0.0,7922676.202634,11009443.462127,0.0,7180824.933196,10998647.783044,0.7417852725934463,3817822.849848,0.25748663101603547,0.0,976062.290377,0.06582887700537887,419445.127221,166509.407782,0.011229946524095367,-0.047574,-0.047574,27366198.0,27366198.0,https://find-and-update.company-information.service.gov.uk/search/companies?q=Touchstone+Exploration+Inc,https://find-and-update.company-information.service.gov.uk/search/companies?q=Touchstone+Exploration+Inc,1620599168,18:26:08,20210509
66,2004-06-30,TXP.L,USD,2004-06-30,2004-06-30,Q2,13633022.292898,2757358.456599,10875663.836299,0.7977441540577969,0.0,0.0,0.0,0.0,8138558.012542,10895916.469141,251000.0,6163442.684531,8900548.508288,0.6528668637859311,2737105.823757,0.20077028885831652,-3093000.0,228779.741366,0.016781292984841722,152269.795073,60007.801014,0.004401650618972472,0.00219278670664328,0.002014292941290994,27366000.0,29791000.0,https://find-and-update.company-information.service.gov.uk/search/companies?q=Touchstone+Exploration+Inc,https://find-and-update.company-information.service.gov.uk/search/companies?q=Touchstone+Exploration+Inc,1620599168,18:26:08,20210509
67,2004-03-31,TXP.L,USD,2004-03-31,2004-03-31,Q1,14851817.391437,3480727.871753,11371089.519684,0.7656362329259545,0.0,0.0,0.0,0.0,8184743.97889,11665471.850643,478000.0,6889004.133555,10075349.674348999,0.6783917017561815,3186345.540794,0.21454246687891054,-3519000.0,138039.38317,0.00929444387389171,10677.079361,-277604.063391,-0.018691588785023444,-0.061012,-0.061012,27281299.0,27281299.0,https://find-and-update.company-information.service.gov.uk/search/companies?q=Touchstone+Exploration+Inc,https://find-and-update.company-information.service.gov.uk/search/companies?q=Touchstone+Exploration+Inc,1620599168,18:26:08,20210509
68,2003-12-31,TXP.L,USD,2003-12-31,2003-12-31,Q4,16938967.103573,5013008.777033,11925958.32654,0.70405463648515,0.0,0.0,0.0,0.0,22350554.316604,27363563.093637,547000.0,8761464.355758,-1663131.6343060005,-0.0981837690655406,-10424595.990064,-0.6154209950537718,-19958000.0,0.0,0.0,0.0,-14192462.497096,-0.8378587909355071,-0.07701686761006686,-0.07701686761006686,184277327.0,184277327.0,https://find-and-update.company-information.service.gov.uk/search/companies?q=Touchstone+Exploration+Inc,https://find-and-update.company-information.service.gov.uk/search/companies?q=Touchstone+Exploration+Inc,1620599168,18:26:08,20210509
69,2003-09-30,TXP.L,USD,2003-09-30,2003-09-30,Q3,10098582.278855,2658689.365982,7439892.912873,0.7367264738191104,0.0,0.0,0.0,0.0,6089470.998469,8748160.364451,85000.0,4735006.002621,6085427.917025,0.6026022018721404,1350421.914404,0.13372391065541864,-2341000.0,0.0,0.0,0.0,-443731.187647,-0.04393994873677568,-0.103537,-0.103537,27208258.0,27208258.0,https://find-and-update.company-information.service.gov.uk/search/companies?q=Touchstone+Exploration+Inc,https://find-and-update.company-information.service.gov.uk/search/companies?q=Touchstone+Exploration+Inc,1620599168,18:26:08,20210509
70,2003-06-30,TXP.L,USD,2003-06-30,2003-06-30,Q2,10734383.584018,2782520.898603,7951862.685415,0.740784286603491,0.0,0.0,0.0,0.0,5386865.4323,8169386.330903,0.0,4202682.81887,6767680.071984,0.6304675083588527,2564997.253114,0.23895151808557719,0.0,0.0,0.0,0.0,694145.42161,0.06466560619684635,-0.044544,-0.044544,22767073.0,22767073.0,https://find-and-update.company-information.service.gov.uk/search/companies?q=Touchstone+Exploration+Inc,https://find-and-update.company-information.service.gov.uk/search/companies?q=Touchstone+Exploration+Inc,1620599168,18:26:08,20210509
71,2003-03-31,TXP.L,USD,2003-03-31,2003-03-31,Q1,12206870.239409,2292577.906771,9914292.332638,0.8121895406596871,0.0,0.0,0.0,0.0,4521113.518375,6813691.425145,0.0,3401735.95498,8794914.769244,0.7204889211364148,5393178.814264,0.44181503599935973,0.0,0.0,0.0,0.0,2409761.680906,0.19741028073897748,0.10629870096343055,0.10133013713367058,22669719.0,23781293.0,https://find-and-update.company-information.service.gov.uk/search/companies?q=Touchstone+Exploration+Inc,https://find-and-update.company-information.service.gov.uk/search/companies?q=Touchstone+Exploration+Inc,1620599168,18:26:08,20210509
72,2002-12-31,TXP.L,USD,2002-12-31,2002-12-31,Q4,1731907.963784,2103017.28807,-371109.324287,-0.21427773995344016,0.0,0.0,0.0,0.0,3327606.291005,5430623.579075,0.0,2749597.205673,-949118.409618,-0.5480189649017471,-3698715.615291,-2.1356305835154044,7566000.0,1068620.007405,0.6170189350421372,170034.417917,898585.589488,0.5188414212985684,0.00487626776509516,0.00487626776509516,184277327.0,184277327.0,https://find-and-update.company-information.service.gov.uk/search/companies?q=Touchstone+Exploration+Inc,https://find-and-update.company-information.service.gov.uk/search/companies?q=Touchstone+Exploration+Inc,1620599168,18:26:08,20210509
73,2002-09-30,TXP.L,USD,2002-09-30,2002-09-30,Q3,7692259.223087,1817838.127343,5874421.095744,0.7636795543905918,0.0,596074.477805,0.0,0.0,3263287.231026,5081125.358369,0.0,2408904.381077,5020038.245795,0.6526090840423338,2611133.864718,0.339449541284455,-2314000.0,1153082.763618,0.1499017038007793,161935.666803,991147.096815,0.1288499344692183,0.043958,0.043958,22547361.0,22547361.0,https://find-and-update.company-information.service.gov.uk/search/companies?q=Touchstone+Exploration+Inc,https://find-and-update.company-information.service.gov.uk/search/companies?q=Touchstone+Exploration+Inc,1620599168,18:26:08,20210509
74,2002-06-30,TXP.L,USD,2002-06-30,2002-06-30,Q2,6772172.766238,1983514.671942,4788658.094296,0.7071080817916198,0.0,646224.859875,0.0,0.0,3070227.497527,5053742.169469,0.0,3000540.897371,4718971.49414,0.696817942635186,1718430.596769,0.25374878286272706,-58000.0,1680184.635674,0.24810126582274966,214309.264754,1465875.37092,0.2164556962025507,0.013188,0.013188,17103694.0,17103694.0,https://find-and-update.company-information.service.gov.uk/search/companies?q=Touchstone+Exploration+Inc,https://find-and-update.company-information.service.gov.uk/search/companies?q=Touchstone+Exploration+Inc,1620599168,18:26:08,20210509
75,2002-03-31,TXP.L,USD,2002-03-31,2002-03-31,Q1,7639977.428052,1991347.419901,5648630.008151,0.7393516618793542,0.0,605680.606935,0.0,0.0,3415888.143457,5407235.563358,0.0,2810207.536523,5042949.401217001,0.6600738613049574,2232741.864694,0.29224456298731405,-2291000.0,796288.168537,0.10422650800161241,157376.638034,638911.530503,0.08362741075085954,0.037956487317510355,0.03009546673618316,16832736.0,21229494.0,https://find-and-update.company-information.service.gov.uk/search/companies?q=Touchstone+Exploration+Inc,https://find-and-update.company-information.service.gov.uk/search/companies?q=Touchstone+Exploration+Inc,1620599168,18:26:08,20210509
76,2001-12-31,TXP.L,USD,2001-12-31,2001-12-31,Q4,729452.797111,1902974.730964,-1173521.933854,-1.6087702158408839,0.0,990061.117209,0.0,0.0,7857122.235414,9760096.966378,160823.0,2778919.088359,-6251725.080909001,-8.57043129544362,-9030644.169268,-12.380025417729419,6517234.0,-4995435.096688,-6.848195135411688,-260181.916462,-4735253.180226,-6.4915141856745,-0.025696341798066128,-0.025696341798066128,184277327.0,184277327.0,https://find-and-update.company-information.service.gov.uk/search/companies?q=Touchstone+Exploration+Inc,https://find-and-update.company-information.service.gov.uk/search/companies?q=Touchstone+Exploration+Inc,1620599168,18:26:08,20210509
77,2001-09-30,TXP.L,USD,2001-09-30,2001-09-30,Q3,8060091.312619,1675619.530755,6384471.781864,0.7921091131893723,0.0,1135227.013316,0.0,0.0,4243407.102093,5919026.632847,578337.0,2032558.586126,4173623.2658979995,0.5178133973946067,2141064.679772,0.2656377696887772,-2116802.0,432035.510463,0.05360181339218809,310082.435003,121953.07546,0.015130483108679977,-0.038047,-0.038047,16737416.0,16737416.0,https://find-and-update.company-information.service.gov.uk/search/companies?q=Touchstone+Exploration+Inc,https://find-and-update.company-information.service.gov.uk/search/companies?q=Touchstone+Exploration+Inc,1620599168,18:26:08,20210509
78,2001-06-30,TXP.L,USD,2001-06-30,2001-06-30,Q2,12302535.18335,2780335.645854,9522199.537496,0.7740030323492308,0.0,1360802.775025,0.0,0.0,3844698.381236,6625034.02709,1303228.0,2507957.156111,8185458.312371,0.6653472792704573,5677501.15626,0.46149034094564617,-2423296.0,3215311.529567,0.26135357319835484,407474.066733,2807837.462834,0.22823242697440685,0.132144,0.105715,16737416.0,16737416.0,https://find-and-update.company-information.service.gov.uk/search/companies?q=Touchstone+Exploration+Inc,https://find-and-update.company-information.service.gov.uk/search/companies?q=Touchstone+Exploration+Inc,1620599168,18:26:08,20210509
79,2001-03-31,TXP.L,USD,2001-03-31,2001-03-31,Q1,3420216.370558,241952.411168,3178263.959391,0.9292581565161253,0.0,521345.177665,0.0,0.0,-7097571.06599,-6855618.654822,295612.0,582674.492386,10858509.517767001,3.17480192517629,10275835.025381,3.004440044740363,-395136.0,9837543.147208,2.876292632212338,4597187.182741,5240355.964467,1.5321708911685166,0.304569,0.241117,16850822.0,21732311.0,https://find-and-update.company-information.service.gov.uk/search/companies?q=Touchstone+Exploration+Inc,https://find-and-update.company-information.service.gov.uk/search/companies?q=Touchstone+Exploration+Inc,1620599168,18:26:08,20210509
80,2000-12-31,TXP.L,USD,2000-12-31,2000-12-31,Q4,11185582.267971,1054291.49879,10131290.769181,0.9057454968787028,0.0,918014.475983,0.0,0.0,11480268.107207,12534559.605998,259747.0,1929080.128413,580102.790387,0.051861653375709985,-1348977.338026,-0.12059965281277188,9690975.0,4974562.486217,0.44472986448468155,2350146.940576,2580016.58398,0.23065554587780976,0.014000727197329057,0.014000727197329057,184277327.0,184277327.0,https://find-and-update.company-information.service.gov.uk/search/companies?q=Touchstone+Exploration+Inc,https://find-and-update.company-information.service.gov.uk/search/companies?q=Touchstone+Exploration+Inc,1620599168,18:26:08,20210509
81,2000-09-30,TXP.L,USD,2000-09-30,2000-09-30,Q3,8082444.089457,909986.022364,7172458.067093,0.8874120238516695,0.0,314753.72737,0.0,0.0,633156.28328,1543142.305644,411356.0,1939275.93149,8478577.715303,1.0490116134997742,6539301.783813,0.8090747936435558,-2747012.0,4437086.661342,0.5489783303456288,1728467.784878,2708618.876464,0.33512373812733326,0.146432,0.106496,17223116.0,28034616.0,https://find-and-update.company-information.service.gov.uk/search/companies?q=Touchstone+Exploration+Inc,https://find-and-update.company-information.service.gov.uk/search/companies?q=Touchstone+Exploration+Inc,1620599168,18:26:08,20210509
82,2000-06-30,TXP.L,USD,2000-06-30,2000-06-30,Q2,6143874.691962,877696.384566,5266178.307396,0.8571428571428572,0.0,337575.532525,0.0,0.0,1620362.556122,2498058.940688,0.0,1186016.021669,4831831.772942999,0.7864469923620774,3645815.751274,0.5934065934065683,0.0,1080241.704081,0.17582417582413828,607635.958546,472605.745536,0.07692307692315205,0.027006,0.027006,17500000.0,17500000.0,https://find-and-update.company-information.service.gov.uk/search/companies?q=Touchstone+Exploration+Inc,https://find-and-update.company-information.service.gov.uk/search/companies?q=Touchstone+Exploration+Inc,1620599168,18:26:08,20210509
83,2000-03-31,TXP.L,USD,2000-03-31,2000-03-31,Q1,5782973.274402,826139.0392,4956834.235202,0.8571428571429065,0.0,413069.5196,0.0,0.0,1927657.758134,2753796.797334,400000.0,1514588.238534,4543764.715602,0.7857142857143599,3029176.477068,0.5238095238095732,-1600000.0,1652278.078401,0.2857142857143598,826139.0392,826139.0392,0.14285714285709344,0.041307,0.027538,20000000.0,20000000.0,https://find-and-update.company-information.service.gov.uk/search/companies?q=Touchstone+Exploration+Inc,https://find-and-update.company-information.service.gov.uk/search/companies?q=Touchstone+Exploration+Inc,1620599168,18:26:08,20210509
84,1999-12-31,TXP.L,USD,1999-12-31,1999-12-31,Q4,4966180.046923,991335.618221,3974844.428702,0.800382666585916,0.0,425672.575451,0.0,0.0,2054566.861266,3045902.479487,0.0,1628894.285815,3549171.853251,0.7146683808715382,1920277.567436,0.38667095217898645,0.0,792752.264222,0.15963018995116418,565663.042771,227089.221451,0.045727142251256556,0.0012323231791342404,0.0012323231791342404,184277327.0,184277327.0,https://find-and-update.company-information.service.gov.uk/search/companies?q=Touchstone+Exploration+Inc,https://find-and-update.company-information.service.gov.uk/search/companies?q=Touchstone+Exploration+Inc,1620599168,18:26:08,20210509
85,1999-09-30,TXP.L,USD,1999-09-30,1999-09-30,Q3,3472836.967328,612853.58247,2859983.384858,0.8235294117646043,0.0,204284.52749,0.0,0.0,1361896.849933,1974750.432402,300000.0,1164373.905601,2662460.440527,0.7666528735944367,1498086.534926,0.4313725490196643,-600000.0,885232.952456,0.2549019607842686,340474.212483,544758.739973,0.15686274509803358,0.027238,0.027238,20000000.0,20000000.0,https://find-and-update.company-information.service.gov.uk/search/companies?q=Touchstone+Exploration+Inc,https://find-and-update.company-information.service.gov.uk/search/companies?q=Touchstone+Exploration+Inc,1620599168,18:26:08,20210509
86,1999-06-30,TXP.L,USD,1999-06-30,1999-06-30,Q2,3120399.953872,542678.252847,2577721.701025,0.8260869565218366,0.0,339173.90803,0.0,0.0,1221026.068907,1763704.321754,0.0,902195.222892,2258890.85501,0.7239106808109704,1356695.632118,0.43478260869556856,0.0,881852.160877,0.2826086956522157,339173.90803,542678.252847,0.17391304347816336,0.027134,0.027134,20000000.0,20000000.0,https://find-and-update.company-information.service.gov.uk/search/companies?q=Touchstone+Exploration+Inc,https://find-and-update.company-information.service.gov.uk/search/companies?q=Touchstone+Exploration+Inc,1620599168,18:26:08,20210509
87,1999-03-31,TXP.L,USD,1999-03-31,1999-03-31,Q1,2849607.019311,596429.376135,2253177.643176,0.7906976744185557,0.0,265079.722727,0.0,0.0,1126588.821588,1723018.197723,200000.0,861509.098861,1988097.920449,0.6976744186044634,1126588.821588,0.3953488372092778,-600000.0,596429.376135,0.20930232558144432,265079.722727,331349.653408,0.11627906976735208,0.026508,0.013254,12500000.0,12500000.0,https://find-and-update.company-information.service.gov.uk/search/companies?q=Touchstone+Exploration+Inc,https://find-and-update.company-information.service.gov.uk/search/companies?q=Touchstone+Exploration+Inc,1620599168,18:26:08,20210509
88,1998-12-31,TXP.L,USD,1998-12-31,1998-12-31,Q4,2222187.169243,383706.657142,1838480.512101,0.8273292806056873,0.0,190295.103014,0.0,0.0,-24412.200387,359294.456755,200000.0,565171.815336,2428064.527824,1.0926462727489932,1862892.712488,0.8383149440659422,-500000.0,1415754.354341,0.6370995089595826,514725.327302,901029.027039,0.4054694579781686,0.004889527332024954,0.004889527332024954,184277327.0,184277327.0,https://find-and-update.company-information.service.gov.uk/search/companies?q=Touchstone+Exploration+Inc,https://find-and-update.company-information.service.gov.uk/search/companies?q=Touchstone+Exploration+Inc,1620599168,18:26:08,20210509
89,1998-09-30,TXP.L,USD,1998-09-30,1998-09-30,Q3,2489354.733049,327546.675401,2161808.057648,0.8684210526316528,0.0,131018.67016,0.0,0.0,786112.020963,1113658.696364,300000.0,583425.933104,1959121.969789,0.7869999176009106,1375696.036685,0.5526315789473789,-200000.0,1048149.361284,0.4210526315790319,655093.350802,393056.010481,0.1578947368419361,0.026204,0.026204,15000000.0,15000000.0,https://find-and-update.company-information.service.gov.uk/search/companies?q=Touchstone+Exploration+Inc,https://find-and-update.company-information.service.gov.uk/search/companies?q=Touchstone+Exploration+Inc,1620599168,18:26:08,20210509
90,1998-06-30,TXP.L,USD,1998-06-30,1998-06-30,Q2,2110135.457083,204206.657137,1905928.799946,0.9032258064516436,0.0,272275.542849,0.0,0.0,1225239.942822,1429446.599959,0.0,919666.031365,1600354.8884879998,0.7584133440894318,680688.857123,0.32258064516103047,0.0,0.0,0.0,0.0,340344.428562,0.16129032258075218,0.027228,0.013614,12500000.0,12500000.0,https://find-and-update.company-information.service.gov.uk/search/companies?q=Touchstone+Exploration+Inc,https://find-and-update.company-information.service.gov.uk/search/companies?q=Touchstone+Exploration+Inc,1620599168,18:26:08,20210509
91,1998-03-31,TXP.L,USD,1998-03-31,1998-03-31,Q1,2254314.899613,281789.362452,1972525.537161,0.8749999999998337,0.0,211342.021839,0.0,0.0,1197604.790419,1479394.152871,0.0,986262.76858,1761183.515322,0.7812499999997089,774920.746742,0.3437500000000139,0.0,422684.043677,0.18749999999980593,70447.340613,352236.703064,0.15624999999976436,0.028179,0.028179,12500000.0,12500000.0,https://find-and-update.company-information.service.gov.uk/search/companies?q=Touchstone+Exploration+Inc,https://find-and-update.company-information.service.gov.uk/search/companies?q=Touchstone+Exploration+Inc,1620599168,18:26:08,20210509
92,1997-12-31,TXP.L,USD,1997-12-31,1997-12-31,Q4,1933342.823498,166988.452048,1766354.37145,0.913627086713019,0.0,249415.287482,0.0,0.0,1464621.76888,1631610.220928,0.0,1215206.481398,1516939.083968,0.7846198126535054,301732.60257,0.1560678214451769,0.0,0.0,0.0,0.0,-379515.530128,-0.19630017269329503,-0.0020594803294927324,-0.0020594803294927324,184277327.0,184277327.0,https://find-and-update.company-information.service.gov.uk/search/companies?q=Touchstone+Exploration+Inc,https://find-and-update.company-information.service.gov.uk/search/companies?q=Touchstone+Exploration+Inc,1620599168,18:26:08,20210509
93,1997-09-30,TXP.L,USD,1997-09-30,1997-09-30,Q3,1882148.544954,434341.971913,1447806.573042,0.7692307692310144,0.0,217170.985956,0.0,0.0,796293.615173,1230635.587086,0.0,651177.380509,1302690.338378,0.6921293974752869,651512.957869,0.3461538461540096,0.0,0.0,0.0,0.0,434341.971913,0.23076923076951686,0.028956,0.028956,10000000.0,10000000.0,https://find-and-update.company-information.service.gov.uk/search/companies?q=Touchstone+Exploration+Inc,https://find-and-update.company-information.service.gov.uk/search/companies?q=Touchstone+Exploration+Inc,1620599168,18:26:08,20210509
94,1997-06-30,TXP.L,USD,1997-06-30,1997-06-30,Q2,1376213.24062,362161.379111,1014051.861509,0.7368421052628137,0.0,434593.654933,0.0,0.0,724322.758221,1086484.137332,100000.0,217113.109106,506842.212394,0.3682875570690351,289729.103288,0.21052631578916772,-200000.0,0.0,0.0,0.0,100000.0,0.07266315789473791,0.01200000048000002,0.01200000048000002,8333333.0,8333333.0,https://find-and-update.company-information.service.gov.uk/search/companies?q=Touchstone+Exploration+Inc,https://find-and-update.company-information.service.gov.uk/search/companies?q=Touchstone+Exploration+Inc,1620599168,18:26:08,20210509
95,1997-03-31,TXP.L,USD,1997-03-31,1997-03-31,Q1,1449380.389883,434814.116965,1014566.272918,0.699999999999931,0.0,217407.058482,0.0,0.0,579752.155953,1014566.272918,100000.0,362345.097471,797159.214436,0.5500000000002415,434814.116965,0.300000000000069,0.0,0.0,0.0,0.0,362345.097471,0.2500000000001725,0.043481,0.043481,8333333.0,8333333.0,https://find-and-update.company-information.service.gov.uk/search/companies?q=Touchstone+Exploration+Inc,https://find-and-update.company-information.service.gov.uk/search/companies?q=Touchstone+Exploration+Inc,1620599168,18:26:08,20210509
96,1996-12-31,TXP.L,USD,1996-12-31,1996-12-31,Q4,506846.39036,144624.998382,362221.391978,0.7146571404419462,0.0,144624.998382,0.0,0.0,216717.865566,361342.863948,0.0,72092.867184,217596.393596,0.4293142808838924,145503.526412,0.28707618161915405,0.0,0.0,0.0,0.0,0.0,0.0,0.0,0.0,184277327.0,184277327.0,https://find-and-update.company-information.service.gov.uk/search/companies?q=Touchstone+Exploration+Inc,https://find-and-update.company-information.service.gov.uk/search/companies?q=Touchstone+Exploration+Inc,1620599168,18:26:08,20210509
97,1996-09-30,TXP.L,USD,1996-09-30,1996-09-30,Q3,293642.636911,73410.659228,220231.977683,0.7499999999991486,0.0,73410.659228,0.0,0.0,146821.318455,220231.977683,100000.0,73598.795207,147009.45443500002,0.500640697078187,73410.659228,0.2500000000008514,0.0,0.0,0.0,0.0,73410.659228,0.2500000000008514,0.006676,0.006676,10996500.0,10996500.0,https://find-and-update.company-information.service.gov.uk/search/companies?q=Touchstone+Exploration+Inc,https://find-and-update.company-information.service.gov.uk/search/companies?q=Touchstone+Exploration+Inc,1620599168,18:26:08,20210509
98,1996-06-30,TXP.L,USD,1996-06-30,1996-06-30,Q2,219667.569744,73222.523248,146445.046496,0.6666666666666666,0.0,73222.523248,0.0,0.0,146445.046496,219667.569744,0.0,-145.048285,73222.523248,0.3333333333333333,0.0,0.0,0.0,0.0,0.0,0.0,0.0,0.0,0.0,0.0,184277327.0,184277327.0,https://find-and-update.company-information.service.gov.uk/search/companies?q=Touchstone+Exploration+Inc,https://find-and-update.company-information.service.gov.uk/search/companies?q=Touchstone+Exploration+Inc,1620599168,18:26:08,20210509
99,1996-03-31,TXP.L,USD,1996-03-31,1996-03-31,Q1,146735.143067,73367.571533,73367.571533,0.49999999999659245,0.0,73367.571533,0.0,0.0,146735.143067,220102.7146,0.0,73367.571533,0.0,0.0,-73367.571533,-0.49999999999659245,0.0,0.0,0.0,0.0,-73367.571533,-0.49999999999659245,-0.007337,-0.007337,10000000.0,10000000.0,https://find-and-update.company-information.service.gov.uk/search/companies?q=Touchstone+Exploration+Inc,https://find-and-update.company-information.service.gov.uk/search/companies?q=Touchstone+Exploration+Inc,1620599168,18:26:08,20210509
100,1995-12-31,TXP.L,USD,1995-12-31,1995-12-31,Q4,-919.891444,0.0,0.0,0.0,0.0,0.0,0.0,0.0,0.0,0.0,0.0,0.0,-147558.208036,160.40828404095907,-147558.208036,160.40828404095907,0.0,0.0,0.0,0.0,-72399.266852,78.70414202047954,-0.0003928821197411877,-0.0003928821197411877,184277327.0,184277327.0,https://find-and-update.company-information.service.gov.uk/search/companies?q=Touchstone+Exploration+Inc,https://find-and-update.company-information.service.gov.uk/search/companies?q=Touchstone+Exploration+Inc,1620599168,18:26:08,20210509
101,1995-09-30,TXP.L,USD,1995-09-30,1995-09-30,Q3,74239.04974,0.0,0.0,0.0,0.0,0.0,0.0,0.0,0.0,0.0,0.0,0.0,74239.04974,1.0,74239.04974,1.0,0.0,0.0,0.0,0.0,0.0,0.0,0.0,0.0,5000000.0,5000000.0,https://find-and-update.company-information.service.gov.uk/search/companies?q=Touchstone+Exploration+Inc,https://find-and-update.company-information.service.gov.uk/search/companies?q=Touchstone+Exploration+Inc,1620599168,18:26:08,20210509
102,1995-06-30,TXP.L,USD,1995-06-30,1995-06-30,Q2,72785.501128,0.0,0.0,0.0,0.0,0.0,0.0,0.0,0.0,0.0,0.0,0.0,72785.501128,1.0,72785.501128,1.0,0.0,0.0,0.0,0.0,0.0,0.0,0.0,0.0,184277327.0,184277327.0,https://find-and-update.company-information.service.gov.uk/search/companies?q=Touchstone+Exploration+Inc,https://find-and-update.company-information.service.gov.uk/search/companies?q=Touchstone+Exploration+Inc,1620599168,18:26:08,20210509
103,1995-03-31,TXP.L,USD,1995-03-31,1995-03-31,Q1,71285.99943,0.0,0.0,0.0,0.0,0.0,0.0,0.0,0.0,0.0,0.0,0.0,71285.99943,1.0,71285.99943,1.0,0.0,0.0,0.0,0.0,0.0,0.0,0.0,0.0,184277327.0,184277327.0,https://find-and-update.company-information.service.gov.uk/search/companies?q=Touchstone+Exploration+Inc,https://find-and-update.company-information.service.gov.uk/search/companies?q=Touchstone+Exploration+Inc,1620599168,18:26:08,20210509
