,date,symbol,reportedCurrency,fillingDate,acceptedDate,period,revenue,costOfRevenue,grossProfit,grossProfitRatio,researchAndDevelopmentExpenses,generalAndAdministrativeExpenses,sellingAndMarketingExpenses,otherExpenses,operatingExpenses,costAndExpenses,interestExpense,depreciationAndAmortization,ebitda,ebitdaratio,operatingIncome,operatingIncomeRatio,totalOtherIncomeExpensesNet,incomeBeforeTax,incomeBeforeTaxRatio,incomeTaxExpense,netIncome,netIncomeRatio,eps,epsdiluted,weightedAverageShsOut,weightedAverageShsOutDil,link,finalLink,timestamp,est_time,est_date
0,2020-12-31,FITBP,USD,2021-02-26,2021-02-26 16:58:20,Q4,1901000000,0.0,0.0,0.0,0.0,769000000.0,30000000.0,0.0,0.0,0.0,133000000,-358000000,0.0,0.0,0.0,0.3924250394529195,0.0,746000000,0.3924250394529195,142000000,604000000,0.31772751183587583,0.84593837535014,0.84593837535014,714000000.0,714000000.0,https://www.sec.gov/Archives/edgar/data/35527/000003552721000100/0000035527-21-000100-index.htm,https://www.sec.gov/Archives/edgar/data/35527/000003552721000100/fitb-20201231.htm,1620592092,16:28:12,20210509
1,2020-09-30,FITBP,USD,2020-11-05,2020-11-05 16:23:49,Q3,1329000000,0.0,1329000000.0,1.0,0.0,0.0,23000000.0,225000000.0,23000000.0,23000000.0,-159000000,358000000,1104000000.0,0.8306997742663657,746000000.0,0.5613243039879608,26000000.0,746000000,0.5613243039879608,165000000,581000000,0.43717080511662904,0.8137254901960784,0.808066759388039,714000000.0,719000000.0,https://www.sec.gov/Archives/edgar/data/35527/000003552720000107/0000035527-20-000107-index.htm,https://www.sec.gov/Archives/edgar/data/35527/000003552720000107/fitb-20200930.htm,1620592092,16:28:12,20210509
2,2020-06-30,FITBP,USD,2020-08-07,2020-08-07 15:03:29,Q2,122000000,0.0,122000000.0,1.0,90000000.0,576000000.0,51000000.0,457000000.0,717000000.0,717000000.0,203000000,113000000,357000000.0,2.9262295081967213,244000000.0,2.0,18000000.0,244000000,2.0,47000000,197000000,1.6147540983606556,0.2759103641456583,0.27399165507649514,714000000.0,719000000.0,https://www.sec.gov/Archives/edgar/data/35527/000003552720000077/0000035527-20-000077-index.htm,https://www.sec.gov/Archives/edgar/data/35527/000003552720000077/fitb-20200630.htm,1620592092,16:28:12,20210509
3,2020-03-31,FITBP,USD,2020-05-08,2020-05-08,Q1,148000000,0.0,148000000.0,1.0,93000000.0,647000000.0,0.0,0.0,740000000.0,740000000.0,296000000,118000000,178000000.0,1.2027027027027026,60000000.0,0.40540540540540543,0.0,60000000,0.40540540540540543,14000000,46000000,0.3108108108108108,0.06442577030812324,0.06388888888888888,714000000.0,720000000.0,https://www.sec.gov/Archives/edgar/data/35527/000119312520137598/0001193125-20-137598-index.htm,https://www.sec.gov/ix?doc=/Archives/edgar/data/35527/000119312520137598/d840512d10q.htm,1620592092,16:28:12,20210509
4,2019-12-31,FITBP,USD,2020-03-02,2020-03-02,Q4,148000000,0.0,148000000.0,1.0,103000000.0,474000000.0,0.0,0.0,577000000.0,577000000.0,332000000,183000000,1124000000.0,7.594594594594595,941000000.0,6.358108108108108,0.0,941000000,6.358108108108108,207000000,734000000,4.95945945945946,1.0338028169014084,1.0194444444444444,710000000.0,720000000.0,https://www.sec.gov/Archives/edgar/data/35527/000119312520057751/0001193125-20-057751-index.htm,https://www.sec.gov/ix?doc=/Archives/edgar/data/35527/000119312520057751/d840471d10k.htm,1620592092,16:28:12,20210509
5,2019-09-30,FITBP,USD,2019-11-08,2019-11-08,Q3,143000000,0.0,143000000.0,1.0,100000000.0,504000000.0,0.0,0.0,604000000.0,604000000.0,383000000,91000000,1124000000.0,7.86013986013986,1033000000.0,7.223776223776224,0.0,-257000000,-1.7972027972027973,139000000,550000000,3.8461538461538463,0.7757404795486601,0.766016713091922,709000000.0,718000000.0,https://www.sec.gov/Archives/edgar/data/35527/000119312519288323/0001193125-19-288323-index.htm,https://www.sec.gov/ix?doc=/Archives/edgar/data/35527/000119312519288323/d818697d10q.htm,1620592092,16:28:12,20210509
6,2019-06-30,FITBP,USD,2019-08-08,2019-08-08,Q2,143000000,0.0,143000000.0,1.0,136000000.0,544000000.0,0.0,0.0,680000000.0,680000000.0,391000000,109000000,562000000.0,3.93006993006993,453000000.0,3.167832167832168,0.0,1222000000,8.545454545454545,123000000,453000000,3.167832167832168,0.6471428571428571,0.6389280677009873,700000000.0,709000000.0,https://www.sec.gov/Archives/edgar/data/35527/000119312519216480/0001193125-19-216480-index.htm,https://www.sec.gov/ix?doc=/Archives/edgar/data/35527/000119312519216480/d760071d10q.htm,1620592092,16:28:12,20210509
7,2019-03-31,FITBP,USD,2019-05-10,2019-05-10,Q1,131000000,0.0,131000000.0,1.0,83000000.0,479000000.0,0.0,0.0,562000000.0,562000000.0,351000000,89000000,864000000.0,6.595419847328245,775000000.0,5.916030534351145,0.0,1296000000,9.893129770992367,221000000,775000000,5.916030534351145,1.1723646513330044,1.155534969637946,661057120.0,670685025.0,https://www.sec.gov/Archives/edgar/data/35527/000119312519144213/0001193125-19-144213-index.htm,https://www.sec.gov/Archives/edgar/data/35527/000119312519144213/d738212d10q.htm,1620592092,16:28:12,20210509
8,2018-12-31,FITBP,USD,2019-03-01,2019-03-01,Q4,135000000,101000000.0,34000000.0,0.2518518518518518,79000000.0,444000000.0,0.0,0.0,523000000.0,624000000.0,312000000,85000000,557000000.0,4.125925925925926,472000000.0,3.4962962962962965,0.0,1135000000,8.407407407407407,251000000,472000000,3.4962962962962965,0.7009767374216348,0.6885600580857595,673346168.0,685488498.0,https://www.sec.gov/Archives/edgar/data/35527/000119312519059441/0001193125-19-059441-index.htm,https://www.sec.gov/Archives/edgar/data/35527/000119312519059441/d680668d10k.htm,1620592092,16:28:12,20210509
9,2018-09-30,FITBP,USD,2018-11-06,2018-11-06,Q3,-1602000000,0.0,-1602000000.0,1.0,71000000.0,421000000.0,0.0,0.0,492000000.0,492000000.0,273000000,49000000,480000000.0,-0.299625468164794,431000000.0,-0.2690387016229713,0.0,208000000,-0.12983770287141075,82000000,431000000,-0.2690387016229713,0.633654134092991,0.6218630481051308,680181785.0,693078647.0,https://www.sec.gov/Archives/edgar/data/35527/000119312518319637/0001193125-18-319637-index.htm,https://www.sec.gov/Archives/edgar/data/35527/000119312518319637/d634357d10q.htm,1620592092,16:28:12,20210509
10,2018-06-30,FITBP,USD,2018-08-08,2018-08-08,Q2,1020000000,0.0,1020000000.0,1.0,67000000.0,471000000.0,0.0,0.0,538000000.0,538000000.0,248000000,133000000,719000000.0,0.7049019607843138,586000000.0,0.5745098039215686,0.0,423000000,0.4147058823529412,107000000,586000000,0.5745098039215686,0.8535248249195551,0.8369830627279014,686564682.0,700133642.0,https://www.sec.gov/Archives/edgar/data/35527/000119312518242791/0001193125-18-242791-index.htm,https://www.sec.gov/Archives/edgar/data/35527/000119312518242791/d572603d10q.htm,1620592092,16:28:12,20210509
11,2018-03-31,FITBP,USD,2018-05-04,2018-05-04,Q1,996000000,0.0,996000000.0,1.0,68000000.0,447000000.0,0.0,0.0,515000000.0,515000000.0,210000000,93000000,797000000.0,0.8002008032128514,704000000.0,0.7068273092369478,0.0,244000000,0.24497991967871485,132000000,704000000,0.7068273092369478,1.0205556506568134,0.9998566455534438,689820295.0,704100936.0,https://www.sec.gov/Archives/edgar/data/35527/000119312518152814/0001193125-18-152814-index.htm,https://www.sec.gov/Archives/edgar/data/35527/000119312518152814/d570131d10q.htm,1620592092,16:28:12,20210509
12,2017-12-31,FITBP,USD,2018-02-28,2018-02-28,Q4,956000000,0.0,956000000.0,1.0,68000000.0,418000000.0,0.0,0.0,486000000.0,486000000.0,189000000,86000000,595000000.0,0.6223849372384938,509000000.0,0.5324267782426778,0.0,397000000,0.41527196652719667,-117000000,509000000,0.5324267782426778,0.6988981849518021,0.6871957434939038,728289200.0,740691433.0,https://www.sec.gov/Archives/edgar/data/35527/000119312518062301/0001193125-18-062301-index.htm,https://www.sec.gov/Archives/edgar/data/35527/000119312518062301/d511082d10k.htm,1620592092,16:28:12,20210509
13,2017-09-30,FITBP,USD,2017-11-06,2017-11-06,Q3,970000000,0.0,970000000.0,1.0,61000000.0,407000000.0,0.0,0.0,468000000.0,468000000.0,182000000,85000000,1098000000.0,1.131958762886598,1013000000.0,1.0443298969072166,0.0,1035000000,1.0670103092783505,476000000,1013000000,1.0443298969072166,1.3750766365977858,1.3530001011531192,736686213.0,748706522.0,https://www.sec.gov/Archives/edgar/data/35527/000119312517334343/0001193125-17-334343-index.htm,https://www.sec.gov/Archives/edgar/data/35527/000119312517334343/d455623d10q.htm,1620592092,16:28:12,20210509
14,2017-06-30,FITBP,USD,2017-06-30,2017-06-30,Q2,939000000,0.0,939000000.0,1.0,58000000.0,397000000.0,0.0,0.0,455000000.0,455000000.0,167000000,81000000,448000000.0,0.47710330138445156,367000000.0,0.3908413205537806,0.0,462000000,0.49201277955271566,127000000,367000000,0.3908413205537806,0.4929371647395158,0.4850998084462462,744516799.0,756545341.0,,,1620592092,16:28:12,20210509
15,2017-03-31,FITBP,USD,2017-05-05,2017-05-05,Q1,933000000,0.0,933000000.0,1.0,58000000.0,411000000.0,0.0,0.0,469000000.0,469000000.0,153000000,89000000,394000000.0,0.42229367631296894,305000000.0,0.32690246516613075,0.0,314000000,0.3365487674169346,91000000,305000000,0.32690246516613075,0.4079353341336329,0.4008889276908479,747667521.0,760809239.0,https://www.sec.gov/Archives/edgar/data/35527/000119312517160784/0001193125-17-160784-index.htm,https://www.sec.gov/Archives/edgar/data/35527/000119312517160784/d377070d10q.htm,1620592092,16:28:12,20210509
16,2016-12-31,FITBP,USD,2016-12-31,2016-12-31,Q4,903000000,0.0,903000000.0,1.0,56000000.0,403000000.0,0.0,0.0,459000000.0,459000000.0,148000000,112000000,501000000.0,0.5548172757475083,389000000.0,0.43078626799557035,0.0,-307000000,-0.3399778516057586,120000000,389000000,0.43078626799557035,0.5135772591453986,0.5088323931250894,757432291.0,764495353.0,,,1620592092,16:28:12,20210509
17,2016-09-30,FITBP,USD,2016-09-30,2016-09-30,Q3,907000000,0.0,907000000.0,1.0,62000000.0,399000000.0,0.0,0.0,461000000.0,461000000.0,150000000,113000000,628000000.0,0.6923925027563396,515000000.0,0.5678059536934951,0.0,381000000,0.42006615214994486,179000000,515000000,0.5678059536934951,0.676609948670622,0.6714985774556893,761147543.0,766941312.0,,,1620592092,16:28:12,20210509
18,2016-06-30,FITBP,USD,2016-06-30,2016-06-30,Q2,902000000,0.0,902000000.0,1.0,60000000.0,407000000.0,0.0,0.0,467000000.0,467000000.0,145000000,118000000,451000000.0,0.5,333000000.0,0.369179600886918,0.0,534000000,0.5920177383592018,98000000,333000000,0.369179600886918,0.43453593423681497,0.4314945542763297,766334781.0,771736275.0,,,1620592092,16:28:12,20210509
19,2016-03-31,FITBP,USD,2016-03-31,2016-03-31,Q1,903000000,0.0,903000000.0,1.0,56000000.0,403000000.0,0.0,0.0,459000000.0,459000000.0,135000000,110000000,437000000.0,0.4839424141749723,327000000.0,0.36212624584717606,0.0,814000000,0.9014396456256921,108000000,327000000,0.36212624584717606,0.42271864352022775,0.4200965704892311,773564178.0,778392453.0,,,1620592092,16:28:12,20210509
20,2015-12-31,FITBP,USD,2015-12-31,2015-12-31,Q4,897000000,0.0,897000000.0,1.0,59000000.0,386000000.0,0.0,0.0,445000000.0,445000000.0,132000000,108000000,764000000.0,0.8517279821627648,656000000.0,0.7313266443701226,0.0,331000000,0.3690078037904125,292000000,656000000,0.7313266443701226,0.8214085380130961,0.8122243036309191,798628173.0,807658669.0,,,1620592092,16:28:12,20210509
21,2015-09-30,FITBP,USD,2015-09-30,2015-09-30,Q3,902000000,0.0,902000000.0,1.0,56000000.0,387000000.0,0.0,0.0,443000000.0,443000000.0,124000000,112000000,492000000.0,0.5454545454545454,380000000.0,0.4212860310421286,0.0,611000000,0.6773835920177383,135000000,380000000,0.4212860310421286,0.473066529197185,0.46792303550194253,803269681.0,812099365.0,,,1620592092,16:28:12,20210509
22,2015-06-30,FITBP,USD,2015-08-05,2015-08-05,Q2,887000000,0.0,887000000.0,1.0,54000000.0,383000000.0,0.0,0.0,437000000.0,437000000.0,116000000,114000000,429000000.0,0.4836527621195039,315000000.0,0.3551296505073281,0.0,12000000,0.013528748590755355,108000000,315000000,0.3551296505073281,0.3903006830741466,0.3861518375136323,807070071.0,815741295.0,https://www.sec.gov/Archives/edgar/data/35527/000119312515278860/0001193125-15-278860-index.htm,https://www.sec.gov/Archives/edgar/data/35527/000119312515278860/d134780d10q.htm,1620592092,16:28:12,20210509
23,2015-03-31,FITBP,USD,2015-03-31,2015-03-31,Q1,847000000,0.0,847000000.0,1.0,55000000.0,369000000.0,0.0,0.0,424000000.0,424000000.0,123000000,107000000,468000000.0,0.5525383707201889,361000000.0,0.42621015348288077,0.0,520000000,0.6139315230224321,124000000,361000000,0.42621015348288077,0.4455637241072629,0.44095789985721257,810209585.0,818672259.0,,,1620592092,16:28:12,20210509
24,2014-12-31,FITBP,USD,2015-02-25,2015-02-25,Q4,882000000,0.0,882000000.0,1.0,54000000.0,366000000.0,0.0,0.0,420000000.0,420000000.0,128000000,107000000,492000000.0,0.5578231292517006,385000000.0,0.4365079365079365,0.0,513000000,0.5816326530612245,134000000,385000000,0.4365079365079365,0.46212032744540466,0.4567199396983529,833116349.0,842967356.0,https://www.sec.gov/Archives/edgar/data/35527/000119312515062849/0001193125-15-062849-index.htm,https://www.sec.gov/Archives/edgar/data/35527/000119312515062849/d879423d10k.htm,1620592092,16:28:12,20210509
25,2014-09-30,FITBP,USD,2014-09-30,2014-09-30,Q3,904000000,0.0,904000000.0,1.0,53000000.0,356000000.0,0.0,0.0,409000000.0,409000000.0,115000000,107000000,447000000.0,0.4944690265486726,340000000.0,0.37610619469026546,0.0,260000000,0.28761061946902655,124000000,340000000,0.37610619469026546,0.4057985199797539,0.40091117913643604,837854214.0,848068145.0,,,1620592092,16:28:12,20210509
26,2014-06-30,FITBP,USD,2014-08-07,2014-08-07,Q2,900000000,0.0,900000000.0,1.0,52000000.0,368000000.0,0.0,0.0,420000000.0,420000000.0,108000000,102000000,540000000.0,0.6,438000000.0,0.4866666666666667,0.0,624000000,0.6933333333333334,168000000,438000000,0.4866666666666667,0.5200938483938449,0.5134471467787771,842155702.0,853057618.0,https://www.sec.gov/Archives/edgar/data/35527/000119312514301002/0001193125-14-301002-index.htm,https://www.sec.gov/Archives/edgar/data/35527/000119312514301002/d772093d10q.htm,1620592092,16:28:12,20210509
27,2014-03-31,FITBP,USD,2014-03-31,2014-03-31,Q1,893000000,0.0,893000000.0,1.0,53000000.0,359000000.0,0.0,0.0,412000000.0,412000000.0,100000000,98000000,416000000.0,0.4658454647256439,318000000.0,0.3561030235162374,0.0,433000000,0.48488241881298993,119000000,318000000,0.3561030235162374,0.375948709672208,0.37066237772530036,845860065.0,857923596.0,,,1620592092,16:28:12,20210509
28,2013-12-31,FITBP,USD,2013-12-31,2013-12-31,Q4,900000000,0.0,900000000.0,1.0,53000000.0,388000000.0,0.0,0.0,441000000.0,441000000.0,102000000,97000000,1262000000.0,1.4022222222222223,1165000000.0,1.2944444444444445,0.0,1331000000,1.478888888888889,159000000,403000000,0.4477777777777778,0.46350449721334136,0.45041196460931016,869462977.0,894736445.0,,,1620592092,16:28:12,20210509
29,2013-09-30,FITBP,USD,2013-09-30,2013-09-30,Q3,893000000,0.0,893000000.0,1.0,52000000.0,390000000.0,0.0,0.0,442000000.0,442000000.0,99000000,134000000,554000000.0,0.620380739081747,420000000.0,0.47032474804031354,0.0,490000000,0.5487122060470325,184000000,420000000,0.47032474804031354,0.4827974575830707,0.46638607274089655,869930016.0,900541471.0,,,1620592092,16:28:12,20210509
30,2013-06-30,FITBP,USD,2013-06-30,2013-06-30,Q2,880000000,0.0,880000000.0,1.0,50000000.0,404000000.0,0.0,0.0,454000000.0,454000000.0,104000000,139000000,730000000.0,0.8295454545454546,591000000.0,0.6715909090909091,0.0,407000000,0.4625,250000000,591000000,0.6715909090909091,0.6834591761311095,0.6516994690699258,864718802.0,906859723.0,,,1620592092,16:28:12,20210509
31,2013-03-31,FITBP,USD,2013-03-31,2013-03-31,Q1,888000000,0.0,888000000.0,1.0,49000000.0,399000000.0,0.0,0.0,448000000.0,448000000.0,107000000,137000000,559000000.0,0.6295045045045045,422000000.0,0.4752252252252252,0.0,370000000,0.4166666666666667,179000000,422000000,0.4752252252252252,0.48454336852257973,0.46212984858341793,870923074.0,913163262.0,,,1620592092,16:28:12,20210509
32,2012-12-31,FITBP,USD,2012-12-31,2012-12-31,Q4,899000000,0.0,899000000.0,1.0,52000000.0,416000000.0,0.0,0.0,468000000.0,468000000.0,117000000,143000000,683000000.0,0.7597330367074527,540000000.0,0.6006674082313682,0.0,540000000,0.6006674082313682,145000000,398000000,0.44271412680756395,0.4400584908055185,0.42091721579776936,904425226.0,945554102.0,,,1620592092,16:28:12,20210509
33,2012-09-30,FITBP,USD,2012-09-30,2012-09-30,Q3,903000000,0.0,903000000.0,1.0,49000000.0,399000000.0,0.0,0.0,448000000.0,448000000.0,121000000,134000000,636000000.0,0.7043189368770764,502000000.0,0.5559246954595792,0.0,502000000,0.5559246954595792,139000000,363000000,0.4019933554817276,0.3984385900722093,0.3811988313225132,911056331.0,952258953.0,,,1620592092,16:28:12,20210509
34,2012-06-30,FITBP,USD,2012-06-30,2012-06-30,Q2,895000000,0.0,895000000.0,1.0,48000000.0,393000000.0,0.0,0.0,441000000.0,441000000.0,132000000,126000000,691000000.0,0.7720670391061453,565000000.0,0.6312849162011173,0.0,565000000,0.6312849162011173,179000000,385000000,0.4301675977653631,0.42104887270326957,0.402712952687342,914383163.0,956015935.0,,,1620592092,16:28:12,20210509
35,2012-03-31,FITBP,USD,2012-03-31,2012-03-31,Q1,898000000,0.0,898000000.0,1.0,47000000.0,399000000.0,0.0,0.0,446000000.0,446000000.0,142000000,128000000,731000000.0,0.8140311804008908,603000000.0,0.6714922048997772,0.0,603000000,0.6714922048997772,173000000,430000000,0.47884187082405344,0.4698294043751056,0.44912578485892884,915225816.0,957415527.0,,,1620592092,16:28:12,20210509
36,2011-12-31,FITBP,USD,2011-12-31,2011-12-31,Q4,916000000,0.0,916000000.0,1.0,48000000.0,1478000000.0,0.0,0.0,1526000000.0,1526000000.0,142000000,129000000,547000000.0,0.5971615720524017,418000000.0,0.45633187772925765,0.0,418000000,0.45633187772925765,104000000,314000000,0.34279475982532753,346578.3664459161,330526.3157894737,906.0,950.0,,,1620592092,16:28:12,20210509
37,2011-09-30,FITBP,USD,2011-09-30,2011-09-30,Q3,898000000,0.0,898000000.0,1.0,47000000.0,0.0,0.0,0.0,47000000.0,47000000.0,157000000,111000000,641000000.0,0.7138084632516704,530000000.0,0.5902004454342984,0.0,530000000,0.5902004454342984,148000000,381000000,0.4242761692650334,0.42146017699115046,8.86046511627907,904000000.0,43000000.0,,,1620592092,16:28:12,20210509
38,2011-06-30,FITBP,USD,2011-06-30,2011-06-30,Q2,864000000,0.0,864000000.0,1.0,48000000.0,0.0,0.0,0.0,48000000.0,48000000.0,181000000,103000000,609000000.0,0.7048611111111112,506000000.0,0.5856481481481481,0.0,506000000,0.5856481481481481,169000000,337000000,0.3900462962962963,0.3752783964365256,0.3711453744493392,898000000.0,908000000.0,,,1620592092,16:28:12,20210509
39,2011-03-31,FITBP,USD,2011-03-31,2011-03-31,Q1,879000000,0.0,879000000.0,1.0,45000000.0,0.0,0.0,0.0,45000000.0,45000000.0,181000000,112000000,489000000.0,0.5563139931740614,377000000.0,0.42889647326507396,0.0,377000000,0.42889647326507396,112000000,265000000,0.3014789533560865,0.300794551645857,0.29608938547486036,881000000.0,895000000.0,,,1620592092,16:28:12,20210509
40,2010-12-31,FITBP,USD,2010-12-31,2010-12-31,Q4,914000000,0.0,914000000.0,1.0,51000000.0,0.0,0.0,25000000.0,76000000.0,76000000.0,190000000,130000000,547000000.0,0.5984682713347921,417000000.0,0.4562363238512035,0.0,417000000,0.4562363238512035,84000000,333000000,0.36433260393873085,0.42098609355246525,0.4167709637046308,791000000.0,799000000.0,,,1620592092,16:28:12,20210509
41,2010-09-30,FITBP,USD,2010-09-30,2010-09-30,Q3,911000000,0.0,911000000.0,1.0,48000000.0,0.0,0.0,0.0,48000000.0,48000000.0,215000000,121000000,424000000.0,0.4654226125137212,303000000.0,0.33260153677277715,0.0,303000000,0.33260153677277715,65000000,238000000,0.26125137211855104,0.3008849557522124,0.2978723404255319,791000000.0,799000000.0,,,1620592092,16:28:12,20210509
42,2010-06-30,FITBP,USD,2010-06-30,2010-06-30,Q2,882000000,0.0,882000000.0,1.0,45000000.0,0.0,0.0,0.0,45000000.0,45000000.0,234000000,109000000,351000000.0,0.3979591836734694,242000000.0,0.2743764172335601,0.0,242000000,0.2743764172335601,50000000,192000000,0.21768707482993196,0.2427307206068268,0.24,791000000.0,800000000.0,,,1620592092,16:28:12,20210509
43,2010-03-31,FITBP,USD,2010-03-31,2010-03-31,Q1,897000000,0.0,897000000.0,1.0,45000000.0,0.0,0.0,0.0,45000000.0,45000000.0,246000000,97000000,75000000.0,0.08361204013377926,-22000000.0,-0.024526198439241916,0.0,-22000000,-0.024526198439241916,-12000000,-10000000,-0.011148272017837236,-0.09,-0.09,791000000.0,791000000.0,,,1620592092,16:28:12,20210509
