,date,symbol,reportedCurrency,fillingDate,acceptedDate,period,revenue,costOfRevenue,grossProfit,grossProfitRatio,researchAndDevelopmentExpenses,generalAndAdministrativeExpenses,sellingAndMarketingExpenses,otherExpenses,operatingExpenses,costAndExpenses,interestExpense,depreciationAndAmortization,ebitda,ebitdaratio,operatingIncome,operatingIncomeRatio,totalOtherIncomeExpensesNet,incomeBeforeTax,incomeBeforeTaxRatio,incomeTaxExpense,netIncome,netIncomeRatio,eps,epsdiluted,weightedAverageShsOut,weightedAverageShsOutDil,link,finalLink,timestamp,est_time,est_date
0,2020-12-31,ANET,USD,2021-02-19,2021-02-18 19:04:33,Q4,648482000,233898000,414584000,0.6393145839051816,133847000,18428000.0,67671000,-1112000.0,219946000,453844000,0.0,12615000.0,207253000.0,0.3195971515015066,194638000.0,0.3001440286700325,3052000.0,200180000.0,0.3086901409753856,17222000.0,182958000.0,0.28213273460173144,2.4073737812339635,2.4073737812339635,75999000,75999000,https://www.sec.gov/Archives/edgar/data/1596532/000159653221000049/0001596532-21-000049-index.htm,https://www.sec.gov/Archives/edgar/data/1596532/000159653221000049/anet-20201231.htm,1620587990,15:19:50,20210509
1,2020-09-30,ANET,USD,2020-11-03,2020-11-02 18:19:25,Q3,605431000,220469000,384962000,0.635847850539533,128049000,15146000.0,53372000,-527000.0,196567000,417036000,0.0,10805000.0,199200000.0,0.3290218043013985,188395000.0,0.3111750141634637,8905000.0,201619000.0,0.3330173050273276,33244000.0,168375000.0,0.27810766214481913,2.22,2.12,75999000,79313000,https://www.sec.gov/Archives/edgar/data/1596532/000159653220000226/0001596532-20-000226-index.htm,https://www.sec.gov/Archives/edgar/data/1596532/000159653220000226/anet-20200930.htm,1620587990,15:19:50,20210509
2,2020-06-30,ANET,USD,2020-08-05,2020-08-04 19:48:51,Q2,540570000,196481000,344089000,0.6365299591172281,111544000,14319000.0,51237000,-412000.0,177100000,373581000,0.0,10962000.0,177951000.0,0.32919140906820576,166989000.0,0.3089128142516233,-412000.0,175245000.0,0.3241855818857872,30452000.0,144793000.0,0.26785245204136376,1.91,1.83,75808000,79298000,https://www.sec.gov/Archives/edgar/data/1596532/000159653220000148/0001596532-20-000148-index.htm,https://www.sec.gov/Archives/edgar/data/1596532/000159653220000148/anetq22020-10q.htm,1620587990,15:19:50,20210509
3,2020-03-31,ANET,USD,2020-05-06 00:00:00,2020-05-05 19:21:42,Q1,523029000,184778000,338251000,0.646715574088626,113154000,18349000.0,57086000,495000.0,188589000,373367000,0.0,10208000.0,159870000.0,0.3056618275468473,149662000.0,0.2861447453200492,495000.0,161819000.0,0.30938819835993797,23388000.0,138431000.0,0.2646717486028499,1.82,1.73,76264000,79939000,https://www.sec.gov/Archives/edgar/data/1596532/000162828020006504/0001628280-20-006504-index.html,https://www.sec.gov/Archives/edgar/data/1596532/000162828020006504/anetq12020-10q.htm,1620587990,15:19:50,20210509
4,2019-12-31,ANET,USD,2020-02-14 00:00:00,2020-02-13 19:39:57,Q4,552546000,196243000,356303000,0.6448386197710236,110063000,15716000.0,54535000,-1510000.0,180314000,376557000,0.0,7901000.0,183890000.0,0.3328048705447148,175989000.0,0.31850560858281485,-1510000.0,187172000.0,0.33874464750446115,-73520000.0,260692000.0,0.4718014427758051,3.41,3.25,76345000,80261000,https://www.sec.gov/Archives/edgar/data/1596532/000159653220000024/0001596532-20-000024-index.html,https://www.sec.gov/Archives/edgar/data/1596532/000159653220000024/anet20191231-10k.htm,1620587990,15:19:50,20210509
5,2019-09-30,ANET,USD,2019-11-01 00:00:00,2019-10-31 19:15:23,Q3,654415000,237141000,417274000,0.6376290274519991,118732000,14657000.0,55279000,1446000.0,188668000,425809000,0.0,8191000.0,236797000.0,0.3618453122254227,228606000.0,0.34932878983519633,5723000.0,247775000.0,0.3786206000779322,38880000.0,208895000.0,0.3192087589679332,2.73,2.59,76426000,80753000,https://www.sec.gov/Archives/edgar/data/1596532/000159653219000230/0001596532-19-000230-index.html,https://www.sec.gov/Archives/edgar/data/1596532/000159653219000230/anet20190930-10q.htm,1620587990,15:19:50,20210509
6,2019-06-30,ANET,USD,2019-08-02 00:00:00,2019-08-02 16:39:41,Q2,608321000,218130000,390191000,0.6414228672033351,114295000,16019000.0,53040000,704000.0,183354000,401484000,0.0,8395000.0,215232000.0,0.35381320059639565,206837000.0,0.34001292080990136,704000.0,220648000.0,0.3627163947981411,31397000.0,189251000.0,0.31110384155733567,2.47,2.33,76552000,81335000,https://www.sec.gov/Archives/edgar/data/1596532/000159653219000184/0001596532-19-000184-index.html,https://www.sec.gov/Archives/edgar/data/1596532/000159653219000184/anet20190630-10q.htm,1620587990,15:19:50,20210509
7,2019-03-31,ANET,USD,2019-05-06 00:00:00,2019-05-03 19:21:42,Q1,595424000,214854000,380570000,0.6391579781802548,119669000,15506000.0,51053000,-715000.0,186228000,401082000,0.0,8362000.0,202704000.0,0.3404363949051432,194342000.0,0.3263926210565916,435000.0,206675000.0,0.3471055919815123,5646000.0,201029000.0,0.3376232734992207,2.65,2.47,75920000,81201000,https://www.sec.gov/Archives/edgar/data/1596532/000159653219000104/0001596532-19-000104-index.html,https://www.sec.gov/Archives/edgar/data/1596532/000159653219000104/anet20190331-10q.htm,1620587990,15:19:50,20210509
8,2018-12-31,ANET,USD,2019-02-15 00:00:00,2019-02-15 17:26:01,Q4,595726000,220734000,374992000,0.6294705955422459,118439000,12000000.0,50911000,476000.0,181350000,402084000,661000.0,9231000.0,202873000.0,0.34054750002517936,193642000.0,0.3250521212772315,-4224000.0,198490000.0,0.333190090746417,28168000.0,170322000.0,0.285906608071496,2.26,2.1,75473000,80928000,https://www.sec.gov/Archives/edgar/data/1596532/000159653219000027/0001596532-19-000027-index.html,https://www.sec.gov/Archives/edgar/data/1596532/000159653219000027/anet20181231-10k.htm,1620587990,15:19:50,20210509
9,2018-09-30,ANET,USD,2018-11-05 00:00:00,2018-11-05 06:52:34,Q3,563309000,201726000,361583000,0.6418910402638693,117589000,15321000.0,47903000,707000.0,180813000,382539000,673000.0,7112000.0,187882000.0,0.33353275023122303,180770000.0,0.32090735280281335,707000.0,189389000.0,0.33620801371893577,20865000.0,168524000.0,0.2991679522251553,2.25,2.08,75011000,81018000,https://www.sec.gov/Archives/edgar/data/1596532/000159653218000233/0001596532-18-000233-index.html,https://www.sec.gov/Archives/edgar/data/1596532/000159653218000233/anet20180930-10q.htm,1620587990,15:19:50,20210509
10,2018-06-30,ANET,USD,2018-08-08 00:00:00,2018-08-07 21:40:03,Q2,519845000,185962000,333883000,0.6422741394069386,104078000,18420000.0,46188000,-353000.0,168686000,354648000,680000.0,5631000.0,170828000.0,0.32861333666766057,165197000.0,0.31778126172224413,-414453000.0,-241972000.0,-0.4654695149515721,-86703000.0,-155269000.0,-0.29868326135675055,2.02,1.86,74503000,80826000,https://www.sec.gov/Archives/edgar/data/1596532/000159653218000174/0001596532-18-000174-index.html,https://www.sec.gov/Archives/edgar/data/1596532/000159653218000174/anet20180630-10q.htm,1620587990,15:19:50,20210509
11,2018-03-31,ANET,USD,2018-05-04 00:00:00,2018-05-04 17:22:41,Q1,472489000,169570000,302919000,0.6411133380882941,102362000,19679000.0,42140000,4843000.0,164181000,333751000,687000.0,5697000.0,144435000.0,0.30568965626713,138738000.0,0.29363223270806305,4843000.0,142894000.0,0.30242820467778087,-1644000.0,144538000.0,0.3059076507601235,1.95,1.79,73994000,80721000,https://www.sec.gov/Archives/edgar/data/1596532/000159653218000109/0001596532-18-000109-index.html,https://www.sec.gov/Archives/edgar/data/1596532/000159653218000109/anet20180331-10q.htm,1620587990,15:19:50,20210509
12,2017-12-31,ANET,USD,2018-02-20 00:00:00,2018-02-16 18:08:29,Q4,467867000,160702000,307165000,0.6565220457950657,107180000,21789000.0,38808000,2988000.0,167777000,328479000,741000.0,5285000.0,144673000.0,0.3092182179978498,139388000.0,0.29792227278264977,2988000.0,141635000.0,0.30272491968871496,37802000.0,103833000.0,0.2219284540264648,1.42,1.29,73310000,80243000,https://www.sec.gov/Archives/edgar/data/1596532/000159653218000018/0001596532-18-000018-index.html,https://www.sec.gov/Archives/edgar/data/1596532/000159653218000018/anet20171231-10k.htm,1620587990,15:19:50,20210509
13,2017-09-30,ANET,USD,2017-11-03 00:00:00,2017-11-02 19:27:15,Q3,437633000,157016000,280617000,0.6412153562459869,79610000,19535000.0,40640000,2136000.0,139785000,296801000,701000.0,5322000.0,146154000.0,0.33396476042711587,140832000.0,0.32180388590439934,2136000.0,142267000.0,0.3250828890874317,8545000.0,133722000.0,0.3055573962658209,1.84,1.68,72588000,79322000,https://www.sec.gov/Archives/edgar/data/1596532/000159653217000251/0001596532-17-000251-index.html,https://www.sec.gov/Archives/edgar/data/1596532/000159653217000251/aristanetworksincq317-10q.htm,1620587990,15:19:50,20210509
14,2017-06-30,ANET,USD,2017-08-04 00:00:00,2017-08-04 16:18:08,Q2,405211000,145434000,259777000,0.6410906910227018,81194000,23319000.0,38630000,1119000.0,143143000,288577000,623000.0,5094000.0,121728000.0,0.30040645490867723,116634000.0,0.28783522658565536,1119000.0,117130000.0,0.2890592802268448,14445000.0,102685000.0,0.2534111857772864,1.42,1.3,71992000,78756000,https://www.sec.gov/Archives/edgar/data/1596532/000159653217000201/0001596532-17-000201-index.html,https://www.sec.gov/Archives/edgar/data/1596532/000159653217000201/aristanetworksincq217-10q.htm,1620587990,15:19:50,20210509
15,2017-03-31,ANET,USD,2017-05-08 00:00:00,2017-05-05 21:16:04,Q1,335475000,121265000,214210000,0.6385274610626723,81610000,22155000.0,37027000,1025000.0,140792000,262057000,715000.0,4939000.0,78357000.0,0.23357031075340934,73418000.0,0.21884790222818393,1025000.0,73728000.0,0.2197719651240778,-9233000.0,82961000.0,0.24729413518145912,1.16,1.07,71114000,77516000,https://www.sec.gov/Archives/edgar/data/1596532/000159653217000088/0001596532-17-000088-index.html,https://www.sec.gov/Archives/edgar/data/1596532/000159653217000088/aristanetworksincq117-10q.htm,1620587990,15:19:50,20210509
16,2016-12-31,ANET,USD,2017-02-17 00:00:00,2017-02-17 17:17:51,Q4,327969000,117814000,210155000,0.6407770246578183,71398000,22941000.0,38321000,560000.0,132660000,250474000,918000.0,4942000.0,82437000.0,0.2513560732874144,77495000.0,0.23628757595992303,560000.0,77137000.0,0.2351960093789352,18354000.0,58783000.0,0.1792334031570057,0.84,0.79,69980000,74384000,https://www.sec.gov/Archives/edgar/data/1596532/000159653217000019/0001596532-17-000019-index.html,https://www.sec.gov/Archives/edgar/data/1596532/000159653217000019/anet20161231-10k.htm,1620587990,15:19:50,20210509
17,2016-09-30,ANET,USD,2016-11-03 00:00:00,2016-11-03 17:30:19,Q3,290261000,103841000,186420000,0.6422495616014552,70648000,19535000.0,33216000,639000.0,123399000,227240000,735000.0,5145000.0,68166000.0,0.2348438129821092,63021000.0,0.21711838655554827,639000.0,62925000.0,0.21678764973592732,11668000.0,51257000.0,0.17658934545116292,0.74,0.69,69076000,73453000,https://www.sec.gov/Archives/edgar/data/1596532/000159653216000331/0001596532-16-000331-index.html,https://www.sec.gov/Archives/edgar/data/1596532/000159653216000331/aristanetworksincq316-10q.htm,1620587990,15:19:50,20210509
18,2016-06-30,ANET,USD,2016-08-05,2016-08-04 20:18:15,Q2,268741000,97290000,171451000,0.6379785741662046,69020000,17529000.0,31744000,416000.0,118293000,215583000,732000.0,4883000.0,58041000.0,0.21597374423701632,53158000.0,0.19780383343070093,416000.0,52842000.0,0.19662798009979868,13938000.0,38904000.0,0.14476391767538263,0.57,0.53,68275000,72817000,https://www.sec.gov/Archives/edgar/data/1596532/000159653216000291/aristanetworksincq216-10q.htm,https://www.sec.gov/Archives/edgar/data/1596532/000159653216000291/aristanetworksincq216-10q.htm,1620587990,15:19:50,20210509
19,2016-03-31,ANET,USD,2016-05-05 00:00:00,2016-05-05 17:19:50,Q1,242196000,87106000,155090000,0.6403491387140994,62515000,15234000.0,27606000,337000.0,105355000,192461000,751000.0,4779000.0,54514000.0,0.225082164858214,49735000.0,0.20535021222480965,337000.0,49321000.0,0.20364085286297048,14076000.0,35245000.0,0.14552263456043865,0.52,0.48,67737000,72214000,https://www.sec.gov/Archives/edgar/data/1596532/000159653216000255/0001596532-16-000255-index.html,https://www.sec.gov/Archives/edgar/data/1596532/000159653216000255/aristanetworksincq116-10q.htm,1620587990,15:19:50,20210509
20,2015-12-31,ANET,USD,2016-02-25 00:00:00,2016-02-25 17:08:19,Q4,245446000,89278000,156168000,0.6362621513489729,57413000,18050000.0,31308000,-109000.0,106771000,196049000,746000.0,3947000.0,53344000.0,0.21733497388427597,49397000.0,0.20125404365929778,-109000.0,48542000.0,0.1977705890501373,4618000.0,43924000.0,0.17895585994475363,0.65,0.6,67111000,72062000,https://www.sec.gov/Archives/edgar/data/1596532/000159653216000244/0001596532-16-000244-index.html,https://www.sec.gov/Archives/edgar/data/1596532/000159653216000244/anet20151231-10k.htm,1620587990,15:19:50,20210509
21,2015-09-30,ANET,USD,2015-11-06 00:00:00,2015-11-05 18:24:38,Q3,217548000,75800000,141748000,0.6515711475168698,58748000,25195000.0,26508000,13000.0,110451000,186251000,753000.0,3478000.0,34775000.0,0.15984978027837535,31297000.0,0.1438625039071837,13000.0,30557000.0,0.14046095574310039,1867000.0,28690000.0,0.1318789416588523,0.42,0.39,66629000,71887000,https://www.sec.gov/Archives/edgar/data/1596532/000159653215000176/0001596532-15-000176-index.html,https://www.sec.gov/Archives/edgar/data/1596532/000159653215000176/aristanetworksinc2015930-1.htm,1620587990,15:19:50,20210509
22,2015-06-30,ANET,USD,2015-08-07 00:00:00,2015-08-06 18:37:02,Q2,195552000,67662000,127890000,0.6539948453608248,49947000,18403000.0,26681000,417000.0,95031000,162693000,832000.0,3353000.0,36212000.0,0.18517836687939782,32859000.0,0.16803203240058912,417000.0,32444000.0,0.1659098347242677,8448000.0,23996000.0,0.122709049255441,0.36,0.33,65524000,71215000,https://www.sec.gov/Archives/edgar/data/1596532/000159653215000112/0001596532-15-000112-index.html,https://www.sec.gov/Archives/edgar/data/1596532/000159653215000112/aristanetworksinc2015630-1.htm,1620587990,15:19:50,20210509
23,2015-03-31,ANET,USD,2015-05-15 00:00:00,2015-05-14 19:24:37,Q1,179045000,61291000,117754000,0.6576782373146416,43340000,14072000.0,24587000,-468000.0,81999000,143290000,821000.0,2893000.0,38648000.0,0.21585634896255132,35755000.0,0.19969839984361473,-468000.0,34466000.0,0.1924990924069368,9974000.0,24492000.0,0.13679242648496187,0.37,0.34,64635000,70722000,https://www.sec.gov/Archives/edgar/data/1596532/000159653215000013/0001596532-15-000013-index.html,https://www.sec.gov/Archives/edgar/data/1596532/000159653215000013/aristanetworksinc2015331-1.htm,1620587990,15:19:50,20210509
24,2014-12-31,ANET,USD,2015-03-12,2015-03-11 21:55:45,Q4,173489000,57049000,116440000,0.6711664716494994,44344000,8078000.0,25016000,-151000.0,77438000,134487000,768000.0,2655000.0,41657000.0,0.24011320602458947,39002000.0,0.2248096421098744,-151000.0,38083000.0,0.21951247629532708,7046000.0,31037000.0,0.17889895036572923,0.48,0.43,63186000,70219000,https://www.sec.gov/Archives/edgar/data/1596532/000159653215000004/anet20141231-10k.htm,https://www.sec.gov/Archives/edgar/data/1596532/000159653215000004/anet20141231-10k.htm,1620587990,15:19:50,20210509
25,2014-09-30,ANET,USD,2014-11-07 00:00:00,2014-11-06 19:16:18,Q3,155463000,54506000,100957000,0.64939567614159,36231000,9896000.0,20956000,-824000.0,67083000,121589000,764000.0,2653000.0,36527000.0,0.23495622752680703,33874000.0,0.21789107376031597,-824000.0,32286000.0,0.20767642461550337,10420000.0,21866000.0,0.14065083010105298,0.34,0.3,62402000,69737000,https://www.sec.gov/Archives/edgar/data/1596532/000159653214000005/0001596532-14-000005-index.html,https://www.sec.gov/Archives/edgar/data/1596532/000159653214000005/aristanetworksinc2014930-1.htm,1620587990,15:19:50,20210509
26,2014-06-30,ANET,USD,2014-06-30,2014-06-30,Q1,137947000,44567000,93380000,0.6769266457407556,34888000,7126000.0,20711000,2472000.0,62725000,107292000,1435000.0,2428000.0,33083000.0,0.2398239903731143,30655000.0,0.22222302768454552,2472000.0,31692000.0,0.22974040754782635,10074000.0,21618000.0,0.156712360544267,0.37,0.34,38491000,44057000,,,1620587990,15:19:50,20210509
27,2014-03-31,ANET,USD,2014-03-31,2014-03-31,Q3,117207000,35893000,81314000,0.6937640243330176,33446000,7231000.0,18655000,-764000.0,59332000,95225000,1771000.0,2285000.0,24267000.0,0.2070439478870716,21982000.0,0.18754852525873028,-764000.0,19447000.0,0.16592012422466235,7118000.0,12329000.0,0.10518996305681401,0.22,0.2,53124310,57815705,,,1620587990,15:19:50,20210509
28,2013-09-30,ANET,USD,2013-09-30,2013-09-30,Q3,101625000,36589000,65036000,0.639960639606396,26635000,5242000.0,14523000,-23000.0,46400000,82989000,1797000.0,1021000.0,19657000.0,0.19342681426814268,18636000.0,0.183380073800738,-23000.0,16816000.0,0.16547109471094712,4960000.0,11856000.0,0.11666420664206642,0.109893,0.105992,53124310,57815705,,,1620587990,15:19:50,20210509
29,2013-06-30,ANET,USD,2013-06-30,2013-06-30,Q1,83485000,29584000,53901000,0.6456369407678026,21086000,3506000.0,13045000,-1000.0,37637000,67221000,1772000.0,767000.0,17031000.0,0.20400071869198058,16264000.0,0.19481343954003713,-1000.0,14491000.0,0.17357609151344552,4240000.0,10251000.0,0.12278852488470983,0.09314,0.089232,53124310,57815705,,,1620587990,15:19:50,20210509
30,2013-03-31,ANET,USD,2013-03-31,2013-03-31,Q3,61348000,19220000,42128000,0.6867053530677447,19514000,3736000.0,10135000,-99000.0,33385000,52605000,1751000.0,717000.0,9460000.0,0.1542022559822651,8743000.0,0.1425148334094021,-99000.0,6893000.0,0.1123590011084306,282000.0,6611000.0,0.107762274238769,0.124444,0.114346,53124310,57815705,,,1620587990,15:19:50,20210509
