,date,symbol,reportedCurrency,fillingDate,acceptedDate,period,revenue,costOfRevenue,grossProfit,grossProfitRatio,researchAndDevelopmentExpenses,generalAndAdministrativeExpenses,sellingAndMarketingExpenses,otherExpenses,operatingExpenses,costAndExpenses,interestExpense,depreciationAndAmortization,ebitda,ebitdaratio,operatingIncome,operatingIncomeRatio,totalOtherIncomeExpensesNet,incomeBeforeTax,incomeBeforeTaxRatio,incomeTaxExpense,netIncome,netIncomeRatio,eps,epsdiluted,weightedAverageShsOut,weightedAverageShsOutDil,link,finalLink,timestamp,est_time,est_date
0,2020-12-31,SRHHYPOLTD.NS,INR,2020-12-31,2020-12-31,Q4,2068700000,1425792000,642908000,0.3107787499395756,0.0,0.0,0.0,5832000.0,406548000,1832340000,10421000.0,126093000.0,362453000,0.17520810170638565,236360000,0.11425532943394402,0.0,231771000,0.11203702808527094,59450000.0,172321000.0,0.08329917339391889,10.04,10.04,17163446,17163446,https://www.nseindia.com/companies-listing/corporate-filings-annual-reports,https://www.nseindia.com/companies-listing/corporate-filings-annual-reports,1620598276,18:11:16,20210509
1,2020-09-30,SRHHYPOLTD.NS,INR,2020-09-30,2020-09-30,Q3,2032509000,1301266000,731243000,0.35977356065828,0.0,0.0,0.0,8126000.0,502297000,1803563000,18763000.0,126093000.0,355039000,0.17468016131785885,228946000,0.11264205964155632,0.0,218310000,0.10740911848360819,56611000.0,161699000.0,0.07955635128798938,9.42,9.42,17165499,17165499,https://www.nseindia.com/companies-listing/corporate-filings-annual-reports,https://www.nseindia.com/companies-listing/corporate-filings-annual-reports,1620598276,18:11:16,20210509
2,2020-06-30,SRHHYPOLTD.NS,INR,2020-06-30,2020-06-30,Q2,1947951000,1224938000,723013000,0.3711659071506419,0.0,0.0,0.0,9708000.0,526479000,1751417000,21625000.0,126088000.0,322622000,0.1656212091577252,196534000,0.10089268159209344,0.0,184618000,0.09477548459894525,48735000.0,135883000.0,0.0697568881352765,7.92,7.92,17156944,17156944,https://www.nseindia.com/companies-listing/corporate-filings-annual-reports,https://www.nseindia.com/companies-listing/corporate-filings-annual-reports,1620598276,18:11:16,20210509
3,2020-03-31,SRHHYPOLTD.NS,INR,2020-03-31,2020-03-31,Q1,1731194000,1251840000,479354000,0.2768921334061925,0.0,0.0,0.0,-10109000.0,364355000,1616195000,-36414000.0,125683000.0,240682000,0.13902659089622538,114999000,0.06642756386632578,0.0,97292000,0.05619936298300479,-16316000.0,113608000.0,0.06562407217215402,6.618391926736298,6.618391926736298,17165499,17165499,https://www.nseindia.com/companies-listing/corporate-filings-annual-reports,https://www.nseindia.com/companies-listing/corporate-filings-annual-reports,1620598276,18:11:16,20210509
4,2019-12-31,SRHHYPOLTD.NS,INR,2019-12-31,2019-12-31,Q4,1730237000,1082298000,647939000,0.37447991228947247,0.0,0.0,0.0,11296000.0,488859000,1571157000,19068000.0,125685000.0,284765000,0.1645814995286773,159080000,0.0919411618177163,0.0,151308000,0.08744929162883466,46197000.0,105111000.0,0.06074948114044492,6.12,6.12,17175000,17175000,https://www.nseindia.com/companies-listing/corporate-filings-annual-reports,https://www.nseindia.com/companies-listing/corporate-filings-annual-reports,1620598276,18:11:16,20210509
5,2019-09-30,SRHHYPOLTD.NS,INR,2019-09-30,2019-09-30,Q3,1621139000,945150000,675989000,0.41698398471691817,0.0,0.0,0.0,2819000.0,548417000,1493567000,20680000.0,125684000.0,253256000,0.156221027314746,127572000,0.07869282029486675,0.0,109710000,0.06767464110110237,28489000.0,81221000.0,0.05010119428377209,4.73,4.73,17171459,17171459,https://www.nseindia.com/companies-listing/corporate-filings-annual-reports,https://www.nseindia.com/companies-listing/corporate-filings-annual-reports,1620598276,18:11:16,20210509
6,2019-06-30,SRHHYPOLTD.NS,INR,2019-06-30,2019-06-30,Q2,1742613000,1086533000,656080000,0.3764920840140639,0.0,0.0,0.0,2434000.0,540180000,1626713000,22203000.0,125684000.0,241584000,0.1386331905018498,115900000,0.06650931675592917,0.0,96131000,0.055164858749475645,17002000.0,79130000.0,0.045408819973224115,4.61,4.61,17164859,17164859,https://www.nseindia.com/companies-listing/corporate-filings-annual-reports,https://www.nseindia.com/companies-listing/corporate-filings-annual-reports,1620598276,18:11:16,20210509
7,2019-03-31,SRHHYPOLTD.NS,INR,2019-03-31,2019-03-31,Q1,1912068000,1317767000,594301000,0.31081582872575664,0.0,0.0,0.0,-16401000.0,409833000,1727600000,1719000.0,119978000.0,304446000,0.15922341674040882,184468000,0.09647564835560242,0.0,78300000,0.040950426449268544,151717000.0,-73415000.0,-0.038395600993270114,-4.276892853508074,-4.276892853508074,17165499,17165499,https://www.nseindia.com/companies-listing/corporate-filings-annual-reports,https://www.nseindia.com/companies-listing/corporate-filings-annual-reports,1620598276,18:11:16,20210509
8,2018-12-31,SRHHYPOLTD.NS,INR,2018-12-31,2018-12-31,Q4,1637699000,1022033000,615666000,0.3759335506707887,0.0,0.0,0.0,7719000.0,456335000,1478368000,36491000.0,110242000.0,269573000,0.16460472895202355,159331000,0.09728955076604431,0.0,130558000,0.0797203881787801,29994000.0,100564000.0,0.061405667341800904,5.86,5.86,17161092,17161092,https://www.nseindia.com/companies-listing/corporate-filings-annual-reports,https://www.nseindia.com/companies-listing/corporate-filings-annual-reports,1620598276,18:11:16,20210509
9,2018-09-30,SRHHYPOLTD.NS,INR,2018-09-30,2018-09-30,Q3,1737714000,1135599000,602115000,0.3464983305653289,0.0,0.0,0.0,8785000.0,459631000,1595230000,14181000.0,111027000.0,253511000,0.1458876431909969,142484000,0.08199508089363382,0.0,137088000,0.07888985183983095,19599000.0,117498000.0,0.06761642019342654,6.85,6.85,17152993,17152993,https://www.nseindia.com/companies-listing/corporate-filings-annual-reports,https://www.nseindia.com/companies-listing/corporate-filings-annual-reports,1620598276,18:11:16,20210509
10,2018-06-30,SRHHYPOLTD.NS,INR,2018-06-30,2018-06-30,Q2,1676620000,1146137000,530483000,0.316400257661247,0.0,0.0,0.0,4691000.0,437280000,1583417000,21780000.0,109457000.0,202660000,0.12087413963808138,93203000,0.05558981760923763,0.0,76114000,0.045397287399649294,16504000.0,59610000.0,0.035553673462084434,3.66,3.47,16286885,17178674,https://www.nseindia.com/companies-listing/corporate-filings-annual-reports,https://www.nseindia.com/companies-listing/corporate-filings-annual-reports,1620598276,18:11:16,20210509
11,2018-03-31,SRHHYPOLTD.NS,INR,2018-03-31,2018-03-31,Q1,1812189000,1241011000,571178000,0.31518677135773365,0.0,0.0,0.0,18689000.0,510569000,1751580000,25524000.0,50707000.0,111316000,0.06142626403758107,60609000,0.033445187008639826,0.0,208621000,0.11512099455410005,-42168000.0,250788000.0,0.1383895388394919,15.38,14.61,16306112,17165503,https://www.nseindia.com/companies-listing/corporate-filings-annual-reports,https://www.nseindia.com/companies-listing/corporate-filings-annual-reports,1620598276,18:11:16,20210509
12,2017-12-31,SRHHYPOLTD.NS,INR,2017-12-31,2017-12-31,Q4,1291753000,945315000,346438000,0.26819213889961935,0.0,0.0,0.0,5036000.0,291389000,1236704000,20729000.0,49060000.0,104109000,0.0805951292545866,55049000,0.042615732264604765,0.0,39356000,0.030467124907006215,25950000.0,13406000.0,0.010378145047853575,0.87,0.78,15409195,17187179,https://www.nseindia.com/companies-listing/corporate-filings-annual-reports,https://www.nseindia.com/companies-listing/corporate-filings-annual-reports,1620598276,18:11:16,20210509
13,2017-09-30,SRHHYPOLTD.NS,INR,2017-09-30,2017-09-30,Q3,1258053000,873636000,384417000,0.30556502786448586,0.0,0.0,0.0,-1702000.0,307624000,1181260000,10758000.0,43522000.0,120315000,0.09563587543609053,76793000,0.06104114850487221,0.0,64333000,0.05113695527930858,12594000.0,51739000.0,0.04112624825822123,3.34,3.01,15490719,17189037,https://www.nseindia.com/companies-listing/corporate-filings-annual-reports,https://www.nseindia.com/companies-listing/corporate-filings-annual-reports,1620598276,18:11:16,20210509
14,2017-06-30,SRHHYPOLTD.NS,INR,2017-06-30,2017-06-30,Q2,1192670000,792640000,400030000,0.3354071117744221,0.0,0.0,0.0,12592000.0,341807000,1134447000,12988000.0,43318000.0,101541000,0.08513754852557706,58223000,0.048817359370152684,0.0,57827000,0.04848533123160639,7695000.0,50132000.0,0.04203342081212741,3.24,3.24,15472840,15472840,https://www.nseindia.com/companies-listing/corporate-filings-annual-reports,https://www.nseindia.com/companies-listing/corporate-filings-annual-reports,1620598276,18:11:16,20210509
15,2017-03-31,SRHHYPOLTD.NS,INR,2017-03-31,2017-03-31,Q1,1080386000,588298000,492088000,0.4554742471672162,0.0,0.0,0.0,23075000.0,436311000,1024609000,15848000.0,59683000.0,115460000,0.10686921155957223,55777000,0.051626918527267106,0.0,24617000,0.022785374856764157,-63939000.0,88555000.0,0.08196607508797782,5.72,5.16,15481643,17161822,https://www.nseindia.com/companies-listing/corporate-filings-annual-reports,https://www.nseindia.com/companies-listing/corporate-filings-annual-reports,1620598276,18:11:16,20210509
16,2016-06-30,SRHHYPOLTD.NS,INR,2016-06-30,2016-06-30,Q2,948893000,568640000,380253000,0.4007332755115698,0.0,0.0,0.0,0.0,314992000,883632000,19703000.0,62109000.0,127370000,0.1342300975979378,65261000,0.06877593153284933,0.0,45559000,0.04801278964013856,15433000.0,30127000.0,0.03174962825102514,2.05,2.05,14696098,14696098,https://www.nseindia.com/companies-listing/corporate-filings-annual-reports,https://www.nseindia.com/companies-listing/corporate-filings-annual-reports,1620598276,18:11:16,20210509
17,2016-03-31,SRHHYPOLTD.NS,INR,2016-03-31,2016-03-31,Q1,1050696546,322096987,728599559,0.6934443267885264,0.0,0.0,0.0,0.0,620874165,942971152,17327515.0,24486428.0,132211822,0.12583254651719394,107725394,0.10252759886773245,0.0,125540560,0.119483175687531,40862070.0,90650496.0,0.08627657180858382,5.280970626021417,5.280970626021417,17165499,17165499,https://www.nseindia.com/companies-listing/corporate-filings-annual-reports,https://www.nseindia.com/companies-listing/corporate-filings-annual-reports,1620598276,18:11:16,20210509
18,2015-12-31,SRHHYPOLTD.NS,INR,2015-12-31,2015-12-31,Q4,950380000,568526000,381854000,0.4017908626023275,0.0,0.0,0.0,0.0,283825000,852351000,21120000.0,24471000.0,122500000,0.1288958100970138,98029000,0.10314716218775648,0.0,63782000,0.0671121025274101,9016000.0,72307000.0,0.07608219869946758,4.91,4.91,14726477,14726477,https://www.nseindia.com/companies-listing/corporate-filings-annual-reports,https://www.nseindia.com/companies-listing/corporate-filings-annual-reports,1620598276,18:11:16,20210509
19,2015-09-30,SRHHYPOLTD.NS,INR,2015-09-30,2015-09-30,Q3,737663000,471940000,265723000,0.3602227575464677,0.0,0.0,0.0,0.0,200930000,672870000,32030000.0,24106000.0,88899000,0.12051438122828446,64793000,0.08783550211953155,0.0,32763000,0.04441459040239242,6990000.0,42539000.0,0.05766725455933129,2.89,2.89,14719377,14719377,https://www.nseindia.com/companies-listing/corporate-filings-annual-reports,https://www.nseindia.com/companies-listing/corporate-filings-annual-reports,1620598276,18:11:16,20210509
20,2015-06-30,SRHHYPOLTD.NS,INR,2015-06-30,2015-06-30,Q2,895879000,549618000,346261000,0.38650420425079723,0.0,0.0,0.0,0.0,290561000,840179000,23049000.0,24105000.0,79805000,0.08908011014880357,55700000,0.062173574779629835,0.0,32653000,0.036448002464618545,11015000.0,21636000.0,0.024150582835405228,3.06,3.06,14716689,14716689,https://www.nseindia.com/companies-listing/corporate-filings-annual-reports,https://www.nseindia.com/companies-listing/corporate-filings-annual-reports,1620598276,18:11:16,20210509
21,2015-03-31,SRHHYPOLTD.NS,INR,2015-03-31,2015-03-31,Q1,1002660234,686737950,315922284,0.31508408659996784,0.0,0.0,0.0,0.0,267556234,954294184,18564696.0,6712172.0,55078222,0.054932089787057416,48366050,0.04823772636025376,0.0,67067991,0.06689004782052621,17036347.0,50031644.0,0.04989890124634184,2.9146629527053074,2.9146629527053074,17165499,17165499,https://www.nseindia.com/companies-listing/corporate-filings-annual-reports,https://www.nseindia.com/companies-listing/corporate-filings-annual-reports,1620598276,18:11:16,20210509
22,2014-12-31,SRHHYPOLTD.NS,INR,2014-12-31,2014-12-31,Q4,1013983000,544865000,469118000,0.46264878208017296,0.0,0.0,0.0,0.0,389542000,934407000,20615000.0,30379000.0,109955000,0.10843870163503727,79576000,0.078478633270972,0.0,51207000,0.050500846661137314,16676000.0,34531000.0,0.03405481156981922,2.35,2.35,14694043,14694043,https://www.nseindia.com/companies-listing/corporate-filings-annual-reports,https://www.nseindia.com/companies-listing/corporate-filings-annual-reports,1620598276,18:11:16,20210509
23,2014-09-30,SRHHYPOLTD.NS,INR,2014-09-30,2014-09-30,Q3,958853000,558105000,400748000,0.417945190764382,0.0,0.0,0.0,0.0,322824000,880929000,0.0,30243000.0,108167000,0.11280874127733866,77924000,0.08126793158075325,0.0,44668000,0.04658482582835951,15981000.0,28687000.0,0.029918037488540997,7.42,7.42,14716689,14716689,https://www.nseindia.com/companies-listing/corporate-filings-annual-reports,https://www.nseindia.com/companies-listing/corporate-filings-annual-reports,1620598276,18:11:16,20210509
24,2014-06-30,SRHHYPOLTD.NS,INR,2014-06-30,2014-06-30,Q2,2559108000,870911000,1688197000,0.6596818110060224,0.0,0.0,0.0,0.0,1399750000,2270661000,0.0,120443000.0,408890000,0.15977832901151495,288447000,0.11271388311864916,0.0,199023000,0.0777704575187917,25164000.0,45377000.0,0.017731568968562483,3.08337,3.08337,14716689,14716689,https://www.nseindia.com/companies-listing/corporate-filings-annual-reports,https://www.nseindia.com/companies-listing/corporate-filings-annual-reports,1620598276,18:11:16,20210509
25,2014-03-31,SRHHYPOLTD.NS,INR,2014-03-31,2014-03-31,Q1,843585211,529483648,314101563,0.3723412393961468,0.0,0.0,0.0,0.0,287798339,817281987,27197111.0,39759793.0,66063017,0.07831220383971382,26303224,0.031180281087217876,0.0,23803786,0.0282174055324922,12109585.0,11694201.0,0.01386250120024923,0.6812619312727233,0.6812619312727233,17165499,17165499,https://www.nseindia.com/companies-listing/corporate-filings-annual-reports,https://www.nseindia.com/companies-listing/corporate-filings-annual-reports,1620598276,18:11:16,20210509
26,2013-12-31,SRHHYPOLTD.NS,INR,2013-12-31,2013-12-31,Q4,748460000,376309000,372151000,0.497222296448708,0.0,0.0,0.0,0.0,319101000,695410000,25587000.0,39688000.0,92738000,0.1239050851080886,53050000,0.07087887128236646,0.0,33612000,0.04490821152767015,10905000.0,22707000.0,0.030338294631643642,4.26,4.26,14716689,14716689,https://www.nseindia.com/companies-listing/corporate-filings-annual-reports,https://www.nseindia.com/companies-listing/corporate-filings-annual-reports,1620598276,18:11:16,20210509
27,2013-09-30,SRHHYPOLTD.NS,INR,2013-09-30,2013-09-30,Q3,725583000,337592000,387991000,0.534730003321467,0.0,0.0,0.0,0.0,301142000,638734000,0.0,35771000.0,122620000,0.16899513908126293,86849000,0.11969547246834614,0.0,45836000,0.06317127055071577,14893000.0,30943000.0,0.0426457069694301,2.71,2.71,14716689,14716689,https://www.nseindia.com/companies-listing/corporate-filings-annual-reports,https://www.nseindia.com/companies-listing/corporate-filings-annual-reports,1620598276,18:11:16,20210509
28,2013-06-30,SRHHYPOLTD.NS,INR,2013-06-30,2013-06-30,Q2,649383000,313580000,335803000,0.5171108575370775,0.0,0.0,0.0,0.0,277188000,590768000,0.0,33889000.0,92504000,0.142449063187672,58615000,0.0902626031171127,0.0,13328000,0.020524097489463076,4315000.0,9013000.0,0.013879328531852543,0.63,0.63,14224183,14224183,https://www.nseindia.com/companies-listing/corporate-filings-annual-reports,https://www.nseindia.com/companies-listing/corporate-filings-annual-reports,1620598276,18:11:16,20210509
29,2013-03-31,SRHHYPOLTD.NS,INR,2013-03-31,2013-03-31,Q1,752817114,446678286,306138828,0.4066576361068221,0.0,0.0,0.0,0.0,385963455,832641741,0.0,33196135.0,-46628492,-0.06193867160145353,-79824627,-0.10603455409755735,0.0,-62517773,-0.0830451006457858,-25005128.0,-37512645.0,-0.04982969210235037,-2.185351267679431,-2.185351267679431,17165499,17165499,https://www.nseindia.com/companies-listing/corporate-filings-annual-reports,https://www.nseindia.com/companies-listing/corporate-filings-annual-reports,1620598276,18:11:16,20210509
30,2012-12-31,SRHHYPOLTD.NS,INR,2012-12-31,2012-12-31,Q4,805959000,443224000,362735000,0.4500663185099987,0.0,0.0,0.0,0.0,254515000,697739000,0.0,34090000.0,142310000,0.17657225739770882,108220000,0.13427482043131225,0.0,37606000,0.04665994175882396,12698000.0,24908000.0,0.030904797886741137,1.78,1.78,13980859,13980859,https://www.nseindia.com/companies-listing/corporate-filings-annual-reports,https://www.nseindia.com/companies-listing/corporate-filings-annual-reports,1620598276,18:11:16,20210509
31,2012-09-30,SRHHYPOLTD.NS,INR,2012-09-30,2012-09-30,Q3,747463000,335556000,411907000,0.5510734310594638,0.0,0.0,0.0,17853000.0,306409000,641965000,17853000.0,35030000.0,140528000,0.18800663042852958,105498000,0.14114143442551672,0.0,106068000,0.1419040139779494,33609000.0,72459000.0,0.09693991542056263,5.18,5.18,13980859,13980859,https://www.nseindia.com/companies-listing/corporate-filings-annual-reports,https://www.nseindia.com/companies-listing/corporate-filings-annual-reports,1620598276,18:11:16,20210509
32,2012-06-30,SRHHYPOLTD.NS,INR,2012-06-30,2012-06-30,Q2,620042000,265256000,354786000,0.5721967221575313,0.0,0.0,0.0,15729000.0,261595000,526851000,15729000.0,27467000.0,120658000,0.19459649507614,93191000,0.15029788304663233,0.0,42481000,0.06851310072543473,13782000.0,28699000.0,0.04628557420303786,2.5,2.5,11494831,11494831,https://www.nseindia.com/companies-listing/corporate-filings-annual-reports,https://www.nseindia.com/companies-listing/corporate-filings-annual-reports,1620598276,18:11:16,20210509
33,2012-03-31,SRHHYPOLTD.NS,INR,2012-03-31,2012-03-31,Q1,656643303,417682876,238960427,0.3639120751072367,0.0,0.0,0.0,0.0,162395236,580078112,0.0,31963905.0,108529096,0.1652786155042839,76565191,0.116600886128279,0.0,25009599,0.03808703886225426,58015789.0,-33006190.0,-0.05026502189119258,-1.9228214688078686,-1.9228214688078686,17165499,17165499,https://www.nseindia.com/companies-listing/corporate-filings-annual-reports,https://www.nseindia.com/companies-listing/corporate-filings-annual-reports,1620598276,18:11:16,20210509
34,2011-12-31,SRHHYPOLTD.NS,INR,2011-12-31,2011-12-31,Q4,646162000,291582000,354580000,0.548747837229673,0.0,0.0,0.0,0.0,225000000,516582000,0.0,29859000.0,159439000,0.24674771961210964,129580000,0.20053794559259133,0.0,105408000,0.16312937003414005,16200000.0,89208000.0,0.13805825783627015,6.38,6.38,13980859,13980859,https://www.nseindia.com/companies-listing/corporate-filings-annual-reports,https://www.nseindia.com/companies-listing/corporate-filings-annual-reports,1620598276,18:11:16,20210509
