,date,symbol,reportedCurrency,fillingDate,acceptedDate,period,revenue,costOfRevenue,grossProfit,grossProfitRatio,researchAndDevelopmentExpenses,generalAndAdministrativeExpenses,sellingAndMarketingExpenses,otherExpenses,operatingExpenses,costAndExpenses,interestExpense,depreciationAndAmortization,ebitda,ebitdaratio,operatingIncome,operatingIncomeRatio,totalOtherIncomeExpensesNet,incomeBeforeTax,incomeBeforeTaxRatio,incomeTaxExpense,netIncome,netIncomeRatio,eps,epsdiluted,weightedAverageShsOut,weightedAverageShsOutDil,link,finalLink,timestamp,est_time,est_date
0,2021-03-31,ECPG,USD,2021-05-05,2021-05-05 17:25:49,Q1,416837000.0,109280000.0,307557000.0,0.7378351729812852,0.0,99290000.0,0.0,-55000.0,139243000.0,248523000.0,42129000.0,11512000.0,179826000.0,0.4314060412103532,168314000.0,0.2920398141239861,-55000.0,121733000.0,0.2920398141239861,26968000.0,94630000.0,0.22701919455326663,3.01,2.97,31469000.0,31832000.0,https://www.sec.gov/Archives/edgar/data/1084961/000108496121000052/0001084961-21-000052-index.htm,https://www.sec.gov/Archives/edgar/data/1084961/000108496121000052/ecpg-20210331.htm,1620591443,16:17:23,20210509
1,2020-12-31,ECPG,USD,2021-02-24,2021-02-24 17:20:07,Q4,382610000.0,111424000.0,271186000.0,0.7087791746164501,0.0,35159000.0,0.0,854000.0,71920000.0,183344000.0,36467000.0,11344000.0,210610000.0,0.5504560779906432,199266000.0,0.520807088157654,-115150000.0,47711000.0,0.12469877943597919,10499000.0,37320000.0,0.09754057656621626,1.18,1.17,31500000.0,31826000.0,https://www.sec.gov/Archives/edgar/data/1084961/000108496121000017/0001084961-21-000017-index.htm,https://www.sec.gov/Archives/edgar/data/1084961/000108496121000017/ecpg-20201231.htm,1620591443,16:17:23,20210509
2,2020-09-30,ECPG,USD,2020-11-02,2020-11-02 17:19:57,Q3,403676000.0,108682000.0,294994000.0,0.7307692307692307,0.0,53459000.0,0.0,361000.0,92156000.0,200838000.0,57352000.0,10609000.0,213447000.0,0.5287582120314311,202838000.0,0.5024772342175408,-60022000.0,74854000.0,0.18543089011979905,19747000.0,54650000.0,0.13538084998860472,1.74,1.72,31484000.0,31826000.0,https://www.sec.gov/Archives/edgar/data/1084961/000108496120000130/0001084961-20-000130-index.htm,https://www.sec.gov/Archives/edgar/data/1084961/000108496120000130/ecpg-20200930.htm,1620591443,16:17:23,20210509
3,2020-06-30,ECPG,USD,2020-08-05,2020-08-05 17:20:31,Q2,426033000.0,101550000.0,324483000.0,0.7616381829576582,0.0,28618000.0,0.0,-3011000.0,67435000.0,168985000.0,47395000.0,10542000.0,267590000.0,0.628096884513641,257048000.0,0.6033523224726723,-40367000.0,166354000.0,0.3904720995791406,35570000.0,130332000.0,0.3059199639464549,4.15,4.13,31413000.0,31560000.0,https://www.sec.gov/Archives/edgar/data/1084961/000108496120000114/0001084961-20-000114-index.htm,https://www.sec.gov/Archives/edgar/data/1084961/000108496120000114/ecpg-20200630.htm,1620591443,16:17:23,20210509
4,2020-03-31,ECPG,USD,2020-05-11 00:00:00,2020-05-11 17:22:09,Q1,289081000.0,106274000.0,182807000.0,0.632372933537659,0.0,31877000.0,0.0,1439000.0,69326000.0,175600000.0,54662000.0,10285000.0,123766000.0,0.42813605875169936,113481000.0,0.3925577952200248,-64840000.0,-6021000.0,-0.020828072408771246,4558000.0,-10454000.0,-0.03616287476520422,-0.33,-0.33,31308000.0,31308000.0,https://www.sec.gov/Archives/edgar/data/1084961/000108496120000069/0001084961-20-000069-index.htm,https://www.sec.gov/Archives/edgar/data/1084961/000108496120000069/ecpg-20200331.htm,1620591443,16:17:23,20210509
5,2019-12-31,ECPG,USD,2020-02-26 00:00:00,2020-02-26 17:21:55,Q4,347794000.0,108626000.0,239168000.0,0.687671437690127,0.0,37921000.0,0.0,-2577000.0,72734000.0,181360000.0,50716000.0,11293000.0,177727000.0,0.5110122658815276,166434000.0,0.4785418954898589,-55801000.0,57118000.0,0.16422940016216497,13886000.0,43085000.0,0.12388080300407713,1.38,1.36,31233000.0,31612000.0,https://www.sec.gov/Archives/edgar/data/1084961/000108496120000024/0001084961-20-000024-index.html,https://www.sec.gov/Archives/edgar/data/1084961/000108496120000024/ecpg-20191231.htm,1620591443,16:17:23,20210509
6,2019-09-30,ECPG,USD,2019-11-06 00:00:00,2019-11-06 17:19:00,Q3,355936000.0,113981000.0,241955000.0,0.6797710824417873,0.0,38168000.0,0.0,-11546000.0,73921000.0,187902000.0,51818000.0,10000000.0,178034000.0,0.5001854265935449,168034000.0,0.4720904881776499,-71235000.0,42434000.0,0.11921806167400881,3021000.0,38869000.0,0.10920221612874224,1.24,1.23,31338000.0,31657000.0,https://www.sec.gov/Archives/edgar/data/1084961/000108496119000137/0001084961-19-000137-index.html,https://www.sec.gov/Archives/edgar/data/1084961/000108496119000137/ecpg-20190930x10q.htm,1620591443,16:17:23,20210509
7,2019-06-30,ECPG,USD,2019-08-07,2019-08-07 17:24:29,Q2,346874000.0,109787000.0,237087000.0,0.6834960244930436,0.0,32620000.0,0.0,-1244000.0,71907000.0,181694000.0,51891000.0,9741000.0,174921000.0,0.5042782105317781,165180000.0,0.4761959674117979,-52692000.0,48575000.0,0.14003643974469115,11753000.0,36661000.0,0.10568967406032162,1.1740912730184148,1.1665818112391013,31225000.0,31426000.0,https://www.sec.gov/Archives/edgar/data/1084961/000108496119000103/ecpg-20190630x10q.htm,https://www.sec.gov/Archives/edgar/data/1084961/000108496119000103/ecpg-20190630x10q.htm,1620591443,16:17:23,20210509
8,2019-03-31,ECPG,USD,2019-05-08 00:00:00,2019-05-08 17:22:01,Q1,347077000.0,107836000.0,239241000.0,0.6893023738248285,0.0,39547000.0,0.0,-2976000.0,79156000.0,186992000.0,51558000.0,9995000.0,170080000.0,0.49003535238578183,160085000.0,0.4612377080590186,-52003000.0,53115000.0,0.15303520544432503,3673000.0,49254000.0,0.1419108728034413,1.58,1.57,31201000.0,31359000.0,https://www.sec.gov/Archives/edgar/data/1084961/000108496119000058/0001084961-19-000058-index.html,https://www.sec.gov/Archives/edgar/data/1084961/000108496119000058/ecpg-20190331x10q.htm,1620591443,16:17:23,20210509
9,2018-12-31,ECPG,USD,2019-02-27 00:00:00,2019-02-27 17:22:18,Q4,348721000.0,106572000.0,242149000.0,0.6943917917188813,0.0,35189000.0,0.0,-3803000.0,76641000.0,183213000.0,50691000.0,9996000.0,175504000.0,0.5032791257194147,165508000.0,0.47461437653597,-53424000.0,55128000.0,0.15808626380401525,9095000.0,47036000.0,0.13488146684598862,1.51,1.5,31107000.0,31270000.0,https://www.sec.gov/Archives/edgar/data/1084961/000108496119000020/0001084961-19-000020-index.html,https://www.sec.gov/Archives/edgar/data/1084961/000108496119000020/ecpg-20181231x10k.htm,1620591443,16:17:23,20210509
10,2018-09-30,ECPG,USD,2018-11-07 00:00:00,2018-11-07 17:21:39,Q3,336774000.0,106316000.0,230458000.0,0.6843105465386283,0.0,41893000.0,0.0,-2539000.0,82457000.0,188773000.0,52577000.0,9873000.0,157874000.0,0.4687832196072143,148001000.0,0.43946682344836596,-53012000.0,29895000.0,0.08876872917743056,16879000.0,20725000.0,0.0615397863255477,0.6939096661867613,0.6880581653995551,29867000.0,30121000.0,https://www.sec.gov/Archives/edgar/data/1084961/000108496118000125/0001084961-18-000125-index.html,https://www.sec.gov/Archives/edgar/data/1084961/000108496118000125/ecpg-20180930x10q.htm,1620591443,16:17:23,20210509
11,2018-06-30,ECPG,USD,2018-08-08 00:00:00,2018-08-08 17:21:52,Q2,349747000.0,103111000.0,246636000.0,0.70518403302959,0.0,41986000.0,0.0,-4615000.0,91948000.0,195059000.0,57059000.0,10923000.0,165611000.0,0.4735165705495687,154688000.0,0.4422854234632463,-55870000.0,38282000.0,0.10945626409947762,11308000.0,26298000.0,0.07519149556679543,1.01,1.0,26150000.0,26409000.0,https://www.sec.gov/Archives/edgar/data/1084961/000108496118000099/0001084961-18-000099-index.html,https://www.sec.gov/Archives/edgar/data/1084961/000108496118000099/ecpg-20180630x10q.htm,1620591443,16:17:23,20210509
12,2018-03-31,ECPG,USD,2018-05-08 00:00:00,2018-05-08 17:22:08,Q1,326788000.0,101013000.0,225775000.0,0.6908913423993537,0.0,39284000.0,0.0,2193000.0,83468000.0,184481000.0,54389000.0,10436000.0,152743000.0,0.46740700392915285,142307000.0,0.43547192675373636,-51662000.0,33183000.0,0.10154289631198209,9470000.0,21827000.0,0.06679253828169945,0.84,0.83,26056000.0,26416000.0,https://www.sec.gov/Archives/edgar/data/1084961/000108496118000045/0001084961-18-000045-index.html,https://www.sec.gov/Archives/edgar/data/1084961/000108496118000045/ecpg-20180331x10q.htm,1620591443,16:17:23,20210509
13,2017-12-31,ECPG,USD,2018-02-21 00:00:00,2018-02-21 17:25:45,Q4,317481000.0,104471000.0,213010000.0,0.6709377884030855,0.0,55330000.0,10025000.0,-1157000.0,98177000.0,202648000.0,48833000.0,14158000.0,128991000.0,0.4062951798690315,114833000.0,0.36170038521990294,-51755000.0,11386000.0,0.0358635634888387,8607000.0,12681000.0,0.03994254774301454,0.49,0.48,26017000.0,26405000.0,https://www.sec.gov/Archives/edgar/data/1084961/000108496118000013/0001084961-18-000013-index.html,https://www.sec.gov/Archives/edgar/data/1084961/000108496118000013/ecpg-20171231x10k.htm,1620591443,16:17:23,20210509
14,2017-09-30,ECPG,USD,2017-11-02 00:00:00,2017-11-02 17:26:47,Q3,306699000.0,87854000.0,218845000.0,0.7135497670354322,0.0,32500000.0,10622000.0,8873000.0,66881000.0,154735000.0,49073000.0,8522000.0,160486000.0,0.5232687423173861,151964000.0,0.49548254151464466,-39221000.0,59988000.0,0.19559242123384818,17844000.0,28194000.0,0.09192726419062339,1.08,1.05,26011000.0,26736000.0,https://www.sec.gov/Archives/edgar/data/1084961/000108496117000131/0001084961-17-000131-index.html,https://www.sec.gov/Archives/edgar/data/1084961/000108496117000131/ecpg-2017930x10q.htm,1620591443,16:17:23,20210509
15,2017-06-30,ECPG,USD,2017-08-03 00:00:00,2017-08-03 17:26:56,Q2,290917000.0,87280000.0,203637000.0,0.699983156707927,0.0,36932000.0,11494000.0,2529000.0,69634000.0,156914000.0,47163000.0,8672000.0,142675000.0,0.49043197888057416,134003000.0,0.4606227893179154,-50880000.0,32607000.0,0.1120835152294297,13531000.0,20255000.0,0.06962466957929582,0.78,0.77,25983000.0,26391000.0,https://www.sec.gov/Archives/edgar/data/1084961/000108496117000102/0001084961-17-000102-index.html,https://www.sec.gov/Archives/edgar/data/1084961/000108496117000102/ecpg-2017630x10q.htm,1620591443,16:17:23,20210509
16,2017-03-31,ECPG,USD,2017-05-04 00:00:00,2017-05-04 17:26:43,Q1,271941000.0,79840000.0,192101000.0,0.7064069044388305,0.0,33318000.0,11562000.0,602000.0,68303000.0,148143000.0,45590000.0,8625000.0,132423000.0,0.4869548909506106,123798000.0,0.4552384524584377,-47355000.0,27245000.0,0.1001871729529567,12067000.0,22098000.0,0.08126027336812029,0.8539959808316587,0.8470885881856863,25876000.0,26087000.0,https://www.sec.gov/Archives/edgar/data/1084961/000108496117000058/0001084961-17-000058-index.html,https://www.sec.gov/Archives/edgar/data/1084961/000108496117000058/ecpg-2017331x10q.htm,1620591443,16:17:23,20210509
17,2016-12-31,ECPG,USD,2017-02-23 00:00:00,2017-02-23 17:21:45,Q4,271384000.0,76072000.0,195312000.0,0.7196887067771128,0.0,31002000.0,7899000.0,-130000.0,65059000.0,141131000.0,45046000.0,8740000.0,138993000.0,0.5121635763346403,130253000.0,0.4799582878872741,-42938000.0,38868000.0,0.14322141320048346,28374000.0,22812000.0,0.0840580137369926,0.8844602977667494,0.8776208979340592,25792000.0,25993000.0,https://www.sec.gov/Archives/edgar/data/1084961/000108496117000019/0001084961-17-000019-index.html,https://www.sec.gov/Archives/edgar/data/1084961/000108496117000019/ecpg-20161231x10k.htm,1620591443,16:17:23,20210509
18,2016-09-30,ECPG,USD,2016-11-09 00:00:00,2016-11-09 17:12:57,Q3,179415000.0,76631000.0,102784000.0,0.5728840955327035,0.0,34871000.0,8848000.0,4100000.0,67034000.0,143665000.0,45475000.0,8032000.0,43782000.0,0.24402641919571944,35750000.0,0.19925870189226097,-52832000.0,-65714000.0,-0.36626814926288215,-13768000.0,-1524000.0,-0.008494273054092467,-0.06,-0.06,25777000.0,25777000.0,https://www.sec.gov/Archives/edgar/data/1084961/000108496116000226/0001084961-16-000226-index.html,https://www.sec.gov/Archives/edgar/data/1084961/000108496116000226/ecpg-2016930x10q.htm,1620591443,16:17:23,20210509
19,2016-06-30,ECPG,USD,2016-08-04,2016-08-04 17:26:38,Q2,289442000.0,84773000.0,204669000.0,0.7071157606705316,0.0,32934000.0,9274000.0,3134000.0,66115000.0,150888000.0,47577000.0,8235000.0,146789000.0,0.5071447820288694,138554000.0,0.4786934860870226,-43673000.0,44284000.0,0.15299783721781912,13451000.0,29588000.0,0.10222427982117316,1.15,1.14,25742000.0,25874000.0,https://www.sec.gov/Archives/edgar/data/1084961/000108496116000202/0001084961-16-000202-index.htm,https://www.sec.gov/Archives/edgar/data/1084961/000108496116000202/ecpg-2016630x10q.htm,1620591443,16:17:23,20210509
20,2016-03-31,ECPG,USD,2016-05-10 00:00:00,2016-05-10 17:18:04,Q1,289017000.0,79762000.0,209255000.0,0.7240231543473221,0.0,35239000.0,10120000.0,7124000.0,71443000.0,151205000.0,47651000.0,9861000.0,147673000.0,0.5109491829200359,137812000.0,0.47683008265949756,-47184000.0,39937000.0,0.138182183054976,10148000.0,25694000.0,0.08890134490358699,1.01,0.99,25550000.0,25868000.0,https://www.sec.gov/Archives/edgar/data/1084961/000108496116000172/0001084961-16-000172-index.html,https://www.sec.gov/Archives/edgar/data/1084961/000108496116000172/ecpg-2016331x10q.htm,1620591443,16:17:23,20210509
21,2015-12-31,ECPG,USD,2016-02-24 00:00:00,2016-02-24 17:24:02,Q4,297757000.0,79391000.0,218366000.0,0.733369828417132,0.0,37047000.0,9326000.0,647000.0,72303000.0,151694000.0,46633000.0,9276000.0,155339000.0,0.5216972229032399,146063000.0,0.4905443029047176,-107643000.0,-11767000.0,-0.0395188022447835,-13363000.0,-988000.0,-0.003318141974831826,-0.04,-0.04,25489000.0,25489000.0,https://www.sec.gov/Archives/edgar/data/1084961/000108496116000130/0001084961-16-000130-index.html,https://www.sec.gov/Archives/edgar/data/1084961/000108496116000130/ecpg-20151231x10k.htm,1620591443,16:17:23,20210509
22,2015-09-30,ECPG,USD,2015-11-05 00:00:00,2015-11-05 17:19:43,Q3,287796000.0,74357000.0,213439000.0,0.7416329622371401,0.0,88002000.0,9381000.0,-924000.0,120190000.0,194547000.0,45308000.0,8235000.0,101484000.0,0.3526247758829171,93249000.0,0.3240107576199808,-59684000.0,-14251000.0,-0.04951771393626041,-4887000.0,-10959000.0,-0.03807905599799858,-0.43,-0.43,25450000.0,25450000.0,https://www.sec.gov/Archives/edgar/data/1084961/000108496115000111/0001084961-15-000111-index.html,https://www.sec.gov/Archives/edgar/data/1084961/000108496115000111/ecpg-2015930x10q.htm,1620591443,16:17:23,20210509
23,2015-06-30,ECPG,USD,2015-08-10 00:00:00,2015-08-10 09:21:19,Q2,290356000.0,76011000.0,214345000.0,0.7382144677568226,0.0,39166000.0,8466000.0,395000.0,70265000.0,146276000.0,42591000.0,8084000.0,152164000.0,0.5240601193018226,144080000.0,0.49621843530011434,-56681000.0,41149000.0,0.14171913099780958,15964000.0,27657000.0,0.09525203543236578,1.07,1.03,25885000.0,26919000.0,https://www.sec.gov/Archives/edgar/data/1084961/000108496115000083/0001084961-15-000083-index.html,https://www.sec.gov/Archives/edgar/data/1084961/000108496115000083/ecpg-2015630x10q.htm,1620591443,16:17:23,20210509
24,2015-03-31,ECPG,USD,2015-05-07 00:00:00,2015-05-07 17:21:04,Q1,285663000.0,78433000.0,207230000.0,0.725435215621204,0.0,32612000.0,10685000.0,2117000.0,66196000.0,144629000.0,40232000.0,8350000.0,149384000.0,0.5229378673471888,141034000.0,0.493707620517883,-52881000.0,45850000.0,0.1605038104339729,15883000.0,29425000.0,0.10300598957512874,1.13,1.08,26072000.0,27315000.0,https://www.sec.gov/Archives/edgar/data/1084961/000108496115000039/0001084961-15-000039-index.html,https://www.sec.gov/Archives/edgar/data/1084961/000108496115000039/ecpg-2015331x10q.htm,1620591443,16:17:23,20210509
25,2014-12-31,ECPG,USD,2015-02-26,2015-02-26 17:16:35,Q4,276571000.0,70648000.0,205923000.0,0.7445574554092801,0.0,35778000.0,8068000.0,305000.0,65511000.0,136159000.0,40314000.0,8070000.0,148482000.0,0.5368675674600736,140412000.0,0.5076888032367819,-51760000.0,46388000.0,0.1677254665167353,16819000.0,26650000.0,0.09635862039042416,1.03,0.98,25979000.0,27254000.0,https://www.sec.gov/Archives/edgar/data/1084961/000108496115000011/0001084961-15-000011-index.htm,https://www.sec.gov/Archives/edgar/data/1084961/000108496115000011/ecpg-20141231x10k.htm,1620591443,16:17:23,20210509
26,2014-09-30,ECPG,USD,2014-11-06 00:00:00,2014-11-06 17:09:21,Q3,273282000.0,70692000.0,202590000.0,0.7413221507453839,0.0,35532000.0,0.0,-532000.0,64526000.0,135218000.0,41598000.0,6933000.0,144997000.0,0.53057647411831,138064000.0,0.5052070754751502,-54274000.0,40292000.0,0.1474374455690459,10154000.0,30335000.0,0.1110025541382162,1.17,1.11,25879000.0,27332000.0,https://www.sec.gov/Archives/edgar/data/1084961/000108496114000097/0001084961-14-000097-index.html,https://www.sec.gov/Archives/edgar/data/1084961/000108496114000097/ecpg-2014930x10q.htm,1620591443,16:17:23,20210509
27,2014-06-30,ECPG,USD,2014-08-07 00:00:00,2014-08-07 17:21:07,Q2,269195000.0,73508000.0,195687000.0,0.7269340069466372,0.0,38282000.0,9153000.0,75000.0,67152000.0,140660000.0,41452000.0,6829000.0,135364000.0,0.5028473782945448,128535000.0,0.47747915080146364,-49954000.0,35363000.0,0.13136573859098424,14010000.0,23561000.0,0.087523913891417,0.91,0.86,25798000.0,27492000.0,https://www.sec.gov/Archives/edgar/data/1084961/000108496114000070/0001084961-14-000070-index.html,https://www.sec.gov/Archives/edgar/data/1084961/000108496114000070/ecpg-2014630x10q.htm,1620591443,16:17:23,20210509
28,2014-03-31,ECPG,USD,2014-05-08 00:00:00,2014-05-08 17:04:47,Q1,253741000.0,66413000.0,187328000.0,0.7382646083999038,0.0,36694000.0,8276000.0,265000.0,69234000.0,135647000.0,34530000.0,6117000.0,124211000.0,0.48951884007708646,118094000.0,0.4654115811004134,-49560000.0,30572000.0,0.12048506153912848,11742000.0,23180000.0,0.09135299380076535,0.9,0.82,25749000.0,28196000.0,https://www.sec.gov/Archives/edgar/data/1084961/000108496114000028/0001084961-14-000028-index.html,https://www.sec.gov/Archives/edgar/data/1084961/000108496114000028/ecpg-2014331x10q.htm,1620591443,16:17:23,20210509
29,2013-12-31,ECPG,USD,2014-02-25,2014-02-25 16:45:46,Q4,237099000.0,61366000.0,175733000.0,0.7411798447062198,0.0,32284000.0,10380000.0,40000.0,57835000.0,119201000.0,28259000.0,5020000.0,122918000.0,0.5184247930189498,117898000.0,0.49725220266639675,-49225000.0,38926000.0,0.16417614582937928,15278000.0,22953000.0,0.09680766262194274,0.9,0.82,25645000.0,28141000.0,https://www.sec.gov/Archives/edgar/data/1084961/000119312514067404/0001193125-14-067404-index.htm,https://www.sec.gov/Archives/edgar/data/1084961/000119312514067404/d652493d10k.htm,1620591443,16:17:23,20210509
30,2013-09-30,ECPG,USD,2013-11-07 00:00:00,2013-11-07 16:14:39,Q3,235558000.0,66411000.0,169147000.0,0.7180694351285034,0.0,33486000.0,14158000.0,-299000.0,57065000.0,123476000.0,27937000.0,4523000.0,116605000.0,0.49501608945567543,112082000.0,0.475814873619236,-51252000.0,31644000.0,0.1343363417926795,10272000.0,21886000.0,0.09291129997707571,0.86,0.81,25535000.0,27183000.0,https://www.sec.gov/Archives/edgar/data/1084961/000119312513432838/0001193125-13-432838-index.html,https://www.sec.gov/Archives/edgar/data/1084961/000119312513432838/d595715d10q.htm,1620591443,16:17:23,20210509
31,2013-06-30,ECPG,USD,2013-08-08 00:00:00,2013-08-08 16:22:38,Q2,156121000.0,38199000.0,117922000.0,0.7553243958211899,0.0,27601000.0,5230000.0,-4122000.0,43556000.0,81755000.0,6470000.0,2158000.0,76524000.0,0.49015827467156886,74366000.0,0.4763356627231442,-48605000.0,18279000.0,0.11708226311642893,7267000.0,11012000.0,0.0705350337238424,0.46,0.44,23966000.0,24855000.0,https://www.sec.gov/Archives/edgar/data/1084961/000119312513326914/0001193125-13-326914-index.html,https://www.sec.gov/Archives/edgar/data/1084961/000119312513326914/d550444d10q.htm,1620591443,16:17:23,20210509
32,2013-03-31,ECPG,USD,2013-05-10 00:00:00,2013-05-09 17:59:45,Q1,144285000.0,32161000.0,112124000.0,0.7771008767370136,0.0,16342000.0,3329000.0,460000.0,31453000.0,63614000.0,6084000.0,1846000.0,82517000.0,0.5719028312021347,80671000.0,0.5591087084589528,-41798000.0,32019000.0,0.22191495997504937,12571000.0,19448000.0,0.1347887860830994,0.83,0.8,23446000.0,24414000.0,https://www.sec.gov/Archives/edgar/data/1084961/000119312513211571/0001193125-13-211571-index.html,https://www.sec.gov/Archives/edgar/data/1084961/000119312513211571/d499413d10q.htm,1620591443,16:17:23,20210509
33,2012-12-31,ECPG,USD,2013-02-13 00:00:00,2013-02-13 16:18:41,Q4,143612000.0,116416000.0,27196000.0,0.18937136172464697,0.0,-180627000.0,2980000.0,0.0,-181247000.0,-64831000.0,4251000.0,-444000.0,207999000.0,1.4483399715901177,208443000.0,1.451431635239395,-168375000.0,33528000.0,0.2334623847589338,13361000.0,20167000.0,0.1404269838175083,0.8601467201228354,0.8601467201228354,23446000.0,23446000.0,https://www.sec.gov/Archives/edgar/data/1084961/000119312513055397/0001193125-13-055397-index.html,https://www.sec.gov/Archives/edgar/data/1084961/000119312513055397/d443977d10k.htm,1620591443,16:17:23,20210509
34,2012-09-30,ECPG,USD,2012-11-01 00:00:00,2012-11-01 16:16:09,Q3,144792000.0,0.0,144792000.0,1.0,0.0,83032000.0,4227000.0,0.0,103621000.0,103621000.0,7012000.0,2414000.0,43585000.0,0.30101801204486434,41171000.0,0.28434582021106136,1036000.0,35195000.0,0.24307282170285652,13887000.0,21308000.0,0.14716282667550692,0.85,0.82,25071000.0,26047000.0,https://www.sec.gov/Archives/edgar/data/1084961/000119312512446567/0001193125-12-446567-index.html,https://www.sec.gov/Archives/edgar/data/1084961/000119312512446567/d398620d10q.htm,1620591443,16:17:23,20210509
35,2012-06-30,ECPG,USD,2012-08-02 00:00:00,2012-08-02 16:27:07,Q2,141063000.0,0.0,141063000.0,1.0,0.0,84796000.0,4166000.0,0.0,102809000.0,102809000.0,6497000.0,2041000.0,40295000.0,0.2856525098714759,38254000.0,0.2711837973104216,77000.0,31834000.0,0.22567221737805093,12846000.0,16596000.0,0.11764956083452074,0.67,0.64,24919000.0,25825000.0,https://www.sec.gov/Archives/edgar/data/1084961/000119312512331971/0001193125-12-331971-index.html,https://www.sec.gov/Archives/edgar/data/1084961/000119312512331971/d351701d10q.htm,1620591443,16:17:23,20210509
36,2012-03-31,ECPG,USD,2012-05-09,2012-05-09 16:17:19,Q1,130222000.0,0.0,130222000.0,1.0,0.0,78142000.0,3959000.0,0.0,95875000.0,95875000.0,5515000.0,1829000.0,36176000.0,0.2778025218473069,34347000.0,0.2637572760363072,-10082000.0,18750000.0,0.14398488734622414,7344000.0,11406000.0,0.08758888667045507,0.46,0.44,24779000.0,25740000.0,https://www.sec.gov/Archives/edgar/data/1084961/000119312512222079/0001193125-12-222079-index.htm,https://www.sec.gov/Archives/edgar/data/1084961/000119312512049265/d268614d10k.htm,1620591443,16:17:23,20210509
37,2011-12-31,ECPG,USD,2012-02-09 00:00:00,2012-02-09 16:10:45,Q4,120675000.0,0.0,120675000.0,1.0,0.0,73708000.0,3388000.0,0.0,88024000.0,88024000.0,4979000.0,1775000.0,34426000.0,0.285278640977833,32651000.0,0.2705697120364616,-187000.0,27485000.0,0.2277605137766729,10351000.0,17134000.0,0.14198466956701886,0.6914726179426127,0.6914726179426127,24779000.0,24779000.0,https://www.sec.gov/Archives/edgar/data/1084961/000119312512049265/0001193125-12-049265-index.html,https://www.sec.gov/Archives/edgar/data/1084961/000119312512049265/d268614d10k.htm,1620591443,16:17:23,20210509
38,2011-09-30,ECPG,USD,2011-10-26 00:00:00,2011-10-26 16:15:45,Q3,120563000.0,0.0,120563000.0,1.0,0.0,74476000.0,3264000.0,0.0,89804000.0,89804000.0,5175000.0,1660000.0,32419000.0,0.2688967593706195,30759000.0,0.2551280243524133,-346000.0,25238000.0,0.20933453878884897,9868000.0,15370000.0,0.1274852151986928,0.62,0.6,24638000.0,25604000.0,https://www.sec.gov/Archives/edgar/data/1084961/000119312511282035/0001193125-11-282035-index.html,https://www.sec.gov/Archives/edgar/data/1084961/000119312511282035/d234812d10q.htm,1620591443,16:17:23,20210509
39,2011-06-30,ECPG,USD,2011-08-01 00:00:00,2011-08-01 16:18:26,Q2,115830000.0,0.0,115830000.0,1.0,0.0,72331000.0,3596000.0,0.0,86223000.0,86223000.0,5369000.0,1566000.0,31173000.0,0.2691271691271691,29607000.0,0.2556073556073556,23000.0,24261000.0,0.20945350945350946,9486000.0,14775000.0,0.12755762755762756,0.6,0.58,24433000.0,25610000.0,https://www.sec.gov/Archives/edgar/data/1084961/000119312511204635/0001193125-11-204635-index.html,https://www.sec.gov/Archives/edgar/data/1084961/000119312511204635/d10q.htm,1620591443,16:17:23,20210509
40,2011-03-31,ECPG,USD,2011-04-27 00:00:00,2011-04-27 16:13:08,Q1,110303000.0,0.0,110303000.0,1.0,0.0,67483000.0,3914000.0,0.0,82546000.0,82546000.0,5593000.0,1493000.0,29250000.0,0.26517864427984733,27757000.0,0.2516432010008794,116000.0,22280000.0,0.20198906648051276,8601000.0,13679000.0,0.12401294615740278,0.56,0.54,24260000.0,25451000.0,https://www.sec.gov/Archives/edgar/data/1084961/000119312511111908/0001193125-11-111908-index.html,https://www.sec.gov/Archives/edgar/data/1084961/000119312511111908/d10q.htm,1620591443,16:17:23,20210509
41,2010-12-31,ECPG,USD,2011-02-14,2011-02-14 19:26:38,Q4,99772000.0,0.0,99772000.0,1.0,0.0,58610000.0,3287000.0,0.0,71589000.0,71589000.0,5003000.0,958000.0,29141000.0,0.2920759331275308,28183000.0,0.2824740408130538,66000.0,23246000.0,0.23299121998155795,9075000.0,14171000.0,0.14203383714869902,0.5841302555647155,0.5841302555647155,24260000.0,24260000.0,https://www.sec.gov/Archives/edgar/data/1084961/000119312511035293/0001193125-11-035293-index.htm,https://www.sec.gov/Archives/edgar/data/1084961/000119312511035293/d10k.htm,1620591443,16:17:23,20210509
42,2010-09-30,ECPG,USD,2010-10-26 00:00:00,2010-10-26 16:09:54,Q3,97967000.0,0.0,97967000.0,1.0,0.0,58548000.0,5389000.0,0.0,74265000.0,74265000.0,4928000.0,816000.0,24518000.0,0.2502679473700328,23702000.0,0.24193861198158564,148000.0,18922000.0,0.19314667183847622,6632000.0,12290000.0,0.12545040676962652,0.51,0.49,23947000.0,25154000.0,https://www.sec.gov/Archives/edgar/data/1084961/000119312510236669/0001193125-10-236669-index.html,https://www.sec.gov/Archives/edgar/data/1084961/000119312510236669/d10q.htm,1620591443,16:17:23,20210509
43,2010-06-30,ECPG,USD,2010-08-02 00:00:00,2010-08-02 16:14:05,Q2,96231000.0,0.0,96231000.0,1.0,0.0,56590000.0,6413000.0,0.0,72782000.0,72782000.0,4880000.0,752000.0,24201000.0,0.25148860554291236,23449000.0,0.2436740759214806,-90000.0,18479000.0,0.1920275171202627,6749000.0,11730000.0,0.12189419210025876,0.49,0.47,23713000.0,24958000.0,https://www.sec.gov/Archives/edgar/data/1084961/000119312510173633/0001193125-10-173633-index.html,https://www.sec.gov/Archives/edgar/data/1084961/000119312510173633/d10q.htm,1620591443,16:17:23,20210509
44,2010-03-31,ECPG,USD,2010-04-27 00:00:00,2010-04-27 16:21:41,Q1,87338000.0,0.0,87338000.0,1.0,0.0,50558000.0,5296000.0,0.0,65641000.0,65641000.0,4538000.0,673000.0,22370000.0,0.25613135175982965,21697000.0,0.24842565664430144,192000.0,17351000.0,0.19866495683436763,6490000.0,10861000.0,0.12435595044539605,0.46,0.44,23494000.0,24685000.0,https://www.sec.gov/Archives/edgar/data/1084961/000119312510094891/0001193125-10-094891-index.html,https://www.sec.gov/Archives/edgar/data/1084961/000119312510094891/d10q.htm,1620591443,16:17:23,20210509
45,2009-12-31,ECPG,USD,2010-02-08 00:00:00,2010-02-08 16:15:42,Q4,81552000.0,0.0,81552000.0,1.0,0.0,50695000.0,5795000.0,0.0,64588000.0,64588000.0,3959000.0,697000.0,17661000.0,0.2165612124779282,16964000.0,0.208014518344124,9000.0,13014000.0,0.15957916421424367,4609000.0,8405000.0,0.10306307631940358,0.35775091512726653,0.35775091512726653,23494000.0,23494000.0,https://www.sec.gov/Archives/edgar/data/1084961/000119312510024376/0001193125-10-024376-index.html,https://www.sec.gov/Archives/edgar/data/1084961/000119312510024376/d10k.htm,1620591443,16:17:23,20210509
46,2009-09-30,ECPG,USD,2009-10-28 00:00:00,2009-10-28 16:10:20,Q3,80386000.0,0.0,80386000.0,1.0,0.0,49044000.0,5795000.0,0.0,61525000.0,61525000.0,3970000.0,652000.0,19513000.0,0.24274127335605702,18861000.0,0.23463040828004877,61000.0,14952000.0,0.18600253775533054,5948000.0,9004000.0,0.11200955390242082,0.39,0.37,23225000.0,24199000.0,https://www.sec.gov/Archives/edgar/data/1084961/000119312509216151/0001193125-09-216151-index.html,https://www.sec.gov/Archives/edgar/data/1084961/000119312509216151/d10q.htm,1620591443,16:17:23,20210509
47,2009-06-30,ECPG,USD,2009-07-30 00:00:00,2009-07-30 09:10:24,Q2,78035000.0,0.0,78035000.0,1.0,0.0,51479000.0,4797000.0,0.0,63494000.0,63494000.0,3958000.0,620000.0,15161000.0,0.19428461587749088,14541000.0,0.18633946306144678,224000.0,10807000.0,0.13848913948869096,4166000.0,6641000.0,0.08510283846991734,0.29,0.28,23168000.0,23971000.0,https://www.sec.gov/Archives/edgar/data/1084961/000119312509158988/0001193125-09-158988-index.html,https://www.sec.gov/Archives/edgar/data/1084961/000119312509158988/d10q.htm,1620591443,16:17:23,20210509
48,2009-03-31,ECPG,USD,2009-04-29 00:00:00,2009-04-29 09:13:05,Q1,76446000.0,0.0,76446000.0,1.0,0.0,50681000.0,2891000.0,0.0,60175000.0,60175000.0,4273000.0,623000.0,16894000.0,0.2209925960808937,16271000.0,0.2128430526123015,2972000.0,14970000.0,0.19582450357114825,5973000.0,8997000.0,0.117690919080135,0.39,0.38,23122000.0,23631000.0,https://www.sec.gov/Archives/edgar/data/1084961/000119312509091132/0001193125-09-091132-index.html,https://www.sec.gov/Archives/edgar/data/1084961/000119312509091132/d10q.htm,1620591443,16:17:23,20210509
49,2008-12-31,ECPG,USD,2009-02-11 00:00:00,2009-02-11 09:18:17,Q4,51942000.0,32658000.0,19284000.0,0.371260251819337,0.0,0.0,0.0,0.0,21501000.0,54159000.0,0.0,2029000.0,-188000.0,-0.0036194216626236958,-2217000.0,-0.04268222247891879,6696000.0,259000.0,0.00498633090755073,28000.0,231000.0,0.0044472681067344345,0.009990485252140819,0.009990485252140819,23122000.0,23122000.0,https://www.sec.gov/Archives/edgar/data/1084961/000119312509024779/0001193125-09-024779-index.html,https://www.sec.gov/Archives/edgar/data/1084961/000119312509024779/d10k.htm,1620591443,16:17:23,20210509
50,2008-09-30,ECPG,USD,2008-10-28 00:00:00,2008-10-28 16:16:23,Q3,66373000.0,31408000.0,34965000.0,0.526795534328718,0.0,0.0,0.0,0.0,24357000.0,55765000.0,0.0,66000.0,10674000.0,0.16081840507435252,10608000.0,0.15982402482937338,-32000.0,6696000.0,0.1008843957633375,2923000.0,3773000.0,0.05684540400464044,0.16383690129836292,0.15936642027455122,23029000.0,23675000.0,https://www.sec.gov/Archives/edgar/data/1084961/000119312508217956/0001193125-08-217956-index.html,https://www.sec.gov/Archives/edgar/data/1084961/000119312508217956/d10q.htm,1620591443,16:17:23,20210509
51,2008-06-30,ECPG,USD,2008-08-04 00:00:00,2008-08-04 09:11:10,Q2,70020000.0,29816000.0,40204000.0,0.5741788060554127,0.0,0.0,0.0,0.0,26045000.0,55861000.0,0.0,1061000.0,15220000.0,0.2173664667237932,14159000.0,0.20221365324193089,1769000.0,12345000.0,0.17630676949443017,5015000.0,7330000.0,0.10468437589260211,0.32,0.31,23007000.0,23512000.0,https://www.sec.gov/Archives/edgar/data/1084961/000119312508164479/0001193125-08-164479-index.html,https://www.sec.gov/Archives/edgar/data/1084961/000119312508164479/d10q.htm,1620591443,16:17:23,20210509
52,2008-03-31,ECPG,USD,2008-05-01 00:00:00,2008-05-01 09:10:23,Q1,67554000.0,25957000.0,41597000.0,0.6157592444562868,0.0,0.0,0.0,0.0,25158000.0,51115000.0,0.0,1035000.0,17474000.0,0.2586671403617846,16439000.0,0.24334606388962904,21000.0,12514000.0,0.18524439707493265,5014000.0,7500000.0,0.11102229327648992,0.33,0.32,22992000.0,23431000.0,https://www.sec.gov/Archives/edgar/data/1084961/000119312508098350/0001193125-08-098350-index.html,https://www.sec.gov/Archives/edgar/data/1084961/000119312508098350/d10q.htm,1620591443,16:17:23,20210509
53,2007-12-31,ECPG,USD,2008-02-19,2008-02-19 16:08:50,Q4,58717000.0,23550000.0,35167000.0,0.5989236507314747,0.0,0.0,0.0,0.0,23861000.0,47411000.0,0.0,1117000.0,12423000.0,0.21157416080521824,11306000.0,0.19255070933460497,918000.0,8224000.0,0.1400616516511402,3376000.0,4848000.0,0.08256552616789005,0.21085594989561587,0.21085594989561587,22992000.0,22992000.0,https://www.sec.gov/Archives/edgar/data/1084961/000119312508033627/0001193125-08-033627-index.htm,https://www.sec.gov/Archives/edgar/data/1084961/000119312508033627/d10k.htm,1620591443,16:17:23,20210509
54,2007-09-30,ECPG,USD,2007-10-25 00:00:00,2007-10-25 16:13:15,Q3,62691000.0,25855000.0,36836000.0,0.587580354436841,0.0,0.0,0.0,0.0,26192000.0,52047000.0,0.0,1137000.0,11781000.0,0.18792171125041873,10644000.0,0.1697851366224817,79000.0,7075000.0,0.11285511476926513,1717000.0,5358000.0,0.085466813418194,0.23374923654131402,0.22826225876539002,22922000.0,23473000.0,https://www.sec.gov/Archives/edgar/data/1084961/000119312507225856/0001193125-07-225856-index.html,https://www.sec.gov/Archives/edgar/data/1084961/000119312507225856/d10q.htm,1620591443,16:17:23,20210509
55,2007-06-30,ECPG,USD,2007-08-08 00:00:00,2007-08-08 16:32:22,Q2,67228000.0,27398000.0,39830000.0,0.5924614743856726,0.0,0.0,0.0,0.0,25207000.0,52605000.0,0.0,1144000.0,15767000.0,0.23453025525078836,14623000.0,0.21751353602665557,-11775000.0,-1376000.0,-0.02046766228357232,-555000.0,-821000.0,-0.012212173499137264,-0.03600719266698829,-0.03600403455685655,22801000.0,22803000.0,https://www.sec.gov/Archives/edgar/data/1084961/000119312507175639/0001193125-07-175639-index.html,https://www.sec.gov/Archives/edgar/data/1084961/000119312507175639/d10q.htm,1620591443,16:17:23,20210509
56,2007-03-31,ECPG,USD,2007-05-08 00:00:00,2007-05-08 16:39:57,Q1,65375000.0,23365000.0,42010000.0,0.6426003824091778,0.0,0.0,0.0,0.0,26421000.0,49786000.0,0.0,1172000.0,16761000.0,0.2563824091778203,15589000.0,0.23845506692160612,116000.0,9550000.0,0.14608030592734225,3893000.0,5657000.0,0.08653154875717017,0.25,0.24,22783000.0,23314000.0,https://www.sec.gov/Archives/edgar/data/1084961/000119312507106128/0001193125-07-106128-index.html,https://www.sec.gov/Archives/edgar/data/1084961/000119312507106128/d10q.htm,1620591443,16:17:23,20210509
57,2006-12-31,ECPG,USD,2007-02-28,2007-02-28 16:10:30,Q4,68130000.0,-33046000.0,101176000.0,1.4850432995743432,0.0,0.0,0.0,0.0,81215000.0,48169000.0,0.0,1303000.0,21264000.0,0.31210920299427564,19961000.0,0.29298400117422574,230000.0,11191000.0,0.1642595038896228,4564000.0,6627000.0,0.09726992514310877,0.29087477505157355,0.29087477505157355,22783000.0,22783000.0,https://www.sec.gov/Archives/edgar/data/1084961/000119312507042595/0001193125-07-042595-index.htm,https://www.sec.gov/Archives/edgar/data/1084961/000119312507042595/d10k.htm,1620591443,16:17:23,20210509
58,2006-09-30,ECPG,USD,2006-11-02,2006-11-02 16:14:00,Q3,60597000.0,28318000.0,32279000.0,0.5326831361288512,0.0,0.0,0.0,0.0,16683000.0,45001000.0,0.0,1266000.0,16862000.0,0.2782646005577834,15596000.0,0.25737247718533923,45000.0,8897000.0,0.14682244995626847,3689000.0,5208000.0,0.08594484875488885,0.23,0.22,22778000.0,23383000.0,https://www.sec.gov/Archives/edgar/data/1084961/000119312506222112/0001193125-06-222112-index.htm,https://www.sec.gov/Archives/edgar/data/1084961/000119312506222112/d10q.htm,1620591443,16:17:23,20210509
59,2006-06-30,ECPG,USD,2006-08-03,2006-08-03 16:21:35,Q2,65933000.0,29250000.0,36683000.0,0.5563678279465518,0.0,0.0,0.0,0.0,16419000.0,45669000.0,0.0,1305000.0,21569000.0,0.327135122017806,20264000.0,0.3073423020338829,284000.0,13211000.0,0.20037007264950785,5716000.0,7495000.0,0.11367600442873826,0.33,0.32,22776000.0,23391000.0,https://www.sec.gov/Archives/edgar/data/1084961/000119312506160955/0001193125-06-160955-index.htm,https://www.sec.gov/Archives/edgar/data/1084961/000119312506160955/d10q.htm,1620591443,16:17:23,20210509
60,2006-03-31,ECPG,USD,2006-05-09,2006-05-09 16:37:34,Q1,60480000.0,22337000.0,38143000.0,0.6306712962962963,0.0,0.0,0.0,0.0,22353000.0,44690000.0,0.0,1360000.0,17150000.0,0.2835648148148148,15790000.0,0.2610780423280423,50000.0,7889000.0,0.13043981481481481,3211000.0,4678000.0,0.0773478835978836,0.21,0.2,22681000.0,23813000.0,https://www.sec.gov/Archives/edgar/data/1084961/000119312506105500/0001193125-06-105500-index.htm,https://www.sec.gov/Archives/edgar/data/1084961/000119312506055028/d10k.htm,1620591443,16:17:23,20210509
61,2005-12-31,ECPG,USD,2006-03-15 00:00:00,2006-03-15 16:17:00,Q4,58376000.0,18132000.0,40244000.0,0.6893929011922708,0.0,0.0,0.0,0.0,19862000.0,37994000.0,0.0,1618000.0,22000000.0,0.376867205700973,20382000.0,0.3491503357544196,319000.0,12923000.0,0.2213752226942579,5160000.0,7763000.0,0.1329827326298479,0.34226885939773377,0.34226885939773377,22681000.0,22681000.0,https://www.sec.gov/Archives/edgar/data/1084961/000119312506055028/0001193125-06-055028-index.html,https://www.sec.gov/Archives/edgar/data/1084961/000119312506055028/d10k.htm,1620591443,16:17:23,20210509
62,2005-09-30,ECPG,USD,2005-11-03,2005-11-03 16:35:34,Q3,59225000.0,19953000.0,39272000.0,0.6630983537357534,0.0,0.0,0.0,0.0,17679000.0,37632000.0,0.0,851000.0,22444000.0,0.37896158716758127,21593000.0,0.3645926551287463,2000.0,13127000.0,0.2216462642465175,5348000.0,7779000.0,0.13134655972984383,0.35,0.33,22331000.0,24085000.0,https://www.sec.gov/Archives/edgar/data/1084961/000119312505215701/0001193125-05-215701-index.htm,https://www.sec.gov/Archives/edgar/data/1084961/000119312505215701/d10q.htm,1620591443,16:17:23,20210509
63,2005-08-04,ECPG,USD,2005-08-04,2005-08-04 16:16:18,Q1,53758000.0,8631000.0,45127000.0,0.8394471520517877,0.0,2869000.0,0.0,29035000.0,31904000.0,40535000.0,8384000.0,0.0,13673000.0,0.2543435395662041,13673000.0,0.2543435395662041,203000.0,13673000.0,0.2543435395662041,-5576000.0,8097000.0,0.1506194426876,0.36332,0.36332,22286000.0,22286000.0,https://www.sec.gov/Archives/edgar/data/1084961/000108496105000066/0001084961-05-000066-index.htm,https://www.sec.gov/Archives/edgar/data/1084961/000108496105000066/form10q_2nd2005.htm,1620591443,16:17:23,20210509
64,2005-05-09,ECPG,USD,2005-05-09,2005-05-09 16:07:19,Q1,50476000.0,8356000.0,42120000.0,0.8344559790791664,0.0,2158000.0,0.0,28133000.0,30291000.0,38647000.0,8087000.0,511000.0,13014000.0,0.2578255012283065,12503000.0,0.2477018781202948,56000.0,12503000.0,0.2477018781202948,-5051000.0,7452000.0,0.1476345193755448,0.33527,0.33527,22227000.0,22227000.0,https://www.sec.gov/Archives/edgar/data/1084961/000108496105000041/0001084961-05-000041-index.htm,https://www.sec.gov/Archives/edgar/data/1084961/000108496105000023/form10k_2004.htm,1620591443,16:17:23,20210509
65,2005-03-31,ECPG,USD,2005-03-31,2005-03-31,Q1,50476000.0,12998000.0,37478000.0,0.7424914810999287,0.0,0.0,0.0,0.0,17293000.0,30291000.0,0.0,582000.0,20767000.0,0.41142325065377605,20185000.0,0.3998930184642206,405000.0,12503000.0,0.2477018781202948,5051000.0,7452000.0,0.1476345193755448,0.34,0.32,22227000.0,23580000.0,,,1620591443,16:17:23,20210509
66,2004-12-31,ECPG,USD,2005-03-03 00:00:00,2005-03-03 16:25:38,Q4,45978000.0,-2788000.0,48766000.0,1.0606376962895299,0.0,0.0,0.0,0.0,30709000.0,27921000.0,0.0,577000.0,18634000.0,0.40528078646309107,18057000.0,0.39273130627691505,118000.0,9674000.0,0.2104049762930097,3990000.0,5684000.0,0.12362434207664535,0.255725019120889,0.255725019120889,22227000.0,22227000.0,https://www.sec.gov/Archives/edgar/data/1084961/000108496105000023/0001084961-05-000023-index.html,https://www.sec.gov/Archives/edgar/data/1084961/000108496105000023/form10k_2004.htm,1620591443,16:17:23,20210509
67,2004-09-30,ECPG,USD,2004-09-30,2004-09-30,Q3,46523000.0,11978000.0,34545000.0,0.7425359499602348,0.0,0.0,0.0,0.0,16337000.0,28315000.0,0.0,563000.0,18771000.0,0.4034778496657567,18208000.0,0.39137630849257354,252000.0,9890000.0,0.2125830234507663,4008000.0,5882000.0,0.1264320873546418,0.27,0.25,22091000.0,23471000.0,,,1620591443,16:17:23,20210509
68,2004-06-30,ECPG,USD,2004-06-30,2004-06-30,Q2,43586000.0,10956000.0,32630000.0,0.7486348827605195,0.0,0.0,0.0,0.0,14479000.0,25435000.0,0.0,515000.0,18666000.0,0.4282567796999036,18151000.0,0.4164410590556601,166000.0,9340000.0,0.214288991878126,3745000.0,5595000.0,0.12836690680493737,0.25,0.24,22048000.0,23439000.0,,,1620591443,16:17:23,20210509
69,2004-03-31,ECPG,USD,2004-03-31,2004-03-31,Q1,42387000.0,9596000.0,32791000.0,0.7736098332035766,0.0,0.0,0.0,0.0,13720000.0,23316000.0,0.0,481000.0,19552000.0,0.4612735036685776,19071000.0,0.44992568476183736,155000.0,9944000.0,0.23460023120296317,3928000.0,6016000.0,0.1419303088211008,0.27,0.26,22020000.0,23443000.0,,,1620591443,16:17:23,20210509
70,2003-12-31,ECPG,USD,2003-12-31,2003-12-31,Q4,31450000.0,7256000.0,24194000.0,0.7692845786963434,0.0,0.0,0.0,0.0,12571000.0,19827000.0,0.0,1769000.0,13392000.0,0.425818759936407,11623000.0,0.36957074721780603,70000.0,5071000.0,0.16124006359300477,1230000.0,3841000.0,0.12213036565977742,0.0,0.0,0.0,0.0,,,1620591443,16:17:23,20210509
71,2003-09-30,ECPG,USD,2003-09-30,2003-09-30,Q3,29539000.0,7376000.0,22163000.0,0.7502962185585159,0.0,0.0,0.0,0.0,12091000.0,19467000.0,0.0,421000.0,10493000.0,0.35522529537221975,10072000.0,0.3409729510139138,21000.0,5190000.0,0.17569992213683605,2086000.0,3104000.0,0.10508141778665493,0.4,0.15,7435000.0,20197000.0,,,1620591443,16:17:23,20210509
72,2003-06-30,ECPG,USD,2003-06-30,2003-06-30,Q2,28391000.0,6795000.0,21596000.0,0.7606635905744779,0.0,0.0,0.0,0.0,11498000.0,18293000.0,0.0,648000.0,10746000.0,0.37850022894579266,10098000.0,0.35567609453700116,15000.0,5567000.0,0.19608326582367652,2258000.0,3309000.0,0.11655101968933818,0.43,0.17,7421000.0,20000000.0,,,1620591443,16:17:23,20210509
73,2003-03-31,ECPG,USD,2003-03-31,2003-03-31,Q1,28123000.0,5734000.0,22389000.0,0.7961099455961312,0.0,0.0,0.0,0.0,11657000.0,17391000.0,0.0,658000.0,11390000.0,0.40500657824556413,10732000.0,0.3816093588877431,7274000.0,13596000.0,0.4834477118372862,5430000.0,8166000.0,0.2903673150090673,1.09,0.44,7411000.0,18681000.0,,,1620591443,16:17:23,20210509
74,2002-12-31,ECPG,USD,2002-12-31,2002-12-31,Q4,27648000.0,6521000.0,21127000.0,0.7641420717592593,0.0,0.0,0.0,0.0,10661000.0,17182000.0,0.0,756000.0,11222000.0,0.4058883101851852,10466000.0,0.3785445601851852,-517000.0,4150000.0,0.15010127314814814,-6193000.0,10343000.0,0.37409577546296297,0.0,0.0,0.0,0.0,,,1620591443,16:17:23,20210509
75,2002-09-30,ECPG,USD,2002-09-30,2002-09-30,Q3,24406000.0,4648000.0,19758000.0,0.8095550274522658,0.0,0.0,0.0,0.0,11854000.0,16502000.0,0.0,849000.0,8753000.0,0.3586413177087601,7904000.0,0.32385478980578547,-476000.0,2648000.0,0.10849791034991396,127000.0,2521000.0,0.10329427190035237,0.32,0.14,7411000.0,17841000.0,,,1620591443,16:17:23,20210509
76,2002-06-30,ECPG,USD,2002-06-30,2002-06-30,Q2,20129000.0,4290000.0,15839000.0,0.7868746584529783,0.0,0.0,0.0,0.0,11079000.0,15369000.0,0.0,810000.0,5570000.0,0.27671518704356896,4760000.0,0.23647473794028517,66000.0,836000.0,0.041532117839932436,144000.0,692000.0,0.03437826022157087,0.08,0.04,7367000.0,17838000.0,,,1620591443,16:17:23,20210509
77,2002-03-31,ECPG,USD,2002-03-31,2002-03-31,Q1,18196000.0,3527000.0,14669000.0,0.8061661903715103,0.0,0.0,0.0,0.0,10286000.0,13813000.0,0.0,810000.0,5193000.0,0.28539239393273247,4383000.0,0.24087711584963728,7000.0,452000.0,0.024840624313035832,219000.0,233000.0,0.012805012090569355,0.02,0.02,7161000.0,12012000.0,,,1620591443,16:17:23,20210509
78,2001-12-31,ECPG,USD,2002-03-27,2002-03-27,Q4,15158000.0,0.0,22426000.0,1.479482781369574,0.0,0.0,0.0,0.0,21058000.0,13790000.0,0.0,1167000.0,2535000.0,0.1672384219554031,1368000.0,0.09024937326824119,-61000.0,-1935000.0,-0.1276553635044201,262000.0,-2197000.0,-0.14493996569468268,0.0,0.0,0.0,0.0,https://www.sec.gov/Archives/edgar/data/1084961/000108496102000003/0001084961-02-000003-index.htm,https://www.sec.gov/Archives/edgar/data/1084961/000108496102000003/form10k2001.htm,1620591443,16:17:23,20210509
79,2001-09-30,ECPG,USD,2001-09-30,2001-09-30,Q3,13569000.0,2852000.0,10717000.0,0.7898150195298106,0.0,0.0,0.0,0.0,8524000.0,11376000.0,0.0,1775000.0,3968000.0,0.2924312771759157,2193000.0,0.16161839487066107,187000.0,-773000.0,-0.056968089026457364,272000.0,-1045000.0,-0.0770137814135161,-0.15,-0.15,7161000.0,7161000.0,,,1620591443,16:17:23,20210509
80,2001-06-30,ECPG,USD,2001-06-30,2001-06-30,Q2,10441000.0,2543000.0,7898000.0,0.7564409539316157,0.0,0.0,0.0,0.0,9035000.0,11578000.0,0.0,247000.0,-890000.0,-0.08524087731060244,-1137000.0,-0.10889761517096064,54000.0,-3546000.0,-0.33962264150943394,334000.0,-3880000.0,-0.37161191456757015,-0.54,-0.54,7161000.0,7161000.0,,,1620591443,16:17:23,20210509
81,2001-03-31,ECPG,USD,2001-03-31,2001-03-31,Q1,8677000.0,1791000.0,6886000.0,0.7935922553878069,0.0,0.0,0.0,0.0,8530000.0,10321000.0,0.0,570000.0,-1074000.0,-0.12377549844416273,-1644000.0,-0.18946640543966808,38000.0,-3462000.0,-0.3989858245937536,281000.0,-3743000.0,-0.4313702892704852,-0.52,-0.52,7161000.0,7161000.0,,,1620591443,16:17:23,20210509
82,2000-12-31,ECPG,USD,2000-12-31,2000-12-31,Q4,8458000.0,0.0,13229000.0,1.5640813431071174,0.0,0.0,0.0,0.0,35622000.0,30851000.0,0.0,830000.0,-21563000.0,-2.5494206668243082,-22393000.0,-2.6475526129108538,-7746000.0,-4702000.0,-0.5559233861432963,207000.0,-4909000.0,-0.58039725703476,0.0,0.0,0.0,0.0,,,1620591443,16:17:23,20210509
83,2000-09-30,ECPG,USD,2000-09-30,2000-09-30,Q3,10161000.0,1465000.0,8696000.0,0.8558212774333235,0.0,0.0,0.0,0.0,8517000.0,9982000.0,0.0,672000.0,851000.0,0.08375159925204212,179000.0,0.017616376340911327,1190000.0,-795000.0,-0.07824033067611455,-166000.0,-629000.0,-0.061903355968900696,-0.08,-0.082861,7591000.0,7591000.0,,,1620591443,16:17:23,20210509
84,2000-06-30,ECPG,USD,2000-06-30,2000-06-30,Q2,10054000.0,1936000.0,8118000.0,0.8074398249452954,0.0,0.0,0.0,0.0,7900000.0,9836000.0,0.0,406000.0,624000.0,0.06206484981102049,218000.0,0.0216829122737219,-20035000.0,-21838000.0,-2.1720708175850407,-5838000.0,-16000000.0,-1.5914064054107817,-2.17,-2.17,7367000.0,7367000.0,,,1620591443,16:17:23,20210509
85,2000-03-31,ECPG,USD,2000-03-31,2000-03-31,Q1,7887000.0,1447000.0,6440000.0,0.8165335361988082,0.0,0.0,0.0,0.0,6222000.0,7669000.0,0.0,55000.0,273000.0,0.034613921643210345,218000.0,0.027640420945860278,-2015000.0,-3652000.0,-0.4630404463040446,-1461000.0,-2191000.0,-0.2777989095980728,-0.3,-0.3,7191000.0,7191000.0,,,1620591443,16:17:23,20210509
86,1999-12-31,ECPG,USD,1999-12-31,1999-12-31,Q4,10300000.0,1300000.0,9000000.0,0.8737864077669902,0.0,0.0,0.0,0.0,6700000.0,8000000.0,0.0,-200000.0,2100000.0,0.20388349514563106,2300000.0,0.22330097087378642,0.0,0.0,0.0,0.0,700000.0,0.06796116504854369,0.0,0.0,0.0,0.0,,,1620591443,16:17:23,20210509
87,1999-09-30,ECPG,USD,1999-09-30,1999-09-30,Q3,8200000.0,1300000.0,6900000.0,0.8414634146341463,0.0,0.0,0.0,0.0,5500000.0,6800000.0,0.0,-100000.0,1300000.0,0.15853658536585366,1400000.0,0.17073170731707318,0.0,800000.0,0.0975609756097561,300000.0,500000.0,0.06097560975609756,0.07,0.07,7142857.0,7142857.0,,,1620591443,16:17:23,20210509
88,1999-06-30,ECPG,USD,1999-06-30,1999-06-30,Q2,5500000.0,1400000.0,4100000.0,0.7454545454545455,0.0,0.0,0.0,0.0,4400000.0,5800000.0,0.0,-400000.0,-700000.0,-0.12727272727272726,-300000.0,-0.05454545454545454,100000.0,-700000.0,-0.12727272727272726,-300000.0,-400000.0,-0.07272727272727272,-0.09,-0.09,4705882.0,5000000.0,,,1620591443,16:17:23,20210509
89,1999-03-31,ECPG,USD,1999-03-31,1999-03-31,Q1,4200000.0,1500000.0,2700000.0,0.6428571428571429,0.0,0.0,0.0,0.0,4000000.0,5500000.0,0.0,-400000.0,-1700000.0,-0.40476190476190477,-1300000.0,-0.30952380952380953,100000.0,-1300000.0,-0.30952380952380953,-500000.0,-800000.0,-0.19047619047619047,-0.17,-0.17,4705882.0,5000000.0,,,1620591443,16:17:23,20210509
