,date,symbol,reportedCurrency,fillingDate,acceptedDate,period,revenue,costOfRevenue,grossProfit,grossProfitRatio,researchAndDevelopmentExpenses,generalAndAdministrativeExpenses,sellingAndMarketingExpenses,otherExpenses,operatingExpenses,costAndExpenses,interestExpense,depreciationAndAmortization,ebitda,ebitdaratio,operatingIncome,operatingIncomeRatio,totalOtherIncomeExpensesNet,incomeBeforeTax,incomeBeforeTaxRatio,incomeTaxExpense,netIncome,netIncomeRatio,eps,epsdiluted,weightedAverageShsOut,weightedAverageShsOutDil,link,finalLink,timestamp,est_time,est_date
0,2020-12-31,UBSI,USD,2021-03-01,2021-03-01 15:39:30,Q4,282173000.0,0.0,0.0,0.0,0.0,98634000.0,0.0,0.0,0.0,0.0,16925000.0,0.0,0.0,0.0,0.0,0.4011829622253015,0.0,113203000.0,0.4011829622253015,20833000.0,92370000.0,0.327352368936787,0.71,0.71,129371600,129479390,https://www.sec.gov/Archives/edgar/data/729986/000119312521063344/0001193125-21-063344-index.htm,https://www.sec.gov/Archives/edgar/data/729986/000119312521063344/d41296d10k.htm,1620599207,18:26:47,20210509
1,2020-09-30,UBSI,USD,2020-11-09,2020-11-09 15:20:59,Q3,315152000.0,0.0,315152000.0,1.0,0.0,107065000.0,0.0,1166.0,213000000.0,0.0,24605000.0,0.0,132758000.0,0.6313721946649292,132758.0,0.0004212506980758491,617.0,132758000.0,0.42125069807584914,28974000.0,103784000.0,0.329314108747525,0.8022066154466637,0.8016996427931548,129373154,129454966,https://www.sec.gov/Archives/edgar/data/729986/000119312520288972/0001193125-20-288972-index.htm,https://www.sec.gov/Archives/edgar/data/729986/000119312520288972/d88636d10q.htm,1620599207,18:26:47,20210509
2,2020-06-30,UBSI,USD,2020-08-10,2020-08-10 16:13:07,Q2,256090000.0,0.0,0.0,0.0,0.0,100151000.0,0.0,0.0,223000000.0,0.0,28115000.0,0.0,0.0,0.0,0.0,0.2487680112460463,0.0,63707000.0,0.2487680112460463,11021000.0,52686000.0,0.2057323597172869,0.4396961628243479,0.4394608116288841,119823652,119887823,https://www.sec.gov/Archives/edgar/data/729986/000119312520214921/0001193125-20-214921-index.htm,https://www.sec.gov/Archives/edgar/data/729986/000119312520214921/d90553d10q.htm,1620599207,18:26:47,20210509
3,2020-03-31,UBSI,USD,2020-05-11,2020-05-11 15:19:43,Q1,177847000.0,0.0,0.0,0.0,0.0,63233000.0,0.0,0.0,167000000.0,0.0,38964000.0,0.0,0.0,0.0,0.0,0.2815453732702829,0.0,50072000.0,0.2815453732702829,9889000.0,40183000.0,0.225941399067738,0.39669254199560133,0.3962852520475486,101295073,101399181,https://www.sec.gov/Archives/edgar/data/729986/000119312520138909/0001193125-20-138909-index.htm,https://www.sec.gov/Archives/edgar/data/729986/000119312520058900/d837039d10k.htm,1620599207,18:26:47,20210509
4,2019-12-31,UBSI,USD,2020-03-02,2020-03-02 16:15:50,Q4,178050000.0,0.0,0.0,0.0,0.0,60252000.0,0.0,0.0,145000000.0,0.0,42586000.0,0.0,0.0,0.0,0.0,0.4254872226902556,0.0,75758000.0,0.4254872226902556,12473000.0,63285000.0,0.35543386689132267,0.6250340183542225,0.6232664064281974,101250489,101537640,https://www.sec.gov/Archives/edgar/data/729986/000119312520058900/0001193125-20-058900-index.htm,https://www.sec.gov/Archives/edgar/data/729986/000119312520058900/d837039d10k.htm,1620599207,18:26:47,20210509
5,2019-09-30,UBSI,USD,2019-11-08,2019-11-08 16:36:56,Q3,183668000.0,0.0,0.0,0.0,0.0,61169000.0,0.0,0.0,150000000.0,0.0,48433000.0,0.0,0.0,0.0,0.0,0.4517662303721933,0.0,82975000.0,0.4517662303721933,17010000.0,65965000.0,0.3591534725700721,0.6503356136963273,0.6485485353018245,101432243,101711740,https://www.sec.gov/Archives/edgar/data/729986/000119312519288427/0001193125-19-288427-index.htm,https://www.sec.gov/Archives/edgar/data/729986/000119312519288427/d800145d10q.htm,1620599207,18:26:47,20210509
6,2019-06-30,UBSI,USD,2019-08-09,2019-08-09 10:46:16,Q2,189900000.0,0.0,0.0,0.0,0.0,61746000.0,0.0,0.0,154000000.0,0.0,48692000.0,0.0,0.0,0.0,0.0,0.44621379673512374,0.0,84736000.0,0.44621379673512374,17529000.0,67207000.0,0.3539073196419168,0.660357613414703,0.6585832361281123,101773643,102047845,https://www.sec.gov/Archives/edgar/data/729986/000119312519217631/0001193125-19-217631-index.htm,https://www.sec.gov/Archives/edgar/data/729986/000119312519217631/d750635d10q.htm,1620599207,18:26:47,20210509
7,2019-03-31,UBSI,USD,2019-05-09,2019-05-09 15:26:57,Q1,174911000.0,0.0,0.0,0.0,0.0,56842000.0,0.0,0.0,139000000.0,0.0,44929000.0,0.0,0.0,0.0,0.0,0.4629211427525999,0.0,80970000.0,0.4629211427525999,17328000.0,63642000.0,0.363853616982351,0.6069268335788255,0.6051756410043554,104859427,105162858,https://www.sec.gov/Archives/edgar/data/729986/000119312519142890/0001193125-19-142890-index.htm,https://www.sec.gov/Archives/edgar/data/729986/000119312519060795/d609374d10k.htm,1620599207,18:26:47,20210509
8,2018-12-31,UBSI,USD,2019-03-01,2019-03-01 15:54:24,Q4,173229000.0,0.0,0.0,0.0,0.0,57167000.0,0.0,0.0,138000000.0,0.0,40795000.0,0.0,0.0,0.0,0.0,0.46012503680099753,0.0,79707000.0,0.46012503680099753,15757000.0,63950000.0,0.3691645163338702,0.6212986642137012,0.6198851778784994,102929563,103164267,https://www.sec.gov/Archives/edgar/data/729986/000119312519060795/0001193125-19-060795-index.htm,https://www.sec.gov/Archives/edgar/data/729986/000119312519060795/d609374d10k.htm,1620599207,18:26:47,20210509
9,2018-09-30,UBSI,USD,2018-11-08,2018-11-08 17:05:50,Q3,179976000.0,0.0,0.0,0.0,0.0,59555000.0,0.0,0.0,134000000.0,0.0,36255000.0,0.0,0.0,0.0,0.0,0.457494332577677,0.0,82338000.0,0.457494332577677,17926000.0,64412000.0,0.35789216339956437,0.6216319063201527,0.619739694511204,103617590,103933959,https://www.sec.gov/Archives/edgar/data/729986/000119312518322678/0001193125-18-322678-index.htm,https://www.sec.gov/Archives/edgar/data/729986/000119312518322678/d625991d10q.htm,1620599207,18:26:47,20210509
10,2018-06-30,UBSI,USD,2018-08-08,2018-08-08 14:48:47,Q2,184649000.0,0.0,0.0,0.0,0.0,61077000.0,0.0,0.0,128000000.0,0.0,28878000.0,0.0,0.0,0.0,0.0,0.463121923216481,0.0,85515000.0,0.463121923216481,19241000.0,66274000.0,0.3589188135327026,0.6330928324403668,0.6314648830481759,104682910,104952788,https://www.sec.gov/Archives/edgar/data/729986/000119312518242535/0001193125-18-242535-index.htm,https://www.sec.gov/Archives/edgar/data/729986/000119312518242535/d593591d10q.htm,1620599207,18:26:47,20210509
11,2018-03-31,UBSI,USD,2018-05-09,2018-05-09 14:14:31,Q1,174769000.0,0.0,0.0,0.0,0.0,58105000.0,0.0,0.0,119000000.0,0.0,23142000.0,0.0,0.0,0.0,0.0,0.4554869570690454,0.0,79605000.0,0.4554869570690454,17899000.0,61706000.0,0.35307176902082177,0.5884640205024199,0.586766099491134,104859427,105162858,https://www.sec.gov/Archives/edgar/data/729986/000119312518157327/0001193125-18-157327-index.htm,https://www.sec.gov/Archives/edgar/data/729986/000119312518066863/d462848d10k.htm,1620599207,18:26:47,20210509
12,2017-12-31,UBSI,USD,2018-03-01,2018-03-01 15:24:03,Q4,187167000.0,0.0,0.0,0.0,0.0,58815000.0,0.0,0.0,124000000.0,0.0,21662000.0,0.0,0.0,0.0,0.0,0.45341860477541446,0.0,84865000.0,0.45341860477541446,66890000.0,17975000.0,0.09603722878498881,0.1715036582040385,0.17098639009214583,104808260,105125326,https://www.sec.gov/Archives/edgar/data/729986/000119312518066863/0001193125-18-066863-index.htm,https://www.sec.gov/Archives/edgar/data/729986/000119312518066863/d462848d10k.htm,1620599207,18:26:47,20210509
13,2017-09-30,UBSI,USD,2017-11-09,2017-11-09 15:14:34,Q3,188056000.0,0.0,0.0,0.0,0.0,61023000.0,0.0,0.0,125000000.0,0.0,21307000.0,0.0,0.0,0.0,0.0,0.44972774067299104,0.0,84574000.0,0.44972774067299104,27836000.0,56738000.0,0.30170800187178287,0.5415990562747651,0.5400115555505979,104760153,105068122,https://www.sec.gov/Archives/edgar/data/729986/000119312517338636/0001193125-17-338636-index.htm,https://www.sec.gov/Archives/edgar/data/729986/000119312517338636/d435203d10q.htm,1620599207,18:26:47,20210509
14,2017-06-30,UBSI,USD,2017-08-09,2017-08-09 10:44:16,Q2,176309000.0,0.0,0.0,0.0,0.0,72892000.0,0.0,0.0,139000000.0,0.0,18702000.0,0.0,0.0,0.0,0.0,0.31968305645202455,0.0,56363000.0,0.31968305645202455,19304000.0,37059000.0,0.21019346715142165,0.3735868878633577,0.3720034456920793,99197807,99620045,https://www.sec.gov/Archives/edgar/data/729986/000119312517252278/0001193125-17-252278-index.htm,https://www.sec.gov/Archives/edgar/data/729986/000119312517252278/d411612d10q.htm,1620599207,18:26:47,20210509
15,2017-03-31,UBSI,USD,2017-05-09,2017-05-09 10:30:34,Q1,127301000.0,0.0,0.0,0.0,0.0,36730000.0,0.0,0.0,82000000.0,0.0,13138000.0,0.0,0.0,0.0,0.0,0.4636648573066983,0.0,59025000.0,0.4636648573066983,20216000.0,38809000.0,0.3048601346415189,0.4797016571875869,0.4773170768304739,80902368,81306540,https://www.sec.gov/Archives/edgar/data/729986/000119312517163582/0001193125-17-163582-index.htm,https://www.sec.gov/Archives/edgar/data/729986/000119312517065038/d295425d10k.htm,1620599207,18:26:47,20210509
16,2016-12-31,UBSI,USD,2017-03-01,2017-03-01 14:16:45,Q4,129446000.0,0.0,0.0,0.0,0.0,38226000.0,0.0,0.0,81000000.0,0.0,12368000.0,0.0,0.0,0.0,0.0,0.4757041546281847,0.0,61578000.0,0.4757041546281847,22472000.0,39106000.0,0.30210280734823786,0.5087693565820087,0.5058774326739696,76863906,77303310,https://www.sec.gov/Archives/edgar/data/729986/000119312517065038/0001193125-17-065038-index.htm,https://www.sec.gov/Archives/edgar/data/729986/000119312517065038/d295425d10k.htm,1620599207,18:26:47,20210509
17,2016-09-30,UBSI,USD,2016-11-09,2016-11-09 10:29:41,Q3,129610000.0,0.0,0.0,0.0,0.0,37639000.0,0.0,0.0,82000000.0,0.0,12068000.0,0.0,0.0,0.0,0.0,0.46543476583596943,0.0,60325000.0,0.46543476583596943,18846000.0,41479000.0,0.32002931872540696,0.5442111859008434,0.5411637987185877,76218573,76647773,https://www.sec.gov/Archives/edgar/data/729986/000119312516763903/0001193125-16-763903-index.htm,https://www.sec.gov/Archives/edgar/data/729986/000119312516763903/d247166d10q.htm,1620599207,18:26:47,20210509
18,2016-06-30,UBSI,USD,2016-08-09,2016-08-09 08:02:35,Q2,120257000.0,0.0,0.0,0.0,0.0,35656000.0,0.0,0.0,83000000.0,0.0,10362000.0,0.0,0.0,0.0,0.0,0.4005588032297496,0.0,48170000.0,0.4005588032297496,16378000.0,31792000.0,0.2643671470267843,0.4447447273401603,0.44272989044092387,71483703,71809021,https://www.sec.gov/Archives/edgar/data/729986/000119312516676032/0001193125-16-676032-index.htm,https://www.sec.gov/Archives/edgar/data/729986/000119312516676032/d209120d10q.htm,1620599207,18:26:47,20210509
19,2016-03-31,UBSI,USD,2016-05-09,2016-05-09 09:45:43,Q1,114308000.0,0.0,0.0,0.0,0.0,34553000.0,0.0,0.0,72000000.0,0.0,10212000.0,0.0,0.0,0.0,0.0,0.4600290443363544,0.0,52585000.0,0.4600290443363544,17879000.0,34706000.0,0.30361829443258564,0.49938494900153874,0.49783314344593116,69497489,69714121,https://www.sec.gov/Archives/edgar/data/729986/000119312516582968/0001193125-16-582968-index.htm,https://www.sec.gov/Archives/edgar/data/729986/000119312516484917/d221835d10k.htm,1620599207,18:26:47,20210509
20,2015-12-31,UBSI,USD,2016-02-29,2016-02-29 14:46:40,Q4,114867000.0,0.0,0.0,0.0,0.0,37225000.0,0.0,0.0,75000000.0,0.0,10085000.0,0.0,0.0,0.0,0.0,0.43824597142782523,0.0,50340000.0,0.43824597142782523,16864000.0,33476000.0,0.2914327004274509,0.48214227872314447,0.4800290162598573,69431787,69737451,https://www.sec.gov/Archives/edgar/data/729986/000119312516484917/0001193125-16-484917-index.htm,https://www.sec.gov/Archives/edgar/data/729986/000119312516484917/d221835d10k.htm,1620599207,18:26:47,20210509
21,2015-09-30,UBSI,USD,2015-11-06,2015-11-06 13:26:58,Q3,113740000.0,0.0,0.0,0.0,0.0,35070000.0,0.0,0.0,73000000.0,0.0,9991000.0,0.0,0.0,0.0,0.0,0.45071215051872693,0.0,51264000.0,0.45071215051872693,16217000.0,35047000.0,0.3081325830842272,0.5050625797279983,0.502900549626234,69391401,69689723,https://www.sec.gov/Archives/edgar/data/729986/000119312515369742/0001193125-15-369742-index.htm,https://www.sec.gov/Archives/edgar/data/729986/000119312515369742/d10640d10q.htm,1620599207,18:26:47,20210509
22,2015-06-30,UBSI,USD,2015-08-05,2015-08-05 16:02:48,Q2,115047000.0,0.0,0.0,0.0,0.0,33240000.0,0.0,0.0,73000000.0,0.0,9630000.0,0.0,0.0,0.0,0.0,0.45158935043938564,0.0,51954000.0,0.45158935043938564,17145000.0,34809000.0,0.3025633002164333,0.5022536991665264,0.5002197451875531,69305612,69587417,https://www.sec.gov/Archives/edgar/data/729986/000119312515278650/0001193125-15-278650-index.htm,https://www.sec.gov/Archives/edgar/data/729986/000119312515278650/d943120d10q.htm,1620599207,18:26:47,20210509
23,2015-03-31,UBSI,USD,2015-05-08,2015-05-08 10:16:18,Q1,112591000.0,0.0,0.0,0.0,0.0,32908000.0,0.0,0.0,73000000.0,0.0,9800000.0,0.0,0.0,0.0,0.0,0.4434723912213232,0.0,49931000.0,0.4434723912213232,15304000.0,34627000.0,0.307546784378858,0.5003358884125694,0.49839627142533993,69207508,69476844,https://www.sec.gov/Archives/edgar/data/729986/000119312515178673/0001193125-15-178673-index.htm,https://www.sec.gov/Archives/edgar/data/729986/000119312515072491/d833856d10k.htm,1620599207,18:26:47,20210509
24,2014-12-31,UBSI,USD,2015-03-02,2015-03-02 12:07:34,Q4,119175000.0,0.0,0.0,0.0,0.0,32837000.0,0.0,0.0,81000000.0,0.0,11166000.0,0.0,0.0,0.0,0.0,0.4165135305223411,0.0,49638000.0,0.4165135305223411,16381000.0,33257000.0,0.27906020558002936,0.48136570355700264,0.4795178251238849,69088844,69355086,https://www.sec.gov/Archives/edgar/data/729986/000119312515072491/0001193125-15-072491-index.htm,https://www.sec.gov/Archives/edgar/data/729986/000119312515072491/d833856d10k.htm,1620599207,18:26:47,20210509
25,2014-09-30,UBSI,USD,2014-11-10,2014-11-10 10:26:21,Q3,111887000.0,0.0,0.0,0.0,0.0,32692000.0,0.0,0.0,73000000.0,0.0,10939000.0,0.0,0.0,0.0,0.0,0.4436797840678542,0.0,49642000.0,0.4436797840678542,16382000.0,33260000.0,0.2972642040630279,0.481715688793474,0.4801549269099826,69044876,69269309,https://www.sec.gov/Archives/edgar/data/729986/000119312514404986/0001193125-14-404986-index.htm,https://www.sec.gov/Archives/edgar/data/729986/000119312514404986/d786735d10q.htm,1620599207,18:26:47,20210509
26,2014-06-30,UBSI,USD,2014-08-11,2014-08-11 14:56:51,Q2,112719000.0,0.0,0.0,0.0,0.0,32396000.0,0.0,0.0,74000000.0,0.0,10867000.0,0.0,0.0,0.0,0.0,0.44022746830614184,0.0,49622000.0,0.44022746830614184,16375000.0,33247000.0,0.2949547103860041,0.4821471764008542,0.4807673397843238,68956123,69154032,https://www.sec.gov/Archives/edgar/data/729986/000119312514304654/0001193125-14-304654-index.htm,https://www.sec.gov/Archives/edgar/data/729986/000119312514304654/d735947d10q.htm,1620599207,18:26:47,20210509
27,2014-03-31,UBSI,USD,2014-05-12,2014-05-12 10:41:29,Q1,102522000.0,0.0,0.0,0.0,0.0,35375000.0,0.0,0.0,76000000.0,0.0,9862000.0,0.0,0.0,0.0,0.0,0.4485281207935858,0.0,45984000.0,0.4485281207935858,15860000.0,30124000.0,0.29382961705780225,0.482487724904604,0.48039042582072705,62434749,62707328,https://www.sec.gov/Archives/edgar/data/729986/000119312514193931/0001193125-14-193931-index.htm,https://www.sec.gov/Archives/edgar/data/729986/000119312514079483/d634368d10k.htm,1620599207,18:26:47,20210509
28,2013-12-31,UBSI,USD,2014-03-03,2014-03-03 12:14:31,Q4,80888000.0,0.0,0.0,0.0,0.0,27200000.0,0.0,0.0,59000000.0,0.0,8453000.0,0.0,0.0,0.0,0.0,0.3574324992582336,0.0,28912000.0,0.3574324992582336,9252000.0,19660000.0,0.2430521214518841,0.3899443391149557,0.38881035442713885,50417452,50564497,https://www.sec.gov/Archives/edgar/data/729986/000119312514079483/0001193125-14-079483-index.htm,https://www.sec.gov/Archives/edgar/data/729986/000119312514079483/d634368d10k.htm,1620599207,18:26:47,20210509
29,2013-09-30,UBSI,USD,2013-11-08,2013-11-08 08:01:19,Q3,85634000.0,0.0,0.0,0.0,0.0,27530000.0,0.0,0.0,62000000.0,0.0,9075000.0,0.0,0.0,0.0,0.0,0.3807249456991382,0.0,32603000.0,0.3807249456991382,10433000.0,22170000.0,0.2588924959712264,0.44006769301092113,0.43924510152059837,50378613,50472959,https://www.sec.gov/Archives/edgar/data/729986/000119312513434078/0001193125-13-434078-index.htm,https://www.sec.gov/Archives/edgar/data/729986/000119312513434078/d593909d10q.htm,1620599207,18:26:47,20210509
30,2013-06-30,UBSI,USD,2013-08-09,2013-08-09 08:01:14,Q2,84971000.0,0.0,0.0,0.0,0.0,27009000.0,0.0,0.0,63000000.0,0.0,9282000.0,0.0,0.0,0.0,0.0,0.3741864871544409,0.0,31795000.0,0.3741864871544409,9576000.0,22219000.0,0.2614892139671182,0.44132836441173673,0.4408339843301266,50345733,50402194,https://www.sec.gov/Archives/edgar/data/729986/000119312513328061/0001193125-13-328061-index.htm,https://www.sec.gov/Archives/edgar/data/729986/000119312513328061/d546776d10q.htm,1620599207,18:26:47,20210509
31,2013-03-31,UBSI,USD,2013-05-09,2013-05-09 09:05:24,Q1,84844000.0,0.0,0.0,0.0,0.0,26887000.0,0.0,0.0,63000000.0,0.0,9503000.0,0.0,0.0,0.0,0.0,0.3740276271745792,0.0,31734000.0,0.3740276271745792,10155000.0,21579000.0,0.25433737211824053,0.42898997303778436,0.42873744501530187,50301875,50331503,https://www.sec.gov/Archives/edgar/data/729986/000119312513209306/0001193125-13-209306-index.htm,https://www.sec.gov/Archives/edgar/data/729986/000119312513084200/d448569d10k.htm,1620599207,18:26:47,20210509
32,2012-12-31,UBSI,USD,2013-02-28,2013-02-28 16:15:12,Q4,85102000.0,0.0,0.0,0.0,0.0,26739000.0,0.0,0.0,64000000.0,0.0,9996000.0,0.0,0.0,0.0,0.0,0.36658362905689645,0.0,31197000.0,0.36658362905689645,9983000.0,21214000.0,0.24927733778289582,0.4219496816153556,0.4217948438314234,50276137,50294593,https://www.sec.gov/Archives/edgar/data/729986/000119312513084200/0001193125-13-084200-index.htm,https://www.sec.gov/Archives/edgar/data/729986/000119312513084200/d448569d10k.htm,1620599207,18:26:47,20210509
33,2012-09-30,UBSI,USD,2012-11-08,2012-11-08 09:34:23,Q3,86648000.0,0.0,0.0,0.0,0.0,28035000.0,0.0,2255000.0,70000000.0,0.0,11322000.0,0.0,0.0,0.0,0.0,0.32814375403933155,0.0,28433000.0,0.32814375403933155,9099000.0,19334000.0,0.22313267472994183,0.38455667799359194,0.3844107311951794,50276074,50295162,https://www.sec.gov/Archives/edgar/data/729986/000119312512459236/0001193125-12-459236-index.htm,https://www.sec.gov/Archives/edgar/data/729986/000119312512459236/d406901d10q.htm,1620599207,18:26:47,20210509
34,2012-06-30,UBSI,USD,2012-08-08,2012-08-08 12:37:34,Q2,85642000.0,0.0,0.0,0.0,0.0,28240000.0,0.0,1742000.0,67000000.0,0.0,12050000.0,0.0,0.0,0.0,0.0,0.3614348100231195,0.0,30954000.0,0.3614348100231195,9905000.0,21049000.0,0.24577894023960206,0.41868006480003395,0.4184007435125721,50274665,50308228,https://www.sec.gov/Archives/edgar/data/729986/000119312512343277/0001193125-12-343277-index.htm,https://www.sec.gov/Archives/edgar/data/729986/000119312512343277/d361662d10q.htm,1620599207,18:26:47,20210509
35,2012-03-31,UBSI,USD,2012-05-08,2012-05-08 13:21:11,Q1,85292000.0,0.0,0.0,0.0,0.0,28162000.0,0.0,1377000.0,67000000.0,0.0,12822000.0,0.0,0.0,0.0,0.0,0.36224968344041647,0.0,30897000.0,0.36224968344041647,9887000.0,21010000.0,0.246330253716644,0.4182311850609493,0.4176893694457105,50235374,50300538,https://www.sec.gov/Archives/edgar/data/729986/000119312512217709/0001193125-12-217709-index.htm,https://www.sec.gov/Archives/edgar/data/729986/000119312512087709/d260740d10k.htm,1620599207,18:26:47,20210509
36,2011-12-31,UBSI,USD,2012-02-29,2012-02-29 11:15:55,Q4,90152000.0,0.0,0.0,0.0,0.0,27061000.0,0.0,6286000.0,68000000.0,0.0,13537000.0,0.0,0.0,0.0,0.0,0.3279905049250155,0.0,29569000.0,0.3279905049250155,9312000.0,20257000.0,0.22469828733694205,0.4032417475382984,0.4032417475382984,50235374,50235374,https://www.sec.gov/Archives/edgar/data/729986/000119312512087709/0001193125-12-087709-index.htm,https://www.sec.gov/Archives/edgar/data/729986/000119312512087709/d260740d10k.htm,1620599207,18:26:47,20210509
37,2011-09-30,UBSI,USD,2011-11-07,2011-11-07 08:44:16,Q3,89652000.0,0.0,0.0,0.0,0.0,26854000.0,0.0,7922000.0,66000000.0,0.0,13949000.0,0.0,0.0,0.0,0.0,0.3259269174140008,0.0,29220000.0,0.3259269174140008,9204000.0,20016000.0,0.22326328470084325,0.40331999901587984,0.4032525980640571,49628087,49636382,https://www.sec.gov/Archives/edgar/data/729986/000119312511298773/0001193125-11-298773-index.htm,https://www.sec.gov/Archives/edgar/data/729986/000119312511298773/d233129d10q.htm,1620599207,18:26:47,20210509
38,2011-06-30,UBSI,USD,2011-08-02,2011-08-02 09:58:00,Q2,76051000.0,0.0,0.0,0.0,0.0,24407000.0,0.0,4096000.0,60000000.0,0.0,13814000.0,0.0,0.0,0.0,0.0,0.3350120313999816,0.0,25478000.0,0.3350120313999816,8026000.0,17452000.0,0.2294775874084496,0.39985757078827366,0.399574992512548,43645541,43676407,https://www.sec.gov/Archives/edgar/data/729986/000119312511205679/0001193125-11-205679-index.htm,https://www.sec.gov/Archives/edgar/data/729986/000119312511205679/d10q.htm,1620599207,18:26:47,20210509
39,2011-03-31,UBSI,USD,2011-05-06,2011-05-06 13:14:49,Q1,74014000.0,0.0,0.0,0.0,0.0,24803000.0,0.0,2110000.0,62000000.0,0.0,14494000.0,0.0,0.0,0.0,0.0,0.3527575864025725,0.0,26109000.0,0.3527575864025725,8224000.0,17885000.0,0.2416434728564866,0.4099303395758875,0.40926365128256387,43629364,43700436,https://www.sec.gov/Archives/edgar/data/729986/000119312511130259/0001193125-11-130259-index.htm,https://www.sec.gov/Archives/edgar/data/729986/000119312511046998/d10k.htm,1620599207,18:26:47,20210509
40,2010-12-31,UBSI,USD,2010-12-31,2010-12-31,Q4,81732000.0,0.0,0.0,0.0,0.0,25984000.0,0.0,0.0,62000000.0,0.0,18647000.0,0.0,0.0,0.0,0.0,0.3445406939754319,0.0,28160000.0,0.3445406939754319,8870000.0,19290000.0,0.23601526941711937,0.44213342188531557,0.44213342188531557,43629364,43629364,https://www.sec.gov/Archives/edgar/data/729986/000119312511046998/0001193125-11-046998-index.htm,https://www.sec.gov/Archives/edgar/data/729986/000119312511046998/d10k.htm,1620599207,18:26:47,20210509
41,2010-09-30,UBSI,USD,2010-11-05,2010-11-05 10:51:51,Q3,74672000.0,0.0,0.0,0.0,0.0,24556000.0,0.0,1864000.0,71000000.0,0.0,20907000.0,0.0,0.0,0.0,0.0,0.33012374116134563,0.0,24651000.0,0.33012374116134563,7335000.0,17316000.0,0.2318941504178273,0.3972651109808358,0.3967405413776259,43588021,43645653,https://www.sec.gov/Archives/edgar/data/729986/000119312510249406/0001193125-10-249406-index.htm,https://www.sec.gov/Archives/edgar/data/729986/000119312510249406/d10q.htm,1620599207,18:26:47,20210509
42,2010-06-30,UBSI,USD,2010-08-05,2010-08-05 10:34:45,Q2,77748000.0,0.0,0.0,0.0,0.0,25160000.0,0.0,1096000.0,74000000.0,0.0,22025000.0,0.0,0.0,0.0,0.0,0.3364716777280444,0.0,26160000.0,0.3364716777280444,8241000.0,17919000.0,0.2304753820033956,0.41155702848521725,0.4106019584194196,43539531,43640805,https://www.sec.gov/Archives/edgar/data/729986/000119312510178536/0001193125-10-178536-index.htm,https://www.sec.gov/Archives/edgar/data/729986/000119312510178536/d10q.htm,1620599207,18:26:47,20210509
43,2010-03-31,UBSI,USD,2010-05-07,2010-05-07 07:10:37,Q1,77538000.0,0.0,0.0,0.0,0.0,25401000.0,0.0,1486000.0,74000000.0,0.0,23617000.0,0.0,0.0,0.0,0.0,0.32800691273955995,0.0,25433000.0,0.32800691273955995,8011000.0,17422000.0,0.22468982950295338,0.4,0.4,43555000,43555000,https://www.sec.gov/Archives/edgar/data/729986/000119312510111817/0001193125-10-111817-index.htm,https://www.sec.gov/Archives/edgar/data/729986/000119312510041977/d10k.htm,1620599207,18:26:47,20210509
44,2009-12-31,UBSI,USD,2010-02-26,2010-02-26 10:33:44,Q4,58094000.0,0.0,0.0,0.0,0.0,25179000.0,0.0,0.0,78000000.0,0.0,27159000.0,0.0,0.0,0.0,0.0,0.42291802940062656,0.0,24569000.0,0.42291802940062656,7125000.0,17444000.0,0.30027197300926084,0.40050510848352655,0.40050510848352655,43555000,43555000,https://www.sec.gov/Archives/edgar/data/729986/000119312510041977/0001193125-10-041977-index.htm,https://www.sec.gov/Archives/edgar/data/729986/000119312510041977/d10k.htm,1620599207,18:26:47,20210509
45,2009-09-30,UBSI,USD,2009-11-06,2009-11-06 11:15:55,Q3,83749000.0,0.0,0.0,0.0,0.0,25111000.0,0.0,15903000.0,81000000.0,0.0,29104000.0,0.0,0.0,0.0,0.0,0.19230080359168467,0.0,16105000.0,0.19230080359168467,4040000.0,12065000.0,0.14406142162891497,0.2779823636836928,0.2775817437397552,43402034,43464674,https://www.sec.gov/Archives/edgar/data/729986/000119312509226861/0001193125-09-226861-index.htm,https://www.sec.gov/Archives/edgar/data/729986/000119312509226861/d10q.htm,1620599207,18:26:47,20210509
46,2009-06-30,UBSI,USD,2009-08-07,2009-08-07 08:55:13,Q2,80059000.0,0.0,0.0,0.0,0.0,27248000.0,0.0,0.0,99000000.0,0.0,30323000.0,0.0,0.0,0.0,0.0,0.13877265516681447,0.0,11110000.0,0.13877265516681447,2954000.0,8156000.0,0.10187486728537704,0.1879396872140709,0.18765340021242843,43396901,43463108,https://www.sec.gov/Archives/edgar/data/729986/000095012309031706/0000950123-09-031706-index.htm,https://www.sec.gov/Archives/edgar/data/729986/000095012309031706/l37264e10vq.htm,1620599207,18:26:47,20210509
47,2009-03-31,UBSI,USD,2009-05-11,2009-05-11 10:48:46,Q1,76307000.0,0.0,0.0,0.0,0.0,23227000.0,0.0,0.0,84000000.0,0.0,33788000.0,0.0,0.0,0.0,0.0,0.3468227030285557,0.0,26465000.0,0.3468227030285557,-3168000.0,29633000.0,0.38833920872265976,0.6826743861805122,0.6817622646921689,43407224,43465298,https://www.sec.gov/Archives/edgar/data/729986/000095015209005051/0000950152-09-005051-index.htm,https://www.sec.gov/Archives/edgar/data/729986/000095015209001847/l35097ae10vk.htm,1620599207,18:26:47,20210509
48,2008-12-31,UBSI,USD,2009-02-26,2009-02-26 15:26:44,Q4,82405000.0,0.0,0.0,0.0,0.0,33130000.0,0.0,0.0,99000000.0,0.0,39961000.0,0.0,0.0,0.0,0.0,0.28636611856076694,0.0,23598000.0,0.28636611856076694,7079000.0,16519000.0,0.20046113706692556,0.3805587751937327,0.3805587751937327,43407224,43407224,https://www.sec.gov/Archives/edgar/data/729986/000095015209001847/0000950152-09-001847-index.htm,https://www.sec.gov/Archives/edgar/data/729986/000095015209001847/l35097ae10vk.htm,1620599207,18:26:47,20210509
49,2008-09-30,UBSI,USD,2008-11-05,2008-11-05 11:51:25,Q3,74467000.0,0.0,0.0,0.0,0.0,18766000.0,0.0,0.0,91000000.0,0.0,42623000.0,0.0,0.0,0.0,0.0,0.3536062954060188,0.0,26332000.0,0.3536062954060188,6740000.0,19592000.0,0.26309640511904603,0.45271199951604735,0.45120678354116855,43276962,43421333,https://www.sec.gov/Archives/edgar/data/729986/000095015208008726/0000950152-08-008726-index.htm,https://www.sec.gov/Archives/edgar/data/729986/000095015208008726/l34357ae10vq.htm,1620599207,18:26:47,20210509
50,2008-06-30,UBSI,USD,2008-08-07,2008-08-07 10:15:54,Q2,82335000.0,0.0,0.0,0.0,0.0,18941000.0,0.0,0.0,89000000.0,0.0,43267000.0,0.0,0.0,0.0,0.0,0.4433958826744398,0.0,36507000.0,0.4433958826744398,11360000.0,25147000.0,0.30542296714641404,0.5812345086280168,0.579162192498432,43264809,43419616,https://www.sec.gov/Archives/edgar/data/729986/000095015208006127/0000950152-08-006127-index.htm,https://www.sec.gov/Archives/edgar/data/729986/000095015208006127/l32576ae10vq.htm,1620599207,18:26:47,20210509
51,2008-03-31,UBSI,USD,2008-05-08,2008-05-08 12:58:11,Q1,80888000.0,0.0,0.0,0.0,0.0,19028000.0,0.0,0.0,95000000.0,0.0,51268000.0,0.0,0.0,0.0,0.0,0.46273860152309365,0.0,37430000.0,0.46273860152309365,11734000.0,25696000.0,0.31767382059143506,0.5941704149934428,0.591820490821773,43246852,43418571,https://www.sec.gov/Archives/edgar/data/729986/000095015208003646/0000950152-08-003646-index.htm,https://www.sec.gov/Archives/edgar/data/729986/000095015208001455/l29853ae10vk.htm,1620599207,18:26:47,20210509
52,2007-12-31,UBSI,USD,2008-02-27,2008-02-27 13:55:35,Q4,69807000.0,0.0,0.0,0.0,0.0,17965000.0,0.0,0.0,105000000.0,0.0,58271000.0,0.0,0.0,0.0,0.0,0.31960978125402895,0.0,22311000.0,0.31960978125402895,6359000.0,15952000.0,0.22851576489463807,0.3688592177761285,0.3688592177761285,43246852,43246852,https://www.sec.gov/Archives/edgar/data/729986/000095015208001455/0000950152-08-001455-index.htm,https://www.sec.gov/Archives/edgar/data/729986/000095015208001455/l29853ae10vk.htm,1620599207,18:26:47,20210509
53,2007-09-30,UBSI,USD,2007-11-07,2007-11-07 11:25:31,Q3,76438000.0,0.0,0.0,0.0,0.0,17452000.0,0.0,0.0,99000000.0,0.0,58197000.0,0.0,0.0,0.0,0.0,0.46921688165572095,0.0,35866000.0,0.46921688165572095,10063000.0,25803000.0,0.3375677019283602,0.6038344788200312,0.600090924135837,42731909,42998484,https://www.sec.gov/Archives/edgar/data/729986/000095015207008666/0000950152-07-008666-index.htm,https://www.sec.gov/Archives/edgar/data/729986/000095015207008666/l28381ae10vq.htm,1620599207,18:26:47,20210509
54,2007-06-30,UBSI,USD,2007-08-03,2007-08-03 11:30:16,Q2,69345000.0,0.0,0.0,0.0,0.0,14633000.0,0.0,0.0,82000000.0,0.0,48882000.0,0.0,0.0,0.0,0.0,0.5191289927175715,0.0,35999000.0,0.5191289927175715,11487000.0,24512000.0,0.35347898190208377,0.6025951120371619,0.5987929748529425,40677396,40935684,https://www.sec.gov/Archives/edgar/data/729986/000095015207006351/0000950152-07-006351-index.htm,https://www.sec.gov/Archives/edgar/data/729986/000095015207006351/l27014ae10vq.htm,1620599207,18:26:47,20210509
55,2007-03-31,UBSI,USD,2007-05-09,2007-05-09 15:03:30,Q1,67578000.0,0.0,0.0,0.0,0.0,14745000.0,0.0,0.0,80000000.0,0.0,47960000.0,0.0,0.0,0.0,0.0,0.5287667584125011,0.0,35733000.0,0.5287667584125011,11326000.0,24407000.0,0.36116783568617006,0.6,0.59,40946236,41272213,https://www.sec.gov/Archives/edgar/data/729986/000095015207004164/0000950152-07-004164-index.htm,https://www.sec.gov/Archives/edgar/data/729986/000095015207001485/l24080ae10vk.htm,1620599207,18:26:47,20210509
56,2006-12-31,UBSI,USD,2007-02-26,2007-02-26 14:22:17,Q4,68795000.0,0.0,0.0,0.0,0.0,15542000.0,0.0,0.0,81000000.0,0.0,48143000.0,0.0,0.0,0.0,0.0,0.5221164328802965,0.0,35919000.0,0.5221164328802965,10904000.0,25015000.0,0.3636165418998474,0.6109230650651258,0.6109230650651258,40946236,40946236,https://www.sec.gov/Archives/edgar/data/729986/000095015207001485/0000950152-07-001485-index.htm,https://www.sec.gov/Archives/edgar/data/729986/000095015207001485/l24080ae10vk.htm,1620599207,18:26:47,20210509
57,2006-09-30,UBSI,USD,2006-11-07,2006-11-07 13:49:16,Q3,61143000.0,0.0,0.0,0.0,0.0,15740000.0,0.0,0.0,88000000.0,0.0,47506000.0,0.0,0.0,0.0,0.0,0.33295716598792996,0.0,20358000.0,0.33295716598792996,6193000.0,14165000.0,0.23167001946257135,0.34236522526435414,0.33907749521000674,41373945,41775111,https://www.sec.gov/Archives/edgar/data/729986/000095015206008929/0000950152-06-008929-index.htm,https://www.sec.gov/Archives/edgar/data/729986/000095015206008929/l22941ae10vq.htm,1620599207,18:26:47,20210509
58,2006-06-30,UBSI,USD,2006-08-03,2006-08-03 14:04:06,Q2,70005000.0,0.0,0.0,0.0,0.0,15951000.0,0.0,0.0,77000000.0,0.0,44881000.0,0.0,0.0,0.0,0.0,0.5355903149775016,0.0,37494000.0,0.5355903149775016,12035000.0,25459000.0,0.36367402328405113,0.61,0.6,41684404,42084164,https://www.sec.gov/Archives/edgar/data/729986/000095015206006447/0000950152-06-006447-index.htm,https://www.sec.gov/Archives/edgar/data/729986/000095015206006447/l21317ae10vq.htm,1620599207,18:26:47,20210509
59,2006-03-31,UBSI,USD,2006-05-04,2006-05-04 14:11:51,Q1,68683000.0,0.0,0.0,0.0,0.0,15098000.0,0.0,0.0,73000000.0,0.0,40560000.0,0.0,0.0,0.0,0.0,0.5277142815543876,0.0,36245000.0,0.5277142815543876,11635000.0,24610000.0,0.3583128285019583,0.59,0.58,41923726,42379242,https://www.sec.gov/Archives/edgar/data/729986/000095015206003870/0000950152-06-003870-index.htm,https://www.sec.gov/Archives/edgar/data/729986/000095015206001632/j1823301e10vk.htm,1620599207,18:26:47,20210509
60,2005-12-31,UBSI,USD,2006-03-02,2006-03-02 09:38:18,Q4,71032000.0,0.0,0.0,0.0,0.0,15005000.0,0.0,0.0,70000000.0,0.0,36612000.0,0.0,0.0,0.0,0.0,0.5300146412884333,0.0,37648000.0,0.5300146412884333,11962000.0,25686000.0,0.36161166798062844,0.612684092058039,0.612684092058039,41923726,41923726,https://www.sec.gov/Archives/edgar/data/729986/000095015206001632/0000950152-06-001632-index.htm,https://www.sec.gov/Archives/edgar/data/729986/000095015206001632/j1823301e10vk.htm,1620599207,18:26:47,20210509
61,2005-09-30,UBSI,USD,2005-11-04,2005-11-04 11:07:23,Q3,69694000.0,0.0,0.0,0.0,0.0,15205000.0,0.0,0.0,65000000.0,0.0,32832000.0,0.0,0.0,0.0,0.0,0.5342353717680145,0.0,37233000.0,0.5342353717680145,11784000.0,25449000.0,0.3651533847963957,0.6,0.59,42383810,42918552,https://www.sec.gov/Archives/edgar/data/729986/000095015205008764/0000950152-05-008764-index.htm,https://www.sec.gov/Archives/edgar/data/729986/000095015205008764/j1657701e10vq.htm,1620599207,18:26:47,20210509
62,2005-06-30,UBSI,USD,2005-08-04,2005-08-04 09:52:01,Q2,66817000.0,0.0,0.0,0.0,0.0,14921000.0,0.0,0.0,60000000.0,0.0,28721000.0,0.0,0.0,0.0,0.0,0.5348339494440038,0.0,35736000.0,0.5348339494440038,11222000.0,24514000.0,0.3668826795575976,0.5746424137906866,0.5684803634489713,42659573,43121982,https://www.sec.gov/Archives/edgar/data/729986/000095015205006483/0000950152-05-006483-index.htm,https://www.sec.gov/Archives/edgar/data/729986/000095015205006483/j1517301e10vq.htm,1620599207,18:26:47,20210509
63,2005-03-31,UBSI,USD,2005-05-09,2005-05-09 13:07:57,Q1,65909000.0,0.0,0.0,0.0,0.0,14066000.0,0.0,0.0,56000000.0,0.0,26286000.0,0.0,0.0,0.0,0.0,0.5470724787206603,0.0,36057000.0,0.5470724787206603,11297000.0,24760000.0,0.37566948368204645,0.58,0.57,42900416,43418579,https://www.sec.gov/Archives/edgar/data/729986/000095015205004138/0000950152-05-004138-index.htm,https://www.sec.gov/Archives/edgar/data/729986/000095015205002146/j1231001e10vk.htm,1620599207,18:26:47,20210509
64,2004-12-31,UBSI,USD,2005-03-15,2005-03-15 15:18:40,Q4,66374000.0,0.0,0.0,0.0,0.0,12912000.0,0.0,0.0,0.0,0.0,24175000.0,0.0,0.0,0.0,0.0,0.502214722632356,0.0,33334000.0,0.502214722632356,7834000.0,25500000.0,0.38418657908217074,0.5943998305284499,0.5943998305284499,42900416,42900416,https://www.sec.gov/Archives/edgar/data/729986/000095015205002146/0000950152-05-002146-index.htm,https://www.sec.gov/Archives/edgar/data/729986/000095015205002146/j1231001e10vk.htm,1620599207,18:26:47,20210509
65,2004-09-30,UBSI,USD,2004-11-09,2004-11-09 08:33:19,Q3,66033000.0,0.0,0.0,0.0,0.0,15328000.0,0.0,0.0,0.0,0.0,21624000.0,0.0,0.0,0.0,0.0,0.2799357896809171,0.0,18485000.0,0.2799357896809171,5734000.0,24544000.0,0.37169294140808384,0.566581994853393,0.5596223406509928,43319414,43858149,https://www.sec.gov/Archives/edgar/data/729986/000095012804001081/0000950128-04-001081-index.htm,https://www.sec.gov/Archives/edgar/data/729986/000095012804001081/j1008101e10vq.htm,1620599207,18:26:47,20210509
66,2004-06-30,UBSI,USD,2004-08-09,2004-08-09 13:57:56,Q2,62946000.0,0.0,0.0,0.0,0.0,14562000.0,0.0,0.0,0.0,0.0,21715000.0,0.0,0.0,0.0,0.0,0.5232103707940139,0.0,32934000.0,0.5232103707940139,10477000.0,24214000.0,0.38467893114733265,0.56,0.55,43511510,44005011,https://www.sec.gov/Archives/edgar/data/729986/000095012804000800/0000950128-04-000800-index.htm,https://www.sec.gov/Archives/edgar/data/729986/000095012804000800/j0886601e10vq.htm,1620599207,18:26:47,20210509
67,2004-03-31,UBSI,USD,2004-05-07,2004-05-07 14:20:23,Q1,72159000.0,0.0,0.0,0.0,0.0,19936000.0,0.0,0.0,0.0,0.0,21972000.0,0.0,0.0,0.0,0.0,0.46530578306240383,0.0,33576000.0,0.46530578306240383,10072000.0,23504000.0,0.32572513477182335,0.54,0.53,43680837,44258584,https://www.sec.gov/Archives/edgar/data/729986/000095015204003732/0000950152-04-003732-index.htm,https://www.sec.gov/Archives/edgar/data/729986/000095012804000266/j0551301e10vk.htm,1620599207,18:26:47,20210509
68,2003-12-31,UBSI,USD,2004-03-12,2004-03-12 14:01:53,Q4,73792000.0,0.0,0.0,0.0,0.0,21972000.0,0.0,0.0,0.0,0.0,23530000.0,0.0,0.0,0.0,0.0,0.20319275802254988,0.0,14994000.0,0.20319275802254988,4497000.0,10497000.0,0.1422511925411969,0.24031132919911768,0.24031132919911768,43680837,43680837,https://www.sec.gov/Archives/edgar/data/729986/000095012804000266/0000950128-04-000266-index.htm,https://www.sec.gov/Archives/edgar/data/729986/000095012804000266/j0551301e10vk.htm,1620599207,18:26:47,20210509
69,2003-09-30,UBSI,USD,2003-11-13,2003-11-13 11:37:03,Q3,76172000.0,0.0,0.0,0.0,0.0,25507000.0,0.0,0.0,0.0,0.0,24459000.0,0.0,0.0,0.0,0.0,0.42985611510791366,0.0,32743000.0,0.42985611510791366,9823000.0,22920000.0,0.30089796775718114,0.5545813012800181,0.5480236705099975,41328476,41823011,https://www.sec.gov/Archives/edgar/data/729986/000095015203009657/0000950152-03-009657-index.htm,https://www.sec.gov/Archives/edgar/data/729986/000095015203009657/j0396401e10vq.htm,1620599207,18:26:47,20210509
70,2003-06-30,UBSI,USD,2003-08-14,2003-08-14 10:11:22,Q2,75485000.0,0.0,0.0,0.0,0.0,24189000.0,0.0,0.0,0.0,0.0,26567000.0,0.0,0.0,0.0,0.0,0.4315956812611777,0.0,32579000.0,0.4315956812611777,9774000.0,22805000.0,0.3021130025832947,0.55,0.54,41597646,42067728,https://www.sec.gov/Archives/edgar/data/729986/000095012803000938/0000950128-03-000938-index.htm,https://www.sec.gov/Archives/edgar/data/729986/000095012803000938/j0263001e10vq.htm,1620599207,18:26:47,20210509
71,2003-03-31,UBSI,USD,2003-05-13,2003-05-13 11:38:52,Q1,71224000.0,0.0,0.0,0.0,0.0,21631000.0,0.0,0.0,0.0,0.0,29595000.0,0.0,0.0,0.0,0.0,0.45215096035044366,0.0,32204000.0,0.45215096035044366,9661000.0,22543000.0,0.3165084802875435,0.54,0.53,41891007,42355229,https://www.sec.gov/Archives/edgar/data/729986/000095012803000632/0000950128-03-000632-index.htm,https://www.sec.gov/Archives/edgar/data/729986/000091664103000753/d10k.htm,1620599207,18:26:47,20210509
72,2002-12-31,UBSI,USD,2003-03-26,2003-03-26 16:01:20,Q4,72664000.0,0.0,0.0,0.0,0.0,21632000.0,0.0,0.0,0.0,0.0,31968000.0,0.0,0.0,0.0,0.0,0.43870417263018824,0.0,31878000.0,0.43870417263018824,9325000.0,22553000.0,0.31037377518441045,0.538373307664817,0.538373307664817,41891007,41891007,https://www.sec.gov/Archives/edgar/data/729986/000091664103000753/0000916641-03-000753-index.htm,https://www.sec.gov/Archives/edgar/data/729986/000091664103000753/d10k.htm,1620599207,18:26:47,20210509
73,2002-09-30,UBSI,USD,2002-11-13,2002-11-13 12:38:24,Q3,72465000.0,0.0,0.0,0.0,0.0,21595000.0,0.0,0.0,0.0,0.0,32677000.0,0.0,0.0,0.0,0.0,0.4408335058304009,0.0,31945000.0,0.4408335058304009,9592000.0,22353000.0,0.3084661560753467,0.53,0.52,42419925,43103509,https://www.sec.gov/Archives/edgar/data/729986/000102140802013858/0001021408-02-013858-index.htm,https://www.sec.gov/Archives/edgar/data/729986/000102140802013858/d10q.htm,1620599207,18:26:47,20210509
74,2002-06-30,UBSI,USD,2002-08-13 00:00:00,2002-08-13 13:49:23,Q2,68686000.0,0.0,0.0,0.0,0.0,19158000.0,0.0,0.0,0.0,0.0,33322000.0,0.0,0.0,0.0,0.0,0.4685379844509798,0.0,32182000.0,0.4685379844509798,9976000.0,22206000.0,0.32329732405439243,0.52,0.51,42691886,43391049,https://www.sec.gov/Archives/edgar/data/729986/000102140802010630/0001021408-02-010630-index.html,https://www.sec.gov/Archives/edgar/data/729986/000102140802010630/d10q.htm,1620599207,18:26:47,20210509
75,2002-03-31,UBSI,USD,2002-05-13 00:00:00,2002-05-13 16:20:23,Q1,66585000.0,0.0,0.0,0.0,0.0,17614000.0,0.0,0.0,0.0,0.0,34590000.0,0.0,0.0,0.0,0.0,0.4855147555755801,0.0,32328000.0,0.4855147555755801,10507000.0,21821000.0,0.3277164526545018,0.51,0.5,42899060,43548650,https://www.sec.gov/Archives/edgar/data/729986/000102140802006740/0001021408-02-006740-index.html,https://www.sec.gov/Archives/edgar/data/729986/000102140802006740/d10q.txt,1620599207,18:26:47,20210509
76,2001-12-31,UBSI,USD,2001-12-31,2001-12-31,Q4,65687000.0,0.0,0.0,0.0,0.0,15530000.0,0.0,0.0,0.0,0.0,38542000.0,0.0,0.0,0.0,0.0,0.4753908688172698,0.0,31227000.0,0.4753908688172698,10152000.0,21075000.0,0.3208397399789913,0.4912695056721523,0.4912695056721523,42899060,42899060,,,1620599207,18:26:47,20210509
77,2001-09-30,UBSI,USD,2001-11-13 00:00:00,2001-11-13 00:00:00,Q3,62331000.0,0.0,0.0,0.0,0.0,15650000.0,0.0,0.0,0.0,0.0,43721000.0,0.0,0.0,0.0,0.0,0.47013524570438464,0.0,29304000.0,0.47013524570438464,9524000.0,19780000.0,0.317338082174199,0.47934788524944777,0.4752176060579145,41264394,41623037,https://www.sec.gov/Archives/edgar/data/729986/000102140801509839/0001021408-01-509839-index.html,https://www.sec.gov/Archives/edgar/data/729986/000102140801509839/d10q.txt,1620599207,18:26:47,20210509
78,2001-06-30,UBSI,USD,2001-08-10 00:00:00,2001-08-10 00:00:00,Q2,61125000.0,0.0,0.0,0.0,0.0,15446000.0,0.0,0.0,0.0,0.0,45467000.0,0.0,0.0,0.0,0.0,0.4830920245398773,0.0,29529000.0,0.4830920245398773,9745000.0,19784000.0,0.32366462167689164,0.48,0.47,41466564,41823411,https://www.sec.gov/Archives/edgar/data/729986/000095016901500227/0000950169-01-500227-index.html,https://www.sec.gov/Archives/edgar/data/729986/000095016901500227/d10q.txt,1620599207,18:26:47,20210509
79,2001-03-31,UBSI,USD,2001-05-11 00:00:00,2001-05-11 00:00:00,Q1,58165000.0,0.0,0.0,0.0,0.0,14483000.0,0.0,0.0,0.0,0.0,47777000.0,0.0,0.0,0.0,0.0,0.49290810624946274,0.0,28670000.0,0.49290810624946274,9318000.0,19352000.0,0.3327086736009628,0.4640394596597156,0.46054001219793245,41703350,42020236,https://www.sec.gov/Archives/edgar/data/729986/000095016901500074/0000950169-01-500074-index.html,https://www.sec.gov/Archives/edgar/data/729986/000095016901500074/d10q.txt,1620599207,18:26:47,20210509
80,2000-12-31,UBSI,USD,2001-03-29 00:00:00,2001-03-29 00:00:00,Q4,40988000.0,0.0,0.0,0.0,0.0,13698000.0,0.0,0.0,0.0,0.0,51427000.0,0.0,0.0,0.0,0.0,0.15541133990436226,0.0,6370000.0,0.15541133990436226,2066000.0,4304000.0,0.1050063433199961,0.10320513819633195,0.10320513819633195,41703350,41703350,https://www.sec.gov/Archives/edgar/data/729986/000102140801001933/0001021408-01-001933-index.html,https://www.sec.gov/Archives/edgar/data/729986/000102140801001933/0001021408-01-001933-0001.txt,1620599207,18:26:47,20210509
81,2000-09-30,UBSI,USD,2000-11-13 00:00:00,2000-11-13 00:00:00,Q3,57457000.0,0.0,0.0,0.0,0.0,12127000.0,0.0,0.0,0.0,0.0,51165000.0,0.0,0.0,0.0,0.0,0.4795760307708373,0.0,27555000.0,0.4795760307708373,8994000.0,18561000.0,0.32304157891988794,0.4435924656437504,0.4403768825127102,41842460,42147989,https://www.sec.gov/Archives/edgar/data/729986/000095016900001293/0000950169-00-001293-index.html,https://www.sec.gov/Archives/edgar/data/729986/000095016900001293/0000950169-00-001293-0001.txt,1620599207,18:26:47,20210509
82,2000-06-30,UBSI,USD,2000-08-11 00:00:00,2000-08-11 00:00:00,Q2,57895000.0,0.0,0.0,0.0,0.0,13610000.0,0.0,0.0,0.0,0.0,48632000.0,0.0,0.0,0.0,0.0,0.4652906123153986,0.0,26938000.0,0.4652906123153986,8815000.0,18123000.0,0.3130322134899387,0.4322095440014023,0.4288032258836161,41931050,42264141,https://www.sec.gov/Archives/edgar/data/729986/000092838500002183/0000928385-00-002183-index.html,https://www.sec.gov/Archives/edgar/data/729986/000092838500002183/0000928385-00-002183-0001.txt,1620599207,18:26:47,20210509
83,2000-03-31,UBSI,USD,2000-05-12 00:00:00,2000-05-12 00:00:00,Q1,57527000.0,0.0,0.0,0.0,0.0,13739000.0,0.0,0.0,0.0,0.0,46542000.0,0.0,0.0,0.0,0.0,0.46651137726632713,0.0,26837000.0,0.46651137726632713,8849000.0,17988000.0,0.31268795522102666,0.43,0.42,42272860,42657425,https://www.sec.gov/Archives/edgar/data/729986/000095016900000492/0000950169-00-000492-index.html,https://www.sec.gov/Archives/edgar/data/729986/0000950169-00-000492.txt,1620599207,18:26:47,20210509
84,1999-12-31,UBSI,USD,2000-03-28,2000-03-28,Q4,59900000.0,0.0,0.0,0.0,0.0,15200000.0,0.0,0.0,0.0,0.0,46600000.0,0.0,0.0,0.0,0.0,0.4257095158597663,0.0,25500000.0,0.4257095158597663,8000000.0,17500000.0,0.2921535893155259,0.4139771948242915,0.4139771948242915,42272860,42272860,https://www.sec.gov/Archives/edgar/data/729986/0000950169-00-000247-index.html,https://www.sec.gov/Archives/edgar/data/729986/000095016900000247/,1620599207,18:26:47,20210509
85,1999-09-30,UBSI,USD,1999-11-15 00:00:00,1999-11-15 00:00:00,Q3,57700000.0,0.0,0.0,0.0,0.0,14900000.0,0.0,0.0,0.0,0.0,45900000.0,0.0,0.0,0.0,0.0,0.4540727902946274,0.0,26200000.0,0.4540727902946274,8500000.0,17700000.0,0.30675909878682844,0.41,0.41,43170732,43170732,https://www.sec.gov/Archives/edgar/data/729986/000095016899002922/0000950168-99-002922-index.html,https://www.sec.gov/Archives/edgar/data/729986/0000950168-99-002922.txt,1620599207,18:26:47,20210509
86,1999-06-30,UBSI,USD,1999-08-13 00:00:00,1999-08-13 00:00:00,Q2,57100000.0,0.0,0.0,0.0,0.0,15000000.0,0.0,0.0,0.0,0.0,42400000.0,0.0,0.0,0.0,0.0,0.45884413309982486,0.0,26200000.0,0.45884413309982486,8400000.0,17800000.0,0.3117338003502627,0.41,0.4,43414634,44500000,https://www.sec.gov/Archives/edgar/data/729986/000095016899002201/0000950168-99-002201-index.html,https://www.sec.gov/Archives/edgar/data/729986/0000950168-99-002201.txt,1620599207,18:26:47,20210509
87,1999-03-31,UBSI,USD,1999-05-14 00:00:00,1999-05-14 00:00:00,Q1,56600000.0,0.0,0.0,0.0,0.0,15000000.0,0.0,0.0,0.0,0.0,39500000.0,0.0,0.0,0.0,0.0,0.4787985865724382,0.0,27100000.0,0.4787985865724382,9900000.0,17200000.0,0.303886925795053,0.4,0.39,43000000,44102564,https://www.sec.gov/Archives/edgar/data/729986/000095016999000032/0000950169-99-000032-index.html,https://www.sec.gov/Archives/edgar/data/729986/0000950169-99-000032.txt,1620599207,18:26:47,20210509
88,1998-12-31,UBSI,USD,1998-12-31,1998-12-31,Q4,55800000.0,0.0,0.0,0.0,0.0,22100000.0,0.0,0.0,0.0,0.0,52000000.0,0.0,0.0,0.0,0.0,0.2114695340501792,0.0,11800000.0,0.2114695340501792,3600000.0,8200000.0,0.14695340501792115,0.19069767441860466,0.19069767441860466,43000000,43000000,,,1620599207,18:26:47,20210509
89,1998-09-30,UBSI,USD,1998-11-16 00:00:00,1998-11-16 00:00:00,Q3,54100000.0,0.0,0.0,0.0,0.0,15100000.0,0.0,0.0,0.0,0.0,36400000.0,0.0,0.0,0.0,0.0,0.4011090573012939,0.0,21700000.0,0.4011090573012939,6000000.0,15700000.0,0.2902033271719039,0.4,0.39,39250000,40256410,https://www.sec.gov/Archives/edgar/data/729986/000092838598002337/0000928385-98-002337-index.html,https://www.sec.gov/Archives/edgar/data/729986/0000928385-98-002337.txt,1620599207,18:26:47,20210509
90,1998-06-30,UBSI,USD,1998-08-14 00:00:00,1998-08-14 00:00:00,Q2,51100000.0,0.0,0.0,0.0,0.0,18200000.0,0.0,0.0,0.0,0.0,34500000.0,0.0,0.0,0.0,0.0,0.14285714285714285,0.0,7300000.0,0.14285714285714285,500000.0,6800000.0,0.13307240704500978,0.17,0.17,40000000,40000000,https://www.sec.gov/Archives/edgar/data/729986/000095016998000930/0000950169-98-000930-index.html,https://www.sec.gov/Archives/edgar/data/729986/0000950169-98-000930.txt,1620599207,18:26:47,20210509
91,1998-03-31,UBSI,USD,1998-05-14 00:00:00,1998-05-14 00:00:00,Q1,36200000.0,0.0,0.0,0.0,0.0,7600000.0,0.0,0.0,0.0,0.0,23800000.0,0.0,0.0,0.0,0.0,0.46685082872928174,0.0,16900000.0,0.46685082872928174,5900000.0,11000000.0,0.30386740331491713,0.37,0.36,60040352,60040352,https://www.sec.gov/Archives/edgar/data/729986/000095012898000791/0000950128-98-000791-index.html,https://www.sec.gov/Archives/edgar/data/729986/0000950128-98-000791.txt,1620599207,18:26:47,20210509
92,1997-12-31,UBSI,USD,1997-12-31,1997-12-31,Q4,33600000.0,0.0,0.0,0.0,0.0,7400000.0,0.0,0.0,0.0,0.0,23400000.0,0.0,0.0,0.0,0.0,0.4791666666666667,0.0,16100000.0,0.4791666666666667,5700000.0,10400000.0,0.30952380952380953,0.17321683923505313,0.17321683923505313,60040352,60040352,,,1620599207,18:26:47,20210509
93,1997-09-30,UBSI,USD,1997-11-13 00:00:00,1997-11-13 00:00:00,Q3,33100000.0,0.0,0.0,0.0,0.0,7100000.0,0.0,0.0,0.0,0.0,22000000.0,0.0,0.0,0.0,0.0,0.4743202416918429,0.0,15700000.0,0.4743202416918429,5400000.0,10300000.0,0.311178247734139,0.35,0.34,29428571,30294118,https://www.sec.gov/Archives/edgar/data/729986/000095016997000989/0000950169-97-000989-index.html,https://www.sec.gov/Archives/edgar/data/729986/0000950169-97-000989.txt,1620599207,18:26:47,20210509
94,1997-06-30,UBSI,USD,1997-08-14 00:00:00,1997-08-14 00:00:00,Q2,29600000.0,0.0,0.0,0.0,0.0,6500000.0,0.0,0.0,0.0,0.0,19900000.0,0.0,0.0,0.0,0.0,0.5236486486486487,0.0,15500000.0,0.5236486486486487,5400000.0,10100000.0,0.34121621621621623,0.34,0.34,29705882,29705882,https://www.sec.gov/Archives/edgar/data/729986/000095016997000709/0000950169-97-000709-index.html,https://www.sec.gov/Archives/edgar/data/729986/0000950169-97-000709.txt,1620599207,18:26:47,20210509
95,1997-03-31,UBSI,USD,1997-05-14 00:00:00,1997-05-14 00:00:00,Q1,29200000.0,0.0,0.0,0.0,0.0,6600000.0,0.0,0.0,0.0,0.0,19200000.0,0.0,0.0,0.0,0.0,0.5102739726027398,0.0,14900000.0,0.5102739726027398,4900000.0,10000000.0,0.3424657534246575,0.33,0.33,30303030,30303030,https://www.sec.gov/Archives/edgar/data/729986/000095016997000418/0000950169-97-000418-index.html,https://www.sec.gov/Archives/edgar/data/729986/0000950169-97-000418.txt,1620599207,18:26:47,20210509
96,1996-12-31,UBSI,USD,1997-03-31 00:00:00,1997-03-31 00:00:00,Q4,29200000.0,0.0,0.0,0.0,0.0,6600000.0,0.0,0.0,0.0,0.0,19200000.0,0.0,0.0,0.0,0.0,0.5034246575342466,0.0,14700000.0,0.5034246575342466,4800000.0,9900000.0,0.339041095890411,0.32670000326700005,0.32670000326700005,30303030,30303030,https://www.sec.gov/Archives/edgar/data/729986/000095013297000259/0000950132-97-000259-index.html,https://www.sec.gov/Archives/edgar/data/729986/0000950132-97-000259.txt,1620599207,18:26:47,20210509
97,1996-09-30,UBSI,USD,1996-11-14 00:00:00,1996-11-14 00:00:00,Q3,30300000.0,0.0,0.0,0.0,0.0,7200000.0,0.0,0.0,0.0,0.0,18900000.0,0.0,0.0,0.0,0.0,0.43234323432343236,0.0,13100000.0,0.43234323432343236,1900000.0,11200000.0,0.3696369636963696,0.37,0.37,30270270,30270270,https://www.sec.gov/Archives/edgar/data/729986/000095016996000470/0000950169-96-000470-index.html,https://www.sec.gov/Archives/edgar/data/729986/0000950169-96-000470.txt,1620599207,18:26:47,20210509
98,1996-06-30,UBSI,USD,1996-08-09 00:00:00,1996-08-09 00:00:00,Q2,25800000.0,0.0,0.0,0.0,0.0,8100000.0,0.0,0.0,0.0,0.0,17400000.0,0.0,0.0,0.0,0.0,0.2596899224806202,0.0,6700000.0,0.2596899224806202,5400000.0,1300000.0,0.050387596899224806,0.04,0.04,32500000,32500000,https://www.sec.gov/Archives/edgar/data/729986/000095013296000477/0000950132-96-000477-index.html,https://www.sec.gov/Archives/edgar/data/729986/0000950132-96-000477.txt,1620599207,18:26:47,20210509
99,1996-03-31,UBSI,USD,1996-04-01 00:00:00,1996-04-01 00:00:00,Q1,24200000.0,0.0,0.0,0.0,0.0,5800000.0,0.0,0.0,0.0,0.0,13900000.0,0.0,0.0,0.0,0.0,0.47107438016528924,0.0,11400000.0,0.47107438016528924,3900000.0,7500000.0,0.30991735537190085,0.27,0.27,27777778,27777778,https://www.sec.gov/Archives/edgar/data/729986/000095013296000206/0000950132-96-000206-index.html,https://www.sec.gov/Archives/edgar/data/729986/0000950132-96-000206.txt,1620599207,18:26:47,20210509
100,1995-12-31,UBSI,USD,1996-04-01 00:00:00,1996-04-01 00:00:00,Q4,23900000.0,0.0,0.0,0.0,0.0,5400000.0,0.0,0.0,0.0,0.0,14200000.0,0.0,0.0,0.0,0.0,0.45188284518828453,0.0,10800000.0,0.45188284518828453,3800000.0,7000000.0,0.2928870292887029,0.251999997984,0.251999997984,27777778,27777778,https://www.sec.gov/Archives/edgar/data/729986/000095013296000206/0000950132-96-000206-index.html,https://www.sec.gov/Archives/edgar/data/729986/0000950132-96-000206.txt,1620599207,18:26:47,20210509
101,1995-09-30,UBSI,USD,1995-11-14 00:00:00,1995-11-14 00:00:00,Q3,23500000.0,0.0,0.0,0.0,0.0,5600000.0,0.0,0.0,0.0,0.0,13900000.0,0.0,0.0,0.0,0.0,0.4851063829787234,0.0,11400000.0,0.4851063829787234,4200000.0,7200000.0,0.30638297872340425,0.3,0.3,24000000,24000000,https://www.sec.gov/Archives/edgar/data/729986/000095016895001032/0000950168-95-001032-index.html,https://www.sec.gov/Archives/edgar/data/729986/0000950168-95-001032.txt,1620599207,18:26:47,20210509
102,1995-06-30,UBSI,USD,1995-08-14 00:00:00,1995-08-14 00:00:00,Q2,23400000.0,0.0,0.0,0.0,0.0,5500000.0,0.0,0.0,0.0,0.0,13700000.0,0.0,0.0,0.0,0.0,0.45726495726495725,0.0,10700000.0,0.45726495726495725,3700000.0,7000000.0,0.29914529914529914,0.3,0.3,23333333,23333333,https://www.sec.gov/Archives/edgar/data/729986/000095013295000309/0000950132-95-000309-index.html,https://www.sec.gov/Archives/edgar/data/729986/0000950132-95-000309.txt,1620599207,18:26:47,20210509
103,1995-03-31,UBSI,USD,1995-05-12 00:00:00,1995-05-12 00:00:00,Q1,23500000.0,0.0,0.0,0.0,0.0,5600000.0,0.0,0.0,0.0,0.0,13000000.0,0.0,0.0,0.0,0.0,0.44680851063829785,0.0,10500000.0,0.44680851063829785,3600000.0,6900000.0,0.2936170212765957,0.29,0.29,23793103,23793103,https://www.sec.gov/Archives/edgar/data/729986/000095013295000167/0000950132-95-000167-index.html,https://www.sec.gov/Archives/edgar/data/729986/0000950132-95-000167.txt,1620599207,18:26:47,20210509
104,1994-12-31,UBSI,USD,1995-03-21 00:00:00,1995-03-21 00:00:00,Q4,22000000.0,0.0,0.0,0.0,0.0,5300000.0,0.0,0.0,0.0,0.0,11900000.0,0.0,0.0,0.0,0.0,0.42272727272727273,0.0,9300000.0,0.42272727272727273,3100000.0,6200000.0,0.2818181818181818,0.2605797150544004,0.2605797150544004,23793103,23793103,https://www.sec.gov/Archives/edgar/data/729986/000095013295000081/0000950132-95-000081-index.html,https://www.sec.gov/Archives/edgar/data/729986/0000950132-95-000081.txt,1620599207,18:26:47,20210509
105,1994-09-30,UBSI,USD,1994-11-14 00:00:00,1994-11-14 00:00:00,Q3,23100000.0,0.0,0.0,0.0,0.0,5600000.0,0.0,0.0,0.0,0.0,11100000.0,0.0,0.0,0.0,0.0,0.42857142857142855,0.0,9900000.0,0.42857142857142855,3500000.0,6400000.0,0.27705627705627706,0.27,0.27,23703704,23703704,https://www.sec.gov/Archives/edgar/data/729986/000095013294000253/0000950132-94-000253-index.html,https://www.sec.gov/Archives/edgar/data/729986/0000950132-94-000253.txt,1620599207,18:26:47,20210509
106,1994-06-30,UBSI,USD,1994-08-12 00:00:00,1994-08-12 00:00:00,Q2,22000000.0,0.0,0.0,0.0,0.0,5500000.0,0.0,0.0,0.0,0.0,10500000.0,0.0,0.0,0.0,0.0,0.43636363636363634,0.0,9600000.0,0.43636363636363634,3400000.0,6200000.0,0.2818181818181818,0.26,0.26,23846154,23846154,https://www.sec.gov/Archives/edgar/data/729986/000095013294000205/0000950132-94-000205-index.html,https://www.sec.gov/Archives/edgar/data/729986/0000950132-94-000205.txt,1620599207,18:26:47,20210509
107,1994-03-31,UBSI,USD,1994-05-12,1994-05-12,Q1,21300000.0,0.0,0.0,0.0,0.0,5600000.0,0.0,0.0,0.0,0.0,10400000.0,0.0,0.0,0.0,0.0,0.43661971830985913,0.0,9300000.0,0.43661971830985913,3200000.0,6100000.0,0.2863849765258216,0.26,0.26,23461538,23461538,https://www.sec.gov/Archives/edgar/data/729986/0000950132-94-000147-index.html,https://www.sec.gov/Archives/edgar/data/729986/,1620599207,18:26:47,20210509
108,1993-12-31,UBSI,USD,1993-12-31,1993-12-31,Q4,21500000.0,0.0,0.0,0.0,0.0,5700000.0,0.0,0.0,0.0,0.0,11100000.0,0.0,0.0,0.0,0.0,0.3767441860465116,0.0,8100000.0,0.3767441860465116,2900000.0,5200000.0,0.24186046511627907,0.21517241082520813,0.21517241082520813,24166667,24166667,,,1620599207,18:26:47,20210509
109,1993-09-30,UBSI,USD,1993-09-30,1993-09-30,Q3,21200000.0,0.0,0.0,0.0,0.0,5300000.0,0.0,0.0,0.0,0.0,11100000.0,0.0,0.0,0.0,0.0,0.4009433962264151,0.0,8500000.0,0.4009433962264151,2700000.0,5800000.0,0.27358490566037735,0.24,0.24,24166667,24166667,,,1620599207,18:26:47,20210509
110,1993-06-30,UBSI,USD,1993-06-30,1993-06-30,Q2,19200000.0,0.0,0.0,0.0,0.0,5000000.0,0.0,0.0,0.0,0.0,10200000.0,0.0,0.0,0.0,0.0,0.4010416666666667,0.0,7700000.0,0.4010416666666667,2400000.0,5300000.0,0.2760416666666667,0.24,0.24,22083333,22083333,,,1620599207,18:26:47,20210509
111,1993-03-31,UBSI,USD,1993-03-31,1993-03-31,Q1,18600000.0,0.0,0.0,0.0,0.0,5200000.0,0.0,0.0,0.0,0.0,10500000.0,0.0,0.0,0.0,0.0,0.27956989247311825,0.0,5200000.0,0.27956989247311825,1600000.0,4900000.0,0.26344086021505375,0.23,0.23,21304348,21304348,,,1620599207,18:26:47,20210509
112,1992-12-31,UBSI,USD,1992-12-31,1992-12-31,Q4,21400000.0,0.0,0.0,0.0,0.0,5700000.0,0.0,0.0,0.0,0.0,13000000.0,0.0,0.0,0.0,0.0,0.3130841121495327,0.0,6700000.0,0.3130841121495327,2000000.0,4700000.0,0.21962616822429906,0.27945945643827613,0.27945945643827613,16818182,16818182,,,1620599207,18:26:47,20210509
113,1992-09-30,UBSI,USD,1992-09-30,1992-09-30,Q3,15500000.0,0.0,0.0,0.0,0.0,4300000.0,0.0,0.0,0.0,0.0,10100000.0,0.0,0.0,0.0,0.0,0.3419354838709677,0.0,5300000.0,0.3419354838709677,1600000.0,3700000.0,0.23870967741935484,0.22,0.22,16818182,16818182,,,1620599207,18:26:47,20210509
114,1992-06-30,UBSI,USD,1992-06-30,1992-06-30,Q2,15200000.0,0.0,0.0,0.0,0.0,4200000.0,0.0,0.0,0.0,0.0,10500000.0,0.0,0.0,0.0,0.0,0.34868421052631576,0.0,5300000.0,0.34868421052631576,1600000.0,3700000.0,0.24342105263157895,0.21,0.21,17619048,17619048,,,1620599207,18:26:47,20210509
115,1992-03-31,UBSI,USD,1992-03-31,1992-03-31,Q1,15100000.0,0.0,0.0,0.0,0.0,4400000.0,0.0,0.0,0.0,0.0,10900000.0,600000.0,0.0,0.0,0.0,0.3509933774834437,0.0,5300000.0,0.3509933774834437,1600000.0,3700000.0,0.24503311258278146,0.21,0.21,17619048,17619048,,,1620599207,18:26:47,20210509
116,1991-12-31,UBSI,USD,1991-12-31,1991-12-31,Q4,15100000.0,0.0,0.0,0.0,0.0,4400000.0,0.0,0.0,0.0,0.0,12300000.0,500000.0,0.0,0.0,0.0,0.2582781456953642,0.0,3900000.0,0.2582781456953642,1100000.0,2800000.0,0.18543046357615894,0.16470588235294117,0.16470588235294117,17000000,17000000,,,1620599207,18:26:47,20210509
117,1991-09-30,UBSI,USD,1991-09-30,1991-09-30,Q3,15500000.0,0.0,0.0,0.0,0.0,4400000.0,0.0,0.0,0.0,0.0,13000000.0,400000.0,0.0,0.0,0.0,0.3161290322580645,0.0,4900000.0,0.3161290322580645,1500000.0,3400000.0,0.21935483870967742,0.2,0.2,17000000,17000000,,,1620599207,18:26:47,20210509
118,1991-06-30,UBSI,USD,1991-06-30,1991-06-30,Q2,15200000.0,0.0,0.0,0.0,0.0,4600000.0,0.0,0.0,0.0,0.0,13400000.0,500000.0,0.0,0.0,0.0,0.3157894736842105,0.0,4800000.0,0.3157894736842105,1400000.0,3400000.0,0.2236842105263158,0.2,0.2,17000000,17000000,,,1620599207,18:26:47,20210509
119,1991-03-31,UBSI,USD,1991-03-31,1991-03-31,Q1,14800000.0,0.0,0.0,0.0,0.0,4400000.0,0.0,0.0,0.0,0.0,14200000.0,400000.0,0.0,0.0,0.0,0.31756756756756754,0.0,4700000.0,0.31756756756756754,1300000.0,3400000.0,0.22972972972972974,0.2,0.2,17000000,17000000,,,1620599207,18:26:47,20210509
120,1990-06-30,UBSI,USD,1990-06-30,1990-06-30,Q2,14600000.0,0.0,0.0,0.0,0.0,4200000.0,0.0,0.0,0.0,0.0,15500000.0,800000.0,0.0,0.0,0.0,0.2808219178082192,0.0,4100000.0,0.2808219178082192,1100000.0,3000000.0,0.2054794520547945,0.19,0.19,15789474,15789474,,,1620599207,18:26:47,20210509
121,1990-03-31,UBSI,USD,1990-03-31,1990-03-31,Q1,13400000.0,0.0,0.0,0.0,0.0,4100000.0,0.0,0.0,0.0,0.0,15000000.0,400000.0,0.0,0.0,0.0,0.29850746268656714,0.0,4000000.0,0.29850746268656714,1200000.0,2800000.0,0.208955223880597,0.18,0.18,15555556,15555556,,,1620599207,18:26:47,20210509
122,1989-03-31,UBSI,USD,1989-03-31,1989-03-31,Q1,0.0,0.0,0.0,0.0,0.0,0.0,0.0,0.0,0.0,0.0,0.0,0.0,0.0,0.0,0.0,0.0,0.0,0.0,0.0,0.0,0.0,0.0,0.19,0.19,15320000,15320000,,,1620599207,18:26:47,20210509
123,1988-03-31,UBSI,USD,1988-03-31,1988-03-31,Q1,0.0,0.0,0.0,0.0,0.0,0.0,0.0,0.0,0.0,0.0,0.0,0.0,0.0,0.0,0.0,0.0,0.0,0.0,0.0,0.0,0.0,0.0,0.17,0.17,15320000,15320000,,,1620599207,18:26:47,20210509
124,1987-03-31,UBSI,USD,1987-03-31,1987-03-31,Q1,0.0,0.0,0.0,0.0,0.0,0.0,0.0,0.0,0.0,0.0,0.0,0.0,0.0,0.0,0.0,0.0,0.0,0.0,0.0,0.0,0.0,0.0,0.19,0.19,10100000,10100000,,,1620599207,18:26:47,20210509
125,1986-03-31,UBSI,USD,1986-03-31,1986-03-31,Q1,0.0,0.0,0.0,0.0,0.0,0.0,0.0,0.0,0.0,0.0,0.0,0.0,0.0,0.0,0.0,0.0,0.0,0.0,0.0,0.0,0.0,0.0,0.05,0.05,10100000,10100000,,,1620599207,18:26:47,20210509
