,date,symbol,reportedCurrency,fillingDate,acceptedDate,period,revenue,costOfRevenue,grossProfit,grossProfitRatio,researchAndDevelopmentExpenses,generalAndAdministrativeExpenses,sellingAndMarketingExpenses,otherExpenses,operatingExpenses,costAndExpenses,interestExpense,depreciationAndAmortization,ebitda,ebitdaratio,operatingIncome,operatingIncomeRatio,totalOtherIncomeExpensesNet,incomeBeforeTax,incomeBeforeTaxRatio,incomeTaxExpense,netIncome,netIncomeRatio,eps,epsdiluted,weightedAverageShsOut,weightedAverageShsOutDil,link,finalLink,timestamp,est_time,est_date
0,2020-09-30,TCCI,USD,2020-12-18,2020-12-18 14:34:16,Q3,1210.517,596.711,613.806,0.5070610326001205,0.0,429507.0,0.0,-516.0,429507.0,1026218.0,0.468,56867.0,57050.315,47.12888377445339,183.315,0.15143529582814616,-0.516,183.315,0.15143529582814616,-10759.0,172.556,0.14254735786444966,0.13952442866106485,0.13952442866106485,1236744.0,1236744.0,https://www.sec.gov/Archives/edgar/data/949852/000143774920025612/0001437749-20-025612-index.htm,https://www.sec.gov/Archives/edgar/data/949852/000143774920025612/tcci20200930_10q.htm,1620598633,18:17:13,20210509
1,2020-06-30,TCCI,USD,2020-11-23,2020-11-23 11:57:22,Q2,70064.0,61775.0,8289.0,0.11830612011874857,0.0,-474777.0,0.0,960.865,502710.0,564485.0,-340.0,17330.0,17375.828,0.24799937200274036,45.828,0.000654087691253711,-17550.0,45.828,0.000654087691253711,0.8,46.628,0.0006655058232473167,0.03770222455091757,0.03770222455091757,1236744.0,1236744.0,https://www.sec.gov/Archives/edgar/data/949852/000143774920024314/0001437749-20-024314-index.htm,https://www.sec.gov/Archives/edgar/data/949852/000143774920024314/tcci20200630_10q.htm,1620598633,18:17:13,20210509
2,2020-03-31,TCCI,USD,2020-11-09,2020-11-09 15:44:59,Q1,774526.0,448422.0,326104.0,0.4210368664189453,0.0,474777.0,0.0,16622.0,474777.0,923199.0,1100.0,22125.0,-109926.0,-0.14192680426480195,-132051.0,-0.17049266260913126,17722.0,-132051.0,-0.17049266260913126,-800.0,-132851.0,-0.17152555240237255,-0.10741996726889316,-0.10741996726889316,1236744.0,1236744.0,https://www.sec.gov/Archives/edgar/data/949852/000143774920023206/0001437749-20-023206-index.htm,https://www.sec.gov/Archives/edgar/data/949852/000143774920023206/tcci20200331_10q.htm,1620598633,18:17:13,20210509
3,2019-12-31,TCCI,USD,2020-10-26,2020-10-26 16:10:16,Q4,1045363.0,540000.0,505363.0,0.48343302757032725,0.0,-1075921.0,800831.0,-51633.0,474108.0,1014108.0,1119.0,29240.0,60495.0,0.05786984999469084,31255.0,0.02989870504312856,-720.0,30535.0,0.029209949079888997,-2146.0,32681.0,0.031262824492544694,0.026,0.026,1236744.0,1236744.0,https://www.sec.gov/Archives/edgar/data/949852/000143774920021636/0001437749-20-021636-index.htm,https://www.sec.gov/Archives/edgar/data/949852/000143774920021636/tcci20191231_10k.htm,1620598633,18:17:13,20210509
4,2019-09-30,TCCI,USD,2020-08-19,2019-12-12 06:34:41,Q3,866775.0,514016.0,352759.0,0.40697874304173515,0.0,329310.0,0.0,16962.0,346272.0,860288.0,1407.0,16962.0,23449.0,0.027053156816936343,6487.0,0.007484064491938508,-25634.0,-19147.0,-0.022089931066309017,9556.0,-28703.0,-0.033114706815494215,-0.02321,-0.02321,1236744.0,1236744.0,https://www.sec.gov/Archives/edgar/data/949852/000143774920018333/0001437749-20-018333-index.htm,https://www.sec.gov/Archives/edgar/data/949852/000143774920018333/tcci20190930b_10q.htm,1620598633,18:17:13,20210509
5,2019-06-30,TCCI,USD,2019-12-12,2019-12-12,Q2,1161644.0,641348.0,520296.0,0.4478962573731711,0.0,347206.0,0.0,16410.0,363616.0,1004964.0,1433.0,16409.0,173089.0,0.14900348127309226,156680.0,0.13487781110219654,-1247.0,155433.0,0.13380433248051898,37.0,155396.0,0.13377248106993192,0.12565,0.12565,1236744.0,1236744.0,https://www.sec.gov/Archives/edgar/data/949852/000143774919024251/0001437749-19-024251-index.htm,https://www.sec.gov/Archives/edgar/data/949852/000143774919024251/tcci20190930_10q.htm,1620598633,18:17:13,20210509
6,2019-03-31,TCCI,USD,2019-05-08 00:00:00,2019-05-08 07:31:07,Q1,1092135.0,594372.0,497763.0,0.4557705778131824,0.0,367653.0,0.0,18261.0,385914.0,980286.0,1636.0,18262.0,130111.0,0.11913453922820896,111849.0,0.10241316320784519,-1623.0,110226.0,0.10092708319026494,800.0,109426.0,0.10019457301524079,0.08848,0.08848,1236744.0,1236744.0,https://www.sec.gov/Archives/edgar/data/949852/000143774919009027/0001437749-19-009027-index.html,https://www.sec.gov/Archives/edgar/data/949852/000143774919009027/tcci20190331_10q.htm,1620598633,18:17:13,20210509
7,2018-12-31,TCCI,USD,2019-03-27 00:00:00,2019-03-27 07:12:24,Q4,812329.0,474344.0,337985.0,0.4160691050054842,0.0,-1007248.0,0.0,1339253.0,332005.0,806349.0,1840.0,-15093.0,-9113.0,-0.011218361033522133,5980.0,0.007361549322995978,-2008.0,3972.0,0.004889644466712379,0.0,3972.0,0.004889644466712379,0.004,0.004,1236744.0,1236744.0,https://www.sec.gov/Archives/edgar/data/949852/000143774919005736/0001437749-19-005736-index.html,https://www.sec.gov/Archives/edgar/data/949852/000143774919005736/tcci20181231_10k.htm,1620598633,18:17:13,20210509
8,2018-09-30,TCCI,USD,2018-11-08 00:00:00,2018-11-08 16:00:00,Q3,800149.0,447835.0,352314.0,0.4403104921708332,0.0,323384.0,0.0,19571.0,342955.0,790790.0,2040.0,19571.0,28930.0,0.03615576598858462,9359.0,0.0116965715135556,9423.0,18782.0,0.02347312812988581,0.0,18782.0,0.02347312812988581,0.01519,0.01519,1236744.0,1236744.0,https://www.sec.gov/Archives/edgar/data/949852/000143774918020064/0001437749-18-020064-index.html,https://www.sec.gov/Archives/edgar/data/949852/000143774918020064/tcci20180930_10q.htm,1620598633,18:17:13,20210509
9,2018-06-30,TCCI,USD,2018-08-15 00:00:00,2018-08-14 18:03:10,Q2,818755.0,454434.0,364321.0,0.4449694963694878,0.0,318374.0,0.0,25886.0,344260.0,798694.0,1766.0,25886.0,45947.0,0.05611813057630182,20061.0,0.02450183510329708,-3337.0,16754.0,0.020462775799842445,800.0,15954.0,0.019485682530183023,0.0129,0.0129,1236744.0,1236744.0,https://www.sec.gov/Archives/edgar/data/949852/000143774918015661/0001437749-18-015661-index.html,https://www.sec.gov/Archives/edgar/data/949852/000143774918015661/tcci20180630_10q.htm,1620598633,18:17:13,20210509
10,2018-03-31,TCCI,USD,2018-05-11 00:00:00,2018-05-11 11:53:51,Q1,795036.0,483078.0,311958.0,0.3923822317479963,0.0,365490.0,0.0,21382.0,386872.0,869950.0,1638.0,21382.0,-53532.0,-0.06733280002414985,-74914.0,-0.09422717964972656,0.0,-74944.0,-0.09426491379006736,0.0,-74944.0,-0.09426491379006736,-0.0606,-0.0606,1236744.0,1236744.0,https://www.sec.gov/Archives/edgar/data/949852/000121390018005912/0001213900-18-005912-index.html,https://www.sec.gov/Archives/edgar/data/949852/000121390018005912/f10q0318_thanksgiving.htm,1620598633,18:17:13,20210509
11,2017-12-31,TCCI,USD,2018-03-30 00:00:00,2018-03-30 10:45:42,Q4,881712.0,536786.0,344926.0,0.3912003012321484,0.0,-1077586.0,0.0,1449866.0,372280.0,909066.0,1561.0,25131.0,-2223.0,-0.0025212314225053077,-27354.0,-0.031023735641570037,0.0,-26064.0,-0.029560672872774783,0.0,-26064.0,-0.029560672872774783,-0.017,-0.017,1236744.0,1236744.0,https://www.sec.gov/Archives/edgar/data/949852/000121390018003721/0001213900-18-003721-index.html,https://www.sec.gov/Archives/edgar/data/949852/000121390018003721/f10k2017_thanksgiving.htm,1620598633,18:17:13,20210509
12,2017-09-30,TCCI,USD,2017-11-09 00:00:00,2017-11-09 15:39:48,Q3,856946.0,481066.0,375880.0,0.43862740476062667,0.0,370867.0,0.0,22203.0,393070.0,874136.0,5500.0,28766.0,11576.0,0.013508435770748681,-17190.0,-0.020059607023079636,0.0,-18150.0,-0.021179864308836262,0.0,-18150.0,-0.021179864308836262,-0.01468,-0.01468,1236744.0,1236744.0,https://www.sec.gov/Archives/edgar/data/949852/000121390017011655/0001213900-17-011655-index.html,https://www.sec.gov/Archives/edgar/data/949852/000121390017011655/f10q0917_thanksgiving.htm,1620598633,18:17:13,20210509
13,2017-06-30,TCCI,USD,2017-08-15 00:00:00,2017-08-15 10:16:59,Q2,948812.0,565069.0,383743.0,0.4044457700787933,0.0,344061.0,0.0,22282.0,366343.0,931412.0,0.0,31795.0,49195.0,0.05184904912669738,17400.0,0.018338722528804443,0.0,-13350.0,-0.014070226767789615,0.0,-13350.0,-0.014070226767789615,-0.01079,-0.01079,1236744.0,1236744.0,https://www.sec.gov/Archives/edgar/data/949852/000121390017008752/0001213900-17-008752-index.html,https://www.sec.gov/Archives/edgar/data/949852/000121390017008752/f10q0617_thanksgiving.htm,1620598633,18:17:13,20210509
14,2017-03-31,TCCI,USD,2017-05-23 00:00:00,2017-05-22 20:15:51,Q1,819286.0,454925.0,364361.0,0.4447299233723022,0.0,362658.0,0.0,22176.0,384834.0,839759.0,0.0,31654.0,11181.0,0.013647248946033497,-20473.0,-0.02498883173885554,0.0,-20473.0,-0.02498883173885554,800.0,-21273.0,-0.02596529172962799,-0.0172,-0.0172,1236744.0,1236744.0,https://www.sec.gov/Archives/edgar/data/949852/000121390017005734/0001213900-17-005734-index.html,https://www.sec.gov/Archives/edgar/data/949852/000121390017005734/f10q0317_thanksgiving.htm,1620598633,18:17:13,20210509
15,2016-12-31,TCCI,USD,2017-03-29 00:00:00,2017-03-29 14:25:55,Q4,3610050.0,2226472.0,1383578.0,0.383257295605324,0.0,0.0,0.0,1467684.0,1467684.0,3694156.0,5877.0,106849.0,22743.0,0.006299912743590809,-84106.0,-0.023297738258472873,0.0,-78948.0,-0.021868949183529315,800.0,-79748.0,-0.022090552762427114,-0.06,-0.06,1236744.0,1236744.0,https://www.sec.gov/Archives/edgar/data/949852/000121390017002952/0001213900-17-002952-index.html,https://www.sec.gov/Archives/edgar/data/949852/000121390017002952/f10k2016_thanksgiving.htm,1620598633,18:17:13,20210509
16,2012-03-31,TCCI,USD,2012-03-31,2012-03-31,Q1,0.0,0.0,0.0,0.0,0.0,0.0,0.0,0.0,0.0,0.0,0.0,0.0,0.0,0.0,0.0,0.0,0.0,0.0,0.0,0.0,0.0,0.0,0.0,0.0,1236744.0,1236744.0,,,1620598633,18:17:13,20210509
17,2011-12-31,TCCI,USD,2011-12-31,2011-12-31,Q4,-3152613.0,-2086726.0,-1065887.0,0.338096366410974,0.0,-1156515.0,0.0,-58429.0,-1214944.0,-3301670.0,-18992.0,-78289.0,70768.0,-0.022447411084075337,149057.0,-0.047280462270503865,-297040.0,-147983.0,0.0469397924832512,-800.0,-147183.0,0.04668603472738329,-0.119,-0.119,1236744.0,1236744.0,,,1620598633,18:17:13,20210509
18,2011-09-30,TCCI,USD,2011-11-14 00:00:00,2011-11-14 11:52:00,Q3,1109793.0,785120.0,324673.0,0.2925527553336523,0.0,397094.0,0.0,21237.0,418331.0,1203451.0,6234.0,24393.0,-69265.0,-0.06241253999619749,-93658.0,-0.08439231460281332,286278.0,192620.0,0.17356389885320955,0.0,192620.0,0.17356389885320955,0.15575,0.15575,1236744.0,1236744.0,https://www.sec.gov/Archives/edgar/data/949852/000119312511309857/0001193125-11-309857-index.html,https://www.sec.gov/Archives/edgar/data/949852/000119312511309857/d245167d10q.htm,1620598633,18:17:13,20210509
19,2011-06-30,TCCI,USD,2011-08-15 00:00:00,2011-08-15 13:01:49,Q2,2042820.0,1301606.0,741214.0,0.36283862503793773,0.0,759421.0,0.0,37192.0,796613.0,2098219.0,12758.0,53896.0,-1503.0,-0.0007357476429641378,-55399.0,-0.027118884679022136,10762.0,-44637.0,-0.02185067700531618,800.0,-45437.0,-0.022242292517206608,-0.03673921199536848,-0.03673921199536848,1236744.0,1236744.0,https://www.sec.gov/Archives/edgar/data/949852/000119312511222689/0001193125-11-222689-index.html,https://www.sec.gov/Archives/edgar/data/949852/000119312511222689/d10q.htm,1620598633,18:17:13,20210509
20,2008-03-31,TCCI,USD,2008-05-15,2008-05-15,Q1,1045072.0,629920.0,415152.0,0.3972472710014238,0.0,449112.0,0.0,25846.0,474958.0,1104878.0,10296.0,28490.0,-44022.0,-0.042123413506437835,-72512.0,-0.06938469311205353,-12706.0,-72512.0,-0.06938469311205353,-800.0,-73312.0,-0.07015019060887671,-0.059,-0.059,1236744.0,1236744.0,https://www.sec.gov/Archives/edgar/data/949852/000119312508115729/0001193125-08-115729-index.htm,https://www.sec.gov/Archives/edgar/data/949852/000119312508115729/d10qsb.htm,1620598633,18:17:13,20210509
