,date,symbol,reportedCurrency,fillingDate,acceptedDate,period,revenue,costOfRevenue,grossProfit,grossProfitRatio,researchAndDevelopmentExpenses,generalAndAdministrativeExpenses,sellingAndMarketingExpenses,otherExpenses,operatingExpenses,costAndExpenses,interestExpense,depreciationAndAmortization,ebitda,ebitdaratio,operatingIncome,operatingIncomeRatio,totalOtherIncomeExpensesNet,incomeBeforeTax,incomeBeforeTaxRatio,incomeTaxExpense,netIncome,netIncomeRatio,eps,epsdiluted,weightedAverageShsOut,weightedAverageShsOutDil,link,finalLink,timestamp,est_time,est_date
0,2020-12-31,PETQ,USD,2021-03-01,2021-02-26 21:53:48,Q4,164208000,135626000,28582000.0,0.1740597291240378,0.0,32631000.0,0.0,-131000.0,32631000.0,168257000,7799000.0,10033000.0,5984000.0,0.03644158628081458,-4049000.0,-0.024657751144889408,104000.0,-11744000.0,-0.07151904901101043,156000.0,-10419000.0,-0.06345001461560947,-0.41,-0.41,25413000,25413000,https://www.sec.gov/Archives/edgar/data/1668673/000155837021002058/0001558370-21-002058-index.htm,https://www.sec.gov/Archives/edgar/data/1668673/000155837021002058/petq-20201231x10k.htm,1620596464,17:41:04,20210509
1,2020-09-30,PETQ,USD,2020-11-06,2020-11-06 17:23:36,Q3,162083000,129815000,32268000.0,0.19908318577518924,0.0,35562000.0,0.0,13000.0,35562000.0,165377000,7829000.0,9145000.0,5851000.0,0.03609878889211083,-3294000.0,-0.02032292097258812,-238000.0,-11361000.0,-0.07009371741638543,53168000.0,-63061000.0,-0.38906609576574963,-2.53,-2.53,24935000,24935000,https://www.sec.gov/Archives/edgar/data/1668673/000155837020013195/0001558370-20-013195-index.htm,https://www.sec.gov/Archives/edgar/data/1668673/000155837020013195/petq-20200930x10q.htm,1620596464,17:41:04,20210509
2,2020-06-30,PETQ,USD,2020-08-07,2020-08-07 19:05:49,Q2,266982000,224798000,42184000.0,0.1580031612618079,0.0,38492000.0,0.0,324000.0,38492000.0,263290000,5967000.0,6327000.0,10019000.0,0.03752687447093812,3692000.0,0.013828647624184402,376000.0,-1899000.0,-0.007112839067802324,61000.0,-1891000.0,-0.0070828745009026825,-0.08,-0.08,24425000,24425000,https://www.sec.gov/Archives/edgar/data/1668673/000155837020009975/0001558370-20-009975-index.htm,https://www.sec.gov/Archives/edgar/data/1668673/000155837020009975/petq-20200630x10q.htm,1620596464,17:41:04,20210509
3,2020-03-31,PETQ,USD,2020-05-08,2020-05-08 08:43:37,Q1,186778000,154624000,32154000.0,0.17215089571576953,0.0,31690000.0,0.0,365000.0,31690000.0,186314000,4704000.0,5470000.0,5934000.0,0.03177033697758837,464000.0,0.0024842326184025955,438000.0,-3802000.0,-0.02035571641199713,-1169000.0,-2103000.0,-0.011259356026941074,-0.09,-0.09,23728000,23728000,https://www.sec.gov/Archives/edgar/data/1668673/000155837020005888/0001558370-20-005888-index.htm,https://www.sec.gov/Archives/edgar/data/1668673/000155837020002428/petq-20191231x10k.htm,1620596464,17:41:04,20210509
4,2019-12-31,PETQ,USD,2020-03-11,2020-03-11 17:18:48,Q4,154336000,133874000,20462000.0,0.13258086253369272,0.0,28867000.0,0.0,151000.0,28867000.0,162741000,4574000.0,5504000.0,-2901000.0,-0.018796651461745802,-8405000.0,-0.05445910221853618,-4157000.0,-17136000.0,-0.11103047895500726,-3386000.0,-10989000.0,-0.07120179348952933,-0.47,-0.47,23436000,23436000,https://www.sec.gov/Archives/edgar/data/1668673/000155837020002428/0001558370-20-002428-index.htm,https://www.sec.gov/Archives/edgar/data/1668673/000155837020002428/petq-20191231x10k.htm,1620596464,17:41:04,20210509
5,2019-09-30,PETQ,USD,2019-11-08,2019-11-08 06:50:29,Q3,186025000,158734000,27291000.0,0.14670608789141246,0.0,29345000.0,0.0,6000.0,29345000.0,188079000,5742000.0,4949000.0,2895000.0,0.015562424405321865,-2054000.0,-0.011041526676521973,-2304000.0,-10100000.0,-0.05429377771804865,-1304000.0,-5890000.0,-0.03166241096626798,-0.26,-0.26,22974000,22974000,https://www.sec.gov/Archives/edgar/data/1668673/000155837019010491/0001558370-19-010491-index.htm,https://www.sec.gov/Archives/edgar/data/1668673/000155837019010491/petq-20190930x10q.htm,1620596464,17:41:04,20210509
6,2019-06-30,PETQ,USD,2019-08-08,2019-08-07 20:25:25,Q2,220634000,185734000,34900000.0,0.15818051614891632,0.0,24450000.0,0.0,2000.0,24450000.0,210184000,2242000.0,2965000.0,13415000.0,0.06080205226755622,10450000.0,0.04736350698441763,-1409000.0,6799000.0,0.03081574009445507,881000.0,3815000.0,0.017291079344072084,0.1705790297339593,0.16882772049387088,22365000,22597000,https://www.sec.gov/Archives/edgar/data/1668673/000155837019007551/0001558370-19-007551-index.htm,https://www.sec.gov/Archives/edgar/data/1668673/000155837019007551/petq-20190630x10q.htm,1620596464,17:41:04,20210509
7,2019-03-31,PETQ,USD,2019-05-09,2019-05-09 06:18:24,Q1,148436000,123706000,24730000.0,0.16660378883828722,0.0,20538000.0,0.0,13000.0,20538000.0,144244000,1937000.0,3091000.0,7283000.0,0.049064916866528335,4192000.0,0.028241127489288313,571000.0,2826000.0,0.019038508178608964,500000.0,1611000.0,0.010853162305640141,0.07389897070339298,0.07330091349045299,21800033,21977898,https://www.sec.gov/Archives/edgar/data/1668673/000155837019004556/0001558370-19-004556-index.htm,https://www.sec.gov/Archives/edgar/data/1668673/000155837019001855/petq-20181231x10k.htm,1620596464,17:41:04,20210509
8,2018-12-31,PETQ,USD,2019-03-12,2019-03-12 16:41:20,Q4,111024000,94119000,16905000.0,0.15226437527021183,0.0,18728000.0,0.0,277000.0,18728000.0,112847000,1882000.0,3540000.0,1717000.0,0.015465124657731661,-1823000.0,-0.016419873180573568,-2966000.0,-6671000.0,-0.060086107508286496,-1415000.0,-3474000.0,-0.0312905317769131,-0.16,-0.16,21282724,21282724,https://www.sec.gov/Archives/edgar/data/1668673/000155837019001855/0001558370-19-001855-index.htm,https://www.sec.gov/Archives/edgar/data/1668673/000155837019001855/petq-20181231x10k.htm,1620596464,17:41:04,20210509
9,2018-09-30,PETQ,USD,2018-11-14,2018-11-14 06:21:47,Q3,131382000,107200000,24182000.0,0.18405869906075414,0.0,17621000.0,0.0,351000.0,17621000.0,124821000,2159000.0,3213000.0,9774000.0,0.07439375256884505,6561000.0,0.0499383477188656,301000.0,4703000.0,0.03579638002161636,801000.0,2221000.0,0.016904903259198367,0.13108171035368454,0.12883639216800033,16943630,17238918,https://www.sec.gov/Archives/edgar/data/1668673/000155837018009305/0001558370-18-009305-index.htm,https://www.sec.gov/Archives/edgar/data/1668673/000155837018009305/petq-20180930x10q.htm,1620596464,17:41:04,20210509
10,2018-06-30,PETQ,USD,2018-08-14,2018-08-14 16:45:13,Q2,171142000,144824000,26318000.0,0.15377873344941628,0.0,16943000.0,0.0,-877000.0,16943000.0,161767000,2216000.0,3192000.0,12567000.0,0.0734302509027591,9375000.0,0.05477907234927721,-741000.0,6418000.0,0.03750102254268385,1020000.0,2499000.0,0.014601909525423333,0.15638189246620376,0.15610899668829037,15980111,16008046,https://www.sec.gov/Archives/edgar/data/1668673/000155837018007095/0001558370-18-007095-index.htm,https://www.sec.gov/Archives/edgar/data/1668673/000155837018007095/petq-20180630x10q.htm,1620596464,17:41:04,20210509
11,2018-03-31,PETQ,USD,2018-05-15,2018-05-15 17:25:02,Q1,115066000,99183000,15883000.0,0.1380338240661881,0.0,18968000.0,0.0,-96000.0,18968000.0,118151000,1765000.0,2522000.0,-563000.0,-0.004892844106860411,-3085000.0,-0.02681069994611788,-174000.0,-5024000.0,-0.04366189838875081,-1067000.0,-2028000.0,-0.017624667582083326,-0.14,-0.14,14574883,14574883,https://www.sec.gov/Archives/edgar/data/1668673/000155837018004834/0001558370-18-004834-index.htm,https://www.sec.gov/Archives/edgar/data/1668673/000155837018002008/petq-20171231x10k.htm,1620596464,17:41:04,20210509
12,2017-12-31,PETQ,USD,2018-03-13,2018-03-13 17:19:03,Q4,51926000,41400000,10526000.0,0.20271155105342217,0.0,10484000.0,0.0,187000.0,10484000.0,51884000,212000.0,889000.0,931000.0,0.017929361013750336,42000.0,0.0008088433540037746,199000.0,29000.0,0.0005584870777645111,3420000.0,-3267000.0,-0.06291645803643647,-0.22415274276987335,-0.22415274276987335,14574883,14574883,https://www.sec.gov/Archives/edgar/data/1668673/000155837018002008/0001558370-18-002008-index.htm,https://www.sec.gov/Archives/edgar/data/1668673/000155837018002008/petq-20171231x10k.htm,1620596464,17:41:04,20210509
13,2017-09-30,PETQ,USD,2017-11-09,2017-11-08 19:35:31,Q3,60554000,48037000,12517000.0,0.20670806222545166,0.0,10739000.0,0.0,14000.0,10739000.0,58776000,352000.0,1038000.0,2816000.0,0.04650394689037884,1778000.0,0.02936222214882584,-17000.0,1409000.0,0.023268487630874923,550000.0,-226000.0,-0.0037322059649238697,-0.02,-0.02,13222583,13222583,https://www.sec.gov/Archives/edgar/data/1668673/000155837017008599/0001558370-17-008599-index.htm,https://www.sec.gov/Archives/edgar/data/1668673/000155837017008599/petq-20170930x10q.htm,1620596464,17:41:04,20210509
14,2017-06-30,PETQ,USD,2017-08-14,2017-08-14,Q2,87178000,71227000,15951000.0,0.18297047420220697,0.0,9277000.0,0.0,3000.0,9277000.0,80504000,535000.0,836000.0,7510000.0,0.08614558718942852,6674000.0,0.07655601183784899,-69000.0,6070000.0,0.06962765835417192,0.0,6071000.0,0.0696391291380853,0.301991,0.301991,20103271,20103271,https://www.sec.gov/Archives/edgar/data/1668673/000155837017006650/0001558370-17-006650-index.htm,https://www.sec.gov/Archives/edgar/data/1668673/000155837017006650/petq-20170630x10q.htm,1620596464,17:41:04,20210509
15,2017-03-31,PETQ,USD,2017-03-31,2017-03-31,Q1,67029000,54829000,12200000.0,0.1820107714571305,0.0,7405000.0,0.0,-3000.0,7405000.0,62234000,464000.0,851000.0,5646000.0,0.08423219800384908,4795000.0,0.07153620074892957,-52000.0,4279000.0,0.06383804025123455,0.0,4281000.0,0.06386787808262095,0.06,0.06,12285083,12285083,,,1620596464,17:41:04,20210509
16,2016-12-31,PETQ,USD,2016-12-31,2016-12-31,Q4,44913000,37259000,7654000.0,0.17041836439338276,0.0,7538000.0,0.0,5000.0,7538000.0,44797000,669000.0,1189000.0,1305000.0,0.029056175272192907,116000.0,0.002582771135306036,-624000.0,-1177000.0,-0.02620622091599314,0.0,-3398000.0,-0.07565738204974061,-0.276595607860362,-0.276595607860362,12285083,12285083,,,1620596464,17:41:04,20210509
17,2016-09-30,PETQ,USD,2016-09-30,2016-09-30,Q3,41671000,35511000,6160000.0,0.14782462623887116,0.0,7942000.0,0.0,5000.0,7942000.0,43453000,737000.0,744000.0,-1038000.0,-0.024909409421420173,-1782000.0,-0.042763552590530586,7000.0,-2512000.0,-0.0602817307000072,0.0,0.0,0.0,0.0,0.0,12285083,12285083,,,1620596464,17:41:04,20210509
18,2016-06-30,PETQ,USD,2016-06-30,2016-06-30,Q2,61280000,52319000,8961000.0,0.1462304177545692,0.0,8302000.0,0.0,654000.0,8302000.0,60621000,751000.0,865000.0,1524000.0,0.024869451697127936,659000.0,0.010753916449086161,690000.0,598000.0,0.009758485639686685,0.0,597000.0,0.009742167101827676,0.048596,0.048596,12285083,12285083,,,1620596464,17:41:04,20210509
19,2016-03-31,PETQ,USD,2016-03-31,2016-03-31,Q1,52298000,42526000,9772000.0,0.18685226968526522,0.0,8063000.0,0.0,2000.0,8063000.0,50589000,901000.0,1276000.0,2985000.0,0.05707675245707293,1709000.0,0.032678113885808255,-1112000.0,-304000.0,-0.005812841791273089,0.0,-305000.0,-0.005831962981375961,-0.024827,-0.024827,12285083,12285083,,,1620596464,17:41:04,20210509
