,date,symbol,reportedCurrency,fillingDate,acceptedDate,period,revenue,costOfRevenue,grossProfit,grossProfitRatio,researchAndDevelopmentExpenses,generalAndAdministrativeExpenses,sellingAndMarketingExpenses,otherExpenses,operatingExpenses,costAndExpenses,interestExpense,depreciationAndAmortization,ebitda,ebitdaratio,operatingIncome,operatingIncomeRatio,totalOtherIncomeExpensesNet,incomeBeforeTax,incomeBeforeTaxRatio,incomeTaxExpense,netIncome,netIncomeRatio,eps,epsdiluted,weightedAverageShsOut,weightedAverageShsOutDil,link,finalLink,timestamp,est_time,est_date
0,2020-09-30,0292.HK,HKD,2020-09-30,2020-09-30,Q3,280854250,48609750,232244500,0.8269217930652643,0.0,37098500,0.0,0.0,0.0,119423250,52905250.0,33715000.0,195146000.0,0.6948301476655596,161431000.0,0.5747856762003779,0.0,93276500.0,0.3321171034442242,-2620000.0,95752500.0,0.34093306403588336,0.0475,0.021,2018040477,4711160487,https://www1.hkexnews.hk/search/titlesearch.xhtml,https://www1.hkexnews.hk/search/titlesearch.xhtml,1620584649,14:24:09,20210509
1,2020-06-30,0292.HK,HKD,2020-06-30,2020-06-30,Q2,280854250,48609750,232244500,0.8269217930652643,0.0,37098500,0.0,0.0,0.0,119423250,52905250.0,33715000.0,195146000.0,0.6948301476655596,161431000.0,0.5747856762003779,0.0,93276500.0,0.3321171034442242,-2620000.0,95752500.0,0.34093306403588336,0.0475,0.021,2018040477,4711160487,https://www1.hkexnews.hk/search/titlesearch.xhtml,https://www1.hkexnews.hk/search/titlesearch.xhtml,1620584649,14:24:09,20210509
2,2020-03-31,0292.HK,HKD,2020-03-31,2020-03-31,Q1,280854250,48609750,232244500,0.8269217930652643,0.0,37098500,0.0,0.0,0.0,119423250,52905250.0,33715000.0,195146000.0,0.6948301476655596,161431000.0,0.5747856762003779,0.0,93276500.0,0.3321171034442242,-2620000.0,95752500.0,0.34093306403588336,0.0475,0.021,2018040477,4711160487,https://www1.hkexnews.hk/search/titlesearch.xhtml,https://www1.hkexnews.hk/search/titlesearch.xhtml,1620584649,14:24:09,20210509
3,2020-01-31,0292.HK,HKD,2020-01-31,2020-01-31,Q1,280854250,48609750,232244500,0.8269217930652643,0.0,37098500,0.0,0.0,0.0,119423250,52905250.0,33715000.0,195146000.0,0.6948301476655596,161431000.0,0.5747856762003779,0.0,93276500.0,0.3321171034442242,-2620000.0,95752500.0,0.34093306403588336,0.0475,0.021,2018040477,4711160487,https://www1.hkexnews.hk/search/titlesearch.xhtml,https://www1.hkexnews.hk/search/titlesearch.xhtml,1620584649,14:24:09,20210509
4,2019-09-30,0292.HK,HKD,2019-09-30,2019-09-30,Q3,299844750,62456250,237388500,0.7917047071859687,0.0,41454250,0.0,0.0,0.0,132152750,41953000.0,28242250.0,195934250.0,0.6534523282465342,167692000.0,0.5592627518073937,0.0,89410000.0,0.29818764543984844,4343500.0,84934250.0,0.283260754106917,0.042,0.01875,2018040477,4716200564,https://www1.hkexnews.hk/search/titlesearch.xhtml,https://www1.hkexnews.hk/search/titlesearch.xhtml,1620584649,14:24:09,20210509
5,2019-06-30,0292.HK,HKD,2019-06-30,2019-06-30,Q2,299844750,62456250,237388500,0.7917047071859687,0.0,41454250,0.0,0.0,0.0,132152750,41953000.0,28242250.0,195934250.0,0.6534523282465342,167692000.0,0.5592627518073937,0.0,89410000.0,0.29818764543984844,4343500.0,84934250.0,0.283260754106917,0.042,0.01875,2018040477,4716200564,https://www1.hkexnews.hk/search/titlesearch.xhtml,https://www1.hkexnews.hk/search/titlesearch.xhtml,1620584649,14:24:09,20210509
6,2019-03-31,0292.HK,HKD,2019-03-31,2019-03-31,Q1,299844750,62456250,237388500,0.7917047071859687,0.0,41454250,0.0,0.0,0.0,132152750,41953000.0,28242250.0,195934250.0,0.6534523282465342,167692000.0,0.5592627518073937,0.0,89410000.0,0.29818764543984844,4343500.0,84934250.0,0.283260754106917,0.042,0.01875,2018040477,4716200564,https://www1.hkexnews.hk/search/titlesearch.xhtml,https://www1.hkexnews.hk/search/titlesearch.xhtml,1620584649,14:24:09,20210509
7,2019-01-31,0292.HK,HKD,2019-01-31,2019-01-31,Q1,299844750,62456250,237388500,0.7917047071859687,0.0,41454250,0.0,0.0,0.0,132152750,41953000.0,28242250.0,195934250.0,0.6534523282465342,167692000.0,0.5592627518073937,0.0,89410000.0,0.29818764543984844,4343500.0,84934250.0,0.283260754106917,0.042,0.01875,2018040477,4716200564,https://www1.hkexnews.hk/search/titlesearch.xhtml,https://www1.hkexnews.hk/search/titlesearch.xhtml,1620584649,14:24:09,20210509
8,2018-09-30,0292.HK,HKD,2018-09-30,2018-09-30,Q3,210660250,59688250,150972000,0.7166610691860472,0.0,40870000,0.0,0.0,0.0,130907500,16795500.0,30349250.0,110102000.0,0.5226519953337186,79752750.0,0.37858471163876434,0.0,44772250.0,0.21253297667690035,1814750.0,42957500.0,0.20391839466629325,0.02125,0.00975,2018040477,4720585648,https://www1.hkexnews.hk/search/titlesearch.xhtml,https://www1.hkexnews.hk/search/titlesearch.xhtml,1620584649,14:24:09,20210509
9,2018-06-30,0292.HK,HKD,2018-06-30,2018-06-30,Q2,210660250,59688250,150972000,0.7166610691860472,0.0,40870000,0.0,0.0,0.0,130907500,16795500.0,30349250.0,110102000.0,0.5226519953337186,79752750.0,0.37858471163876434,0.0,44772250.0,0.21253297667690035,1814750.0,42957500.0,0.20391839466629325,0.02125,0.00975,2018040477,4720585648,https://www1.hkexnews.hk/search/titlesearch.xhtml,https://www1.hkexnews.hk/search/titlesearch.xhtml,1620584649,14:24:09,20210509
10,2018-03-31,0292.HK,HKD,2018-03-31,2018-03-31,Q1,210660250,59688250,150972000,0.7166610691860472,0.0,40870000,0.0,0.0,0.0,130907500,16795500.0,30349250.0,110102000.0,0.5226519953337186,79752750.0,0.37858471163876434,0.0,44772250.0,0.21253297667690035,1814750.0,42957500.0,0.20391839466629325,0.02125,0.00975,2018040477,4720585648,https://www1.hkexnews.hk/search/titlesearch.xhtml,https://www1.hkexnews.hk/search/titlesearch.xhtml,1620584649,14:24:09,20210509
11,2018-01-31,0292.HK,HKD,2018-01-31,2018-01-31,Q1,210660250,59688250,150972000,0.7166610691860472,0.0,40870000,0.0,0.0,0.0,130907500,16795500.0,30349250.0,110102000.0,0.5226519953337186,79752750.0,0.37858471163876434,0.0,44772250.0,0.21253297667690035,1814750.0,42957500.0,0.20391839466629325,0.02125,0.00975,2018040477,4720585648,https://www1.hkexnews.hk/search/titlesearch.xhtml,https://www1.hkexnews.hk/search/titlesearch.xhtml,1620584649,14:24:09,20210509
12,2017-09-30,0292.HK,HKD,2017-09-30,2017-09-30,Q3,184150250,59663750,124486500,0.6760050556542823,0.0,37941500,0.0,0.0,0.0,126647500,8258750.0,29042250.0,86545000.0,0.46996949501833424,57502750.0,0.31225996163458913,0.0,109161750.0,0.5927863252968704,949500.0,108212250.0,0.5876302095707174,0.053625,0.046175,2017963377,2350039562,https://www1.hkexnews.hk/search/titlesearch.xhtml,https://www1.hkexnews.hk/search/titlesearch.xhtml,1620584649,14:24:09,20210509
13,2017-06-30,0292.HK,HKD,2017-06-30,2017-06-30,Q2,184150250,59663750,124486500,0.6760050556542823,0.0,37941500,0.0,0.0,0.0,126647500,8258750.0,29042250.0,86545000.0,0.46996949501833424,57502750.0,0.31225996163458913,0.0,109161750.0,0.5927863252968704,949500.0,108212250.0,0.5876302095707174,0.053625,0.046175,2017963377,2350039562,https://www1.hkexnews.hk/search/titlesearch.xhtml,https://www1.hkexnews.hk/search/titlesearch.xhtml,1620584649,14:24:09,20210509
14,2017-03-31,0292.HK,HKD,2017-03-31,2017-03-31,Q1,184150250,59663750,124486500,0.6760050556542823,0.0,37941500,0.0,0.0,0.0,126647500,8258750.0,29042250.0,86545000.0,0.46996949501833424,57502750.0,0.31225996163458913,0.0,109161750.0,0.5927863252968704,949500.0,108212250.0,0.5876302095707174,0.053625,0.046175,2017963377,2350039562,https://www1.hkexnews.hk/search/titlesearch.xhtml,https://www1.hkexnews.hk/search/titlesearch.xhtml,1620584649,14:24:09,20210509
15,2017-01-31,0292.HK,HKD,2017-01-31,2017-01-31,Q1,184150250,59663750,124486500,0.6760050556542823,0.0,37941500,0.0,0.0,0.0,126647500,8258750.0,29042250.0,86545000.0,0.46996949501833424,57502750.0,0.31225996163458913,0.0,109161750.0,0.5927863252968704,949500.0,108212250.0,0.5876302095707174,0.053625,0.046175,2017963377,2350039562,https://www1.hkexnews.hk/search/titlesearch.xhtml,https://www1.hkexnews.hk/search/titlesearch.xhtml,1620584649,14:24:09,20210509
16,2016-09-30,0292.HK,HKD,2016-09-30,2016-09-30,Q3,169247250,57904500,111342750,0.6578703642156667,0.0,34635000,0.0,0.0,0.0,113577750,5069250.0,21038250.0,76707750.0,0.4532289298644439,55669500.0,0.3289241036412704,0.0,64970000.0,0.3838762520513627,2317000.0,62653000.0,0.3701862216372792,0.0399,0.039875,1570386829,1571235110,https://www1.hkexnews.hk/search/titlesearch.xhtml,https://www1.hkexnews.hk/search/titlesearch.xhtml,1620584649,14:24:09,20210509
17,2016-06-30,0292.HK,HKD,2016-06-30,2016-06-30,Q2,169247250,57904500,111342750,0.6578703642156667,0.0,34635000,0.0,0.0,0.0,113577750,5069250.0,21038250.0,76707750.0,0.4532289298644439,55669500.0,0.3289241036412704,0.0,64970000.0,0.3838762520513627,2317000.0,62653000.0,0.3701862216372792,0.0399,0.039875,1570386829,1571235110,https://www1.hkexnews.hk/search/titlesearch.xhtml,https://www1.hkexnews.hk/search/titlesearch.xhtml,1620584649,14:24:09,20210509
18,2016-03-31,0292.HK,HKD,2016-03-31,2016-03-31,Q1,169247250,57904500,111342750,0.6578703642156667,0.0,34635000,0.0,0.0,0.0,113577750,5069250.0,21038250.0,76707750.0,0.4532289298644439,55669500.0,0.3289241036412704,0.0,64970000.0,0.3838762520513627,2317000.0,62653000.0,0.3701862216372792,0.0399,0.039875,1570386829,1571235110,https://www1.hkexnews.hk/search/titlesearch.xhtml,https://www1.hkexnews.hk/search/titlesearch.xhtml,1620584649,14:24:09,20210509
19,2016-01-31,0292.HK,HKD,2016-01-31,2016-01-31,Q1,169247250,57904500,111342750,0.6578703642156667,0.0,34635000,0.0,0.0,0.0,113577750,5069250.0,21038250.0,76707750.0,0.4532289298644439,55669500.0,0.3289241036412704,0.0,64970000.0,0.3838762520513627,2317000.0,62653000.0,0.3701862216372792,0.0399,0.039875,1570386829,1571235110,https://www1.hkexnews.hk/search/titlesearch.xhtml,https://www1.hkexnews.hk/search/titlesearch.xhtml,1620584649,14:24:09,20210509
20,2015-09-30,0292.HK,HKD,2015-09-30,2015-09-30,Q3,174908250,56618750,118289500,0.6762945715825297,0.0,33247500,0.0,0.0,0.0,111723250,4769500.0,21857000.0,85042000.0,0.48620919825108305,63185000.0,0.36124653925701045,0.0,34434000.0,0.19686892985322305,4418750.0,30015250.0,0.17160568469468993,0.01925,0.01925,1559636149,1559636149,https://www1.hkexnews.hk/search/titlesearch.xhtml,https://www1.hkexnews.hk/search/titlesearch.xhtml,1620584649,14:24:09,20210509
21,2015-06-30,0292.HK,HKD,2015-06-30,2015-06-30,Q2,174908250,56618750,118289500,0.6762945715825297,0.0,33247500,0.0,0.0,0.0,111723250,4769500.0,21857000.0,85042000.0,0.48620919825108305,63185000.0,0.36124653925701045,0.0,34434000.0,0.19686892985322305,4418750.0,30015250.0,0.17160568469468993,0.01925,0.01925,1559636149,1559636149,https://www1.hkexnews.hk/search/titlesearch.xhtml,https://www1.hkexnews.hk/search/titlesearch.xhtml,1620584649,14:24:09,20210509
22,2015-03-31,0292.HK,HKD,2015-03-31,2015-03-31,Q1,174908250,56618750,118289500,0.6762945715825297,0.0,33247500,0.0,0.0,0.0,111723250,4769500.0,21857000.0,85042000.0,0.48620919825108305,63185000.0,0.36124653925701045,0.0,34434000.0,0.19686892985322305,4418750.0,30015250.0,0.17160568469468993,0.01925,0.01925,1559636149,1559636149,https://www1.hkexnews.hk/search/titlesearch.xhtml,https://www1.hkexnews.hk/search/titlesearch.xhtml,1620584649,14:24:09,20210509
23,2015-01-31,0292.HK,HKD,2015-01-31,2015-01-31,Q1,174908250,56618750,118289500,0.6762945715825297,0.0,33247500,0.0,0.0,0.0,111723250,4769500.0,21857000.0,85042000.0,0.48620919825108305,63185000.0,0.36124653925701045,0.0,34434000.0,0.19686892985322305,4418750.0,30015250.0,0.17160568469468993,0.01925,0.01925,1559636149,1559636149,https://www1.hkexnews.hk/search/titlesearch.xhtml,https://www1.hkexnews.hk/search/titlesearch.xhtml,1620584649,14:24:09,20210509
24,2014-09-30,0292.HK,HKD,2014-09-30,2014-09-30,Q3,162858250,45359000,117499250,0.7214817179970926,0.0,32521750,0.0,0.0,0.0,98741750,4394500.0,20861000.0,84977500.0,0.5217881194228724,64116500.0,0.39369513058134914,0.0,93312000.0,0.5729645258990564,6070750.0,87241250.0,0.5356882442246554,0.0575,0.0575,1549842336,1549842336,https://www1.hkexnews.hk/search/titlesearch.xhtml,https://www1.hkexnews.hk/search/titlesearch.xhtml,1620584649,14:24:09,20210509
25,2014-06-30,0292.HK,HKD,2014-06-30,2014-06-30,Q2,162858250,45359000,117499250,0.7214817179970926,0.0,32521750,0.0,0.0,0.0,98741750,4394500.0,20861000.0,84977500.0,0.5217881194228724,64116500.0,0.39369513058134914,0.0,93312000.0,0.5729645258990564,6070750.0,87241250.0,0.5356882442246554,0.0575,0.0575,1549842336,1549842336,https://www1.hkexnews.hk/search/titlesearch.xhtml,https://www1.hkexnews.hk/search/titlesearch.xhtml,1620584649,14:24:09,20210509
26,2014-03-31,0292.HK,HKD,2014-03-31,2014-03-31,Q1,162858250,45359000,117499250,0.7214817179970926,0.0,32521750,0.0,0.0,0.0,98741750,4394500.0,20861000.0,84977500.0,0.5217881194228724,64116500.0,0.39369513058134914,0.0,93312000.0,0.5729645258990564,6070750.0,87241250.0,0.5356882442246554,0.0575,0.0575,1549842336,1549842336,https://www1.hkexnews.hk/search/titlesearch.xhtml,https://www1.hkexnews.hk/search/titlesearch.xhtml,1620584649,14:24:09,20210509
27,2014-01-31,0292.HK,HKD,2014-01-31,2014-01-31,Q1,162858250,45359000,117499250,0.7214817179970926,0.0,32521750,0.0,0.0,0.0,98741750,4394500.0,20861000.0,84977500.0,0.5217881194228724,64116500.0,0.39369513058134914,0.0,93312000.0,0.5729645258990564,6070750.0,87241250.0,0.5356882442246554,0.0575,0.0575,1549842336,1549842336,https://www1.hkexnews.hk/search/titlesearch.xhtml,https://www1.hkexnews.hk/search/titlesearch.xhtml,1620584649,14:24:09,20210509
28,2013-09-30,0292.HK,HKD,2013-09-30,2013-09-30,Q3,211485500,92882500,118603000,0.5608091334866929,0.0,36081500,0.0,0.0,0.0,150137500,6297500.0,21173500.0,82521500.0,0.3901993280863227,61348000.0,0.29008135309512945,0.0,112570500.0,0.5322847192833551,6626250.0,105944250.0,0.5009527839970116,0.0675,0.0675,1549842336,1549842336,https://www1.hkexnews.hk/search/titlesearch.xhtml,https://www1.hkexnews.hk/search/titlesearch.xhtml,1620584649,14:24:09,20210509
29,2013-06-30,0292.HK,HKD,2013-06-30,2013-06-30,Q2,211485500,92882500,118603000,0.5608091334866929,0.0,36081500,0.0,0.0,0.0,150137500,6297500.0,21173500.0,82521500.0,0.3901993280863227,61348000.0,0.29008135309512945,0.0,112570500.0,0.5322847192833551,6626250.0,105944250.0,0.5009527839970116,0.0675,0.0675,1549842336,1549842336,https://www1.hkexnews.hk/search/titlesearch.xhtml,https://www1.hkexnews.hk/search/titlesearch.xhtml,1620584649,14:24:09,20210509
30,2013-03-31,0292.HK,HKD,2013-03-31,2013-03-31,Q1,211485500,92882500,118603000,0.5608091334866929,0.0,36081500,0.0,0.0,0.0,150137500,6297500.0,21173500.0,82521500.0,0.3901993280863227,61348000.0,0.29008135309512945,0.0,112570500.0,0.5322847192833551,6626250.0,105944250.0,0.5009527839970116,0.0675,0.0675,1549842336,1549842336,https://www1.hkexnews.hk/search/titlesearch.xhtml,https://www1.hkexnews.hk/search/titlesearch.xhtml,1620584649,14:24:09,20210509
31,2013-01-31,0292.HK,HKD,2013-01-31,2013-01-31,Q1,211485500,92882500,118603000,0.5608091334866929,0.0,36081500,0.0,0.0,0.0,150137500,6297500.0,21173500.0,82521500.0,0.3901993280863227,61348000.0,0.29008135309512945,0.0,112570500.0,0.5322847192833551,6626250.0,105944250.0,0.5009527839970116,0.0675,0.0675,1549842336,1549842336,https://www1.hkexnews.hk/search/titlesearch.xhtml,https://www1.hkexnews.hk/search/titlesearch.xhtml,1620584649,14:24:09,20210509
32,2012-09-30,0292.HK,HKD,2012-09-30,2012-09-30,Q3,205642250,80884500,124757750,0.6066737258515699,0.0,31579750,0.0,0.0,0.0,276684000,43250.0,22534750.0,-48507000.0,-0.23588051579867464,-71041750.0,-0.3454628122382438,0.0,-71085000.0,-0.34567312894115876,6778500.0,-77863500.0,-0.3786357132349991,-0.05,-0.05,1543771729,1543771729,https://www1.hkexnews.hk/search/titlesearch.xhtml,https://www1.hkexnews.hk/search/titlesearch.xhtml,1620584649,14:24:09,20210509
33,2012-06-30,0292.HK,HKD,2012-06-30,2012-06-30,Q2,205642250,80884500,124757750,0.6066737258515699,0.0,31579750,0.0,0.0,0.0,276684000,43250.0,22534750.0,-48507000.0,-0.23588051579867464,-71041750.0,-0.3454628122382438,0.0,-71085000.0,-0.34567312894115876,6778500.0,-77863500.0,-0.3786357132349991,-0.05,-0.05,1543771729,1543771729,https://www1.hkexnews.hk/search/titlesearch.xhtml,https://www1.hkexnews.hk/search/titlesearch.xhtml,1620584649,14:24:09,20210509
34,2012-03-31,0292.HK,HKD,2012-03-31,2012-03-31,Q1,205642250,80884500,124757750,0.6066737258515699,0.0,31579750,0.0,0.0,0.0,276684000,43250.0,22534750.0,-48507000.0,-0.23588051579867464,-71041750.0,-0.3454628122382438,0.0,-71085000.0,-0.34567312894115876,6778500.0,-77863500.0,-0.3786357132349991,-0.05,-0.05,1543771729,1543771729,https://www1.hkexnews.hk/search/titlesearch.xhtml,https://www1.hkexnews.hk/search/titlesearch.xhtml,1620584649,14:24:09,20210509
35,2012-01-31,0292.HK,HKD,2012-01-31,2012-01-31,Q1,205642250,80884500,124757750,0.6066737258515699,0.0,31579750,0.0,0.0,0.0,276684000,43250.0,22534750.0,-48507000.0,-0.23588051579867464,-71041750.0,-0.3454628122382438,0.0,-71085000.0,-0.34567312894115876,6778500.0,-77863500.0,-0.3786357132349991,-0.05,-0.05,1543771729,1543771729,https://www1.hkexnews.hk/search/titlesearch.xhtml,https://www1.hkexnews.hk/search/titlesearch.xhtml,1620584649,14:24:09,20210509
36,2011-09-30,0292.HK,HKD,2011-09-30,2011-09-30,Q3,173962750,82561500,91401250,0.5254070196062088,0.0,26875750,0.0,0.0,0.0,72806500,12974750.0,22261500.0,123417750.0,0.7094492930239376,101156250.0,0.581482242606535,0.0,88181500.0,0.5068987470018725,6631000.0,81550500.0,0.4687813914185652,0.056625,0.05495,1440079623,1483849051,https://www1.hkexnews.hk/search/titlesearch.xhtml,https://www1.hkexnews.hk/search/titlesearch.xhtml,1620584649,14:24:09,20210509
37,2011-06-30,0292.HK,HKD,2011-06-30,2011-06-30,Q2,173962750,82561500,91401250,0.5254070196062088,0.0,26875750,0.0,0.0,0.0,72806500,12974750.0,22261500.0,123417750.0,0.7094492930239376,101156250.0,0.581482242606535,0.0,88181500.0,0.5068987470018725,6631000.0,81550500.0,0.4687813914185652,0.056625,0.05495,1440079623,1483849051,https://www1.hkexnews.hk/search/titlesearch.xhtml,https://www1.hkexnews.hk/search/titlesearch.xhtml,1620584649,14:24:09,20210509
38,2011-03-31,0292.HK,HKD,2011-03-31,2011-03-31,Q1,173962750,82561500,91401250,0.5254070196062088,0.0,26875750,0.0,0.0,0.0,72806500,12974750.0,22261500.0,123417750.0,0.7094492930239376,101156250.0,0.581482242606535,0.0,88181500.0,0.5068987470018725,6631000.0,81550500.0,0.4687813914185652,0.056625,0.05495,1440079623,1483849051,https://www1.hkexnews.hk/search/titlesearch.xhtml,https://www1.hkexnews.hk/search/titlesearch.xhtml,1620584649,14:24:09,20210509
39,2011-01-31,0292.HK,HKD,2011-01-31,2011-01-31,Q1,173962750,82561500,91401250,0.5254070196062088,0.0,26875750,0.0,0.0,0.0,72806500,12974750.0,22261500.0,123417750.0,0.7094492930239376,101156250.0,0.581482242606535,0.0,88181500.0,0.5068987470018725,6631000.0,81550500.0,0.4687813914185652,0.056625,0.05495,1440079623,1483849051,https://www1.hkexnews.hk/search/titlesearch.xhtml,https://www1.hkexnews.hk/search/titlesearch.xhtml,1620584649,14:24:09,20210509
40,2010-09-30,0292.HK,HKD,2010-09-30,2010-09-30,Q3,148539250,75518000,73021250,0.4915956556936971,0.0,23168750,0.0,-7675000.0,0.0,120894250,8238750.0,22207500.0,49852500.0,0.3356183634965169,27645000.0,0.1861124248304741,0.0,111638500.0,0.7515757619619057,2993500.0,108645000.0,0.7314228394178643,0.083,0.07765,1309007818,1399023323,https://www1.hkexnews.hk/search/titlesearch.xhtml,https://www1.hkexnews.hk/search/titlesearch.xhtml,1620584649,14:24:09,20210509
41,2010-06-30,0292.HK,HKD,2010-06-30,2010-06-30,Q2,148539250,75518000,73021250,0.4915956556936971,0.0,23168750,0.0,-7675000.0,0.0,120894250,8238750.0,22207500.0,49852500.0,0.3356183634965169,27645000.0,0.1861124248304741,0.0,111638500.0,0.7515757619619057,2993500.0,108645000.0,0.7314228394178643,0.083,0.07765,1309007818,1399023323,https://www1.hkexnews.hk/search/titlesearch.xhtml,https://www1.hkexnews.hk/search/titlesearch.xhtml,1620584649,14:24:09,20210509
42,2010-03-31,0292.HK,HKD,2010-03-31,2010-03-31,Q1,148539250,75518000,73021250,0.4915956556936971,0.0,23168750,0.0,-7675000.0,0.0,120894250,8238750.0,22207500.0,49852500.0,0.3356183634965169,27645000.0,0.1861124248304741,0.0,111638500.0,0.7515757619619057,2993500.0,108645000.0,0.7314228394178643,0.083,0.07765,1309007818,1399023323,https://www1.hkexnews.hk/search/titlesearch.xhtml,https://www1.hkexnews.hk/search/titlesearch.xhtml,1620584649,14:24:09,20210509
43,2010-01-31,0292.HK,HKD,2010-01-31,2010-01-31,Q1,148539250,75518000,73021250,0.4915956556936971,0.0,23168750,0.0,-7675000.0,0.0,120894250,8238750.0,22207500.0,49852500.0,0.3356183634965169,27645000.0,0.1861124248304741,0.0,111638500.0,0.7515757619619057,2993500.0,108645000.0,0.7314228394178643,0.083,0.07765,1309007818,1399023323,https://www1.hkexnews.hk/search/titlesearch.xhtml,https://www1.hkexnews.hk/search/titlesearch.xhtml,1620584649,14:24:09,20210509
44,2009-09-30,0292.HK,HKD,2009-09-30,2009-09-30,Q3,150883250,88006250,62877000,0.41672617735898454,0.0,23555250,0.0,0.0,0.0,195893000,9513750.0,17165000.0,-27844750.0,-0.1845450041671292,-45009750.0,-0.2983084603493098,0.0,-54523500.0,-0.36136217903577766,3050250.0,-57573750.0,-0.38157814071475793,-0.04425,-0.04425,1298820634,1298820634,https://www1.hkexnews.hk/search/titlesearch.xhtml,https://www1.hkexnews.hk/search/titlesearch.xhtml,1620584649,14:24:09,20210509
45,2009-06-30,0292.HK,HKD,2009-06-30,2009-06-30,Q2,150883250,88006250,62877000,0.41672617735898454,0.0,23555250,0.0,0.0,0.0,195893000,9513750.0,17165000.0,-27844750.0,-0.1845450041671292,-45009750.0,-0.2983084603493098,0.0,-54523500.0,-0.36136217903577766,3050250.0,-57573750.0,-0.38157814071475793,-0.04425,-0.04425,1298820634,1298820634,https://www1.hkexnews.hk/search/titlesearch.xhtml,https://www1.hkexnews.hk/search/titlesearch.xhtml,1620584649,14:24:09,20210509
46,2009-03-31,0292.HK,HKD,2009-03-31,2009-03-31,Q1,150883250,88006250,62877000,0.41672617735898454,0.0,23555250,0.0,0.0,0.0,195893000,9513750.0,17165000.0,-27844750.0,-0.1845450041671292,-45009750.0,-0.2983084603493098,0.0,-54523500.0,-0.36136217903577766,3050250.0,-57573750.0,-0.38157814071475793,-0.04425,-0.04425,1298820634,1298820634,https://www1.hkexnews.hk/search/titlesearch.xhtml,https://www1.hkexnews.hk/search/titlesearch.xhtml,1620584649,14:24:09,20210509
47,2009-01-31,0292.HK,HKD,2009-01-31,2009-01-31,Q1,150883250,88006250,62877000,0.41672617735898454,0.0,23555250,0.0,0.0,0.0,195893000,9513750.0,17165000.0,-27844750.0,-0.1845450041671292,-45009750.0,-0.2983084603493098,0.0,-54523500.0,-0.36136217903577766,3050250.0,-57573750.0,-0.38157814071475793,-0.04425,-0.04425,1298820634,1298820634,https://www1.hkexnews.hk/search/titlesearch.xhtml,https://www1.hkexnews.hk/search/titlesearch.xhtml,1620584649,14:24:09,20210509
48,2008-09-30,0292.HK,HKD,2008-09-30,2008-09-30,Q3,166212000,92709250,73502750,0.4422228840276274,0.0,23616750,0.0,0.0,0.0,129417000,0.0,0.0,36795000.0,4.5172441907867915,36795000.0,0.2213739080210815,0.0,27555500.0,0.1657852621952687,3488000.0,24067500.0,0.14480001443939067,0.019,0.019,1260519698,1260519698,https://www1.hkexnews.hk/search/titlesearch.xhtml,https://www1.hkexnews.hk/search/titlesearch.xhtml,1620584649,14:24:09,20210509
49,2008-06-30,0292.HK,HKD,2008-06-30,2008-06-30,Q2,166212000,92709250,73502750,0.4422228840276274,0.0,23616750,0.0,0.0,0.0,129417000,0.0,0.0,36795000.0,4.5172441907867915,36795000.0,0.2213739080210815,0.0,27555500.0,0.1657852621952687,3488000.0,24067500.0,0.14480001443939067,0.019,0.019,1260519698,1260519698,https://www1.hkexnews.hk/search/titlesearch.xhtml,https://www1.hkexnews.hk/search/titlesearch.xhtml,1620584649,14:24:09,20210509
50,2008-03-31,0292.HK,HKD,2008-03-31,2008-03-31,Q1,166212000,92709250,73502750,0.4422228840276274,0.0,23616750,0.0,0.0,0.0,129417000,0.0,0.0,36795000.0,4.5172441907867915,36795000.0,0.2213739080210815,0.0,27555500.0,0.1657852621952687,3488000.0,24067500.0,0.14480001443939067,0.019,0.019,1260519698,1260519698,https://www1.hkexnews.hk/search/titlesearch.xhtml,https://www1.hkexnews.hk/search/titlesearch.xhtml,1620584649,14:24:09,20210509
51,2008-01-31,0292.HK,HKD,2008-01-31,2008-01-31,Q1,166212000,92709250,73502750,0.4422228840276274,0.0,23616750,0.0,0.0,0.0,129417000,0.0,0.0,36795000.0,4.5172441907867915,36795000.0,0.2213739080210815,0.0,27555500.0,0.1657852621952687,3488000.0,24067500.0,0.14480001443939067,0.019,0.019,1260519698,1260519698,https://www1.hkexnews.hk/search/titlesearch.xhtml,https://www1.hkexnews.hk/search/titlesearch.xhtml,1620584649,14:24:09,20210509
52,2007-09-30,0292.HK,HKD,2007-09-30,2007-09-30,Q3,154319750,91597750,62722000,0.4064418196633937,0.0,22587000,0.0,0.0,0.0,134839500,0.0,0.0,19480250.0,7.921856752351741,19480250.0,0.12623303238891975,0.0,9487500.0,0.06147949306553439,2586250.0,6901250.0,0.04472045865807844,0.0075,0.00725,920166667,951896552,https://www1.hkexnews.hk/search/titlesearch.xhtml,https://www1.hkexnews.hk/search/titlesearch.xhtml,1620584649,14:24:09,20210509
53,2007-06-30,0292.HK,HKD,2007-06-30,2007-06-30,Q2,154319750,91597750,62722000,0.4064418196633937,0.0,22587000,0.0,0.0,0.0,134839500,0.0,0.0,19480250.0,7.921856752351741,19480250.0,0.12623303238891975,0.0,9487500.0,0.06147949306553439,2586250.0,6901250.0,0.04472045865807844,0.0075,0.00725,920166667,951896552,https://www1.hkexnews.hk/search/titlesearch.xhtml,https://www1.hkexnews.hk/search/titlesearch.xhtml,1620584649,14:24:09,20210509
54,2007-03-31,0292.HK,HKD,2007-03-31,2007-03-31,Q1,154319750,91597750,62722000,0.4064418196633937,0.0,22587000,0.0,0.0,0.0,134839500,0.0,0.0,19480250.0,7.921856752351741,19480250.0,0.12623303238891975,0.0,9487500.0,0.06147949306553439,2586250.0,6901250.0,0.04472045865807844,0.0075,0.00725,920166667,951896552,https://www1.hkexnews.hk/search/titlesearch.xhtml,https://www1.hkexnews.hk/search/titlesearch.xhtml,1620584649,14:24:09,20210509
55,2007-01-31,0292.HK,HKD,2007-01-31,2007-01-31,Q1,154319750,91597750,62722000,0.4064418196633937,0.0,22587000,0.0,0.0,0.0,134839500,0.0,0.0,19480250.0,7.921856752351741,19480250.0,0.12623303238891975,0.0,9487500.0,0.06147949306553439,2586250.0,6901250.0,0.04472045865807844,0.0075,0.00725,920166667,951896552,https://www1.hkexnews.hk/search/titlesearch.xhtml,https://www1.hkexnews.hk/search/titlesearch.xhtml,1620584649,14:24:09,20210509
56,2006-09-30,0292.HK,HKD,2006-09-30,2006-09-30,Q3,142448000,89260500,53187500,0.3733818656632596,0.0,19300750,0.0,0.0,0.0,131121500,0.0,0.0,11326500.0,12.576524080695714,11326500.0,0.07951322587891722,0.0,-4505500.0,-0.03162908570144895,705250.0,-5210750.0,-0.036580015163428056,-0.0095,-0.0095,548500000,548500000,https://www1.hkexnews.hk/search/titlesearch.xhtml,https://www1.hkexnews.hk/search/titlesearch.xhtml,1620584649,14:24:09,20210509
57,2006-06-30,0292.HK,HKD,2006-06-30,2006-06-30,Q2,142448000,89260500,53187500,0.3733818656632596,0.0,19300750,0.0,0.0,0.0,131121500,0.0,0.0,11326500.0,12.576524080695714,11326500.0,0.07951322587891722,0.0,-4505500.0,-0.03162908570144895,705250.0,-5210750.0,-0.036580015163428056,-0.0095,-0.0095,548500000,548500000,https://www1.hkexnews.hk/search/titlesearch.xhtml,https://www1.hkexnews.hk/search/titlesearch.xhtml,1620584649,14:24:09,20210509
58,2006-03-31,0292.HK,HKD,2006-03-31,2006-03-31,Q1,142448000,89260500,53187500,0.3733818656632596,0.0,19300750,0.0,0.0,0.0,131121500,0.0,0.0,11326500.0,12.576524080695714,11326500.0,0.07951322587891722,0.0,-4505500.0,-0.03162908570144895,705250.0,-5210750.0,-0.036580015163428056,-0.0095,-0.0095,548500000,548500000,https://www1.hkexnews.hk/search/titlesearch.xhtml,https://www1.hkexnews.hk/search/titlesearch.xhtml,1620584649,14:24:09,20210509
59,2006-01-31,0292.HK,HKD,2006-01-31,2006-01-31,Q1,142448000,89260500,53187500,0.3733818656632596,0.0,19300750,0.0,0.0,0.0,131121500,0.0,0.0,11326500.0,12.576524080695714,11326500.0,0.07951322587891722,0.0,-4505500.0,-0.03162908570144895,705250.0,-5210750.0,-0.036580015163428056,-0.0095,-0.0095,548500000,548500000,https://www1.hkexnews.hk/search/titlesearch.xhtml,https://www1.hkexnews.hk/search/titlesearch.xhtml,1620584649,14:24:09,20210509
60,2005-09-30,0292.HK,HKD,2005-09-30,2005-09-30,Q3,142312000,97004000,45308000,0.31837090336724944,0.0,21069750,0.0,0.0,0.0,121756250,0.0,0.0,20555750.0,6.923220996558141,20555750.0,0.1444414385294283,0.0,26439750.0,0.18578721400865703,5215750.0,21224000.0,0.1491371072010793,0.042,0.04175,505333333,508359281,https://www1.hkexnews.hk/search/titlesearch.xhtml,https://www1.hkexnews.hk/search/titlesearch.xhtml,1620584649,14:24:09,20210509
61,2005-06-30,0292.HK,HKD,2005-06-30,2005-06-30,Q2,142312000,97004000,45308000,0.31837090336724944,0.0,21069750,0.0,0.0,0.0,121756250,0.0,0.0,20555750.0,6.923220996558141,20555750.0,0.1444414385294283,0.0,26439750.0,0.18578721400865703,5215750.0,21224000.0,0.1491371072010793,0.042,0.04175,505333333,508359281,https://www1.hkexnews.hk/search/titlesearch.xhtml,https://www1.hkexnews.hk/search/titlesearch.xhtml,1620584649,14:24:09,20210509
62,2005-03-31,0292.HK,HKD,2005-03-31,2005-03-31,Q1,142312000,97004000,45308000,0.31837090336724944,0.0,21069750,0.0,0.0,0.0,121756250,0.0,0.0,20555750.0,6.923220996558141,20555750.0,0.1444414385294283,0.0,26439750.0,0.18578721400865703,5215750.0,21224000.0,0.1491371072010793,0.042,0.04175,505333333,508359281,https://www1.hkexnews.hk/search/titlesearch.xhtml,https://www1.hkexnews.hk/search/titlesearch.xhtml,1620584649,14:24:09,20210509
63,2005-01-31,0292.HK,HKD,2005-01-31,2005-01-31,Q1,142312000,97004000,45308000,0.31837090336724944,0.0,21069750,0.0,0.0,0.0,121756250,0.0,0.0,20555750.0,6.923220996558141,20555750.0,0.1444414385294283,0.0,26439750.0,0.18578721400865703,5215750.0,21224000.0,0.1491371072010793,0.042,0.04175,505333333,508359281,https://www1.hkexnews.hk/search/titlesearch.xhtml,https://www1.hkexnews.hk/search/titlesearch.xhtml,1620584649,14:24:09,20210509
64,2004-09-30,0292.HK,HKD,2004-09-30,2004-09-30,Q3,106491500,76857250,29634250,0.2782780785320894,0.0,19156500,0.0,0.0,0.0,99247500,0.0,0.0,7244000.0,14.700648812810602,7244000.0,0.06802420850490415,0.0,-1911000.0,-0.017945094209396995,1080750.0,-2991750.0,-0.028093791523267114,-0.006,-0.006,498625000,498625000,https://www1.hkexnews.hk/search/titlesearch.xhtml,https://www1.hkexnews.hk/search/titlesearch.xhtml,1620584649,14:24:09,20210509
65,2004-06-30,0292.HK,HKD,2004-06-30,2004-06-30,Q2,106491500,76857250,29634250,0.2782780785320894,0.0,19156500,0.0,0.0,0.0,99247500,0.0,0.0,7244000.0,14.700648812810602,7244000.0,0.06802420850490415,0.0,-1911000.0,-0.017945094209396995,1080750.0,-2991750.0,-0.028093791523267114,-0.006,-0.006,498625000,498625000,https://www1.hkexnews.hk/search/titlesearch.xhtml,https://www1.hkexnews.hk/search/titlesearch.xhtml,1620584649,14:24:09,20210509
66,2004-03-31,0292.HK,HKD,2004-03-31,2004-03-31,Q1,106491500,76857250,29634250,0.2782780785320894,0.0,19156500,0.0,0.0,0.0,99247500,0.0,0.0,7244000.0,14.700648812810602,7244000.0,0.06802420850490415,0.0,-1911000.0,-0.017945094209396995,1080750.0,-2991750.0,-0.028093791523267114,-0.006,-0.006,498625000,498625000,https://www1.hkexnews.hk/search/titlesearch.xhtml,https://www1.hkexnews.hk/search/titlesearch.xhtml,1620584649,14:24:09,20210509
67,2004-01-31,0292.HK,HKD,2004-01-31,2004-01-31,Q1,106491500,76857250,29634250,0.2782780785320894,0.0,19156500,0.0,0.0,0.0,99247500,0.0,0.0,7244000.0,14.700648812810602,7244000.0,0.06802420850490415,0.0,-1911000.0,-0.017945094209396995,1080750.0,-2991750.0,-0.028093791523267114,-0.006,-0.006,498625000,498625000,https://www1.hkexnews.hk/search/titlesearch.xhtml,https://www1.hkexnews.hk/search/titlesearch.xhtml,1620584649,14:24:09,20210509
68,2003-09-30,0292.HK,HKD,2003-09-30,2003-09-30,Q3,112053750,76675500,35378250,0.3157257119908972,0.0,18885000,0.0,0.0,0.0,96512000,0.0,0.0,15541750.0,7.209854102658967,15541750.0,0.13869906183416442,0.0,3039500.0,0.027125375099003826,52500.0,2987000.0,0.026656849949243108,0.006,0.006,497833333,497833333,https://www1.hkexnews.hk/search/titlesearch.xhtml,https://www1.hkexnews.hk/search/titlesearch.xhtml,1620584649,14:24:09,20210509
69,2003-06-30,0292.HK,HKD,2003-06-30,2003-06-30,Q2,112053750,76675500,35378250,0.3157257119908972,0.0,18885000,0.0,0.0,0.0,96512000,0.0,0.0,15541750.0,7.209854102658967,15541750.0,0.13869906183416442,0.0,3039500.0,0.027125375099003826,52500.0,2987000.0,0.026656849949243108,0.006,0.006,497833333,497833333,https://www1.hkexnews.hk/search/titlesearch.xhtml,https://www1.hkexnews.hk/search/titlesearch.xhtml,1620584649,14:24:09,20210509
70,2003-03-31,0292.HK,HKD,2003-03-31,2003-03-31,Q1,112053750,76675500,35378250,0.3157257119908972,0.0,18885000,0.0,0.0,0.0,96512000,0.0,0.0,15541750.0,7.209854102658967,15541750.0,0.13869906183416442,0.0,3039500.0,0.027125375099003826,52500.0,2987000.0,0.026656849949243108,0.006,0.006,497833333,497833333,https://www1.hkexnews.hk/search/titlesearch.xhtml,https://www1.hkexnews.hk/search/titlesearch.xhtml,1620584649,14:24:09,20210509
71,2003-01-31,0292.HK,HKD,2003-01-31,2003-01-31,Q1,112053750,76675500,35378250,0.3157257119908972,0.0,18885000,0.0,0.0,0.0,96512000,0.0,0.0,15541750.0,7.209854102658967,15541750.0,0.13869906183416442,0.0,3039500.0,0.027125375099003826,52500.0,2987000.0,0.026656849949243108,0.006,0.006,497833333,497833333,https://www1.hkexnews.hk/search/titlesearch.xhtml,https://www1.hkexnews.hk/search/titlesearch.xhtml,1620584649,14:24:09,20210509
72,2002-09-30,0292.HK,HKD,2002-09-30,2002-09-30,Q3,106221000,79483500,26737500,0.2517157624198605,0.0,15541000,0.0,0.0,0.0,96797500,0.0,0.0,9423500.0,11.271926566562318,9423500.0,0.08871597894954858,0.0,4615750.0,0.04345421338530046,119250.0,4496500.0,0.042331554024157184,0.009,0.009,499611111,499611111,https://www1.hkexnews.hk/search/titlesearch.xhtml,https://www1.hkexnews.hk/search/titlesearch.xhtml,1620584649,14:24:09,20210509
73,2002-06-30,0292.HK,HKD,2002-06-30,2002-06-30,Q2,106221000,79483500,26737500,0.2517157624198605,0.0,15541000,0.0,0.0,0.0,96797500,0.0,0.0,9423500.0,11.271926566562318,9423500.0,0.08871597894954858,0.0,4615750.0,0.04345421338530046,119250.0,4496500.0,0.042331554024157184,0.009,0.009,499611111,499611111,https://www1.hkexnews.hk/search/titlesearch.xhtml,https://www1.hkexnews.hk/search/titlesearch.xhtml,1620584649,14:24:09,20210509
74,2002-03-31,0292.HK,HKD,2002-03-31,2002-03-31,Q1,106221000,79483500,26737500,0.2517157624198605,0.0,15541000,0.0,0.0,0.0,96797500,0.0,0.0,9423500.0,11.271926566562318,9423500.0,0.08871597894954858,0.0,4615750.0,0.04345421338530046,119250.0,4496500.0,0.042331554024157184,0.009,0.009,499611111,499611111,https://www1.hkexnews.hk/search/titlesearch.xhtml,https://www1.hkexnews.hk/search/titlesearch.xhtml,1620584649,14:24:09,20210509
75,2002-01-31,0292.HK,HKD,2002-01-31,2002-01-31,Q1,106221000,79483500,26737500,0.2517157624198605,0.0,15541000,0.0,0.0,0.0,96797500,0.0,0.0,9423500.0,11.271926566562318,9423500.0,0.08871597894954858,0.0,4615750.0,0.04345421338530046,119250.0,4496500.0,0.042331554024157184,0.009,0.009,499611111,499611111,https://www1.hkexnews.hk/search/titlesearch.xhtml,https://www1.hkexnews.hk/search/titlesearch.xhtml,1620584649,14:24:09,20210509
76,2001-09-30,0292.HK,HKD,2001-09-30,2001-09-30,Q3,40114250,15596250,24518000,0.6112042478670298,0.0,15046000,0.0,0.0,0.0,28687000,0.0,0.0,11427250.0,3.51040276531974,11427250.0,0.28486759692627933,0.0,7224500.0,0.18009809481667985,-66750.0,7291250.0,0.18176209202465457,0.016,0.016,455703125,455703125,https://www1.hkexnews.hk/search/titlesearch.xhtml,https://www1.hkexnews.hk/search/titlesearch.xhtml,1620584649,14:24:09,20210509
77,2001-06-30,0292.HK,HKD,2001-06-30,2001-06-30,Q2,40114250,15596250,24518000,0.6112042478670298,0.0,15046000,0.0,0.0,0.0,28687000,0.0,0.0,11427250.0,3.51040276531974,11427250.0,0.28486759692627933,0.0,7224500.0,0.18009809481667985,-66750.0,7291250.0,0.18176209202465457,0.016,0.016,455703125,455703125,https://www1.hkexnews.hk/search/titlesearch.xhtml,https://www1.hkexnews.hk/search/titlesearch.xhtml,1620584649,14:24:09,20210509
78,2001-03-31,0292.HK,HKD,2001-03-31,2001-03-31,Q1,40114250,15596250,24518000,0.6112042478670298,0.0,15046000,0.0,0.0,0.0,28687000,0.0,0.0,11427250.0,3.51040276531974,11427250.0,0.28486759692627933,0.0,7224500.0,0.18009809481667985,-66750.0,7291250.0,0.18176209202465457,0.016,0.016,455703125,455703125,https://www1.hkexnews.hk/search/titlesearch.xhtml,https://www1.hkexnews.hk/search/titlesearch.xhtml,1620584649,14:24:09,20210509
79,2001-01-31,0292.HK,HKD,2001-01-31,2001-01-31,Q1,40114250,15596250,24518000,0.6112042478670298,0.0,15046000,0.0,0.0,0.0,28687000,0.0,0.0,11427250.0,3.51040276531974,11427250.0,0.28486759692627933,0.0,7224500.0,0.18009809481667985,-66750.0,7291250.0,0.18176209202465457,0.016,0.016,455703125,455703125,https://www1.hkexnews.hk/search/titlesearch.xhtml,https://www1.hkexnews.hk/search/titlesearch.xhtml,1620584649,14:24:09,20210509
80,2000-09-30,0292.HK,HKD,2000-09-30,2000-09-30,Q3,43725500,19351250,24374250,0.5574378794982333,0.0,13759250,0.0,0.0,0.0,33032500,0.0,0.0,10693000.0,4.089170485364257,10693000.0,0.24454837566179918,0.0,6830000.0,0.15620175869915726,91000.0,6739000.0,0.15412059324650376,0.01925,0.01925,350077922,350077922,https://www1.hkexnews.hk/search/titlesearch.xhtml,https://www1.hkexnews.hk/search/titlesearch.xhtml,1620584649,14:24:09,20210509
81,2000-06-30,0292.HK,HKD,2000-06-30,2000-06-30,Q2,43725500,19351250,24374250,0.5574378794982333,0.0,13759250,0.0,0.0,0.0,33032500,0.0,0.0,10693000.0,4.089170485364257,10693000.0,0.24454837566179918,0.0,6830000.0,0.15620175869915726,91000.0,6739000.0,0.15412059324650376,0.01925,0.01925,350077922,350077922,https://www1.hkexnews.hk/search/titlesearch.xhtml,https://www1.hkexnews.hk/search/titlesearch.xhtml,1620584649,14:24:09,20210509
82,2000-03-31,0292.HK,HKD,2000-03-31,2000-03-31,Q1,43725500,19351250,24374250,0.5574378794982333,0.0,13759250,0.0,0.0,0.0,33032500,0.0,0.0,10693000.0,4.089170485364257,10693000.0,0.24454837566179918,0.0,6830000.0,0.15620175869915726,91000.0,6739000.0,0.15412059324650376,0.01925,0.01925,350077922,350077922,https://www1.hkexnews.hk/search/titlesearch.xhtml,https://www1.hkexnews.hk/search/titlesearch.xhtml,1620584649,14:24:09,20210509
83,2000-01-31,0292.HK,HKD,2000-01-31,2000-01-31,Q1,43725500,19351250,24374250,0.5574378794982333,0.0,13759250,0.0,0.0,0.0,33032500,0.0,0.0,10693000.0,4.089170485364257,10693000.0,0.24454837566179918,0.0,6830000.0,0.15620175869915726,91000.0,6739000.0,0.15412059324650376,0.01925,0.01925,350077922,350077922,https://www1.hkexnews.hk/search/titlesearch.xhtml,https://www1.hkexnews.hk/search/titlesearch.xhtml,1620584649,14:24:09,20210509
