,date,symbol,reportedCurrency,fillingDate,acceptedDate,period,revenue,costOfRevenue,grossProfit,grossProfitRatio,researchAndDevelopmentExpenses,generalAndAdministrativeExpenses,sellingAndMarketingExpenses,otherExpenses,operatingExpenses,costAndExpenses,interestExpense,depreciationAndAmortization,ebitda,ebitdaratio,operatingIncome,operatingIncomeRatio,totalOtherIncomeExpensesNet,incomeBeforeTax,incomeBeforeTaxRatio,incomeTaxExpense,netIncome,netIncomeRatio,eps,epsdiluted,weightedAverageShsOut,weightedAverageShsOutDil,link,finalLink,timestamp,est_time,est_date
0,2019-06-30,TFCO4.SA,BRL,2019-06-30,2019-06-30,Q2,54528000,25464500,29063500,0.5330013937793427,0.0,9162250.0,16685250,0.0,-4270500.0,47312250,1248750.0,2575750.0,9791500.0,0.17956829518779344,7215750.0,0.13233109595070422,0.0,9060000.0,0.1661531690140845,3199250.0,5860750.0,0.10748147740610328,0.006305,0.006305,949244239,949244239,,,1620598727,18:18:47,20210509
1,2019-03-31,TFCO4.SA,BRL,2019-03-31,2019-03-31,Q1,54528000,25464500,29063500,0.5330013937793427,0.0,9162250.0,16685250,0.0,-4270500.0,47312250,1248750.0,2575750.0,9791500.0,0.17956829518779344,7215750.0,0.13233109595070422,0.0,9060000.0,0.1661531690140845,3199250.0,5860750.0,0.10748147740610328,0.006305,0.006305,949244239,949244239,,,1620598727,18:18:47,20210509
2,2019-01-31,TFCO4.SA,BRL,2019-01-31,2019-01-31,Q1,54528000,25464500,29063500,0.5330013937793427,0.0,9162250.0,16685250,0.0,-4270500.0,47312250,1248750.0,2575750.0,9791500.0,0.17956829518779344,7215750.0,0.13233109595070422,0.0,9060000.0,0.1661531690140845,3199250.0,5860750.0,0.10748147740610328,0.006305,0.006305,949244239,949244239,,,1620598727,18:18:47,20210509
3,2018-06-30,TFCO4.SA,BRL,2018-06-30,2018-06-30,Q2,50322000,21482500,28839500,0.5730992408886769,0.0,7652250.0,13279750,0.0,252500.0,42756250,38250.0,680500.0,8246250.0,0.16386967926552998,7565750.0,0.15034676682166845,0.0,7174250.0,0.14256686936131313,1961750.0,5212500.0,0.10358292595683796,0.0056075,0.0056075,949244239,949244239,,,1620598727,18:18:47,20210509
4,2018-03-31,TFCO4.SA,BRL,2018-03-31,2018-03-31,Q1,50322000,21482500,28839500,0.5730992408886769,0.0,7652250.0,13279750,0.0,252500.0,42756250,38250.0,680500.0,8246250.0,0.16386967926552998,7565750.0,0.15034676682166845,0.0,7174250.0,0.14256686936131313,1961750.0,5212500.0,0.10358292595683796,0.0056075,0.0056075,949244239,949244239,,,1620598727,18:18:47,20210509
5,2018-01-31,TFCO4.SA,BRL,2018-01-31,2018-01-31,Q1,50322000,21482500,28839500,0.5730992408886769,0.0,7652250.0,13279750,0.0,252500.0,42756250,38250.0,680500.0,8246250.0,0.16386967926552998,7565750.0,0.15034676682166845,0.0,7174250.0,0.14256686936131313,1961750.0,5212500.0,0.10358292595683796,0.0056075,0.0056075,949244239,949244239,,,1620598727,18:18:47,20210509
6,2017-06-30,TFCO4.SA,BRL,2017-06-30,2017-06-30,Q2,51261250,19610750,31650500,0.6174351971518447,0.0,5529750.0,13513500,0.0,567500.0,39133250,347000.0,731000.0,12859000.0,0.25085225194469507,12128000.0,0.2365919676168646,0.0,11454250.0,0.22344851130239704,3009250.0,8445000.0,0.16474432441659148,0.009085,0.009085,949244239,949244239,,,1620598727,18:18:47,20210509
7,2017-03-31,TFCO4.SA,BRL,2017-03-31,2017-03-31,Q1,51261250,19610750,31650500,0.6174351971518447,0.0,5529750.0,13513500,0.0,567500.0,39133250,347000.0,731000.0,12859000.0,0.25085225194469507,12128000.0,0.2365919676168646,0.0,11454250.0,0.22344851130239704,3009250.0,8445000.0,0.16474432441659148,0.009085,0.009085,949244239,949244239,,,1620598727,18:18:47,20210509
8,2017-01-31,TFCO4.SA,BRL,2017-01-31,2017-01-31,Q1,51261250,19610750,31650500,0.6174351971518447,0.0,5529750.0,13513500,0.0,567500.0,39133250,347000.0,731000.0,12859000.0,0.25085225194469507,12128000.0,0.2365919676168646,0.0,11454250.0,0.22344851130239704,3009250.0,8445000.0,0.16474432441659148,0.009085,0.009085,949244239,949244239,,,1620598727,18:18:47,20210509
