,date,symbol,reportedCurrency,fillingDate,acceptedDate,period,revenue,costOfRevenue,grossProfit,grossProfitRatio,researchAndDevelopmentExpenses,generalAndAdministrativeExpenses,sellingAndMarketingExpenses,otherExpenses,operatingExpenses,costAndExpenses,interestExpense,depreciationAndAmortization,ebitda,ebitdaratio,operatingIncome,operatingIncomeRatio,totalOtherIncomeExpensesNet,incomeBeforeTax,incomeBeforeTaxRatio,incomeTaxExpense,netIncome,netIncomeRatio,eps,epsdiluted,weightedAverageShsOut,weightedAverageShsOutDil,link,finalLink,timestamp,est_time,est_date
0,2020-12-31,MMND,USD,2021-02-22,2021-02-22 16:36:03,Q1,1077159.0,565302.0,511857.0,0.47519168479305285,0.0,505358.0,0.0,0.0,505358.0,1070660.0,0.0,5867.0,12366.0,0.0114801993020529,6499.0,0.00603346395471792,0.0,6892.0,0.006398312598232944,2153.0,4739.0,0.004399536187322392,0.00014,0.00014,33870520.0,33870520.0,https://www.sec.gov/Archives/edgar/data/1088638/000143774921003628/0001437749-21-003628-index.htm,https://www.sec.gov/Archives/edgar/data/1088638/000143774921003628/mmnd20210220_10q.htm,1620595159,17:19:19,20210509
1,2020-09-30,MMND,USD,2021-02-22,2021-02-22 06:04:08,Q4,1828411.0,565920.0,1262491.0,0.6904853449251837,0.0,893517.0,0.0,-13100.0,1472577.0,2038497.0,0.0,13724.0,-195822.0,-0.10709955256230683,-209546.0,-0.11460552359398407,-9.747,-220524.0,-0.12060964411174512,-162183.0,-58341.0,-0.03190803380640348,-0.0017224713408592488,-0.0017224713408592488,33870520.0,33870520.0,https://www.sec.gov/Archives/edgar/data/1088638/000143774921003526/0001437749-21-003526-index.htm,https://www.sec.gov/Archives/edgar/data/1088638/000143774921003526/mmnd20200930_10k.htm,1620595159,17:19:19,20210509
2,2020-06-30,MMND,USD,2020-08-14,2020-08-14 11:33:07,Q3,862246.0,204427.0,657819.0,0.7629133681107247,0.0,515323.0,0.0,-2008.0,515323.0,719750.0,0.0,6695.0,149191.0,0.17302602737501827,142496.0,0.16526142191439566,-2500.0,140488.0,0.16293262015712454,35122.0,105366.0,0.1221994651178434,0.003111,0.003111,33870520.0,33870520.0,https://www.sec.gov/Archives/edgar/data/1088638/000143774920017958/0001437749-20-017958-index.htm,https://www.sec.gov/Archives/edgar/data/1088638/000143774920017958/mmnd20200630_10q.htm,1620595159,17:19:19,20210509
3,2020-03-31,MMND,USD,2020-06-29,2020-06-29 09:06:50,Q2,947846.0,369366.0,578480.0,0.6103101136682542,0.0,462492.0,0.0,0.0,462492.0,831858.0,0.0,6634.0,122622.0,0.12936911692405728,115988.0,0.12237008965591457,0.0,116187.0,0.12258003937348472,22039.0,94148.0,0.09932837190851679,0.00278,0.00278,33870520.0,33870520.0,https://www.sec.gov/Archives/edgar/data/1088638/000143774920014045/0001437749-20-014045-index.htm,https://www.sec.gov/Archives/edgar/data/1088638/000143774920000642/mmnd20190930_10k.htm,1620595159,17:19:19,20210509
4,2019-12-31,MMND,USD,2020-01-14 00:00:00,2020-01-14 17:26:43,Q1,1066287.0,404632.0,661655.0,0.6205224297023222,0.0,579060.0,0.0,0.0,579060.0,983692.0,0.0,7231.0,89826.0,0.08424185983698573,82595.0,0.07746038355527171,-10105.0,72888.0,0.06835683075944844,23414.0,49474.0,0.04639838992691461,0.001461,0.001461,33870520.0,33870520.0,https://www.sec.gov/Archives/edgar/data/1088638/000143774920000642/0001437749-20-000642-index.html,https://www.sec.gov/Archives/edgar/data/1088638/000143774920000642/mmnd20190930_10k.htm,1620595159,17:19:19,20210509
5,2019-09-30,MMND,USD,2020-01-14,2020-01-14 17:26:43,Q4,4691.0,1603672.0,-1598981.0,-340.8614367938606,0.0,-464163.0,0.0,0.0,1000000.0,1139509.0,0.0,7216.0,-1127602.0,-240.37561287571947,-1134818.0,-241.91387763803027,0.0,-1131498.0,-241.20613941590278,-2370.0,-1129128.0,-240.70091664890217,-0.033336600678111825,-0.033336600678111825,33870520.0,33870520.0,https://www.sec.gov/Archives/edgar/data/1088638/000143774920000642/0001437749-20-000642-index.htm,https://www.sec.gov/Archives/edgar/data/1088638/000143774920000642/mmnd20190930_10k.htm,1620595159,17:19:19,20210509
6,2019-06-30,MMND,USD,2019-08-19,2019-08-19,Q3,1257119.0,198719.0,1058400.0,0.8419250683507289,0.0,962229.0,0.0,0.0,962229.0,1160948.0,0.0,7169.0,103340.0,0.0822038327318257,96171.0,0.07650111087335408,0.0,96622.0,0.07685986768157986,30860.0,65762.0,0.052311674551096594,0.001942,0.001942,33870520.0,33870520.0,https://www.sec.gov/Archives/edgar/data/1088638/000143774919017115/0001437749-19-017115-index.htm,https://www.sec.gov/Archives/edgar/data/1088638/000143774919017115/mmnd20190630_10q.htm,1620595159,17:19:19,20210509
7,2019-03-31,MMND,USD,2019-05-20 00:00:00,2019-05-20 16:45:15,Q2,1474036.0,180333.0,1293703.0,0.8776603827857664,0.0,941849.0,0.0,0.0,941849.0,1122182.0,0.0,7200.0,359054.0,0.2435856383426185,351854.0,0.23870109006835655,0.0,351854.0,0.23870109006835655,107905.0,243949.0,0.1654973148552681,0.01,0.01,33870520.0,33870520.0,https://www.sec.gov/Archives/edgar/data/1088638/000155624419000054/0001556244-19-000054-index.html,https://www.sec.gov/Archives/edgar/data/1088638/000155624419000054/mmnd190331_10q.htm,1620595159,17:19:19,20210509
8,2018-12-31,MMND,USD,2019-01-15 00:00:00,2019-01-15 16:06:05,Q1,1221341.0,165085.0,1056256.0,0.864832999137833,0.0,990783.0,0.0,0.0,990783.0,1155868.0,0.0,7605.0,73078.0,0.05983423138992305,65473.0,0.053607469167087654,0.0,65473.0,0.053607469167087654,17678.0,47795.0,0.03913321504804965,0.001411,0.001411,33870520.0,33870520.0,https://www.sec.gov/Archives/edgar/data/1088638/000155624419000007/0001556244-19-000007-index.html,https://www.sec.gov/Archives/edgar/data/1088638/000155624419000007/mmnd180930_10k.htm,1620595159,17:19:19,20210509
9,2018-09-30,MMND,USD,2019-01-15,2019-01-15,Q4,1558991.0,212757.0,1346234.0,0.8635290389745676,0.0,776228.0,0.0,0.0,776228.0,988985.0,-19040.0,7506.0,577512.0,0.37043959843257596,570006.0,0.365624945878456,1727.0,593783.0,0.38087647715734085,160738.0,433045.0,0.27777261061802155,0.012785307104821538,0.012785307104821538,33870520.0,33870520.0,https://www.sec.gov/Archives/edgar/data/1088638/000155624419000007/0001556244-19-000007-index.htm,https://www.sec.gov/Archives/edgar/data/1088638/000155624419000007/mmnd180930_10k.htm,1620595159,17:19:19,20210509
10,2018-06-30,MMND,USD,2018-08-20 00:00:00,2018-08-20 16:28:10,Q3,1460050.0,296610.0,1163440.0,0.796849422964967,0.0,792494.0,0.0,0.0,792494.0,1089104.0,22007.0,7288.0,378234.0,0.25905551179754116,370946.0,0.25406390192116707,0.0,348939.0,0.23899113044073833,68980.0,279959.0,0.19174617307626451,0.00886516490734926,0.008265565453379517,31579672.0,33870520.0,https://www.sec.gov/Archives/edgar/data/1088638/000155624418000121/0001556244-18-000121-index.html,https://www.sec.gov/Archives/edgar/data/1088638/000155624418000121/mmnd180630_10q.htm,1620595159,17:19:19,20210509
11,2018-03-31,MMND,USD,2018-04-16 00:00:00,2018-04-16 15:54:40,Q2,1248553.0,66334.0,1182219.0,0.9468712982148134,0.0,950895.0,0.0,0.0,950895.0,1017229.0,3998.0,10000.0,241324.0,0.19328294433636378,231324.0,0.1852736728036375,-50000.0,177326.0,0.1420252083812221,34490.0,142836.0,0.11440123086484914,0.004523,0.004523,31579672.0,31579672.0,https://www.sec.gov/Archives/edgar/data/1088638/000108863818000014/0001088638-18-000014-index.html,https://www.sec.gov/Archives/edgar/data/1088638/000108863818000014/ccon171231_10k.htm,1620595159,17:19:19,20210509
12,2017-12-31,MMND,USD,2018-01-04 00:00:00,2018-01-04 17:02:47,Q1,0.0,0.0,0.0,0.0,0.0,0.0,0.0,0.0,-3000.0,-3000.0,0.0,0.0,3000.0,0.0,3000.0,0.0,0.0,3000.0,0.0,0.0,3000.0,0.0,9.499782011668772e-05,9.499782011668772e-05,31579672.0,31579672.0,https://www.sec.gov/Archives/edgar/data/1088638/000155624418000006/0001556244-18-000006-index.html,https://www.sec.gov/Archives/edgar/data/1088638/000155624418000006/ccon150930_10q.htm,1620595159,17:19:19,20210509
13,2017-09-30,MMND,USD,2018-01-29,2018-01-29,Q4,0.0,0.0,0.0,0.0,0.0,0.0,0.0,0.0,52000.0,52000.0,0.0,0.0,-52000.0,0.0,-52000.0,0.0,0.0,-52000.0,0.0,0.0,-52000.0,0.0,-0.01,-0.01,4195933.0,4195933.0,https://www.sec.gov/Archives/edgar/data/1088638/000155624418000027/0001556244-18-000027-index.htm,https://www.sec.gov/Archives/edgar/data/1088638/000155624418000027/ccon170930_10q.htm,1620595159,17:19:19,20210509
14,2017-06-30,MMND,USD,2017-06-30,2017-06-30,Q3,0.0,0.0,0.0,0.0,0.0,0.0,0.0,0.0,10000.0,10000.0,0.0,0.0,-10000.0,0.0,-10000.0,0.0,0.0,-10000.0,0.0,0.0,-10000.0,0.0,-0.002389,-0.002389,4186094.0,4186094.0,,,1620595159,17:19:19,20210509
15,2017-03-31,MMND,USD,2017-03-31,2017-03-31,Q2,0.0,0.0,0.0,0.0,0.0,3000.0,0.0,0.0,3000.0,3000.0,0.0,0.0,-3000.0,0.0,-3000.0,0.0,0.0,-3000.0,0.0,0.0,-3000.0,0.0,-0.000717,-0.000717,4186094.0,4186094.0,,,1620595159,17:19:19,20210509
16,2016-12-31,MMND,USD,2016-12-31,2016-12-31,Q1,0.0,0.0,0.0,0.0,0.0,0.0,0.0,0.0,2000.0,2000.0,0.0,0.0,-2000.0,0.0,-2000.0,0.0,0.0,-2000.0,0.0,0.0,-2000.0,0.0,-0.0004777723577158086,-0.0004777723577158086,4186094.0,4186094.0,,,1620595159,17:19:19,20210509
17,2016-09-30,MMND,USD,2016-09-30,2016-09-30,Q4,0.0,0.0,0.0,0.0,0.0,0.0,0.0,0.0,3000.0,3000.0,0.0,0.0,-3000.0,0.0,-3000.0,0.0,0.0,-3000.0,0.0,0.0,-3000.0,0.0,-0.000717,-0.000717,4186094.0,4186094.0,,,1620595159,17:19:19,20210509
18,2016-06-30,MMND,USD,2016-06-30,2016-06-30,Q3,0.0,0.0,0.0,0.0,0.0,0.0,0.0,0.0,3000.0,3000.0,0.0,0.0,-3000.0,0.0,-3000.0,0.0,0.0,-3000.0,0.0,0.0,-3000.0,0.0,-0.000717,-0.000717,4186094.0,4186094.0,,,1620595159,17:19:19,20210509
19,2016-03-31,MMND,USD,2016-03-31,2016-03-31,Q2,0.0,0.0,0.0,0.0,0.0,0.0,0.0,0.0,3000.0,3000.0,0.0,0.0,-3000.0,0.0,-3000.0,0.0,0.0,-3000.0,0.0,0.0,-3000.0,0.0,-0.000717,-0.000717,4186094.0,4186094.0,,,1620595159,17:19:19,20210509
20,2015-12-31,MMND,USD,2015-12-31,2015-12-31,Q1,0.0,0.0,0.0,0.0,0.0,0.0,0.0,0.0,1831000.0,1831000.0,0.0,0.0,-1831000.0,0.0,-1831000.0,0.0,0.0,-1831000.0,0.0,0.0,-1831000.0,0.0,-0.43740059348882276,-0.43740059348882276,4186094.0,4186094.0,,,1620595159,17:19:19,20210509
21,2015-09-30,MMND,USD,2015-09-30,2015-09-30,Q4,0.0,0.0,0.0,0.0,0.0,0.0,0.0,0.0,5000.0,5000.0,0.0,0.0,-5000.0,0.0,-5000.0,0.0,0.0,-5000.0,0.0,0.0,-5000.0,0.0,-0.001543,-0.001543,3239428.0,3239428.0,,,1620595159,17:19:19,20210509
22,2015-06-30,MMND,USD,2015-06-30,2015-06-30,Q3,0.0,0.0,0.0,0.0,0.0,0.0,0.0,0.0,20000.0,20000.0,0.0,0.0,-20000.0,0.0,-20000.0,0.0,0.0,-20000.0,0.0,0.0,-20000.0,0.0,-0.01,-0.01,3239428.0,3239428.0,,,1620595159,17:19:19,20210509
23,2015-03-31,MMND,USD,2015-04-30 00:00:00,2015-04-30 16:16:20,Q2,0.0,0.0,0.0,0.0,0.0,0.0,0.0,0.0,43000.0,43000.0,0.0,0.0,-43000.0,0.0,-43000.0,0.0,0.0,-43000.0,0.0,0.0,-43000.0,0.0,-0.01,-0.01,3194035.0,3194035.0,https://www.sec.gov/Archives/edgar/data/1088638/000149315215001660/0001493152-15-001660-index.html,https://www.sec.gov/Archives/edgar/data/1088638/000149315215001660/form10-k.htm,1620595159,17:19:19,20210509
24,2014-12-31,MMND,USD,2014-12-31,2014-12-31,Q1,0.0,0.0,0.0,0.0,0.0,0.0,0.0,0.0,38001.0,38001.0,0.0,0.0,-37976.0,0.0,-38001.0,0.0,0.0,-38189.0,0.0,0.0,-38189.0,0.0,-0.011956349883454627,-0.011956349883454627,3194035.0,3194035.0,,,1620595159,17:19:19,20210509
25,2014-09-30,MMND,USD,2014-11-10 00:00:00,2014-11-10 16:05:24,Q4,0.0,0.0,0.0,0.0,0.0,0.0,0.0,0.0,33115.0,33115.0,0.0,0.0,-33115.0,0.0,-33115.0,0.0,0.0,-33115.0,0.0,0.0,-33115.0,0.0,-0.01,-0.01,3179428.0,3179428.0,https://www.sec.gov/Archives/edgar/data/1088638/000149315214003620/0001493152-14-003620-index.html,https://www.sec.gov/Archives/edgar/data/1088638/000149315214003620/form10q.htm,1620595159,17:19:19,20210509
26,2014-06-30,MMND,USD,2014-08-11 00:00:00,2014-08-11 16:02:51,Q3,0.0,0.0,0.0,0.0,0.0,0.0,0.0,0.0,18463.0,18463.0,0.0,0.0,-18463.0,0.0,-18463.0,0.0,0.0,-18463.0,0.0,0.0,-18463.0,0.0,-0.01,-0.01,2938760.0,2938760.0,https://www.sec.gov/Archives/edgar/data/1088638/000149315214002422/0001493152-14-002422-index.html,https://www.sec.gov/Archives/edgar/data/1088638/000149315214002422/form10q.htm,1620595159,17:19:19,20210509
27,2014-03-31,MMND,USD,2014-04-30 00:00:00,2014-04-30 14:52:13,Q2,0.0,0.0,0.0,0.0,0.0,12500.0,0.0,0.0,12500.0,12500.0,0.0,0.0,-12500.0,0.0,-12500.0,0.0,0.0,-12500.0,0.0,0.0,-12500.0,0.0,-0.004545,-0.004545,2750000.0,2750000.0,https://www.sec.gov/Archives/edgar/data/1088638/000149315214001297/0001493152-14-001297-index.html,https://www.sec.gov/Archives/edgar/data/1088638/000149315214001297/form10q.htm,1620595159,17:19:19,20210509
28,2013-12-31,MMND,USD,2013-12-31,2013-12-31,Q1,0.0,0.0,0.0,0.0,0.0,0.0,0.0,0.0,0.0,0.0,0.0,0.0,0.0,0.0,0.0,0.0,0.0,0.0,0.0,0.0,0.0,0.0,0.0,0.0,2750000.0,2750000.0,,,1620595159,17:19:19,20210509
29,2013-09-30,MMND,USD,2013-09-30,2013-09-30,Q4,0.0,0.0,0.0,0.0,0.0,0.0,0.0,0.0,0.0,0.0,0.0,0.0,0.0,0.0,0.0,0.0,0.0,0.0,0.0,0.0,0.0,0.0,0.0,0.0,2750000.0,2750000.0,,,1620595159,17:19:19,20210509
30,2013-06-30,MMND,USD,2013-06-30,2013-06-30,Q3,0.0,0.0,0.0,0.0,0.0,0.0,0.0,0.0,-5.0,-5.0,0.0,0.0,5.0,0.0,5.0,0.0,0.0,5.0,0.0,0.0,5.0,0.0,2e-06,2e-06,2750000.0,2750000.0,,,1620595159,17:19:19,20210509
31,2013-03-31,MMND,USD,2013-03-31,2013-03-31,Q2,0.0,0.0,0.0,0.0,0.0,0.0,0.0,0.0,23.0,23.0,0.0,0.0,-23.0,0.0,-23.0,0.0,0.0,-23.0,0.0,0.0,-23.0,0.0,-8e-06,-8e-06,2750000.0,2750000.0,,,1620595159,17:19:19,20210509
32,2012-12-31,MMND,USD,2012-12-31,2012-12-31,Q1,0.0,0.0,0.0,0.0,0.0,0.0,0.0,0.0,3739.0,3739.0,0.0,0.0,-3739.0,0.0,-3739.0,0.0,0.0,-3739.0,0.0,0.0,-3739.0,0.0,-0.0013596363636363636,-0.0013596363636363636,2750000.0,2750000.0,,,1620595159,17:19:19,20210509
33,2012-09-30,MMND,USD,2012-11-20 00:00:00,2012-11-19 18:30:06,Q4,0.0,0.0,0.0,0.0,0.0,0.0,0.0,0.0,5433.0,5433.0,0.0,0.0,-5433.0,0.0,-5433.0,0.0,0.0,-5433.0,0.0,0.0,-5433.0,0.0,-0.0019756363636363634,-0.0019756363636363634,2750000.0,2750000.0,https://www.sec.gov/Archives/edgar/data/1088638/000135448812006074/0001354488-12-006074-index.html,https://www.sec.gov/Archives/edgar/data/1088638/000135448812006074/ccon_10q.htm,1620595159,17:19:19,20210509
34,2012-06-30,MMND,USD,2012-08-20 00:00:00,2012-08-20 15:31:33,Q3,0.0,0.0,0.0,0.0,0.0,0.0,0.0,0.0,9920.0,9920.0,0.0,0.0,-9920.0,0.0,-9920.0,0.0,0.0,-9920.0,0.0,0.0,-9920.0,0.0,-0.003607272727272727,-0.003607272727272727,2750000.0,2750000.0,https://www.sec.gov/Archives/edgar/data/1088638/000135448812004401/0001354488-12-004401-index.html,https://www.sec.gov/Archives/edgar/data/1088638/000135448812004401/ccon_10q.htm,1620595159,17:19:19,20210509
35,2012-03-31,MMND,USD,2012-05-22 00:00:00,2012-05-22 13:45:26,Q2,0.0,0.0,0.0,0.0,0.0,0.0,0.0,0.0,5495.0,5495.0,0.0,0.0,-5495.0,0.0,-5495.0,0.0,0.0,-5495.0,0.0,0.0,-5495.0,0.0,-0.0019981818181818182,-0.0019981818181818182,2750000.0,2750000.0,https://www.sec.gov/Archives/edgar/data/1088638/000107878212001495/0001078782-12-001495-index.html,https://www.sec.gov/Archives/edgar/data/1088638/000107878212001495/f10q033112_10q.htm,1620595159,17:19:19,20210509
36,2011-12-31,MMND,USD,2011-12-31,2011-12-31,Q1,0.0,0.0,0.0,0.0,0.0,0.0,0.0,0.0,51724.0,51724.0,1.0,0.0,-51724.0,0.0,-51724.0,0.0,0.0,-51725.0,0.0,0.0,-51725.0,0.0,-0.01880909090909091,-0.01880909090909091,2750000.0,2750000.0,,,1620595159,17:19:19,20210509
37,2011-09-30,MMND,USD,2011-10-28 00:00:00,2011-10-28 16:16:56,Q4,0.0,0.0,0.0,0.0,0.0,0.0,0.0,0.0,2255.0,2255.0,10149.0,0.0,-2255.0,0.0,-2255.0,0.0,0.0,-12404.0,0.0,0.0,-12404.0,0.0,-0.04,-0.04,323483.0,323483.0,https://www.sec.gov/Archives/edgar/data/1088638/000107878211003081/0001078782-11-003081-index.html,https://www.sec.gov/Archives/edgar/data/1088638/000107878211003081/f10q093011_10q.htm,1620595159,17:19:19,20210509
38,2011-06-30,MMND,USD,2011-08-22 00:00:00,2011-08-22 12:59:41,Q3,0.0,0.0,0.0,0.0,0.0,0.0,0.0,0.0,1964.0,1964.0,10151.0,0.0,-1964.0,0.0,-1964.0,0.0,0.0,-12115.0,0.0,0.0,-12115.0,0.0,-0.04,-0.04,323483.0,323483.0,https://www.sec.gov/Archives/edgar/data/1088638/000107878211002377/0001078782-11-002377-index.html,https://www.sec.gov/Archives/edgar/data/1088638/000107878211002377/coconnect10q063011.htm,1620595159,17:19:19,20210509
39,2011-03-31,MMND,USD,2011-05-11 00:00:00,2011-05-11 09:50:21,Q2,0.0,0.0,0.0,0.0,0.0,0.0,0.0,0.0,4708.0,4708.0,18580.0,0.0,-4708.0,0.0,-4708.0,0.0,0.0,-23288.0,0.0,0.0,-23288.0,0.0,-0.07,-0.07,323483.0,323483.0,https://www.sec.gov/Archives/edgar/data/1088638/000117347311000053/0001173473-11-000053-index.html,https://www.sec.gov/Archives/edgar/data/1088638/000117347311000053/ccon10q033111.htm,1620595159,17:19:19,20210509
40,2010-12-31,MMND,USD,2010-12-31,2010-12-31,Q1,0.0,0.0,0.0,0.0,0.0,0.0,0.0,0.0,41242.0,41242.0,14261.0,0.0,-41241.0,0.0,-41242.0,0.0,0.0,-55502.0,0.0,0.0,-55502.0,0.0,-0.171576249756556,-0.171576249756556,323483.0,323483.0,,,1620595159,17:19:19,20210509
41,2010-09-30,MMND,USD,2010-11-18 00:00:00,2010-11-18 14:58:35,Q4,0.0,0.0,0.0,0.0,0.0,0.0,0.0,0.0,61838.0,61838.0,8808.0,0.0,-61838.0,0.0,-61838.0,0.0,0.0,-70646.0,0.0,0.0,-70646.0,0.0,-0.22,-0.22,323483.0,323483.0,https://www.sec.gov/Archives/edgar/data/1088638/000117347310000140/0001173473-10-000140-index.html,https://www.sec.gov/Archives/edgar/data/1088638/000117347310000140/ccon10q093010.htm,1620595159,17:19:19,20210509
42,2010-06-30,MMND,USD,2010-08-03 00:00:00,2010-08-02 17:41:26,Q3,0.0,0.0,0.0,0.0,0.0,0.0,0.0,0.0,61828.0,61828.0,8582.0,0.0,-61828.0,0.0,-61828.0,0.0,0.0,-70410.0,0.0,0.0,-70410.0,0.0,-0.22,-0.22,323483.0,323483.0,https://www.sec.gov/Archives/edgar/data/1088638/000117347310000091/0001173473-10-000091-index.html,https://www.sec.gov/Archives/edgar/data/1088638/000117347310000091/ccon10q063010.htm,1620595159,17:19:19,20210509
43,2010-03-31,MMND,USD,2010-05-20 00:00:00,2010-05-20 14:16:11,Q2,0.0,0.0,0.0,0.0,0.0,0.0,0.0,0.0,70225.0,70225.0,4057.0,0.0,-70225.0,0.0,-70225.0,0.0,0.0,-74282.0,0.0,0.0,-74282.0,0.0,-0.229632,-0.229632,323483.0,323483.0,https://www.sec.gov/Archives/edgar/data/1088638/000117347310000046/0001173473-10-000046-index.html,https://www.sec.gov/Archives/edgar/data/1088638/000117347310000046/ccon10q033110.htm,1620595159,17:19:19,20210509
44,2009-12-31,MMND,USD,2010-03-10 00:00:00,2010-03-09 19:58:23,Q1,0.0,0.0,0.0,0.0,0.0,0.0,0.0,0.0,39083.0,39083.0,2097.0,0.0,-39083.0,0.0,-39083.0,0.0,0.0,-41180.0,0.0,0.0,-41180.0,0.0,-0.1273018983996068,-0.1273018983996068,323483.0,323483.0,https://www.sec.gov/Archives/edgar/data/1088638/000117347310000018/0001173473-10-000018-index.html,https://www.sec.gov/Archives/edgar/data/1088638/000117347310000018/ccon10k123109.htm,1620595159,17:19:19,20210509
45,2009-09-30,MMND,USD,2009-11-13 00:00:00,2009-11-13 16:33:57,Q4,0.0,0.0,0.0,0.0,0.0,0.0,0.0,0.0,2643.0,2643.0,530.0,0.0,-2113.0,0.0,-2643.0,0.0,-530.0,-3173.0,0.0,0.0,-3173.0,0.0,-0.02,-0.02,156817.0,156817.0,https://www.sec.gov/Archives/edgar/data/1088638/000117347309000064/0001173473-09-000064-index.html,https://www.sec.gov/Archives/edgar/data/1088638/000117347309000064/ccon10q093009.htm,1620595159,17:19:19,20210509
46,2009-06-30,MMND,USD,2009-08-14 00:00:00,2009-08-13 19:17:06,Q3,0.0,0.0,0.0,0.0,0.0,0.0,0.0,0.0,2123.0,2123.0,0.0,0.0,-2123.0,0.0,-2123.0,0.0,0.0,-2123.0,0.0,0.0,-2123.0,0.0,-0.01585333980510025,-0.01585333980510025,133915.0,133915.0,https://www.sec.gov/Archives/edgar/data/1088638/000117347309000049/0001173473-09-000049-index.html,https://www.sec.gov/Archives/edgar/data/1088638/000117347309000049/q.htm,1620595159,17:19:19,20210509
47,2009-03-31,MMND,USD,2009-05-06 00:00:00,2009-05-05 18:22:15,Q2,0.0,0.0,0.0,0.0,0.0,0.0,0.0,0.0,7849.0,7849.0,0.0,0.0,-7849.0,0.0,-7849.0,0.0,0.0,-7849.0,0.0,0.0,-7849.0,0.0,-0.06,-0.06,133915.0,133915.0,https://www.sec.gov/Archives/edgar/data/1088638/000117347309000026/0001173473-09-000026-index.html,https://www.sec.gov/Archives/edgar/data/1088638/000117347309000026/form10q33109.htm,1620595159,17:19:19,20210509
48,2008-12-31,MMND,USD,2009-03-31 00:00:00,2009-03-31 12:19:30,Q1,0.0,0.0,0.0,0.0,0.0,0.0,0.0,0.0,4143.0,4143.0,0.0,0.0,-4143.0,0.0,-4143.0,0.0,0.0,-4143.0,0.0,0.0,-4143.0,0.0,-0.030937535003547026,-0.030937535003547026,133915.0,133915.0,https://www.sec.gov/Archives/edgar/data/1088638/000117347309000007/0001173473-09-000007-index.html,https://www.sec.gov/Archives/edgar/data/1088638/000117347309000007/form10k.htm,1620595159,17:19:19,20210509
49,2008-09-30,MMND,USD,2008-10-21 00:00:00,2008-10-21 12:55:35,Q4,0.0,0.0,0.0,0.0,0.0,0.0,0.0,0.0,10966.0,10966.0,0.0,0.0,-10966.0,0.0,-10966.0,0.0,0.0,0.0,0.0,0.0,-10966.0,0.0,-0.8815821207492563,-0.8815821207492563,12439.0,12439.0,https://www.sec.gov/Archives/edgar/data/1088638/000117347308000078/0001173473-08-000078-index.html,https://www.sec.gov/Archives/edgar/data/1088638/000117347308000078/ccnn10q093008.htm,1620595159,17:19:19,20210509
50,2008-06-30,MMND,USD,2008-08-14 00:00:00,2008-08-14 13:38:46,Q3,0.0,0.0,0.0,0.0,0.0,0.0,0.0,0.0,0.0,0.0,0.0,0.0,0.0,0.0,0.0,0.0,0.0,0.0,0.0,0.0,0.0,0.0,0.0,0.0,12439.0,12439.0,https://www.sec.gov/Archives/edgar/data/1088638/000117347308000063/0001173473-08-000063-index.html,https://www.sec.gov/Archives/edgar/data/1088638/000117347308000063/ccnn10q063008.htm,1620595159,17:19:19,20210509
51,2008-03-31,MMND,USD,2008-05-05,2008-05-05,Q2,0.0,0.0,0.0,0.0,0.0,0.0,0.0,0.0,0.0,0.0,0.0,0.0,0.0,0.0,0.0,0.0,0.0,-187.0,0.0,0.0,-187.0,0.0,-0.015033,-0.015033,12439.0,12439.0,https://www.sec.gov/Archives/edgar/data/1088638/000117347308000040/0001173473-08-000040-index.htm,https://www.sec.gov/Archives/edgar/data/1088638/000117347308000040/ccnn10qsb033108.htm,1620595159,17:19:19,20210509
52,2007-12-31,MMND,USD,2007-12-31,2007-12-31,Q1,0.0,0.0,0.0,0.0,0.0,0.0,0.0,0.0,587836.0,587836.0,0.0,0.0,-587102.0,0.0,-587836.0,0.0,0.0,-174492.0,0.0,0.0,-174492.0,0.0,-14.027815740815178,-14.027815740815178,12439.0,12439.0,,,1620595159,17:19:19,20210509
53,2007-09-30,MMND,USD,2007-09-30,2007-09-30,Q4,0.0,0.0,0.0,0.0,0.0,0.0,0.0,0.0,2235.0,2235.0,0.0,0.0,-1500.0,0.0,-2235.0,0.0,0.0,-3235.0,0.0,0.0,-3235.0,0.0,-0.2600691373904655,-0.2600691373904655,12439.0,12439.0,,,1620595159,17:19:19,20210509
54,2007-06-30,MMND,USD,2007-06-30,2007-06-30,Q3,0.0,0.0,0.0,0.0,0.0,0.0,0.0,0.0,-525734.0,-525734.0,0.0,0.0,525734.0,0.0,525734.0,0.0,0.0,531779.0,0.0,0.0,531779.0,0.0,42.75094460969531,42.75094460969531,12439.0,12439.0,,,1620595159,17:19:19,20210509
55,2007-03-31,MMND,USD,2007-05-21,2007-05-21,Q2,0.0,0.0,0.0,0.0,0.0,0.0,0.0,0.0,525734.0,525734.0,0.0,734.0,-525000.0,0.0,-525734.0,0.0,0.0,-533412.0,0.0,0.0,-533412.0,0.0,-42.88222525926521,-42.88222525926521,12439.0,12439.0,https://www.sec.gov/Archives/edgar/data/1088638/000107878207000558/0001078782-07-000558-index.htm,https://www.sec.gov/Archives/edgar/data/1088638/000107878207000558/coconnect307qsb.htm,1620595159,17:19:19,20210509
56,2006-12-31,MMND,USD,2006-12-31,2006-12-31,Q1,0.0,0.0,0.0,0.0,0.0,0.0,0.0,0.0,366110.0,366110.0,0.0,0.0,-366110.0,0.0,-366110.0,0.0,0.0,-397348.0,0.0,0.0,-397348.0,0.0,-31.943725379853685,-31.943725379853685,12439.0,12439.0,,,1620595159,17:19:19,20210509
57,2006-09-30,MMND,USD,2006-09-30,2006-09-30,Q4,0.0,0.0,0.0,0.0,0.0,0.0,0.0,0.0,86166.0,86166.0,0.0,0.0,-86166.0,0.0,-86166.0,0.0,0.0,-87799.0,0.0,0.0,-87799.0,0.0,-7.0583648203231775,-7.0583648203231775,12439.0,12439.0,,,1620595159,17:19:19,20210509
58,2006-06-30,MMND,USD,2006-06-30,2006-06-30,Q3,0.0,0.0,0.0,0.0,0.0,0.0,0.0,0.0,398431.0,398431.0,0.0,0.0,-398431.0,0.0,-398431.0,0.0,0.0,-400064.0,0.0,0.0,-400064.0,0.0,-32.162070906021384,-32.162070906021384,12439.0,12439.0,,,1620595159,17:19:19,20210509
59,2006-03-31,MMND,USD,2006-05-22,2006-05-22,Q2,0.0,0.0,0.0,0.0,0.0,0.0,0.0,0.0,848.0,848.0,0.0,0.0,-848.0,0.0,-848.0,0.0,0.0,0.0,0.0,0.0,-11234.0,0.0,-0.9031272610338452,-0.9031272610338452,12439.0,12439.0,https://www.sec.gov/Archives/edgar/data/1088638/000107878206000510/0001078782-06-000510-index.htm,https://www.sec.gov/Archives/edgar/data/1088638/000107878206000510/coconnect306qsb.htm,1620595159,17:19:19,20210509
60,2005-12-31,MMND,USD,2005-12-31,2005-12-31,Q1,0.0,0.0,0.0,0.0,0.0,0.0,0.0,0.0,1782406.0,1782406.0,0.0,0.0,-1782406.0,0.0,-1782406.0,0.0,0.0,0.0,0.0,0.0,-2154610.0,0.0,-173.21408473349948,-173.21408473349948,12439.0,12439.0,,,1620595159,17:19:19,20210509
61,2005-09-30,MMND,USD,2005-09-30,2005-09-30,Q4,0.0,0.0,0.0,0.0,0.0,0.0,0.0,0.0,145857.0,145857.0,0.0,1651.0,-144206.0,0.0,-145857.0,0.0,0.0,0.0,0.0,0.0,-154503.0,0.0,-12.420853766379935,-12.420853766379935,12439.0,12439.0,,,1620595159,17:19:19,20210509
62,2005-06-30,MMND,USD,2005-06-30,2005-06-30,Q3,0.0,0.0,0.0,0.0,0.0,0.0,0.0,0.0,165862.0,165862.0,0.0,-4421.0,-170283.0,0.0,-165862.0,0.0,0.0,0.0,0.0,0.0,-178472.0,0.0,-14.347777152504221,-14.347777152504221,12439.0,12439.0,,,1620595159,17:19:19,20210509
63,2005-03-31,MMND,USD,2005-03-31,2005-03-31,Q2,14914.0,54391.0,-39477.0,-2.64697599570873,0.0,0.0,0.0,0.0,853671.0,908062.0,0.0,5325.0,-887823.0,-59.529502480890436,-893148.0,-59.88654955075768,0.0,0.0,0.0,0.0,-822620.0,-55.15757006839211,-66.13232574965834,-66.13232574965834,12439.0,12439.0,,,1620595159,17:19:19,20210509
64,2004-12-31,MMND,USD,2004-12-31,2004-12-31,Q1,0.0,0.0,0.0,0.0,0.0,0.0,0.0,0.0,164000.0,164000.0,0.0,0.0,-164000.0,0.0,-164000.0,0.0,0.0,-169000.0,0.0,0.0,-169000.0,0.0,-13.586301149610097,-13.586301149610097,12439.0,12439.0,,,1620595159,17:19:19,20210509
65,2004-09-30,MMND,USD,2004-09-30,2004-09-30,Q4,0.0,0.0,0.0,0.0,0.0,0.0,0.0,0.0,22000.0,22000.0,0.0,0.0,-22000.0,0.0,-22000.0,0.0,0.0,-27000.0,0.0,0.0,-27000.0,0.0,-2.170592491357826,-2.170592491357826,12439.0,12439.0,,,1620595159,17:19:19,20210509
66,2004-06-30,MMND,USD,2004-06-30,2004-06-30,Q3,0.0,0.0,0.0,0.0,0.0,0.0,0.0,0.0,48000.0,48000.0,0.0,0.0,-48000.0,0.0,-48000.0,0.0,0.0,-54000.0,0.0,0.0,-54000.0,0.0,-4.341184982715652,-4.341184982715652,12439.0,12439.0,,,1620595159,17:19:19,20210509
67,2004-03-31,MMND,USD,2004-03-31,2004-03-31,Q2,0.0,0.0,0.0,0.0,0.0,0.0,0.0,0.0,24000.0,24000.0,0.0,0.0,-24000.0,0.0,-24000.0,0.0,0.0,-29000.0,0.0,0.0,-29000.0,0.0,-2.3313771203472946,-2.3313771203472946,12439.0,12439.0,,,1620595159,17:19:19,20210509
68,2003-12-31,MMND,USD,2003-12-31,2003-12-31,Q1,0.0,0.0,0.0,0.0,0.0,60000.0,0.0,0.0,60000.0,60000.0,-10000.0,0.0,-70000.0,0.0,-60000.0,0.0,0.0,-60000.0,0.0,0.0,-60000.0,0.0,-38765.89,-38765.89,12439.0,12439.0,,,1620595159,17:19:19,20210509
69,2003-09-30,MMND,USD,2005-05-04,2005-05-04,Q4,0.0,0.0,0.0,0.0,0.0,20000.0,0.0,0.0,20000.0,20000.0,-10000.0,0.0,-40000.0,0.0,-20000.0,0.0,0.0,-30000.0,0.0,0.0,-30000.0,0.0,-16613.95,-16613.95,12439.0,12439.0,https://www.sec.gov/Archives/edgar/data/1088638/000108863805000006/0001088638-05-000006-index.htm,https://www.sec.gov/Archives/edgar/data/1088638/000108863805000006/qsb93003.htm,1620595159,17:19:19,20210509
70,2003-06-30,MMND,USD,2003-06-30,2003-06-30,Q3,0.0,0.0,0.0,0.0,0.0,70000.0,0.0,0.0,70000.0,70000.0,-10000.0,0.0,-90000.0,0.0,-70000.0,0.0,0.0,-80000.0,0.0,0.0,-80000.0,0.0,-47995.86,-47995.86,12439.0,12439.0,,,1620595159,17:19:19,20210509
71,2003-03-31,MMND,USD,2003-03-31,2003-03-31,Q2,0.0,0.0,0.0,0.0,0.0,30000.0,0.0,0.0,30000.0,30000.0,-10000.0,0.0,-50000.0,0.0,-30000.0,0.0,0.0,-40000.0,0.0,0.0,-40000.0,0.0,-22767.27,-22767.27,12439.0,12439.0,,,1620595159,17:19:19,20210509
72,2002-12-31,MMND,USD,2002-12-31,2002-12-31,Q1,0.0,0.0,0.0,0.0,0.0,40000.0,0.0,0.0,40000.0,40000.0,-10000.0,0.0,-60000.0,0.0,-40000.0,0.0,0.0,-50000.0,0.0,0.0,-50000.0,0.0,-30536.4,-30536.4,12439.0,12439.0,,,1620595159,17:19:19,20210509
73,2002-09-30,MMND,USD,2002-09-30,2002-09-30,Q4,0.0,0.0,0.0,0.0,0.0,40000.0,0.0,0.0,40000.0,40000.0,-10000.0,0.0,-50000.0,0.0,-40000.0,0.0,0.0,-40000.0,0.0,0.0,-40000.0,0.0,-25891.88,-25891.88,12439.0,12439.0,,,1620595159,17:19:19,20210509
74,2002-06-30,MMND,USD,2002-06-30,2002-06-30,Q3,0.0,0.0,0.0,0.0,0.0,20000.0,0.0,0.0,20000.0,20000.0,-10000.0,0.0,-40000.0,0.0,-20000.0,0.0,0.0,-30000.0,0.0,0.0,-30000.0,0.0,-22951.01,-22951.01,12439.0,12439.0,,,1620595159,17:19:19,20210509
75,2002-03-31,MMND,USD,2002-03-31,2002-03-31,Q2,0.0,0.0,0.0,0.0,0.0,60000.0,0.0,0.0,60000.0,60000.0,-10000.0,0.0,-80000.0,0.0,-60000.0,0.0,0.0,-70000.0,0.0,0.0,-70000.0,0.0,-84003.51,-84003.51,12439.0,12439.0,,,1620595159,17:19:19,20210509
76,2001-09-30,MMND,USD,2001-09-30,2001-09-30,Q1,2010000.0,1450000.0,560000.0,0.27860696517412936,0.0,670000.0,0.0,0.0,730000.0000000002,2180000.0,-30000.0,60000.0,-110000.0,-0.05472636815920398,-170000.0,-0.0845771144278607,0.0,-190000.0,-0.0945273631840796,0.0,-190000.0,-0.0945273631840796,-18094.67,-18094.67,12439.0,12439.0,,,1620595159,17:19:19,20210509
77,2001-06-30,MMND,USD,2001-06-30,2001-06-30,Q4,1870000.0,1270000.0,600000.0,0.32085561497326204,0.0,720000.0,0.0,0.0,799999.9999999998,2069999.9999999998,-40000.0,90000.0,-110000.0,-0.058823529411764705,-200000.0,-0.10695187165775401,0.0,-230000.0,-0.12299465240641712,0.0,-230000.0,-0.12299465240641712,-22981.86,-22981.86,12439.0,12439.0,,,1620595159,17:19:19,20210509
78,2001-03-31,MMND,USD,2001-05-21 00:00:00,2001-05-21 00:00:00,Q3,2020000.0,1340000.0,680000.0,0.33663366336633666,0.0,790000.0,0.0,0.0,809999.9999999998,2150000.0,-10000.0,60000.0,-70000.0,-0.034653465346534656,-130000.0,-0.06435643564356436,0.0,-140000.0,-0.06930693069306931,0.0,-140000.0,-0.06930693069306931,-19804.39,-19804.39,12439.0,12439.0,https://www.sec.gov/Archives/edgar/data/1088638/000101774901500034/0001017749-01-500034-index.html,https://www.sec.gov/Archives/edgar/data/1088638/000101774901500034/awsi10k2000.txt,1620595159,17:19:19,20210509
79,2000-12-31,MMND,USD,2000-12-31,2000-12-31,Q2,900000.0,120000.0,780000.0,0.8666666666666667,0.0,920000.0,0.0,0.0,2659999.9999999995,2779999.9999999995,-20000.0,10000.00000000001,-1870000.0,-2.077777777777778,-1880000.0,-2.088888888888889,0.0,-1900000.0,-2.111111111111111,0.0,-1900000.0,-2.111111111111111,-24050.87,-24050.87,12439.0,12439.0,,,1620595159,17:19:19,20210509
80,2000-09-30,MMND,USD,2000-09-30,2000-09-30,Q1,90000.0,30000.0,60000.0,0.6666666666666666,0.0,360000.0,0.0,0.0,500000.0,530000.0,-10000.0,140000.0,-300000.0,-3.3333333333333335,-440000.0,-4.888888888888889,0.0,-450000.0,-5.0,0.0,-450000.0,-5.0,-249873.09,-249873.09,12439.0,12439.0,,,1620595159,17:19:19,20210509
81,2000-06-30,MMND,USD,2000-06-30,2000-06-30,Q4,50000.0,20000.0,30000.0,0.6,0.0,380000.0,0.0,0.0,410000.0,430000.0,0.0,40000.0,-350000.0,-7.0,-390000.0,-7.8,0.0,-390000.0,-7.8,0.0,-390000.0,-7.8,-186356.96,-186356.96,12439.0,12439.0,,,1620595159,17:19:19,20210509
82,2000-03-31,MMND,USD,2000-03-31,2000-03-31,Q3,60000.0,50000.0,10000.0,0.16666666666666666,0.0,140000.0,0.0,0.0,180000.0,230000.0,0.0,40000.0,-140000.0,-2.3333333333333335,-180000.0,-3.0,0.0,-180000.0,-3.0,0.0,-180000.0,-3.0,-89198.51,-89198.51,12439.0,12439.0,,,1620595159,17:19:19,20210509
83,1999-12-31,MMND,USD,1999-12-31,1999-12-31,Q2,70000.0,60000.0,10000.0,0.14285714285714285,0.0,170000.0,0.0,0.0,520000.0,580000.0,0.0,49999.99999999999,-460000.0,-6.571428571428571,-510000.0,-7.285714285714286,0.0,-520000.0,-7.428571428571429,0.0,-520000.0,-7.428571428571429,-107316.78,-107316.78,12439.0,12439.0,,,1620595159,17:19:19,20210509
84,1999-09-30,MMND,USD,1999-09-30,1999-09-30,Q1,50000.0,60000.0,-10000.0,-0.2,0.0,150000.0,0.0,0.0,190000.0,250000.0,0.0,40000.00000000001,-160000.0,-3.2,-200000.0,-4.0,0.0,-210000.0,-4.2,0.0,-210000.0,-4.2,-96726.26,-96726.26,12439.0,12439.0,,,1620595159,17:19:19,20210509
85,1999-06-30,MMND,USD,1999-06-30,1999-06-30,Q4,20000.0,30000.0,-10000.0,-0.5,0.0,210000.0,0.0,0.0,260000.0,290000.0,-10000.0,50000.0,-220000.0,-11.0,-270000.0,-13.5,0.0,-280000.0,-14.0,0.0,-280000.0,-14.0,-145789.53,-145789.53,12439.0,12439.0,,,1620595159,17:19:19,20210509
86,1999-03-31,MMND,USD,1999-03-31,1999-03-31,Q3,20000.0,30000.0,-10000.0,-0.5,0.0,120000.0,0.0,0.0,160000.0,190000.0,-10000.0,50000.0,-120000.0,-6.0,-170000.0,-8.5,0.0,-180000.0,-9.0,0.0,-180000.0,-9.0,-113071.59,-113071.59,12439.0,12439.0,,,1620595159,17:19:19,20210509
