,date,symbol,reportedCurrency,fillingDate,acceptedDate,period,revenue,costOfRevenue,grossProfit,grossProfitRatio,researchAndDevelopmentExpenses,generalAndAdministrativeExpenses,sellingAndMarketingExpenses,otherExpenses,operatingExpenses,costAndExpenses,interestExpense,depreciationAndAmortization,ebitda,ebitdaratio,operatingIncome,operatingIncomeRatio,totalOtherIncomeExpensesNet,incomeBeforeTax,incomeBeforeTaxRatio,incomeTaxExpense,netIncome,netIncomeRatio,eps,epsdiluted,weightedAverageShsOut,weightedAverageShsOutDil,link,finalLink,timestamp,est_time,est_date
0,2021-03-31,NKLA,USD,2021-05-07,2021-05-07 09:03:22,Q1,65.427,0.0,65.427,1e-06,55.163,65.427,0.0,0.0,120.59,120.59,8.999999999999999e-06,0.001805,-0.118785,-0.0018155348709248474,-0.12059,-1.8431228697632474e-09,0.219,-0.11942900000000001,-1.8253779020893516e-09,1e-06,-0.120224,-1.8375288489461537e-09,-3.9575277323202825e-07,-3.9575277323202825e-07,303785616,303785616,https://www.sec.gov/Archives/edgar/data/1731289/000173128921000071/0001731289-21-000071-index.htm,https://www.sec.gov/Archives/edgar/data/1731289/000173128921000071/nkla-20210331.htm,1620595713,17:28:33,20210509
1,2020-12-31,NKLA,USD,2021-02-25,2021-02-25 16:18:09,Q4,1000.0,1000.0,0.0,0.0,119065000.0,130599000.0,0.0,14324.0,264079000.0,264078000.0,0.0,-4156992.0,-4421069.0,-4421.069,-264077.0,-264.077,387.0,-264899.0,-264.899,-1028000.0,-264508.0,-264.508,-0.870706136395872,-0.870706136395872,303785616,303785616,https://www.sec.gov/Archives/edgar/data/1731289/000173128921000006/0001731289-21-000006-index.htm,https://www.sec.gov/Archives/edgar/data/1731289/000173128921000006/nkla-20201231.htm,1620595713,17:28:33,20210509
2,2020-09-30,NKLA,USD,2020-11-09,2020-11-09,Q3,65826.0,0.0,65.826,0.0009999999999999998,51473.0,65826.0,0.0,-0.34,117299.0,117299.0,0.0,1443000.0,1442882.701,21.919647267037337,-117.299,-0.0017819554583295356,-0.34,-117.467,-0.0017845076413575184,2.0,-117.469,-0.0017845380244888038,-0.00038668387775147325,-0.00038668387775147325,303785616,303785616,https://www.sec.gov/Archives/edgar/data/1731289/000173128920000069/0001731289-20-000069-index.htm,https://www.sec.gov/Archives/edgar/data/1731289/000173128920000069/nkla-20200930.htm,1620595713,17:28:33,20210509
3,2020-06-30,NKLA,USD,2020-08-04,2020-08-04,Q2,36000.0,30000.0,6000.0,0.16666666666666666,42501000.0,44147000.0,0.0,-23000.0,86648000.0,86678000.0,0.0,2812000.0,-83830000.0,-2328.6111111111113,-86642000.0,-2406.722222222222,-23000.0,-86642000.0,-2406.722222222222,1000.0,-86643000.0,-2406.75,-0.33,-0.33,303785616,303785616,https://www.sec.gov/Archives/edgar/data/1731289/000173128920000012/0001731289-20-000012-index.htm,https://www.sec.gov/ix?doc=/Archives/edgar/data/1731289/000173128920000012/nkla-20200630.htm,1620595713,17:28:33,20210509
4,2020-03-31,NKLA,USD,2020-05-11,2020-05-11,Q1,58000.0,43000.0,15000.0,0.25862068965517243,24053000.0,7978000.0,0.0,114000.0,32031000.0,32074000.0,0.0,1351000.0,-30665000.0,-528.7068965517242,-32016000.0,-552.0,-1210000.0,-33162000.0,-571.7586206896551,1000.0,-33163000.0,-571.7758620689655,-0.091889,-0.091889,360904478,360904478,https://www.sec.gov/Archives/edgar/data/1731289/000110465920059505/0001104659-20-059505-index.htm,https://www.sec.gov/Archives/edgar/data/1731289/000110465920059505/tm2014506-1_10q.htm,1620595713,17:28:33,20210509
5,2019-12-31,NKLA,USD,2020-04-15,2020-04-15,Q4,0.0,0.0,0.0,0.0,0.0,214990.0,0.0,0.0,214990.0,214990.0,1012280.0,0.0,1809560.0,0.0,-214990.0,0.0,0.0,797290.0,0.0,524400.0,272880.0,0.0,0.00921,0.00921,29640000,29640000,https://www.sec.gov/Archives/edgar/data/1731289/000110465920046882/0001104659-20-046882-index.htm,https://www.sec.gov/Archives/edgar/data/1731289/000110465920046882/tm2015979-1_10ka.htm,1620595713,17:28:33,20210509
6,2019-09-30,NKLA,USD,2019-11-07,2019-11-07,Q3,296000.0,141000.0,155000.0,0.5236486486486487,9482000.0,3693000.0,0.0,85000.0,13175000.0,13316000.0,0.0,658000.0,-12362000.0,-41.763513513513516,-13020000.0,-43.986486486486484,-2759000.0,-15368000.0,-51.91891891891892,146000.0,-15514000.0,-52.41216216216216,-0.042986,-0.042986,360904478,360904478,https://www.sec.gov/Archives/edgar/data/1731289/000110465919061086/0001104659-19-061086-index.htm,https://www.sec.gov/Archives/edgar/data/1731289/000110465919061086/a19-17614_110q.htm,1620595713,17:28:33,20210509
7,2019-06-30,NKLA,USD,2019-08-08,2019-08-08,Q2,13000.0,24000.0,-11000.0,-0.8461538461538461,11854000.0,5344000.0,0.0,9000.0,17198000.0,17222000.0,0.0,0.0,-17307000.0,-1331.3076923076924,-17209000.0,-1323.7692307692307,107000.0,-16764000.0,-1289.5384615384614,2000.0,-16766000.0,-1289.6923076923076,-0.046456,-0.046456,360904478,360904478,https://www.sec.gov/Archives/edgar/data/1731289/000110465919044929/0001104659-19-044929-index.htm,https://www.sec.gov/Archives/edgar/data/1731289/000110465919044929/a19-10390_110q.htm,1620595713,17:28:33,20210509
8,2019-03-31,NKLA,USD,2019-05-10,2019-05-10,Q1,0.0,0.0,0.0,0.0,0.0,254230.0,0.0,0.0,254230.0,254230.0,1350020.0,0.0,2445810.0,0.0,-254230.0,0.0,0.0,1095790.0,0.0,286000.0,809790.0,0.0,0.02732,0.02732,29640000,29640000,https://www.sec.gov/Archives/edgar/data/1731289/000110465919028533/0001104659-19-028533-index.htm,https://www.sec.gov/Archives/edgar/data/1731289/000110465919028533/a19-7765_110q.htm,1620595713,17:28:33,20210509
