,date,symbol,reportedCurrency,fillingDate,acceptedDate,period,revenue,costOfRevenue,grossProfit,grossProfitRatio,researchAndDevelopmentExpenses,generalAndAdministrativeExpenses,sellingAndMarketingExpenses,otherExpenses,operatingExpenses,costAndExpenses,interestExpense,depreciationAndAmortization,ebitda,ebitdaratio,operatingIncome,operatingIncomeRatio,totalOtherIncomeExpensesNet,incomeBeforeTax,incomeBeforeTaxRatio,incomeTaxExpense,netIncome,netIncomeRatio,eps,epsdiluted,weightedAverageShsOut,weightedAverageShsOutDil,link,finalLink,timestamp,est_time,est_date
0,2020-12-31,PXD,USD,2021-03-01,2021-03-01 16:48:00,Q4,2016000000.0,1667000000.0,349000000.0,0.17311507936507936,0.0,69000000.0,0.0,-8000000.0,81000000.0,1748000000.0,49000000.0,0.0,672000000.0,0.3333333333333333,268000000.0,0.13293650793650794,-308000000.0,-73000000.0,-0.036210317460317464,-43000000.0,-30000000.0,-0.01488095238095238,0.26,0.26,165000000,165000000,https://www.sec.gov/Archives/edgar/data/1038357/000103835721000016/0001038357-21-000016-index.htm,https://www.sec.gov/Archives/edgar/data/1038357/000103835721000016/pxd-20201231.htm,1620596947,17:49:07,20210509
1,2020-09-30,PXD,USD,2020-11-06,2020-11-05 18:23:47,Q3,1857000000.0,1617000000.0,240000000.0,0.12924071082390953,0.0,66000000.0,0.0,3000000.0,100000000.0,1717000000.0,34000000.0,1243000.0,141243000.0,0.07605977382875606,140000000.0,0.07539041464728057,-122000000.0,-16000000.0,-0.008616047388260635,4000000.0,-20000000.0,-0.010770059235325794,-0.12,-0.12,165000000,165000000,https://www.sec.gov/Archives/edgar/data/1038357/000103835720000070/0001038357-20-000070-index.htm,https://www.sec.gov/Archives/edgar/data/1038357/000103835720000070/pxd-20200930.htm,1620596947,17:49:07,20210509
2,2020-06-30,PXD,USD,2020-08-05,2020-08-05 16:45:42,Q2,1141000000.0,1202000000.0,-61000000.0,-0.05346187554776512,0.0,62000000.0,0.0,-11000000.0,118000000.0,1320000000.0,33000000.0,0.0,226000000.0,0.19807186678352323,-179000000.0,-0.15687992988606486,-326000000.0,-538000000.0,-0.4715162138475022,-99000000.0,-439000000.0,-0.38475021910604734,-2.66,-2.66,165000000,165000000,https://www.sec.gov/Archives/edgar/data/1038357/000103835720000050/0001038357-20-000050-index.htm,https://www.sec.gov/Archives/edgar/data/1038357/000103835720000050/pxd-20200630.htm,1620596947,17:49:07,20210509
3,2020-03-31,PXD,USD,2020-05-08,2020-05-08 14:35:44,Q1,2010000000.0,1713000000.0,297000000.0,0.14776119402985075,0.0,59000000.0,0.0,-74000000.0,78000000.0,1791000000.0,27000000.0,0.0,581000000.0,0.2890547263681592,219000000.0,0.10895522388059702,171000000.0,365000000.0,0.18159203980099503,76000000.0,289000000.0,0.14378109452736318,1.74,1.74,166000000,166000000,https://www.sec.gov/Archives/edgar/data/1038357/000103835720000034/0001038357-20-000034-index.htm,https://www.sec.gov/Archives/edgar/data/1038357/000103835720000009/pxd-20191231.htm,1620596947,17:49:07,20210509
4,2019-12-31,PXD,USD,2020-02-24,2020-02-24 06:08:44,Q4,2641000000.0,2011000000.0,630000000.0,0.23854600530102235,0.0,85000000.0,0.0,-16000000.0,101000000.0,2112000000.0,-13000000.0,0.0,1022000000.0,0.38697463082165845,529000000.0,0.20030291556228702,-163000000.0,448000000.0,0.169632714880727,104000000.0,344000000.0,0.13025369178341537,2.06,2.06,166000000,166000000,https://www.sec.gov/Archives/edgar/data/1038357/000103835720000009/0001038357-20-000009-index.htm,https://www.sec.gov/Archives/edgar/data/1038357/000103835719000010/pxd-20181231x10k.htm,1620596947,17:49:07,20210509
5,2019-09-30,PXD,USD,2019-11-06 00:00:00,2019-11-06 16:58:21,Q3,2406000000.0,1876000000.0,530000000.0,0.2202826267664173,0.0,76000000.0,0.0,-14000000.0,94000000.0,1970000000.0,251000000.0,0.0,860000000.0,0.3574397339983375,436000000.0,0.18121363258520365,118000000.0,303000000.0,0.1259351620947631,72000000.0,231000000.0,0.09600997506234414,1.38,1.38,167000000,167000000,https://www.sec.gov/Archives/edgar/data/1038357/000103835719000062/0001038357-19-000062-index.html,https://www.sec.gov/Archives/edgar/data/1038357/000103835719000062/pxd-20190930.htm,1620596947,17:49:07,20210509
6,2019-06-30,PXD,USD,2019-08-09 00:00:00,2019-08-08 18:45:31,Q2,2379000000.0,1802000000.0,577000000.0,0.24253888188314418,0.0,82000000.0,0.0,-35000000.0,107000000.0,1909000000.0,29000000.0,0.0,852000000.0,0.35813366960907944,470000000.0,0.19756200084068937,-662000000.0,-216000000.0,-0.09079445145018916,-47000000.0,-169000000.0,-0.07103825136612021,-1.01,-1.01,168000000,168000000,https://www.sec.gov/Archives/edgar/data/1038357/000103835719000046/0001038357-19-000046-index.html,https://www.sec.gov/Archives/edgar/data/1038357/000103835719000046/pxd-20190630.htm,1620596947,17:49:07,20210509
7,2019-03-31,PXD,USD,2019-05-10 00:00:00,2019-05-09 18:55:07,Q1,2244000000.0,1667000000.0,577000000.0,0.2571301247771836,0.0,99000000.0,0.0,-61000000.0,149000000.0,1816000000.0,29000000.0,23000000.0,451000000.0,0.20098039215686275,428000000.0,0.19073083778966132,46000000.0,453000000.0,0.2018716577540107,103000000.0,350000000.0,0.15597147950089127,2.06,2.06,169000000,169000000,https://www.sec.gov/Archives/edgar/data/1038357/000103835719000028/0001038357-19-000028-index.html,https://www.sec.gov/Archives/edgar/data/1038357/000103835719000028/pxd-20190331.htm,1620596947,17:49:07,20210509
8,2018-12-31,PXD,USD,2019-02-26,2019-02-26 17:08:48,Q4,2204000000.0,1569000000.0,635000000.0,0.2881125226860254,0.0,100000000.0,0.0,-58000000.0,577000000.0,2146000000.0,31000000.0,0.0,414000000.0,0.18784029038112524,58000000.0,0.02631578947368421,374000000.0,411000000.0,0.18647912885662432,88000000.0,323000000.0,0.14655172413793102,1.89,1.89,171000000,171000000,https://www.sec.gov/Archives/edgar/data/1038357/000103835719000010/0001038357-19-000010-index.htm,https://www.sec.gov/Archives/edgar/data/1038357/000103835718000015/pxd-20171231x10k.htm,1620596947,17:49:07,20210509
9,2018-09-30,PXD,USD,2018-11-09 00:00:00,2018-11-08 18:33:38,Q3,2458000000.0,1616000000.0,842000000.0,0.3425549227013832,0.0,102000000.0,0.0,-50000000.0,125000000.0,1741000000.0,30000000.0,0.0,1069000000.0,0.434906427990236,717000000.0,0.29170056956875506,-165000000.0,529000000.0,0.21521562245728235,118000000.0,411000000.0,0.16720911310008138,2.4,2.39,171000000,171000000,https://www.sec.gov/Archives/edgar/data/1038357/000103835718000075/0001038357-18-000075-index.html,https://www.sec.gov/Archives/edgar/data/1038357/000103835718000075/pxd-20180930.htm,1620596947,17:49:07,20210509
10,2018-06-30,PXD,USD,2018-08-09 00:00:00,2018-08-09 17:08:59,Q2,2381000000.0,1717000000.0,664000000.0,0.27887442251154976,0.0,102000000.0,0.0,-58000000.0,134000000.0,1851000000.0,32000000.0,0.0,857000000.0,0.3599328013439731,530000000.0,0.22259554808903823,-423000000.0,82000000.0,0.034439311213775727,19000000.0,66000000.0,0.02771944561108778,0.38823529411764707,0.38596491228070173,170000000,171000000,https://www.sec.gov/Archives/edgar/data/1038357/000103835718000061/0001038357-18-000061-index.html,https://www.sec.gov/Archives/edgar/data/1038357/000103835718000061/pxd-20180630.htm,1620596947,17:49:07,20210509
11,2018-03-31,PXD,USD,2018-05-04 00:00:00,2018-05-04 16:17:55,Q1,2336000000.0,1700000000.0,636000000.0,0.2722602739726027,0.0,90000000.0,0.0,-48000000.0,127000000.0,1827000000.0,36000000.0,0.0,825000000.0,0.3531678082191781,509000000.0,0.21789383561643835,-252000000.0,228000000.0,0.0976027397260274,50000000.0,178000000.0,0.0761986301369863,1.0470588235294118,1.04093567251462,170000000,171000000,https://www.sec.gov/Archives/edgar/data/1038357/000103835718000032/0001038357-18-000032-index.html,https://www.sec.gov/Archives/edgar/data/1038357/000103835718000032/pxd-20180331.htm,1620596947,17:49:07,20210509
12,2017-12-31,PXD,USD,2018-02-20,2018-02-20 16:54:07,Q4,1139000000.0,619000000.0,520000000.0,0.456540825285338,0.0,81000000.0,0.0,-64000000.0,114000000.0,733000000.0,40000000.0,0.0,721000000.0,0.6330114135206322,406000000.0,0.35645302897278314,-316000000.0,62000000.0,0.05443371378402107,-603000000.0,665000000.0,0.5838454784899034,3.88,3.87,170000000,170000000,https://www.sec.gov/Archives/edgar/data/1038357/000103835718000015/0001038357-18-000015-index.htm,https://www.sec.gov/Archives/edgar/data/1038357/000103835717000012/pxd-20161231x10k.htm,1620596947,17:49:07,20210509
13,2017-09-30,PXD,USD,2017-11-03 00:00:00,2017-11-03 11:57:17,Q3,1576000000.0,1295000000.0,281000000.0,0.1782994923857868,0.0,81000000.0,0.0,-55000000.0,99000000.0,1394000000.0,37000000.0,0.0,491000000.0,0.3115482233502538,182000000.0,0.11548223350253807,-188000000.0,-34000000.0,-0.021573604060913704,-11000000.0,-23000000.0,-0.014593908629441625,-0.13,-0.13,170000000,170000000,https://www.sec.gov/Archives/edgar/data/1038357/000103835717000083/0001038357-17-000083-index.html,https://www.sec.gov/Archives/edgar/data/1038357/000103835717000083/pxd-20170930.htm,1620596947,17:49:07,20210509
14,2017-06-30,PXD,USD,2017-08-01 00:00:00,2017-08-01 17:15:21,Q2,1285000000.0,1070000000.0,215000000.0,0.16731517509727625,0.0,81000000.0,0.0,-58000000.0,107000000.0,1177000000.0,35000000.0,0.0,401000000.0,0.3120622568093385,108000000.0,0.0840466926070039,271000000.0,354000000.0,0.2754863813229572,121000000.0,233000000.0,0.18132295719844357,1.36,1.36,170000000,170000000,https://www.sec.gov/Archives/edgar/data/1038357/000103835717000065/0001038357-17-000065-index.html,https://www.sec.gov/Archives/edgar/data/1038357/000103835717000065/pxd-20170630.htm,1620596947,17:49:07,20210509
15,2017-03-31,PXD,USD,2017-05-03 00:00:00,2017-05-03 16:29:07,Q1,1293000000.0,1028000000.0,265000000.0,0.20494972931167826,0.0,84000000.0,0.0,-53000000.0,122000000.0,1150000000.0,46000000.0,0.0,433000000.0,0.3348801237432328,143000000.0,0.1105955143078113,-176000000.0,-73000000.0,-0.05645784996133024,-31000000.0,-42000000.0,-0.03248259860788863,-0.25,-0.25,170000000,170000000,https://www.sec.gov/Archives/edgar/data/1038357/000103835717000041/0001038357-17-000041-index.html,https://www.sec.gov/Archives/edgar/data/1038357/000103835717000041/pxd-20170331.htm,1620596947,17:49:07,20210509
16,2016-12-31,PXD,USD,2017-02-17,2017-02-17 15:22:21,Q4,1224000000.0,1023000000.0,201000000.0,0.1642156862745098,0.0,90000000.0,0.0,-53000000.0,124000000.0,1147000000.0,40000000.0,0.0,383000000.0,0.31290849673202614,77000000.0,0.06290849673202614,-123000000.0,-84000000.0,-0.06862745098039216,-41000000.0,-43000000.0,-0.035130718954248366,-0.26,-0.26,170000000,170000000,https://www.sec.gov/Archives/edgar/data/1038357/000103835717000012/0001038357-17-000012-index.htm,https://www.sec.gov/Archives/edgar/data/1038357/000103835716000101/pxd-20151231x10k.htm,1620596947,17:49:07,20210509
17,2016-09-30,PXD,USD,2016-11-02 00:00:00,2016-11-02 16:31:39,Q3,1087000000.0,1017000000.0,70000000.0,0.06439742410303588,0.0,82000000.0,0.0,-56000000.0,116000000.0,1133000000.0,50000000.0,0.0,289000000.0,0.265869365225391,-46000000.0,-0.04231830726770929,35000000.0,-56000000.0,-0.051517939282428704,-78000000.0,22000000.0,0.020239190432382703,0.13,0.13,170000000,170000000,https://www.sec.gov/Archives/edgar/data/1038357/000103835716000173/0001038357-16-000173-index.html,https://www.sec.gov/Archives/edgar/data/1038357/000103835716000173/pxd-20160930.htm,1620596947,17:49:07,20210509
18,2016-06-30,PXD,USD,2016-06-30,2016-06-30,Q2,1008000000.0,971000000.0,37000000.0,0.03670634920634921,0.0,80000000.0,0.0,-53000000.0,114000000.0,1085000000.0,56000000.0,0.0,259000000.0,0.2569444444444444,-77000000.0,-0.0763888888888889,-283000000.0,-411000000.0,-0.40773809523809523,-143000000.0,-268000000.0,-0.26587301587301587,-1.63,-1.63,164000000,164000000,processing...,processing...,1620596947,17:49:07,20210509
19,2016-03-31,PXD,USD,2016-04-28 00:00:00,2016-04-28 17:31:41,Q1,632000000.0,781000000.0,-149000000.0,-0.23575949367088608,0.0,74000000.0,0.0,-40000000.0,174000000.0,955000000.0,55000000.0,0.0,-6000000.0,-0.00949367088607595,-323000000.0,-0.5110759493670886,-34000000.0,-408000000.0,-0.6455696202531646,-141000000.0,-267000000.0,-0.4224683544303797,-1.65,-1.65,162000000,162000000,https://www.sec.gov/Archives/edgar/data/1038357/000103835716000129/0001038357-16-000129-index.html,https://www.sec.gov/Archives/edgar/data/1038357/000103835716000129/pxd-20160331.htm,1620596947,17:49:07,20210509
20,2015-12-31,PXD,USD,2016-02-19,2016-02-19 13:57:57,Q4,807000000.0,919000000.0,-112000000.0,-0.13878562577447337,0.0,81000000.0,0.0,-41000000.0,123000000.0,1042000000.0,19000000.0,0.0,77000000.0,0.09541511771995044,-235000000.0,-0.29120198265179675,-689000000.0,-972000000.0,-1.204460966542751,-350000000.0,-629000000.0,-0.7794299876084263,-4.17,-4.17,149000000,149000000,https://www.sec.gov/Archives/edgar/data/1038357/000103835716000101/0001038357-16-000101-index.htm,https://www.sec.gov/Archives/edgar/data/1038357/000103835715000010/pxd-20141231x10k.htm,1620596947,17:49:07,20210509
21,2015-09-30,PXD,USD,2015-11-03 00:00:00,2015-11-03 16:51:32,Q3,883000000.0,928000000.0,-45000000.0,-0.05096262740656852,0.0,81000000.0,0.0,-35000000.0,131000000.0,1059000000.0,46000000.0,0.0,155000000.0,0.1755379388448471,-176000000.0,-0.19932049830124576,1223000000.0,1003000000.0,1.1359003397508494,355000000.0,648000000.0,0.7338618346545867,4.28,4.27,149000000,150000000,https://www.sec.gov/Archives/edgar/data/1038357/000103835715000082/0001038357-15-000082-index.html,https://www.sec.gov/Archives/edgar/data/1038357/000103835715000082/pxd-20150930.htm,1620596947,17:49:07,20210509
22,2015-06-30,PXD,USD,2015-08-07 00:00:00,2015-08-06 18:00:21,Q2,832000000.0,766000000.0,66000000.0,0.07932692307692307,0.0,83000000.0,0.0,-8000000.0,142000000.0,908000000.0,46000000.0,0.0,248000000.0,0.2980769230769231,-76000000.0,-0.09134615384615384,-218000000.0,-340000000.0,-0.40865384615384615,-123000000.0,-218000000.0,-0.2620192307692308,-1.46,-1.46,149000000,149000000,https://www.sec.gov/Archives/edgar/data/1038357/000103835715000067/0001038357-15-000067-index.html,https://www.sec.gov/Archives/edgar/data/1038357/000103835715000067/pxd-20150630.htm,1620596947,17:49:07,20210509
23,2015-05-07,PXD,USD,2015-08-07 00:00:00,2015-08-06 18:00:21,Q1,0.0,0.0,0.0,0.0,0.0,0.0,0.0,0.0,0.0,0.0,0.0,0.0,0.0,0.0,0.0,0.0,0.0,0.0,0.0,0.0,0.0,0.0,0.0,0.0,149000000,149000000,https://www.sec.gov/Archives/edgar/data/1038357/000103835715000067/0001038357-15-000067-index.html,https://www.sec.gov/Archives/edgar/data/1038357/000103835715000067/pxd-20150630.htm,1620596947,17:49:07,20210509
24,2015-03-31,PXD,USD,2015-05-07 00:00:00,2015-05-07 16:49:11,Q1,620000000.0,637000000.0,-17000000.0,-0.027419354838709678,0.0,82000000.0,0.0,-15000000.0,133000000.0,770000000.0,46000000.0,0.0,147000000.0,0.23709677419354838,-150000000.0,-0.24193548387096775,85000000.0,-111000000.0,-0.17903225806451614,-37000000.0,-78000000.0,-0.12580645161290321,-0.52,-0.52,149000000,149000000,https://www.sec.gov/Archives/edgar/data/1038357/000103835715000037/0001038357-15-000037-index.html,https://www.sec.gov/Archives/edgar/data/1038357/000103835715000037/pxd-20150331.htm,1620596947,17:49:07,20210509
25,2014-12-31,PXD,USD,2015-02-19,2015-02-19 17:30:17,Q4,976000000.0,732000000.0,244000000.0,0.25,0.0,89000000.0,0.0,-21000000.0,203000000.0,935000000.0,63000000.0,0.0,353000000.0,0.36168032786885246,41000000.0,0.042008196721311473,671000000.0,666000000.0,0.6823770491803278,237000000.0,431000000.0,0.4415983606557377,2.92,2.91,146000000,147000000,https://www.sec.gov/Archives/edgar/data/1038357/000103835715000010/0001038357-15-000010-index.htm,https://www.sec.gov/Archives/edgar/data/1038357/000103835714000022/pxd-20131231x10k.htm,1620596947,17:49:07,20210509
26,2014-09-30,PXD,USD,2014-11-04 00:00:00,2014-11-04 16:04:27,Q3,1169000000.0,694000000.0,475000000.0,0.40633019674935844,0.0,81000000.0,0.0,-16000000.0,108000000.0,802000000.0,46000000.0,0.0,619000000.0,0.5295124037639007,367000000.0,0.31394354148845166,326000000.0,647000000.0,0.553464499572284,236000000.0,374000000.0,0.31993156544054746,2.58,2.58,143000000,143000000,https://www.sec.gov/Archives/edgar/data/1038357/000103835714000069/0001038357-14-000069-index.html,https://www.sec.gov/Archives/edgar/data/1038357/000103835714000069/pxd-20140930.htm,1620596947,17:49:07,20210509
27,2014-06-30,PXD,USD,2014-08-06 00:00:00,2014-08-06 16:34:37,Q2,1164000000.0,678000000.0,486000000.0,0.4175257731958763,0.0,82000000.0,0.0,-18000000.0,114000000.0,792000000.0,47000000.0,0.0,605000000.0,0.5197594501718213,372000000.0,0.31958762886597936,-233000000.0,92000000.0,0.07903780068728522,34000000.0,1000000.0,0.000859106529209622,0.01,0.01,143000000,143000000,https://www.sec.gov/Archives/edgar/data/1038357/000103835714000060/0001038357-14-000060-index.html,https://www.sec.gov/Archives/edgar/data/1038357/000103835714000060/pxd-20140630.htm,1620596947,17:49:07,20210509
28,2014-03-31,PXD,USD,2014-05-09 00:00:00,2014-05-08 18:59:01,Q1,1057000000.0,586000000.0,471000000.0,0.445600756859035,0.0,81000000.0,0.0,-14000000.0,115000000.0,701000000.0,45000000.0,0.0,566000000.0,0.5354777672658467,356000000.0,0.336802270577105,-109000000.0,202000000.0,0.19110690633869443,53000000.0,123000000.0,0.11636707663197729,0.85,0.85,143000000,143000000,https://www.sec.gov/Archives/edgar/data/1038357/000103835714000036/0001038357-14-000036-index.html,https://www.sec.gov/Archives/edgar/data/1038357/000103835714000036/pxd-20140331.htm,1620596947,17:49:07,20210509
29,2013-12-31,PXD,USD,2014-02-27,2014-02-26 18:21:36,Q4,947770000.0,630012000.0,317758000.0,0.3352691053736666,0.0,91741000.0,0.0,1090000.0,148103000.0,778115000.0,44979000.0,0.0,338423000.0,0.3570729185350876,169655000.0,0.17900439980163965,-1555179000.0,-1430531000.0,-1.5093651413317577,-521366000.0,-1367465000.0,-1.4428236808508392,-9.82,-9.82,139314000,139314000,https://www.sec.gov/Archives/edgar/data/1038357/000103835714000022/0001038357-14-000022-index.htm,https://www.sec.gov/Archives/edgar/data/1038357/000103835713000009/pxd-20121231x10k.htm,1620596947,17:49:07,20210509
30,2013-09-30,PXD,USD,2013-11-06 00:00:00,2013-11-06 11:02:13,Q3,908757000.0,491546000.0,417211000.0,0.4591007276972832,0.0,73722000.0,0.0,-16807000.0,96840000.0,588386000.0,45138000.0,0.0,563846000.0,0.620458494404995,320371000.0,0.3525375870557256,-118534000.0,156780000.0,0.17252136709813515,58233000.0,91125000.0,0.10027433076168876,0.6575339500382434,0.6558303225713586,138586000,138946000,https://www.sec.gov/Archives/edgar/data/1038357/000103835713000057/0001038357-13-000057-index.html,https://www.sec.gov/Archives/edgar/data/1038357/000103835713000057/pxd-20130930.htm,1620596947,17:49:07,20210509
31,2013-06-30,PXD,USD,2013-08-06 00:00:00,2013-08-05 19:56:45,Q2,845136000.0,482915000.0,362221000.0,0.4285949243672024,0.0,66654000.0,0.0,-20743000.0,92375000.0,575290000.0,42805000.0,0.0,501321000.0,0.5931838189356506,269846000.0,0.3192929895306791,316381000.0,543503000.0,0.643095312470419,192029000.0,337263000.0,0.39906358266598513,2.42,2.4,137539000,138829000,https://www.sec.gov/Archives/edgar/data/1038357/000103835713000046/0001038357-13-000046-index.html,https://www.sec.gov/Archives/edgar/data/1038357/000103835713000046/pxd-20130630.htm,1620596947,17:49:07,20210509
32,2013-03-31,PXD,USD,2013-05-08 00:00:00,2013-05-08 08:28:55,Q1,787855000.0,454200000.0,333655000.0,0.42349797868897193,0.0,63751000.0,0.0,-18958000.0,79649000.0,533849000.0,50735000.0,0.0,469440000.0,0.5958456822638684,254006000.0,0.3224019648285535,-34835000.0,168529000.0,0.21390865070349238,59329000.0,100663000.0,0.12776843454696613,0.77,0.75,128940000,132751000,https://www.sec.gov/Archives/edgar/data/1038357/000103835713000028/0001038357-13-000028-index.html,https://www.sec.gov/Archives/edgar/data/1038357/000103835713000028/pxd-20130331.htm,1620596947,17:49:07,20210509
33,2012-12-31,PXD,USD,2013-02-13,2013-02-13 16:03:08,Q4,796740000.0,1045934000.0,-249194000.0,-0.31276702562944,0.0,67691000.0,0.0,0.0,-83000000.0,705789000.0,34861000.0,0.0,244191000.0,0.30648768732585285,90951000.0,0.11415392725355825,-424194000.0,-412072000.0,-0.5171975801390667,-156151000.0,28834000.0,0.036189974144639404,0.22362339072436793,0.22362339072436793,128940000,128940000,https://www.sec.gov/Archives/edgar/data/1038357/000103835713000009/0001038357-13-000009-index.htm,https://www.sec.gov/Archives/edgar/data/1038357/000119312512088998/d270523d10k.htm,1620596947,17:49:07,20210509
34,2012-09-30,PXD,USD,2012-11-05 00:00:00,2012-11-05 17:23:12,Q3,695422000.0,225747000.0,469675000.0,0.6753812792807821,0.0,62567000.0,0.0,0.0,295852000.0,521599000.0,54441000.0,0.0,396820000.0,0.5706175530828763,173823000.0,0.2499532657868172,-142680000.0,-4565000.0,-0.006564359482443754,8386000.0,19224000.0,0.027643646591565985,0.15,0.15,123111000,123111000,https://www.sec.gov/Archives/edgar/data/1038357/000103835712000095/0001038357-12-000095-index.html,https://www.sec.gov/Archives/edgar/data/1038357/000103835712000095/pxd-20120930.htm,1620596947,17:49:07,20210509
35,2012-06-30,PXD,USD,2012-08-07 00:00:00,2012-08-06 18:19:18,Q2,641737000.0,201333000.0,440404000.0,0.6862686739271695,0.0,54957000.0,0.0,0.0,295500000.0,496833000.0,49008000.0,0.0,347085000.0,0.540852405268825,144904000.0,0.22579966559509582,-193796000.0,-96640000.0,-0.15059128583827955,-45086000.0,-70392000.0,-0.10968979504064749,-0.57,-0.57,123028000,123028000,https://www.sec.gov/Archives/edgar/data/1038357/000103835712000078/0001038357-12-000078-index.html,https://www.sec.gov/Archives/edgar/data/1038357/000103835712000078/pxd-20120630.htm,1620596947,17:49:07,20210509
36,2012-03-31,PXD,USD,2012-03-31,2012-03-31,Q1,718956000.0,184117000.0,534839000.0,0.7439106148359566,0.0,63067000.0,0.0,0.0,300202000.0,484319000.0,46858000.0,0.0,416112000.0,0.5787725535359605,234637000.0,0.3263579412370159,140130000.0,327966000.0,0.4561697795136281,117703000.0,214619000.0,0.2985147908912367,1.73,1.68,122480000,126247000,updating...,,1620596947,17:49:07,20210509
37,2011-12-31,PXD,USD,2012-02-29,2012-02-29 15:53:24,Q4,602493000.0,171052000.0,431441000.0,0.7160929670552189,0.0,54653000.0,0.0,-2092000.0,265125000.0,436177000.0,45106000.0,0.0,346160000.0,0.5745460943114692,166316000.0,0.2760463607046057,-363657000.0,-209201000.0,-0.3472256109199609,-85372000.0,-111146000.0,-0.18447683209597457,-0.93,-0.93,119223000,119223000,https://www.sec.gov/Archives/edgar/data/1038357/000119312512088998/0001193125-12-088998-index.htm,https://www.sec.gov/Archives/edgar/data/1038357/000119312511047441/d10k.htm,1620596947,17:49:07,20210509
38,2011-09-30,PXD,USD,2011-11-04 00:00:00,2011-11-04 16:51:03,Q3,610509000.0,158151000.0,452358000.0,0.7409522218345675,0.0,49812000.0,0.0,0.0,239180000.0,397331000.0,45559000.0,0.0,397287000.0,0.6507471634324801,213178000.0,0.3491807655579197,386424000.0,571616000.0,0.9362941414459083,185471000.0,351464000.0,0.5756901208663591,2.96,2.95,116281000,117075000,https://www.sec.gov/Archives/edgar/data/1038357/000119312511297579/0001193125-11-297579-index.html,https://www.sec.gov/Archives/edgar/data/1038357/000119312511297579/d235261d10q.htm,1620596947,17:49:07,20210509
39,2011-06-30,PXD,USD,2011-08-05 00:00:00,2011-08-05 14:28:16,Q2,583931000.0,138319000.0,445612000.0,0.7631244102471011,0.0,44644000.0,0.0,0.0,221114000.0,359433000.0,45768000.0,0.0,396850000.0,0.679617968561354,224498000.0,0.38445980775125826,214796000.0,411980000.0,0.7055285641625466,144696000.0,245577000.0,0.42055825088923177,2.07,2.03,116213000,118592000,https://www.sec.gov/Archives/edgar/data/1038357/000119312511212052/0001193125-11-212052-index.html,https://www.sec.gov/Archives/edgar/data/1038357/000119312511212052/d10q.htm,1620596947,17:49:07,20210509
40,2011-03-31,PXD,USD,2011-05-10 00:00:00,2011-05-09 18:05:09,Q1,497130000.0,133227000.0,363903000.0,0.7320077243376983,0.0,44106000.0,0.0,0.0,204777000.0,338004000.0,45227000.0,0.0,332186000.0,0.6682075111137932,159126000.0,0.32008931265463764,-264575000.0,-117989000.0,-0.2373403335143725,-47151000.0,348594000.0,0.7012129624042001,2.96,2.96,115869000,115869000,https://www.sec.gov/Archives/edgar/data/1038357/000119312511132694/0001193125-11-132694-index.html,https://www.sec.gov/Archives/edgar/data/1038357/000119312511132694/d10q.htm,1620596947,17:49:07,20210509
41,2010-12-31,PXD,USD,2011-02-25,2011-02-25 16:21:57,Q4,487290000.0,101495000.0,385795000.0,0.791715405610622,0.0,37220000.0,0.0,-2215000.0,278911000.0,380406000.0,45191000.0,0.0,237111000.0,0.4865911469556117,106884000.0,0.21934371729360339,-153861000.0,-79976000.0,-0.16412403291674363,-59511000.0,80342000.0,0.16487512569517127,0.6933864968196843,0.6933864968196843,115869000,115869000,https://www.sec.gov/Archives/edgar/data/1038357/000119312511047441/0001193125-11-047441-index.htm,https://www.sec.gov/Archives/edgar/data/1038357/000119312510042964/d10k.htm,1620596947,17:49:07,20210509
42,2010-09-30,PXD,USD,2010-11-01 00:00:00,2010-11-01 15:37:49,Q3,477207000.0,137384000.0,339823000.0,0.7121081627050735,0.0,44759000.0,0.0,-2626000.0,223186000.0,360570000.0,45002000.0,0.0,281339000.0,0.5895533803988625,116637000.0,0.24441594528160734,104028000.0,190153000.0,0.39847068462952134,76661000.0,112036000.0,0.23477442703061774,0.95,0.94,115191000,116021000,https://www.sec.gov/Archives/edgar/data/1038357/000119312510242545/0001193125-10-242545-index.html,https://www.sec.gov/Archives/edgar/data/1038357/000119312510242545/d10q.htm,1620596947,17:49:07,20210509
43,2010-06-30,PXD,USD,2010-07-30 00:00:00,2010-07-30 14:11:22,Q2,662394000.0,149755000.0,512639000.0,0.7739185439481637,0.0,45006000.0,0.0,0.0,210045000.0,359800000.0,45368000.0,0.0,452908000.0,0.6837441160396984,302594000.0,0.4568187513775789,-2632000.0,257226000.0,0.38832779282421037,94693000.0,167576000.0,0.25298538332170883,1.42,1.41,115104000,116006000,https://www.sec.gov/Archives/edgar/data/1038357/000119312510172043/0001193125-10-172043-index.html,https://www.sec.gov/Archives/edgar/data/1038357/000119312510172043/d10q.htm,1620596947,17:49:07,20210509
44,2010-03-31,PXD,USD,2010-05-06 00:00:00,2010-05-05 20:03:06,Q1,817428000.0,137573000.0,679855000.0,0.8317001619714519,0.0,43908000.0,0.0,0.0,211252000.0,348825000.0,47523000.0,0.0,619371000.0,0.7577071008088786,468603000.0,0.5732651683084015,-2960000.0,421080000.0,0.5151279378734274,160474000.0,245254000.0,0.30003131774296943,2.09,2.08,114655000,115462000,https://www.sec.gov/Archives/edgar/data/1038357/000140746310000042/0001407463-10-000042-index.html,https://www.sec.gov/Archives/edgar/data/1038357/000140746310000042/pxd10qmar10.htm,1620596947,17:49:07,20210509
45,2009-12-31,PXD,USD,2010-02-26,2010-02-26 16:26:04,Q4,463690000.0,133762000.0,329928000.0,0.7115270978455434,0.0,125419000.0,0.0,0.0,305729000.0,439491000.0,45310000.0,0.0,166337000.0,0.358724578921262,24199000.0,0.05218788414673597,-1308000.0,-22419000.0,-0.048349112553645754,-437000.0,56660000.0,0.12219370700252324,0.4941781867341154,0.4941781867341154,114655000,114655000,https://www.sec.gov/Archives/edgar/data/1038357/000119312510042964/0001193125-10-042964-index.htm,https://www.sec.gov/Archives/edgar/data/1038357/000103835709000008/pxd10k082.htm,1620596947,17:49:07,20210509
46,2009-09-30,PXD,USD,2009-11-06 00:00:00,2009-11-06 17:05:09,Q3,410087000.0,143556000.0,266531000.0,0.6499376961474028,0.0,37553000.0,0.0,0.0,236743000.0,380299000.0,43438000.0,0.0,192393000.0,0.4691516678168291,29788000.0,0.07263824505531753,-1830000.0,-15480000.0,-0.037748087600923706,-5206000.0,-7165000.0,-0.017471902303657517,-0.06,-0.06,114123000,114123000,https://www.sec.gov/Archives/edgar/data/1038357/000119312509227713/0001193125-09-227713-index.html,https://www.sec.gov/Archives/edgar/data/1038357/000119312509227713/d10q.htm,1620596947,17:49:07,20210509
47,2009-06-30,PXD,USD,2009-08-10 00:00:00,2009-08-10 14:39:43,Q2,459343000.0,130126000.0,329217000.0,0.716712783257827,0.0,36028000.0,0.0,0.0,408910000.0,539036000.0,43475000.0,0.0,86250000.0,0.18776818194682404,-79693000.0,-0.17349344607406667,-16075000.0,-139243000.0,-0.30313512995735215,-44398000.0,-91592000.0,-0.19939783560433053,-0.8,-0.8,113979000,113979000,https://www.sec.gov/Archives/edgar/data/1038357/000119312509170426/0001193125-09-170426-index.html,https://www.sec.gov/Archives/edgar/data/1038357/000119312509170426/d10q.htm,1620596947,17:49:07,20210509
48,2009-03-31,PXD,USD,2009-05-11 00:00:00,2009-05-11 17:06:29,Q1,373837000.0,140727000.0,233110000.0,0.623560535741513,0.0,34639000.0,0.0,0.0,261601000.0,402328000.0,41138000.0,0.0,174726000.0,0.46738551828738195,-28491000.0,-0.07621235993226995,46893000.0,-12076000.0,-0.032302848567691264,-1263000.0,-14606000.0,-0.03907050398970675,-0.13,-0.13,114242000,114242000,https://www.sec.gov/Archives/edgar/data/1038357/000103835709000028/0001038357-09-000028-index.html,https://www.sec.gov/Archives/edgar/data/1038357/000103835709000028/pxdmarq.htm,1620596947,17:49:07,20210509
49,2008-12-31,PXD,USD,2009-02-25,2009-02-24 19:58:30,Q4,514302000.0,217993000.0,296309000.0,0.5761381445143126,0.0,122883000.0,0.0,0.0,352267000.0,570260000.0,0.0,0.0,44589000.0,0.08669808789388336,-55958000.0,-0.10880377676929119,32865000.0,-84751000.0,-0.16478839281200539,-22280000.0,-65467000.0,-0.12729291350218355,-0.5730554437072181,-0.5730554437072181,114242000,114242000,https://www.sec.gov/Archives/edgar/data/1038357/000103835709000008/0001038357-09-000008-index.htm,https://www.sec.gov/Archives/edgar/data/1038357/000103835708000005/pxd10k07v2.htm,1620596947,17:49:07,20210509
50,2008-09-30,PXD,USD,2008-11-07 00:00:00,2008-11-07 17:26:34,Q3,612200000.0,266836000.0,345364000.0,0.5641359032995753,0.0,31617000.0,0.0,0.0,159084000.0,425920000.0,0.0,96042000.0,282322000.0,0.4611597517151258,186280000.0,0.3042796471741261,-131210000.0,12348000.0,0.020169879124469128,14895000.0,-3038000.0,-0.004962430578242405,-0.03,-0.03,118110000,118110000,https://www.sec.gov/Archives/edgar/data/1038357/000103835708000050/0001038357-08-000050-index.html,https://www.sec.gov/Archives/edgar/data/1038357/000103835708000050/pxdsep08q.htm,1620596947,17:49:07,20210509
51,2008-06-30,PXD,USD,2008-08-11 00:00:00,2008-08-08 20:19:05,Q2,665689000.0,174616000.0,491073000.0,0.7376913243271257,0.0,35548000.0,0.0,0.0,150227000.0,324843000.0,0.0,83463000.0,424309000.0,0.6373982445255968,340846000.0,0.5120198771498402,-8646000.0,283791000.0,0.4263116860876475,125758000.0,158829000.0,0.23859339721701875,1.34,1.32,118363000,120047000,https://www.sec.gov/Archives/edgar/data/1038357/000103835708000034/0001038357-08-000034-index.html,https://www.sec.gov/Archives/edgar/data/1038357/000103835708000034/pxdjun0810q.htm,1620596947,17:49:07,20210509
52,2008-03-31,PXD,USD,2008-05-12 00:00:00,2008-05-12 16:02:49,Q1,584178000.0,171324000.0,412854000.0,0.7067263744954448,0.0,36481000.0,0.0,0.0,146108000.0,317432000.0,0.0,79128000.0,345874000.0,0.592069540448288,266746000.0,0.4566176747498194,-13548000.0,215067000.0,0.3681531998808582,87267000.0,129740000.0,0.22208984247951824,1.1,1.09,117934000,119092000,https://www.sec.gov/Archives/edgar/data/1038357/000103835708000017/0001038357-08-000017-index.html,https://www.sec.gov/Archives/edgar/data/1038357/000103835708000017/mar0810q.htm,1620596947,17:49:07,20210509
53,2007-12-31,PXD,USD,2008-02-21,2008-02-21 15:26:21,Q4,508579000.0,221544000.0,287035000.0,0.5643862605416268,0.0,35283000.0,0.0,0.0,141753000.0,363297000.0,0.0,71666000.0,216948000.0,0.42657679534546256,145282000.0,0.2856626010904894,-23237000.0,104817000.0,0.2060977743870667,20464000.0,204728000.0,0.4025490631740595,1.7359540081740634,1.7359540081740634,117934000,117934000,https://www.sec.gov/Archives/edgar/data/1038357/000103835708000005/0001038357-08-000005-index.htm,https://www.sec.gov/Archives/edgar/data/1038357/000103835708000005/pxd10k07v2.htm,1620596947,17:49:07,20210509
54,2007-09-30,PXD,USD,2007-11-09 00:00:00,2007-11-09 09:51:58,Q3,458898000.0,148052000.0,310846000.0,0.6773749286333782,0.0,32330000.0,0.0,0.0,146209000.0,294261000.0,0.0,47693000.0,212330000.0,0.4626954137956583,164637000.0,0.3587660002876456,-6185000.0,153967000.0,0.33551464595618197,60948000.0,101927000.0,0.22211253916992446,0.85,0.84,120323000,121805000,https://www.sec.gov/Archives/edgar/data/1038357/000103835707000083/0001038357-07-000083-index.html,https://www.sec.gov/Archives/edgar/data/1038357/000103835707000083/sep0710q.htm,1620596947,17:49:07,20210509
55,2007-06-30,PXD,USD,2007-08-09 00:00:00,2007-08-09 12:04:17,Q2,483920000.0,190207000.0,293713000.0,0.6069453628698959,0.0,30811000.0,0.0,0.0,134790000.0,324997000.0,0.0,67274000.0,226197000.0,0.4674264341213424,158923000.0,0.3284075880310795,-79034000.0,51189000.0,0.1057798809720615,16284000.0,36480000.0,0.07538436105141345,0.3009255440252091,0.2971264742294911,121226000,122776000,https://www.sec.gov/Archives/edgar/data/1038357/000103835707000068/0001038357-07-000068-index.html,https://www.sec.gov/Archives/edgar/data/1038357/000103835707000068/jun0710q_v5.htm,1620596947,17:49:07,20210509
56,2007-03-31,PXD,USD,2007-05-09 00:00:00,2007-05-09 12:21:47,Q1,406094000.0,180785000.0,225309000.0,0.5548198200416652,0.0,34444000.0,0.0,0.0,126582000.0,307367000.0,0.0,54842000.0,153569000.0,0.37816121390613994,98727000.0,0.24311366333902987,-23759000.0,46214000.0,0.11380123813698306,15919000.0,30997000.0,0.07632961826572172,0.2550710565078216,0.2524309005325993,121523000,122794000,https://www.sec.gov/Archives/edgar/data/1038357/000103835707000053/0001038357-07-000053-index.html,https://www.sec.gov/Archives/edgar/data/1038357/000103835707000053/mar0710q.htm,1620596947,17:49:07,20210509
57,2006-12-31,PXD,USD,2006-12-31,2006-12-31,Q4,389840000.0,151604000.0,238236000.0,0.6111122511799713,0.0,70800000.0,0.0,0.0,164645000.0,316249000.0,0.0,78814000.0,152405000.0,0.39094243792325056,73591000.0,0.1887723168479376,-645000.0,52549000.0,0.13479632669813257,25472000.0,27686000.0,0.07101887954032424,0.22782518535585855,0.22782518535585855,121523000,121523000,,,1620596947,17:49:07,20210509
58,2006-09-30,PXD,USD,2006-09-30,2006-09-30,Q3,432627000.0,146789000.0,285838000.0,0.6607030998989892,0.0,30421000.0,0.0,0.0,125709000.0,272498000.0,0.0,47892000.0,208021000.0,0.48083221805388937,160129000.0,0.3701317763338858,-16655000.0,120596000.0,0.2787528286491597,40270000.0,80799000.0,0.186763655527741,0.65,0.64,124021000,126734000,,,1620596947,17:49:07,20210509
59,2006-06-30,PXD,USD,2006-06-30,2006-06-30,Q2,413908000.0,144684000.0,269224000.0,0.6504440600326643,0.0,29468000.0,0.0,0.0,117452000.0,262136000.0,0.0,40098000.0,191870000.0,0.46355711897329843,151772000.0,0.36668051837606425,-16316000.0,116093000.0,0.2804802033302086,50207000.0,88399000.0,0.21357161494824936,0.7,0.69,125629000,129624000,,,1620596947,17:49:07,20210509
60,2006-03-31,PXD,USD,2006-05-10,2006-05-10,Q1,379468000.0,219325000.0,160143000.0,0.42201977505349597,0.0,32247000.0,0.0,0.0,114653000.0,333978000.0,0.0,34457000.0,79947000.0,0.2106817966205319,45490000.0,0.11987835601420936,-6275000.0,19750000.0,0.05204654937965784,20717000.0,543207000.0,1.4314961999430782,4.28,4.28,126944000,126944000,https://www.sec.gov/Archives/edgar/data/1038357/000103835706000062/0001038357-06-000062-index.htm,https://www.sec.gov/Archives/edgar/data/1038357/000103835706000062/mar06qclean.txt,1620596947,17:49:07,20210509
61,2005-12-31,PXD,USD,2005-12-31,2005-12-31,Q4,691301000.0,201529000.0,489772000.0,0.7084786511230274,0.0,33005000.0,0.0,0.0,169263000.0,370792000.0,0.0,121679000.0,442188000.0,0.6396461165252184,320509000.0,0.4636316163292111,10730000.0,238450000.0,0.3449293433685182,98006000.0,140779000.0,0.20364356481474785,1.1089850642803125,1.1089850642803125,126944000,126944000,,,1620596947,17:49:07,20210509
62,2005-09-30,PXD,USD,2005-09-30,2005-09-30,Q3,568236000.0,182620000.0,385616000.0,0.6786194468495484,0.0,32749000.0,0.0,0.0,169116000.0,351736000.0,0.0,115569000.0,332069000.0,0.5843857129784104,216500000.0,0.38100366749026815,-39768000.0,147070000.0,0.2588185190660219,42483000.0,123573000.0,0.21746774227609655,0.9,0.88,137655000,141786000,,,1620596947,17:49:07,20210509
63,2005-06-30,PXD,USD,2005-06-30,2005-06-30,Q2,592644000.0,160380000.0,432264000.0,0.7293822260918865,0.0,29217000.0,0.0,0.0,176378000.0,336758000.0,0.0,132176000.0,388062000.0,0.6547978212890032,255886000.0,0.43177016893784465,-20007000.0,205519000.0,0.3467832290548795,101983000.0,185559000.0,0.3131036507582967,1.32,1.28,140812000,145246000,,,1620596947,17:49:07,20210509
64,2005-03-31,PXD,USD,2005-03-31,2005-03-31,Q1,550866000.0,181347000.0,369519000.0,0.6707965276491924,0.0,29585000.0,0.0,0.0,185736000.0,367083000.0,0.0,149678000.0,333461000.0,0.6053395925687917,183783000.0,0.3336256004182505,-11791000.0,136520000.0,0.2478279654217178,51863000.0,84657000.0,0.15367984228469356,0.59,0.58,142898000,147345000,,,1620596947,17:49:07,20210509
65,2004-12-31,PXD,USD,2005-02-22 00:00:00,2005-02-22 09:48:58,Q4,481778000.0,50242000.0,431536000.0,0.8957154540057869,0.0,19508000.0,0.0,0.0,175142000.0,225384000.0,0.0,115241000.0,371635000.0,0.7713822548974839,256394000.0,0.5321828726093761,-81512000.0,153344000.0,0.3182876760665701,51296000.0,102048000.0,0.2118154004541511,0.7141317583171213,0.7141317583171213,142898000,142898000,https://www.sec.gov/Archives/edgar/data/1038357/000103835705000076/0001038357-05-000076-index.html,https://www.sec.gov/Archives/edgar/data/1038357/000103835705000076/pnr10k04.txt,1620596947,17:49:07,20210509
66,2004-09-30,PXD,USD,2004-11-05 00:00:00,2004-11-05 17:11:52,Q3,454266000.0,163490000.0,290776000.0,0.6401007339312209,0.0,21515000.0,0.0,0.0,161506000.0,324996000.0,0.0,176815000.0,306085000.0,0.6738012530103508,129270000.0,0.2845689529922997,215000.0,104443000.0,0.22991595232749093,23527000.0,80916000.0,0.1781247110723673,0.68,0.67,118663000,120297000,https://www.sec.gov/Archives/edgar/data/1038357/000103835704000082/0001038357-04-000082-index.html,https://www.sec.gov/Archives/edgar/data/1038357/000103835704000082/septq04.txt,1620596947,17:49:07,20210509
67,2004-06-30,PXD,USD,2004-08-04 00:00:00,2004-08-03 18:40:23,Q2,448371000.0,135248000.0,313123000.0,0.6983569410153645,0.0,17194000.0,0.0,0.0,159944000.0,295192000.0,0.0,120090000.0,273269000.0,0.6094707284815476,153179000.0,0.341634494648405,-10548000.0,121461000.0,0.27089396950293393,51759000.0,69702000.0,0.15545608435871186,0.59,0.58,118855000,120402000,https://www.sec.gov/Archives/edgar/data/1038357/000103835704000037/0001038357-04-000037-index.html,https://www.sec.gov/Archives/edgar/data/1038357/000103835704000037/jun0410q.txt,1620596947,17:49:07,20210509
68,2004-03-31,PXD,USD,2004-05-07 00:00:00,2004-05-07 17:04:51,Q1,448248000.0,169717000.0,278531000.0,0.6213770055861934,0.0,18329000.0,0.0,0.0,154828000.0,324545000.0,0.0,130129000.0,253832000.0,0.5662758116042905,123703000.0,0.27596999875069156,-2175000.0,99965000.0,0.223012707251343,39777000.0,60188000.0,0.1342738840998733,0.51,0.5,118719000,120264000,https://www.sec.gov/Archives/edgar/data/1038357/000103835704000018/0001038357-04-000018-index.html,https://www.sec.gov/Archives/edgar/data/1038357/000103835704000018/mar0410q.txt,1620596947,17:49:07,20210509
69,2003-12-31,PXD,USD,2004-02-03 00:00:00,2004-02-03 10:03:17,Q4,339125000.0,99469000.0,239656000.0,0.7066892738665683,0.0,16213000.0,0.0,0.0,132911000.0,232380000.0,0.0,96088000.0,202833000.0,0.5981068927386657,106745000.0,0.3147659417618872,-10819000.0,87932000.0,0.2592908219683008,30558000.0,57374000.0,0.16918245484703281,0.4832756340602599,0.4832756340602599,118719000,118719000,https://www.sec.gov/Archives/edgar/data/1038357/000103835704000005/0001038357-04-000005-index.html,https://www.sec.gov/Archives/edgar/data/1038357/000103835704000005/pnr10k04.txt,1620596947,17:49:07,20210509
70,2003-09-30,PXD,USD,2003-10-31 00:00:00,2003-10-31 17:07:11,Q3,332909000.0,96322000.0,236587000.0,0.7106656774073395,0.0,15207000.0,0.0,0.0,118741000.0,215063000.0,0.0,112713000.0,230559000.0,0.6925586271323395,117846000.0,0.35398862752283655,-2670000.0,91918000.0,0.2761054822789411,-99895000.0,191813000.0,0.5761724675511927,1.64,1.62,117216000,118457000,https://www.sec.gov/Archives/edgar/data/1038357/000103835703000037/0001038357-03-000037-index.html,https://www.sec.gov/Archives/edgar/data/1038357/000103835703000037/sepq03.txt,1620596947,17:49:07,20210509
71,2003-06-30,PXD,USD,2003-07-31 00:00:00,2003-07-31 16:32:59,Q2,341318000.0,116604000.0,224714000.0,0.6583713721514833,0.0,13644000.0,0.0,0.0,114203000.0,230807000.0,0.0,113727000.0,224238000.0,0.6569767782537106,110511000.0,0.3237772399932028,-6769000.0,79815000.0,0.23384351250153815,2630000.0,77185000.0,0.2261380882344324,0.66,0.65,117005000,118969000,https://www.sec.gov/Archives/edgar/data/1038357/000103835703000030/0001038357-03-000030-index.html,https://www.sec.gov/Archives/edgar/data/1038357/000103835703000030/pnrjunq03.txt,1620596947,17:49:07,20210509
72,2003-03-31,PXD,USD,2003-04-30 00:00:00,2003-04-30 16:53:46,Q1,285295000.0,99891000.0,185404000.0,0.6498676808216057,0.0,15481000.0,0.0,0.0,85530000.0,185421000.0,0.0,47702000.0,147576000.0,0.5172751012110272,99874000.0,0.35007273173381936,-4846000.0,71111000.0,0.24925428065686395,2304000.0,84220000.0,0.29520321071171945,0.72,0.71,116743000,118675000,https://www.sec.gov/Archives/edgar/data/1038357/000103835703000018/0001038357-03-000018-index.html,https://www.sec.gov/Archives/edgar/data/1038357/000103835703000018/pnrmar10q.txt,1620596947,17:49:07,20210509
73,2002-12-31,PXD,USD,2003-02-21 00:00:00,2003-02-20 18:08:31,Q4,197685000.0,0.0,0.0,0.0,0.0,0.0,0.0,0.0,0.0,0.0,0.0,60300000.0,-292256000.0,-1.4783923919366668,-352556000.0,-1.7834231226446113,0.0,0.0,0.0,0.0,18420000.0,0.09317854161924273,0.1577824794634368,0.1577824794634368,116743000,116743000,https://www.sec.gov/Archives/edgar/data/1038357/000103835703000009/0001038357-03-000009-index.html,https://www.sec.gov/Archives/edgar/data/1038357/000103835703000009/pnr10k02.txt,1620596947,17:49:07,20210509
74,2002-09-30,PXD,USD,2002-10-31 00:00:00,2002-10-31 16:59:04,Q3,178753000.0,0.0,0.0,0.0,0.0,0.0,0.0,0.0,0.0,0.0,0.0,54800000.0,233553000.0,1.3065682813715014,178753000.0,1.0,0.0,0.0,0.0,0.0,-890000.0,-0.004978937416434969,-0.007659669687502689,-0.007541030833495734,116193000,118021000,https://www.sec.gov/Archives/edgar/data/1038357/000103835702000026/0001038357-02-000026-index.html,https://www.sec.gov/Archives/edgar/data/1038357/000103835702000026/sepq.txt,1620596947,17:49:07,20210509
75,2002-06-30,PXD,USD,2002-08-02 00:00:00,2002-08-01 21:44:31,Q2,172430000.0,0.0,0.0,0.0,0.0,0.0,0.0,0.0,0.0,0.0,0.0,50900000.0,223330000.0,1.2951922519283188,172430000.0,1.0,0.0,0.0,0.0,0.0,11142000.0,0.06461752595256046,0.09833548091010184,0.09668601775440606,113306000,115239000,https://www.sec.gov/Archives/edgar/data/1038357/000103835702000022/0001038357-02-000022-index.html,https://www.sec.gov/Archives/edgar/data/1038357/000103835702000022/jun10q.txt,1620596947,17:49:07,20210509
76,2002-03-31,PXD,USD,2002-05-14 00:00:00,2002-05-13 19:29:33,Q1,165539000.0,0.0,0.0,0.0,0.0,0.0,0.0,0.0,0.0,0.0,0.0,50400000.0,215939000.0,1.3044599761989621,165539000.0,1.0,0.0,0.0,0.0,0.0,-1959000.0,-0.011834069312971566,-0.02,-0.02,104055000,104055000,https://www.sec.gov/Archives/edgar/data/1038357/000103835702000015/0001038357-02-000015-index.html,https://www.sec.gov/Archives/edgar/data/1038357/000103835702000015/m02pnr.txt,1620596947,17:49:07,20210509
77,2001-12-31,PXD,USD,2001-12-31,2001-12-31,Q4,172337000.0,0.0,0.0,0.0,0.0,0.0,0.0,0.0,0.0,0.0,0.0,53000000.0,225337000.0,1.3075369769695422,172337000.0,1.0,0.0,0.0,0.0,0.0,-20863000.0,-0.1210593198210483,-0.20049973571668828,-0.20049973571668828,104055000,104055000,,,1620596947,17:49:07,20210509
78,2001-09-30,PXD,USD,2001-10-26 00:00:00,2001-10-26 00:00:00,Q3,198088000.0,0.0,0.0,0.0,0.0,0.0,0.0,0.0,0.0,0.0,0.0,60000000.0,258088000.0,1.302895682726869,198088000.0,1.0,0.0,0.0,0.0,0.0,24602000.0,0.1241973264407738,0.24984766624690255,0.24719913989731018,98468000,99523000,https://www.sec.gov/Archives/edgar/data/1038357/000103835701500024/0001038357-01-500024-index.html,https://www.sec.gov/Archives/edgar/data/1038357/000103835701500024/psep10q.txt,1620596947,17:49:07,20210509
79,2001-06-30,PXD,USD,2001-08-07 00:00:00,2001-08-07 00:00:00,Q2,218611000.0,0.0,0.0,0.0,0.0,0.0,0.0,0.0,0.0,0.0,0.0,57400000.0,276011000.0,1.2625668424736176,218611000.0,1.0,0.0,0.0,0.0,0.0,28338000.0,0.12962751188183577,0.29,0.28,98337000,99700000,https://www.sec.gov/Archives/edgar/data/1038357/000103835701500016/0001038357-01-500016-index.html,https://www.sec.gov/Archives/edgar/data/1038357/000103835701500016/jun01pnra.txt,1620596947,17:49:07,20210509
80,2001-03-31,PXD,USD,2001-05-14 00:00:00,2001-05-14 00:00:00,Q1,257986000.0,0.0,0.0,0.0,0.0,0.0,0.0,0.0,0.0,0.0,0.0,52200000.0,310186000.0,1.2023365608986534,257986000.0,1.0,0.0,0.0,0.0,0.0,67919000.0,0.2632662237485755,0.69,0.68,98379000,99880882,https://www.sec.gov/Archives/edgar/data/1038357/000103835701500008/0001038357-01-500008-index.html,https://www.sec.gov/Archives/edgar/data/1038357/000103835701500008/pnr0301.txt,1620596947,17:49:07,20210509
81,2000-12-31,PXD,USD,2001-02-27,2001-02-27,Q4,251829000.0,0.0,0.0,0.0,0.0,0.0,0.0,0.0,0.0,0.0,0.0,52900000.0,304729000.0,1.210063177791279,251829000.0,1.0,0.0,0.0,0.0,0.0,84184000.0,0.3342903319315885,0.85571107655089,0.85571107655089,98379000,98379000,https://www.sec.gov/Archives/edgar/data/1038357/000103835701000008/0001038357-01-000008-index.htm,https://www.sec.gov/Archives/edgar/data/1038357/000103835701000008/0001038357-01-000008-0001.txt,1620596947,17:49:07,20210509
82,2000-09-30,PXD,USD,2000-11-14 00:00:00,2000-11-14 00:00:00,Q3,228587000.0,0.0,0.0,0.0,0.0,0.0,0.0,0.0,0.0,0.0,0.0,56500000.0,285087000.0,1.2471706614986855,228587000.0,1.0,0.0,0.0,0.0,0.0,69288000.0,0.30311435033488343,0.7,0.69,99312000,100417391,https://www.sec.gov/Archives/edgar/data/1038357/000103835700000027/0001038357-00-000027-index.html,https://www.sec.gov/Archives/edgar/data/1038357/000103835700000027/0001038357-00-000027-0001.txt,1620596947,17:49:07,20210509
83,2000-06-30,PXD,USD,2000-08-10 00:00:00,2000-08-10 00:00:00,Q2,197947000.0,0.0,0.0,0.0,0.0,0.0,0.0,0.0,0.0,0.0,0.0,53600000.0,251547000.0,1.2707795521023304,197947000.0,1.0,0.0,0.0,0.0,0.0,-16061000.0,-0.08113788034170763,-0.16,-0.16,99683000,99683000,https://www.sec.gov/Archives/edgar/data/1038357/000103835700000022/0001038357-00-000022-index.html,https://www.sec.gov/Archives/edgar/data/1038357/000103835700000022/0001038357-00-000022-0001.txt,1620596947,17:49:07,20210509
84,2000-03-31,PXD,USD,2000-05-11 00:00:00,2000-05-11 00:00:00,Q1,174375000.0,0.0,0.0,0.0,0.0,0.0,0.0,0.0,0.0,0.0,0.0,51900000.0,226275000.0,1.2976344086021505,174375000.0,1.0,0.0,0.0,0.0,0.0,14770000.0,0.08470250896057348,0.15,0.15,100163000,100163000,https://www.sec.gov/Archives/edgar/data/1038357/000103835700000011/0001038357-00-000011-index.html,https://www.sec.gov/Archives/edgar/data/1038357/0001038357-00-000011.txt,1620596947,17:49:07,20210509
85,1999-12-31,PXD,USD,1999-12-31,1999-12-31,Q4,163400000.0,0.0,0.0,0.0,0.0,0.0,0.0,0.0,0.0,0.0,0.0,51400000.0,214800000.0,1.3145654834761322,163400000.0,1.0,0.0,0.0,0.0,0.0,8200000.0,0.05018359853121175,0.08186655751125665,0.08186655751125665,100163000,100163000,,,1620596947,17:49:07,20210509
86,1999-09-30,PXD,USD,1999-11-10 00:00:00,1999-11-10 00:00:00,Q3,159900000.0,0.0,0.0,0.0,0.0,0.0,0.0,0.0,0.0,0.0,0.0,51000000.0,210900000.0,1.3189493433395871,159900000.0,1.0,0.0,0.0,0.0,0.0,46400000.0,0.29018136335209505,0.46,0.46,100869565,100869565,https://www.sec.gov/Archives/edgar/data/1038357/000095013499009639/0000950134-99-009639-index.html,https://www.sec.gov/Archives/edgar/data/1038357/0000950134-99-009639.txt,1620596947,17:49:07,20210509
87,1999-06-30,PXD,USD,1999-08-11 00:00:00,1999-08-11 00:00:00,Q2,174200000.0,0.0,0.0,0.0,0.0,0.0,0.0,0.0,0.0,0.0,0.0,64200000.0,238400000.0,1.3685419058553387,174200000.0,1.0,0.0,0.0,0.0,0.0,-74600000.0,-0.42824339839265213,-0.74,-0.74,100810811,100810811,https://www.sec.gov/Archives/edgar/data/1038357/000103835799000006/0001038357-99-000006-index.html,https://www.sec.gov/Archives/edgar/data/1038357/0001038357-99-000006.txt,1620596947,17:49:07,20210509
88,1999-03-31,PXD,USD,1999-05-10 00:00:00,1999-05-10 00:00:00,Q1,147200000.0,0.0,0.0,0.0,0.0,0.0,0.0,0.0,0.0,0.0,0.0,69400000.0,216600000.0,1.471467391304348,147200000.0,1.0,0.0,0.0,0.0,0.0,-2500000.0,-0.016983695652173912,-0.02,-0.02,125000000,125000000,https://www.sec.gov/Archives/edgar/data/1038357/000095013499003737/0000950134-99-003737-index.html,https://www.sec.gov/Archives/edgar/data/1038357/0000950134-99-003737.txt,1620596947,17:49:07,20210509
89,1998-12-31,PXD,USD,1999-03-23 00:00:00,1999-03-23 00:00:00,Q4,157000000.0,0.0,0.0,0.0,0.0,0.0,0.0,0.0,0.0,0.0,0.0,90100000.0,247100000.0,1.5738853503184713,157000000.0,1.0,0.0,0.0,0.0,0.0,-642800000.0,-4.094267515923567,-5.1424,-5.1424,125000000,125000000,https://www.sec.gov/Archives/edgar/data/1038357/000095013499001887/0000950134-99-001887-index.html,https://www.sec.gov/Archives/edgar/data/1038357/0000950134-99-001887.txt,1620596947,17:49:07,20210509
90,1998-09-30,PXD,USD,1998-11-13 00:00:00,1998-11-13 00:00:00,Q3,173500000.0,0.0,0.0,0.0,0.0,0.0,0.0,0.0,0.0,0.0,0.0,87100000.0,260600000.0,1.5020172910662823,173500000.0,1.0,0.0,0.0,0.0,0.0,-43900000.0,-0.25302593659942363,-0.44,-0.44,99772727,99772727,https://www.sec.gov/Archives/edgar/data/1038357/000103835798000019/0001038357-98-000019-index.html,https://www.sec.gov/Archives/edgar/data/1038357/0001038357-98-000019.txt,1620596947,17:49:07,20210509
91,1998-06-30,PXD,USD,1998-08-13 00:00:00,1998-08-13 00:00:00,Q2,183600000.0,0.0,0.0,0.0,0.0,0.0,0.0,0.0,0.0,0.0,0.0,83800000.0,267400000.0,1.4564270152505447,183600000.0,1.0,0.0,0.0,0.0,0.0,-32800000.0,-0.1786492374727669,-0.33,-0.33,99393939,99393939,https://www.sec.gov/Archives/edgar/data/1038357/000103835798000017/0001038357-98-000017-index.html,https://www.sec.gov/Archives/edgar/data/1038357/0001038357-98-000017.txt,1620596947,17:49:07,20210509
92,1998-03-31,PXD,USD,1998-05-08 00:00:00,1998-05-08 00:00:00,Q1,197400000.0,0.0,0.0,0.0,0.0,0.0,0.0,0.0,0.0,0.0,0.0,76300000.0,273700000.0,1.3865248226950355,197400000.0,1.0,0.0,0.0,0.0,0.0,-26800000.0,-0.13576494427558258,-0.27,-0.27,99259259,99259259,https://www.sec.gov/Archives/edgar/data/1038357/000103835798000007/0001038357-98-000007-index.html,https://www.sec.gov/Archives/edgar/data/1038357/0001038357-98-000007.txt,1620596947,17:49:07,20210509
93,1997-12-31,PXD,USD,1998-03-19 00:00:00,1998-03-19 00:00:00,Q4,187800000.0,0.0,0.0,0.0,0.0,0.0,0.0,0.0,0.0,0.0,0.0,85500000.0,273300000.0,1.4552715654952078,187800000.0,1.0,0.0,0.0,0.0,0.0,-904200000.0,-4.814696485623003,-9.109477635733711,-9.109477635733711,99259259,99259259,https://www.sec.gov/Archives/edgar/data/1038357/000103835798000005/0001038357-98-000005-index.html,https://www.sec.gov/Archives/edgar/data/1038357/0001038357-98-000005.txt,1620596947,17:49:07,20210509
94,1997-09-30,PXD,USD,1997-11-14 00:00:00,1997-11-14 00:00:00,Q3,150400000.0,0.0,0.0,0.0,0.0,0.0,0.0,0.0,0.0,0.0,0.0,67400000.0,217800000.0,1.4481382978723405,150400000.0,1.0,0.0,0.0,0.0,0.0,-12500000.0,-0.08311170212765957,-0.21,-0.21,59523810,59523810,https://www.sec.gov/Archives/edgar/data/1038357/000103835797000005/0001038357-97-000005-index.html,https://www.sec.gov/Archives/edgar/data/1038357/0001038357-97-000005.txt,1620596947,17:49:07,20210509
95,1997-06-30,PXD,USD,1997-08-14 00:00:00,1997-08-14 00:00:00,Q2,102100000.0,0.0,0.0,0.0,0.0,0.0,0.0,0.0,0.0,0.0,0.0,30900000.0,133000000.0,1.3026444662095984,102100000.0,1.0,0.0,0.0,0.0,0.0,12900000.0,0.12634671890303623,0.21,0.21,61428571,61428571,https://www.sec.gov/Archives/edgar/data/1038357/000103835797000001/0001038357-97-000001-index.html,https://www.sec.gov/Archives/edgar/data/1038357/0001038357-97-000001.txt,1620596947,17:49:07,20210509
