,date,symbol,reportedCurrency,fillingDate,acceptedDate,period,revenue,costOfRevenue,grossProfit,grossProfitRatio,researchAndDevelopmentExpenses,generalAndAdministrativeExpenses,sellingAndMarketingExpenses,otherExpenses,operatingExpenses,costAndExpenses,interestExpense,depreciationAndAmortization,ebitda,ebitdaratio,operatingIncome,operatingIncomeRatio,totalOtherIncomeExpensesNet,incomeBeforeTax,incomeBeforeTaxRatio,incomeTaxExpense,netIncome,netIncomeRatio,eps,epsdiluted,weightedAverageShsOut,weightedAverageShsOutDil,link,finalLink,timestamp,est_time,est_date
0,2020-09-30,HHS,USD,2020-11-13,2020-11-13 16:46:56,Q3,47702000,13176000,34526000,0.7237851662404092,0.0,31581000.0,0.0,-2185000.0,32322000,45498000,274000.0,741000.0,2945000.0,0.061737453356253406,2204000.0,0.046203513479518676,-3604000.0,-1674000.0,-0.03509286822355457,-53000.0,-1621000.0,-0.033981803697958154,-0.27,-0.27,6523000.0,6523000.0,https://www.sec.gov/Archives/edgar/data/45919/000143774920023850/0001437749-20-023850-index.htm,https://www.sec.gov/Archives/edgar/data/45919/000143774920023850/hrth20200821_10q.htm,1620593079,16:44:39,20210509
1,2020-03-31,HHS,USD,2020-05-14,2020-05-14 17:11:11,Q1,40522000,13246000,27276000,0.6731158383100538,0.0,29896000.0,0.0,-757000.0,31017000,44263000,312000.0,1121000.0,-2620000.0,-0.0646562361186516,-3741000.0,-0.09232022111445634,-2123000.0,-6176000.0,-0.15241103598045505,-11294000.0,5118000.0,0.126301762005824,0.68,0.67,6320000.0,6481000.0,https://www.sec.gov/Archives/edgar/data/45919/000143774920010786/0001437749-20-010786-index.htm,https://www.sec.gov/Archives/edgar/data/45919/000143774920010786/hhs20200316_10q.htm,1620593079,16:44:39,20210509
2,2019-12-31,HHS,USD,2020-03-19 00:00:00,2020-03-19 16:56:40,Q4,52327000,17770000,34557000,0.6604047623597761,0.0,31886000.0,0.0,-2602000.0,33203000,50973000,0.0,1319000.0,2673000.0,0.051082615093546356,1354000.0,0.02587574292430294,-3063000.0,-2033000.0,-0.03885183557245781,913000.0,-2946000.0,-0.05629980698301068,-0.4661392405063291,-0.4661392405063291,6320000.0,6320000.0,https://www.sec.gov/Archives/edgar/data/45919/000004591920000003/0000045919-20-000003-index.html,https://www.sec.gov/Archives/edgar/data/45919/000004591920000003/hhs-123119x10k.htm,1620593079,16:44:39,20210509
3,2019-09-30,HHS,USD,2019-11-12 00:00:00,2019-11-12 16:58:14,Q3,51414000,17314000,34100000,0.6632434745400085,0.0,34212000.0,0.0,-1081000.0,35495000,52809000,0.0,1283000.0,-112000.0,-0.0021783949896915238,-1395000.0,-0.02713268759481853,-4161000.0,-5886000.0,-0.11448243669039561,102000.0,-5988000.0,-0.11646633212743611,-0.97,-0.97,6291000.0,6291000.0,https://www.sec.gov/Archives/edgar/data/45919/000004591919000050/0000045919-19-000050-index.html,https://www.sec.gov/Archives/edgar/data/45919/000004591919000050/hhs-093019x10q.htm,1620593079,16:44:39,20210509
4,2019-06-30,HHS,USD,2019-08-09 00:00:00,2019-08-09 16:00:35,Q2,54686000,17816000,36870000,0.6742127784076363,0.0,38905000.0,0.0,-1854000.0,40202000,58018000,0.0,1297000.0,-2035000.0,-0.03721244925575101,-3332000.0,-0.06092967121383901,-135000.0,-3855000.0,-0.07049336210364628,-52000.0,-3803000.0,-0.0695424788794207,-0.63,-0.63,6272000.0,6272000.0,https://www.sec.gov/Archives/edgar/data/45919/000004591919000040/0000045919-19-000040-index.html,https://www.sec.gov/Archives/edgar/data/45919/000004591919000040/hhs-063019x10q.htm,1620593079,16:44:39,20210509
5,2019-03-31,HHS,USD,2019-05-09 00:00:00,2019-05-09 16:00:46,Q1,59150000,23000000,36150000,0.6111580726965342,0.0,41290000.0,0.0,-1577000.0,42732000,65732000,0.0,1442000.0,-5140000.0,-0.08689771766694844,-6582000.0,-0.11127641589180051,-5935000.0,-12737000.0,-0.2153338968723584,790000.0,-13527000.0,-0.22868977176669483,-2.18,-2.18,6268000.0,6268000.0,https://www.sec.gov/Archives/edgar/data/45919/000004591919000023/0000045919-19-000023-index.html,https://www.sec.gov/Archives/edgar/data/45919/000004591919000023/hhs-033119x10q.htm,1620593079,16:44:39,20210509
6,2018-12-31,HHS,USD,2019-03-18 00:00:00,2019-03-18 16:26:00,Q4,70211000,26730000,43481000,0.6192904245773454,0.0,45179000.0,0.0,-1072000.0,46752000,73482000,0.0,1573000.0,-1698000.0,-0.024184244634031703,-3271000.0,-0.046588141459315495,-2138000.0,-5671000.0,-0.0807708193872755,-7312000.0,1641000.0,0.023372406033242654,0.2618059987236758,0.2618059987236758,6268000.0,6268000.0,https://www.sec.gov/Archives/edgar/data/45919/000004591919000013/0000045919-19-000013-index.html,https://www.sec.gov/Archives/edgar/data/45919/000004591919000013/hhs-123118x10k.htm,1620593079,16:44:39,20210509
7,2018-09-30,HHS,USD,2018-11-08 00:00:00,2018-11-08 15:59:44,Q3,63588000,23016000,40572000,0.6380449141347424,0.0,45277000.0,0.0,-891000.0,47103000,70119000,0.0,1826000.0,-4705000.0,-0.0739919481663207,-6531000.0,-0.10270805812417437,-4713000.0,-11421000.0,-0.1796093602566522,-1437000.0,-9984000.0,-0.15701075674655596,-1.62,-1.62,6250000.0,6250000.0,https://www.sec.gov/Archives/edgar/data/45919/000004591918000062/0000045919-18-000062-index.html,https://www.sec.gov/Archives/edgar/data/45919/000004591918000062/hhs-093018x10q.htm,1620593079,16:44:39,20210509
8,2018-06-30,HHS,USD,2018-08-09 00:00:00,2018-08-09 14:03:19,Q2,69633000,26358000,43275000,0.6214725776571454,0.0,47680000.0,0.0,-827000.0,49583000,75941000,0.0,1903000.0,-4405000.0,-0.06326023580773484,-6308000.0,-0.09058923211695605,-827000.0,-7318000.0,-0.10509384918070455,-584000.0,-6734000.0,-0.09670702109631928,-1.1,-1.1,6226000.0,6226000.0,https://www.sec.gov/Archives/edgar/data/45919/000004591918000040/0000045919-18-000040-index.html,https://www.sec.gov/Archives/edgar/data/45919/000004591918000040/hhs-063018x10q.htm,1620593079,16:44:39,20210509
9,2018-03-31,HHS,USD,2018-05-11 00:00:00,2018-05-10 17:35:52,Q1,81198000,24149000,57049000,0.702591196827508,0.0,59933000.0,0.0,-1141000.0,62084000,86233000,0.0,2151000.0,-2884000.0,-0.03551811620975886,-5035000.0,-0.062008916475775264,29813000.0,23849000.0,0.2937141308899234,-8780000.0,32629000.0,0.40184487302642924,5.24,4.67,6213000.0,6990000.0,https://www.sec.gov/Archives/edgar/data/45919/000004591918000027/0000045919-18-000027-index.html,https://www.sec.gov/Archives/edgar/data/45919/000004591918000027/hhs-033118x10q.htm,1620593079,16:44:39,20210509
10,2017-12-31,HHS,USD,2018-03-15 00:00:00,2018-03-15 17:26:39,Q4,99866000,28965000,70901000,0.7099613482065968,0.0,67733000.0,0.0,-976000.0,70074000,99039000,0.0,2341000.0,3168000.0,0.03172250816093566,827000.0,0.008281096669537179,-35486000.0,-35942000.0,-0.3599022690405143,-6601000.0,-29341000.0,-0.2938036969539182,-4.73,-4.73,6208000.0,6208000.0,https://www.sec.gov/Archives/edgar/data/45919/000004591918000022/0000045919-18-000022-index.html,https://www.sec.gov/Archives/edgar/data/45919/000004591918000022/hhs-123117x10k.htm,1620593079,16:44:39,20210509
11,2017-09-30,HHS,USD,2017-10-02 00:00:00,2017-10-02 17:27:03,Q3,94424000,26726000,67698000,0.7169575531644498,0.0,64192000.0,0.0,-1763000.0,66748000,93474000,0.0,2556000.0,3506000.0,0.03713039057866644,950000.0,0.010061001440311785,-1763000.0,-2098000.0,-0.022218927391341185,382000.0,-2480000.0,-0.026264509023129712,-0.4,-0.4,6201200.0,6201200.0,https://www.sec.gov/Archives/edgar/data/45919/000004591917000011/0000045919-17-000011-index.html,https://www.sec.gov/Archives/edgar/data/45919/000004591917000011/hhs-063017x10q.htm,1620593079,16:44:39,20210509
12,2017-06-30,HHS,USD,2017-08-17 00:00:00,2017-08-17 11:09:48,Q2,94722000,26521000,68201000,0.7200122463630413,0.0,67329000.0,0.0,-1826000.0,69992000,96513000,0.0,2663000.0,872000.0,0.009205886700027449,-1791000.0,-0.018907962247418763,-1826000.0,-4852000.0,-0.05122358058318025,-2199000.0,-2653000.0,-0.02800827685226241,-0.4,-0.4,6189600.0,6189600.0,https://www.sec.gov/Archives/edgar/data/45919/000004591917000009/0000045919-17-000009-index.html,https://www.sec.gov/Archives/edgar/data/45919/000004591917000009/hhs-033117x10q.htm,1620593079,16:44:39,20210509
13,2017-03-31,HHS,USD,2017-06-16 00:00:00,2017-06-16 14:54:21,Q1,94894000,26878000,68016000,0.7167576453727317,0.0,71410000.0,0.0,-1497000.0,74358000,101236000,0.0,2948000.0,-3394000.0,-0.03576622336501781,-6342000.0,-0.06683246569856893,-1497000.0,-8862000.0,-0.09338841233376188,-1476000.0,-7386000.0,-0.07783421501886316,-1.2,-1.2,6168600.0,6168600.0,https://www.sec.gov/Archives/edgar/data/45919/000004591917000006/0000045919-17-000006-index.html,https://www.sec.gov/Archives/edgar/data/45919/000004591917000006/hhs-123116x10k.htm,1620593079,16:44:39,20210509
14,2016-12-31,HHS,USD,2017-06-16,2017-06-16 14:54:21,Q4,110107000,32545000,77562000,0.7044238785908253,0.0,70945000.0,0.0,-10428000.0,73894000,106439000,0.0,2949000.0,6617000.0,0.06009608835042277,3668000.0,0.03331305003314957,-49097000.0,-46484000.0,-0.4221711607799686,26408000.0,-118031000.0,-1.0719663599952773,-19.2,-19.2,6161300.0,6161300.0,https://www.sec.gov/Archives/edgar/data/45919/000004591917000006/hhs-123116x10k.htm,https://www.sec.gov/Archives/edgar/data/45919/000004591917000006/hhs-123116x10k.htm,1620593079,16:44:39,20210509
15,2016-09-30,HHS,USD,2016-11-09 00:00:00,2016-11-09 16:32:54,Q3,97425000,27275000,70150000,0.7200410572235053,0.0,71556000.0,0.0,-110000.0,74722000,101997000,0.0,3166000.0,-1406000.0,-0.01443161406209905,-4572000.0,-0.0469284064665127,-110000.0,-5386000.0,-0.055283551449833206,-1101000.0,-3041000.0,-0.031213754169874264,-0.5,-0.5,6154300.0,6154300.0,https://www.sec.gov/Archives/edgar/data/45919/000162828016021123/0001628280-16-021123-index.html,https://www.sec.gov/Archives/edgar/data/45919/000162828016021123/hhs-093016x10q.htm,1620593079,16:44:39,20210509
16,2016-06-30,HHS,USD,2016-08-09,2016-08-09 16:02:54,Q2,97317000,27427000,69890000,0.7181684597757843,0.0,73864000.0,0.0,-111000.0,77065000,104492000,0.0,3201000.0,-3974000.0,-0.040835619675904516,-7175000.0,-0.0737281256101195,-111000.0,-9686000.0,-0.09953040064942405,-2774000.0,-4263000.0,-0.04380529609420759,-0.7,-0.7,6146000.0,6146000.0,https://www.sec.gov/Archives/edgar/data/45919/000162828016018806/hhs-063016x10q.htm,https://www.sec.gov/Archives/edgar/data/45919/000162828016018806/hhs-063016x10q.htm,1620593079,16:44:39,20210509
17,2016-03-31,HHS,USD,2016-05-16 00:00:00,2016-05-16 17:21:57,Q1,110723000,30135000,80588000,0.7278343252982669,0.0,83409000.0,0.0,172000.0,86957000,117092000,0.0,3548000.0,-2821000.0,-0.025477994635260966,-6369000.0,-0.05752192408081428,172000.0,-7578000.0,-0.06844106463878327,-1975000.0,-5603000.0,-0.05060375892994229,-0.9,-0.9,6133100.0,6133100.0,https://www.sec.gov/Archives/edgar/data/45919/000162828016016418/0001628280-16-016418-index.html,https://www.sec.gov/Archives/edgar/data/45919/000162828016016418/hhs-033116x10q.htm,1620593079,16:44:39,20210509
18,2015-12-31,HHS,USD,2016-03-14 00:00:00,2016-03-14 11:32:37,Q4,129815000,37366000,92449000,0.71215961175519,0.0,82125000.0,0.0,-471000.0,85658000,123024000,0.0,3533000.0,10324000.0,0.07952855987366637,6791000.0,0.05231290682894889,-471000.0,4932000.0,0.03799252782806301,2387000.0,2545000.0,0.01960482224704387,0.4154627226276181,0.41505618344015527,6125700.0,6131700.0,https://www.sec.gov/Archives/edgar/data/45919/000162828016012651/0001628280-16-012651-index.html,https://www.sec.gov/Archives/edgar/data/45919/000162828016012651/hhs-123115x10k.htm,1620593079,16:44:39,20210509
19,2015-09-30,HHS,USD,2015-11-05 00:00:00,2015-11-05 17:15:43,Q3,121968000,34592000,87376000,0.7163846254755346,0.0,79252000.0,0.0,575000.0,82876000,117468000,0.0,3624000.0,8124000.0,0.06660763478945297,4500000.0,0.03689492325855962,-209363000.0,-206156000.0,-1.6902466220648038,-35242000.0,-170914000.0,-1.4013019808474354,-27.7,-27.7,6160600.0,6160600.0,https://www.sec.gov/Archives/edgar/data/45919/000162828015008363/0001628280-15-008363-index.html,https://www.sec.gov/Archives/edgar/data/45919/000162828015008363/hhs-93015x10q.htm,1620593079,16:44:39,20210509
20,2015-06-30,HHS,USD,2015-08-05 00:00:00,2015-08-05 16:18:53,Q2,122345000,35406000,86939000,0.7106052556295721,0.0,75231000.0,0.0,-1518000.0,78882000,114288000,0.0,3651000.0,11708000.0,0.09569659569250889,8057000.0,0.06585475499611754,-11019000.0,-4430000.0,-0.03620908087784544,-258000.0,-4172000.0,-0.03410029016306347,-0.7,-0.7,6184300.0,6184300.0,https://www.sec.gov/Archives/edgar/data/45919/000110465915056512/0001104659-15-056512-index.html,https://www.sec.gov/Archives/edgar/data/45919/000110465915056512/a15-11890_110q.htm,1620593079,16:44:39,20210509
21,2015-03-31,HHS,USD,2015-05-07 00:00:00,2015-05-07 16:40:42,Q1,121173000,35959000,85214000,0.7032424715076792,0.0,78762000.0,0.0,407000.0,82199000,118158000,609000.0,3437000.0,6452000.0,0.053246185206275325,3015000.0,0.024881780594686934,407000.0,2813000.0,0.023214742558160646,1198000.0,1615000.0,0.013328051628663152,0.26102275665890873,0.25964212794006525,6187200.0,6220100.0,https://www.sec.gov/Archives/edgar/data/45919/000110465915035626/0001104659-15-035626-index.html,https://www.sec.gov/Archives/edgar/data/45919/000110465915035626/a15-6926_110q.htm,1620593079,16:44:39,20210509
22,2014-12-31,HHS,USD,2015-03-05,2015-03-05 17:00:50,Q4,146518000,44175000,102343000,0.6985012080426978,0.0,83974000.0,0.0,331000.0,87687000,131862000,681000.0,3713000.0,18369000.0,0.12537026167433352,14656000.0,0.1000286654199484,331000.0,14377000.0,0.09812446252337596,4288000.0,10089000.0,0.06885843377605481,1.6283874299917684,1.622469163597768,6195700.0,6218300.0,https://www.sec.gov/Archives/edgar/data/45919/000110465915017174/a14-26589_110k.htm,https://www.sec.gov/Archives/edgar/data/45919/000110465915017174/a14-26589_110k.htm,1620593079,16:44:39,20210509
23,2014-09-30,HHS,USD,2014-11-03 00:00:00,2014-11-03 15:31:33,Q3,134121000,40350000,93771000,0.6991522580356544,0.0,79554000.0,0.0,581000.0,83231000,123581000,716000.0,3677000.0,14217000.0,0.10600129733598765,10540000.0,0.07858575465437925,581000.0,10480000.0,0.07813839741725755,4060000.0,6420000.0,0.04786722437202228,1.0288791307413698,1.0258049053287528,6239800.0,6258500.0,https://www.sec.gov/Archives/edgar/data/45919/000110465914075949/0001104659-14-075949-index.html,https://www.sec.gov/Archives/edgar/data/45919/000110465914075949/a14-19925_110q.htm,1620593079,16:44:39,20210509
24,2014-06-30,HHS,USD,2014-08-04 00:00:00,2014-08-04 15:11:19,Q2,140310000,42158000,98152000,0.699536740075547,0.0,83473000.0,0.0,-1075000.0,87165000,129323000,710000.0,3692000.0,14679000.0,0.10461834509300834,10987000.0,0.07830518138407812,-1075000.0,9283000.0,0.06616064428764878,3646000.0,5637000.0,0.04017532606371606,0.8985558070583735,0.8949465762776446,6273400.0,6298700.0,https://www.sec.gov/Archives/edgar/data/45919/000110465914056366/0001104659-14-056366-index.html,https://www.sec.gov/Archives/edgar/data/45919/000110465914056366/a14-15085_110q.htm,1620593079,16:44:39,20210509
25,2014-03-31,HHS,USD,2014-05-05 00:00:00,2014-05-05 15:04:30,Q1,132727000,40276000,92451000,0.6965500614042358,0.0,84034000.0,0.0,-734000.0,87872000,128148000,727000.0,3838000.0,8417000.0,0.06341588373126794,4579000.0,0.034499385957642376,-734000.0,3166000.0,0.02385347367152124,1321000.0,1845000.0,0.01390071349461677,0.29432409150368505,0.2929920121960903,6268600.0,6297100.0,https://www.sec.gov/Archives/edgar/data/45919/000110465914034531/0001104659-14-034531-index.html,https://www.sec.gov/Archives/edgar/data/45919/000110465914034531/a14-9036_110q.htm,1620593079,16:44:39,20210509
26,2013-12-31,HHS,USD,2014-03-12,2014-03-11 20:56:29,Q4,152179000,42729000,109450000,0.7192188146853377,0.0,93017000.0,0.0,-646000.0,96966000,139695000,767000.0,4114000.0,16598000.0,0.10906892541020771,12484000.0,0.08203497197379402,-646000.0,11100000.0,0.07294041884885562,4366000.0,6566000.0,0.04314655767221496,1.0496195408913613,1.0451752570755468,6255600.0,6282200.0,https://www.sec.gov/Archives/edgar/data/45919/000110465914018577/a13-26436_110k.htm,https://www.sec.gov/Archives/edgar/data/45919/000110465914018577/a13-26436_110k.htm,1620593079,16:44:39,20210509
27,2013-09-30,HHS,USD,2013-11-07 00:00:00,2013-11-07 17:27:32,Q3,134973000,39315000,95658000,0.7087195216821142,0.0,80599000.0,0.0,-536000.0,84548000,123863000,754000.0,3894000.0,15004000.0,0.11116297333540782,11110000.0,0.08231275884806591,-3286000.0,7095000.0,0.052566068769309415,2644000.0,-8173000.0,-0.06055285131100294,-1.3068854136684895,-1.2974251516017399,6253800.0,6299400.0,https://www.sec.gov/Archives/edgar/data/45919/000110465913082407/0001104659-13-082407-index.html,https://www.sec.gov/Archives/edgar/data/45919/000110465913082407/a13-19801_110q.htm,1620593079,16:44:39,20210509
28,2013-06-30,HHS,USD,2013-08-06 00:00:00,2013-08-06 15:46:38,Q2,188256000,70097000,118159000,0.6276506459289478,0.0,99209000.0,0.0,-83000.0,103850000,173947000,779000.0,4586000.0,18895000.0,0.10036864694883563,14309000.0,0.07600820159782425,-83000.0,13489000.0,0.07165243073261941,5180000.0,8309000.0,0.04413670746217916,1.330589629439836,1.324037925264919,6244600.0,6275500.0,https://www.sec.gov/Archives/edgar/data/45919/000110465913060405/0001104659-13-060405-index.html,https://www.sec.gov/Archives/edgar/data/45919/000110465913060405/a13-13970_110q.htm,1620593079,16:44:39,20210509
29,2013-03-31,HHS,USD,2013-05-07 00:00:00,2013-05-07 15:08:48,Q1,178332000,67587000,110745000,0.6210046430253684,0.0,95634000.0,0.0,1218000.0,100571000,168158000,803000.0,4882000.0,15056000.0,0.08442679945270619,10174000.0,0.057050893838458606,1218000.0,10624000.0,0.0595742771908575,3957000.0,6667000.0,0.037385326245429874,1.0672151878471612,1.0638433675341876,6247100.0,6266900.0,https://www.sec.gov/Archives/edgar/data/45919/000110465913038167/0001104659-13-038167-index.html,https://www.sec.gov/Archives/edgar/data/45919/000110465913038167/a13-8689_110q.htm,1620593079,16:44:39,20210509
30,2012-12-31,HHS,USD,2013-03-13 00:00:00,2013-03-13 14:36:02,Q4,177601000,56882000,120719000,0.6797202718453161,0.0,91549000.0,0.0,-1056000.0,95538000,152420000,825000.0,4355000.0,29536000.0,0.1663053699021965,25181000.0,0.14178411157594834,7346000.0,31717000.0,0.1785857061615644,10772000.0,10696000.0,0.0602248861211367,1.7067449616237693,1.7032389566546706,6266900.0,6279800.0,https://www.sec.gov/Archives/edgar/data/45919/000110465913020070/0001104659-13-020070-index.html,https://www.sec.gov/Archives/edgar/data/45919/000110465913020070/a13-2595_110k.htm,1620593079,16:44:39,20210509
31,2012-09-30,HHS,USD,2012-11-06 00:00:00,2012-11-06 13:06:06,Q3,195799000,76230000,119569000,0.6106721689079107,0.0,98413000.0,0.0,0.0,103357000,179587000,850000.0,4740000.0,20952000.0,0.1070076966685223,16212000.0,0.08279919713583829,-751000.0,14628000.0,0.07470926817808059,5765000.0,8863000.0,0.045265808303413195,1.4076521131458157,1.4022624792342377,6296300.0,6320500.0,https://www.sec.gov/Archives/edgar/data/45919/000110465912074605/0001104659-12-074605-index.html,https://www.sec.gov/Archives/edgar/data/45919/000110465912074605/a12-22434_110q.htm,1620593079,16:44:39,20210509
32,2012-06-30,HHS,USD,2012-08-08 00:00:00,2012-08-08 14:24:49,Q2,199137000,75458000,123679000,0.6210749383590192,0.0,105060000.0,0.0,0.0,111008000,186466000,880000.0,5743000.0,18414000.0,0.09246900375118637,12671000.0,0.0636295615581233,-165739000.0,-153918000.0,-0.7729251721176879,-44213000.0,-109705000.0,-0.5509021427459487,-17.4,-17.4,6300700.0,6300700.0,https://www.sec.gov/Archives/edgar/data/45919/000119312512343607/0001193125-12-343607-index.html,https://www.sec.gov/Archives/edgar/data/45919/000119312512343607/d352644d10q.htm,1620593079,16:44:39,20210509
33,2012-03-31,HHS,USD,2012-05-02,2012-05-02 10:04:01,Q1,195172000,74173000,120999000,0.6199608550406821,0.0,102527000.0,0.0,0.0,108067000,182240000,1019000.0,5336000.0,18268000.0,0.09359949173037116,12932000.0,0.06625950443711189,-655000.0,11287000.0,0.05783104133789683,4494000.0,6793000.0,0.034805197466849756,1.079796534732157,1.0736016942455708,6291000.0,6327300.0,https://www.sec.gov/Archives/edgar/data/45919/000119312512203089/d329836d10q.htm,https://www.sec.gov/Archives/edgar/data/45919/000119312512203089/d329836d10q.htm,1620593079,16:44:39,20210509
34,2011-12-31,HHS,USD,2012-03-07 00:00:00,2012-03-07 10:25:54,Q4,224624000,86272000,138352000,0.6159270603319325,0.0,110430000.0,0.0,0.0,114526000,200798000,1033000.0,5144000.0,28970000.0,0.12897108056129353,23826000.0,0.10607058907329582,2077000.0,24931000.0,0.1109899209345395,10203000.0,14728000.0,0.06556734810171665,2.3445882484040945,2.330379746835443,6281700.0,6320000.0,https://www.sec.gov/Archives/edgar/data/45919/000119312512100444/0001193125-12-100444-index.html,https://www.sec.gov/Archives/edgar/data/45919/000119312512100444/d271856d10k.htm,1620593079,16:44:39,20210509
35,2011-09-30,HHS,USD,2011-11-01 00:00:00,2011-11-01 11:31:41,Q3,212788000,81295000,131493000,0.6179530800609057,0.0,105653000.0,0.0,0.0,110778000,192073000,889000.0,4957000.0,25672000.0,0.12064590108464764,20715000.0,0.0973504144970581,540000.0,20418000.0,0.09595465909731751,8290000.0,12128000.0,0.05699569524597252,1.9312716965508456,1.9232781997811574,6279800.0,6305900.0,https://www.sec.gov/Archives/edgar/data/45919/000119312511290141/0001193125-11-290141-index.html,https://www.sec.gov/Archives/edgar/data/45919/000119312511290141/d231217d10q.htm,1620593079,16:44:39,20210509
36,2011-06-30,HHS,USD,2011-08-01 00:00:00,2011-08-01 13:26:40,Q2,213047000,82523000,130524000,0.6126535459311795,0.0,108615000.0,0.0,0.0,113978000,196501000,626000.0,5153000.0,21699000.0,0.10185076532408342,16546000.0,0.07766361413209291,-473000.0,15514000.0,0.07281961257375133,6089000.0,9425000.0,0.04423906461954404,1.4872733584762747,1.479522157512205,6337100.0,6370300.0,https://www.sec.gov/Archives/edgar/data/45919/000119312511204232/0001193125-11-204232-index.html,https://www.sec.gov/Archives/edgar/data/45919/000119312511204232/d10q.htm,1620593079,16:44:39,20210509
37,2011-03-31,HHS,USD,2011-05-02 00:00:00,2011-05-02 16:37:55,Q1,200306000,76269000,124037000,0.6192375665232195,0.0,104349000.0,0.0,0.0,109718000,185987000,636000.0,5159000.0,19478000.0,0.09724122093197408,14319000.0,0.07148562699070422,-642000.0,13110000.0,0.06544986171158128,5193000.0,7917000.0,0.039524527472966364,1.242759595008241,1.2323329805117988,6370500.0,6424400.0,https://www.sec.gov/Archives/edgar/data/45919/000119312511121855/0001193125-11-121855-index.html,https://www.sec.gov/Archives/edgar/data/45919/000119312511121855/d10q.htm,1620593079,16:44:39,20210509
38,2010-12-31,HHS,USD,2011-03-02,2011-03-02 14:20:38,Q4,235993000,90698000,145295000,0.6156750412088494,0.0,114315000.0,0.0,0.0,120186000,210884000,722000.0,5614000.0,30723000.0,0.1301860648409063,25109000.0,0.10639722364646409,-596000.0,23855000.0,0.1010835067141822,8251000.0,15604000.0,0.06612060527219028,2.449415273526411,2.449415273526411,6370500.0,6370500.0,https://www.sec.gov/Archives/edgar/data/45919/000119312511053421/d10k.htm,https://www.sec.gov/Archives/edgar/data/45919/000119312511053421/d10k.htm,1620593079,16:44:39,20210509
39,2010-09-30,HHS,USD,2010-11-01 00:00:00,2010-11-01 11:40:43,Q3,216745000,81019000,135726000,0.6262012964543588,0.0,104892000.0,0.0,0.0,110671000,191690000,705000.0,5578000.0,30633000.0,0.14133197997647004,25055000.0,0.11559666889662969,-1865000.0,22554000.0,0.10405776373157397,8739000.0,13815000.0,0.06373849454428014,2.1714186916475433,2.156033460265934,6362200.0,6407600.0,https://www.sec.gov/Archives/edgar/data/45919/000119312510242188/0001193125-10-242188-index.html,https://www.sec.gov/Archives/edgar/data/45919/000119312510242188/d10q.htm,1620593079,16:44:39,20210509
40,2010-06-30,HHS,USD,2010-07-30 00:00:00,2010-07-30 12:19:37,Q2,207609000,78496000,129113000,0.6219046380455568,0.0,100770000.0,0.0,0.0,106540000,185036000,684000.0,5545000.0,28118000.0,0.1354372883641846,22573000.0,0.10872842699497613,18000.0,21948000.0,0.1057179602040374,8532000.0,13416000.0,0.06462147594757453,2.1089034205231387,2.090273125282396,6361600.0,6418300.0,https://www.sec.gov/Archives/edgar/data/45919/000119312510171855/0001193125-10-171855-index.html,https://www.sec.gov/Archives/edgar/data/45919/000119312510171855/d10q.htm,1620593079,16:44:39,20210509
41,2010-03-31,HHS,USD,2010-04-29 00:00:00,2010-04-29 15:01:20,Q1,200179000,73004000,127175000,0.6353064007713097,0.0,102852000.0,0.0,0.0,108859000,181863000,713000.0,5700000.0,24016000.0,0.11997262450107155,18316000.0,0.09149810919227291,341000.0,17970000.0,0.08976965615773883,7201000.0,10769000.0,0.053796851817623226,1.6932922418943992,1.680083621953883,6359800.0,6409800.0,https://www.sec.gov/Archives/edgar/data/45919/000119312510099080/0001193125-10-099080-index.html,https://www.sec.gov/Archives/edgar/data/45919/000119312510099080/d10q.htm,1620593079,16:44:39,20210509
42,2009-12-31,HHS,USD,2010-03-03 00:00:00,2010-03-03 12:04:39,Q4,217489000,78528000,138961000,0.6389334633015923,0.0,112455000.0,0.0,0.0,119134000,197662000,703000.0,6326000.0,26153000.0,0.12024975975796477,19827000.0,0.091163231243879,-361000.0,18800000.0,0.08644115334568644,5308000.0,13492000.0,0.06203532132659583,2.121450360074216,2.121450360074216,6359800.0,6359800.0,https://www.sec.gov/Archives/edgar/data/45919/000119312510046646/0001193125-10-046646-index.html,https://www.sec.gov/Archives/edgar/data/45919/000119312510046646/d10k.htm,1620593079,16:44:39,20210509
43,2009-09-30,HHS,USD,2009-11-03 00:00:00,2009-11-03 12:38:10,Q3,209318000,76543000,132775000,0.6343219407791016,0.0,101776000.0,0.0,0.0,108862000,185405000,2456000.0,6633000.0,30546000.0,0.14593107138420966,23913000.0,0.11424244451026667,-457000.0,21055000.0,0.10058857814425898,7005000.0,14050000.0,0.06712275102953401,2.2101620261129464,2.191614151119985,6357000.0,6410800.0,https://www.sec.gov/Archives/edgar/data/45919/000119312509221664/0001193125-09-221664-index.html,https://www.sec.gov/Archives/edgar/data/45919/000119312509221664/d10q.htm,1620593079,16:44:39,20210509
44,2009-06-30,HHS,USD,2009-07-31 00:00:00,2009-07-31 12:06:39,Q2,215662000,76732000,138930000,0.644202502063414,0.0,106676000.0,0.0,0.0,113998000,190730000,2513000.0,6869000.0,31801000.0,0.14745759568213224,24932000.0,0.11560682920495961,-1684000.0,20800000.0,0.0964472183323905,7742000.0,13058000.0,0.060548450816555535,2.1,2.0,6356600.0,6373700.0,https://www.sec.gov/Archives/edgar/data/45919/000119312509160504/0001193125-09-160504-index.html,https://www.sec.gov/Archives/edgar/data/45919/000119312509160504/d10q.htm,1620593079,16:44:39,20210509
45,2009-03-31,HHS,USD,2009-05-05 00:00:00,2009-05-05 12:42:22,Q1,217674000,80427000,137247000,0.6305162766338653,0.0,114599000.0,0.0,0.0,123489000,203916000,2478000.0,8437000.0,22195000.0,0.10196440548710457,13758000.0,0.06320460872681165,-18000.0,11287000.0,0.05185277065703759,4172000.0,7115000.0,0.03268649448257486,1.1202078249232466,1.1188338339125374,6351500.0,6359300.0,https://www.sec.gov/Archives/edgar/data/45919/000119312509099393/0001193125-09-099393-index.html,https://www.sec.gov/Archives/edgar/data/45919/000119312509099393/d10q.htm,1620593079,16:44:39,20210509
46,2008-12-31,HHS,USD,2009-03-02 00:00:00,2009-03-02 10:57:14,Q4,269643000,-232739000,502382000,1.8631375559536127,0.0,467372000.0,0.0,0.0,476862000,244123000,3413000.0,8752000.0,34272000.0,0.12710138961515782,25520000.0,0.09464365846693591,76000.0,22245000.0,0.08249796953749958,7919000.0,14326000.0,0.05312950827575721,2.255530189718964,2.255530189718964,6351500.0,6351500.0,https://www.sec.gov/Archives/edgar/data/45919/000119312509042011/0001193125-09-042011-index.html,https://www.sec.gov/Archives/edgar/data/45919/000119312509042011/d10k.htm,1620593079,16:44:39,20210509
47,2008-09-30,HHS,USD,2008-11-10 00:00:00,2008-11-10 08:01:26,Q3,269913000,209393000,60520000,0.22422039694271859,0.0,20464000.0,0.0,0.0,29274000,238667000,3450000.0,8073000.0,39319000.0,0.14567286496019088,31246000.0,0.1157632274103137,-363000.0,27523000.0,0.10196989400288241,10908000.0,16615000.0,0.06155687202913531,2.6255906196172627,2.620951840108529,6328100.0,6339300.0,https://www.sec.gov/Archives/edgar/data/45919/000119312508230812/0001193125-08-230812-index.html,https://www.sec.gov/Archives/edgar/data/45919/000119312508230812/d10q.htm,1620593079,16:44:39,20210509
48,2008-06-30,HHS,USD,2008-08-08 00:00:00,2008-08-08 16:13:55,Q2,274756000,209792000,64964000,0.23644251626898047,0.0,0.0,21198000.0,0.0,30224000,240016000,3575000.0,8289000.0,43029000.0,0.15660804495625208,34740000.0,0.12643945901090423,-970000.0,30310000.0,0.11031606225159778,12096000.0,18214000.0,0.06629154595350056,2.8813237573955135,2.8772727990774527,6321400.0,6330300.0,https://www.sec.gov/Archives/edgar/data/45919/000119312508171932/0001193125-08-171932-index.html,https://www.sec.gov/Archives/edgar/data/45919/000119312508171932/d10q.htm,1620593079,16:44:39,20210509
49,2008-03-31,HHS,USD,2008-05-12 00:00:00,2008-05-12 10:33:08,Q1,268509000,212255000,56254000,0.20950508176634675,0.0,21390000.0,0.0,0.0,30443000,242698000,3763000.0,8316000.0,34127000.0,0.1270981605830717,25811000.0,0.09612713167901263,-668000.0,21491000.0,0.08003828549508582,7905000.0,13586000.0,0.05059793154046978,2.0628606134224112,2.054220784129912,6586000.0,6613700.0,https://www.sec.gov/Archives/edgar/data/45919/000119312508110908/0001193125-08-110908-index.html,https://www.sec.gov/Archives/edgar/data/45919/000119312508110908/d10q.htm,1620593079,16:44:39,20210509
50,2007-12-31,HHS,USD,2008-02-29,2008-02-29 14:39:19,Q4,303017000,224802000,78215000,0.25812083150450305,0.0,21901000.0,0.0,0.0,30982000,255784000,3389000.0,8247000.0,55480000.0,0.1830920377404568,47233000.0,0.1558757429451153,-571000.0,43398000.0,0.14321968734427443,15862000.0,27536000.0,0.09087278931545095,4.1809899787427875,4.1809899787427875,6586000.0,6586000.0,https://www.sec.gov/Archives/edgar/data/45919/000119312508043443/d10k.htm,https://www.sec.gov/Archives/edgar/data/45919/000119312508043443/d10k.htm,1620593079,16:44:39,20210509
51,2007-09-30,HHS,USD,2007-11-09 00:00:00,2007-11-09 11:27:13,Q3,286696000,215332000,71364000,0.24891871529424897,0.0,22236000.0,0.0,0.0,31364000,246696000,3346000.0,8334000.0,48334000.0,0.16858972570248626,40000000.0,0.1395206071936825,-412000.0,36352000.0,0.12679632781761865,14470000.0,21882000.0,0.07632474816530402,3.02869243864967,2.9775074498918235,7224900.0,7349100.0,https://www.sec.gov/Archives/edgar/data/45919/000119312507241743/0001193125-07-241743-index.html,https://www.sec.gov/Archives/edgar/data/45919/000119312507241743/d10q.htm,1620593079,16:44:39,20210509
52,2007-06-30,HHS,USD,2007-08-09 00:00:00,2007-08-09 10:22:14,Q2,290145000,214162000,75983000,0.26187940512502367,0.0,25260000.0,0.0,0.0,34404000,248566000,3263000.0,8293000.0,49872000.0,0.17188647055782452,41579000.0,0.14330420996398352,-234000.0,38210000.0,0.13169277430250392,15315000.0,22895000.0,0.0789088214513433,3.1192948036731245,3.060992566447404,7339800.0,7479600.0,https://www.sec.gov/Archives/edgar/data/45919/000119312507176794/0001193125-07-176794-index.html,https://www.sec.gov/Archives/edgar/data/45919/000119312507176794/d10q.htm,1620593079,16:44:39,20210509
53,2007-03-31,HHS,USD,2007-05-10 00:00:00,2007-05-10 12:25:32,Q1,283028000,217172000,65856000,0.23268369207286912,0.0,20390000.0,0.0,0.0,29741000,246913000,0.0,8321000.0,44436000.0,0.1570021340644742,36115000.0,0.12760221603516259,-120000.0,33177000.0,0.11722161764913719,12850000.0,20327000.0,0.07181974928275647,2.7206049655357023,2.6653466904437217,7471500.0,7626400.0,https://www.sec.gov/Archives/edgar/data/45919/000119312507109731/0001193125-07-109731-index.html,https://www.sec.gov/Archives/edgar/data/45919/000119312507109731/d10q.htm,1620593079,16:44:39,20210509
54,2006-12-31,HHS,USD,2007-03-01,2007-03-01 14:45:08,Q4,313240000,230326000,82914000,0.26469799514749076,0.0,23447000.0,0.0,0.0,32586000,262912000,2980000.0,8240000.0,58568000.0,0.18697484357042524,50328000.0,0.16066913548716638,141000.0,47561000.0,0.15183565317328565,17404000.0,30157000.0,0.09627442216830545,4.036271163755605,4.036271163755605,7471500.0,7471500.0,https://www.sec.gov/Archives/edgar/data/45919/000119312507044179/d10k.htm,https://www.sec.gov/Archives/edgar/data/45919/000119312507044179/d10k.htm,1620593079,16:44:39,20210509
55,2006-09-30,HHS,USD,2006-11-09,2006-11-09 10:48:01,Q3,294681000,217372000,77309000,0.2623480984522246,0.0,24070000.0,0.0,0.0,32703000,250075000,1485000.0,8001000.0,52607000.0,0.17852185923082928,44606000.0,0.15137046501131732,-114000.0,43055000.0,0.14610714637183939,15392000.0,27663000.0,0.09387439298767142,3.53213820577645,3.464153778723937,7831800.0,7985500.0,https://www.sec.gov/Archives/edgar/data/45919/000119312506229652/d10q.htm,https://www.sec.gov/Archives/edgar/data/45919/000119312506229652/d10q.htm,1620593079,16:44:39,20210509
56,2006-06-30,HHS,USD,2006-08-09,2006-08-09 09:56:46,Q2,298372000,106138000,192234000,0.6442762725724934,0.0,132243000.0,0.0,0.0,140686000,246824000,1013000.0,7870000.0,59418000.0,0.19914067003606237,51548000.0,0.17276420039413887,-465000.0,50155000.0,0.1680955317523092,19966000.0,30189000.0,0.1011790650597241,3.8,3.7,8032900.0,8191500.0,https://www.sec.gov/Archives/edgar/data/45919/000119312506166955/d10q.htm,https://www.sec.gov/Archives/edgar/data/45919/000119312506166955/d10q.htm,1620593079,16:44:39,20210509
57,2006-03-31,HHS,USD,2006-05-10,2006-05-10 14:33:18,Q1,278395000,209770000,68625000,0.24650227195172328,0.0,21238000.0,0.0,0.0,29055000,238825000,855000.0,7455000.0,47025000.0,0.16891467159970547,39570000.0,0.14213617342265486,-264000.0,38477000.0,0.13821009716410138,14694000.0,23783000.0,0.08542897681352035,2.9245468630874796,2.8644553644553645,8132200.0,8302800.0,https://www.sec.gov/Archives/edgar/data/45919/000119312506107360/d10q.htm,https://www.sec.gov/Archives/edgar/data/45919/000119312506107360/d10q.htm,1620593079,16:44:39,20210509
58,2005-12-31,HHS,USD,2006-03-16,2006-03-16 11:07:03,Q4,300955000,219406000,81549000,0.2709674203784619,0.0,22193000.0,0.0,0.0,30280000,249686000,695000.0,7642000.0,58911000.0,0.19574687245601502,51269000.0,0.1703543719160672,-557000.0,50056000.0,0.16632386901696267,18623000.0,31433000.0,0.10444418600787493,3.865251715402966,3.865251715402966,8132200.0,8132200.0,https://www.sec.gov/Archives/edgar/data/45919/000119312506056092/d10k.htm,https://www.sec.gov/Archives/edgar/data/45919/000119312506056092/d10k.htm,1620593079,16:44:39,20210509
59,2005-09-30,HHS,USD,2005-11-09,2005-11-09 14:58:02,Q3,281735000,204104000,77631000,0.27554616927254333,0.0,21071000.0,0.0,0.0,29026000,233130000,0.0,7499000.0,56104000.0,0.1991374873551387,48605000.0,0.17252027614602375,-446000.0,47648000.0,0.16912346708786627,18823000.0,28825000.0,0.10231245674126395,3.441708854713917,3.3749765829898837,8375200.0,8540800.0,https://www.sec.gov/Archives/edgar/data/45919/000119312505221383/d10q.htm,https://www.sec.gov/Archives/edgar/data/45919/000119312505221383/d10q.htm,1620593079,16:44:39,20210509
60,2005-06-30,HHS,USD,2005-08-09,2005-08-09 06:16:31,Q2,284010000,98793000,185217000,0.652149572198162,0.0,129566000.0,0.0,0.0,137397000,236190000,505000.0,7455000.0,55275000.0,0.1946234287525087,47820000.0,0.1683743530157389,-282000.0,47070000.0,0.16573360092954473,17943000.0,29127000.0,0.10255624801943594,3.4483697582459216,3.373640501754752,8446600.0,8633700.0,https://www.sec.gov/Archives/edgar/data/45919/000119312505161473/d10q.htm,https://www.sec.gov/Archives/edgar/data/45919/000119312505161473/d10q.htm,1620593079,16:44:39,20210509
61,2005-03-31,HHS,USD,2005-05-10,2005-05-10 11:43:12,Q1,268293000,197890000,70403000,0.26241087169624255,0.0,20612000.0,0.0,0.0,28084000,225974000,203000.0,7322000.0,49641000.0,0.18502532678825015,42319000.0,0.15773426813222857,-489000.0,41705000.0,0.15544572538232454,16632000.0,25073000.0,0.09345379864551069,3.0,2.9,8473000.0,8642400.0,https://www.sec.gov/Archives/edgar/data/45919/000119312505102221/d10q.htm,https://www.sec.gov/Archives/edgar/data/45919/000119312505102221/d10q.htm,1620593079,16:44:39,20210509
62,2004-12-31,HHS,USD,2005-03-16,2005-03-15 17:33:27,Q4,277491000,-191124000,468615000,1.6887574732153474,0.0,414028000.0,0.0,0.0,421282000,230158000,349000.0,7104000.0,54437000.0,0.1961757318255367,47333000.0,0.17057490152833785,-720000.0,46283000.0,0.16679099502326203,18703000.0,27580000.0,0.09939061086665874,3.255045438451552,3.255045438451552,8473000.0,8473000.0,https://www.sec.gov/Archives/edgar/data/45919/000119312505051272/d10k.htm,https://www.sec.gov/Archives/edgar/data/45919/000119312505051272/d10k.htm,1620593079,16:44:39,20210509
63,2004-09-30,HHS,USD,2004-11-09,2004-11-09 12:10:32,Q3,262566000,191052000,71514000,0.27236580516898606,0.0,20987000.0,0.0,0.0,28008000,219060000,0.0,6871000.0,50377000.0,0.19186414082554482,43506000.0,0.16569548227874134,-243000.0,43055000.0,0.16397781891029303,17402000.0,25653000.0,0.09770114942528736,3.0,2.9,8561200.0,8725900.0,https://www.sec.gov/Archives/edgar/data/45919/000119312504190766/d10q.htm,https://www.sec.gov/Archives/edgar/data/45919/000119312504190766/d10q.htm,1620593079,16:44:39,20210509
64,2004-06-30,HHS,USD,2004-08-09,2004-08-09 12:57:36,Q2,254152000,183878000,70274000,0.27650382448298655,0.0,20096000.0,0.0,0.0,27376000,211254000,260000.0,7130000.0,50028000.0,0.19684283420944945,42898000.0,0.1687887563347918,-196000.0,42515000.0,0.16728178412918254,16969000.0,25546000.0,0.10051465264880859,3.0,2.9,8633500.0,8796300.0,https://www.sec.gov/Archives/edgar/data/45919/000119312504135567/d10q.htm,https://www.sec.gov/Archives/edgar/data/45919/000119312504135567/d10q.htm,1620593079,16:44:39,20210509
65,2004-03-31,HHS,USD,2004-05-10,2004-05-10 12:55:48,Q1,236252000,177492000,58760000,0.2487174711748472,0.0,19988000.0,0.0,0.0,27202000,204694000,172000.0,7064000.0,38622000.0,0.163477981138784,31558000.0,0.13357770516228434,-489000.0,31115000.0,0.13170258876115334,12326000.0,18789000.0,0.07952948546467331,2.148468320126239,2.1104122205997977,8745300.0,8903000.0,https://www.sec.gov/Archives/edgar/data/45919/000119312504083343/d10q.htm,https://www.sec.gov/Archives/edgar/data/45919/000119312504083343/d10q.htm,1620593079,16:44:39,20210509
66,2003-12-31,HHS,USD,2004-03-15,2004-03-15 10:00:15,Q4,255721000,98613000,157108000,0.6143726952420803,0.0,108374000.0,0.0,0.0,115434000,214047000,205000.0,6910000.0,48584000.0,0.18998830756957777,41674000.0,0.1629666707075289,-394000.0,41111000.0,0.16076505253772666,16133000.0,24978000.0,0.0976767649117593,2.856162738842578,2.856162738842578,8745300.0,8745300.0,https://www.sec.gov/Archives/edgar/data/45919/000119312504041607/d10k.htm,https://www.sec.gov/Archives/edgar/data/45919/000119312504041607/d10k.htm,1620593079,16:44:39,20210509
67,2003-09-30,HHS,USD,2003-11-14,2003-11-14 11:27:57,Q3,239366000,89222000,150144000,0.6272570039186852,0.0,104390000.0,0.0,0.0,111630000,200852000,199000.0,7090000.0,45604000.0,0.19051995688610746,38514000.0,0.16090004428364932,-488000.0,37859000.0,0.15816364897270288,14935000.0,22924000.0,0.09576965818035979,2.5965023559260603,2.559310491118777,8828800.0,8957100.0,https://www.sec.gov/Archives/edgar/data/45919/000119312503081361/d10q.htm,https://www.sec.gov/Archives/edgar/data/45919/000119312503081361/d10q.htm,1620593079,16:44:39,20210509
68,2003-06-30,HHS,USD,2003-08-14,2003-08-14 11:45:37,Q2,233169000,84866000,148303000,0.6360322341306092,0.0,82741000.0,19319000.0,0.0,109837000,194703000,0.0,7627000.0,46093000.0,0.1976806522307854,38466000.0,0.16497047206103727,-432000.0,37845000.0,0.1623071677624384,14763000.0,23082000.0,0.0989925762000952,2.6069573074316694,2.564695163279592,8854000.0,8999900.0,https://www.sec.gov/Archives/edgar/data/45919/000119312503037342/d10q.htm,https://www.sec.gov/Archives/edgar/data/45919/000119312503037342/d10q.htm,1620593079,16:44:39,20210509
69,2003-03-31,HHS,USD,2003-03-31,2003-03-31,Q1,216320000,78704000,137616000,0.6361686390532545,0.0,82469000.0,19358000.0,0.0,109783000,188487000,0.0,7806000.0,35639000.0,0.16475129437869823,27833000.0,0.12866586538461539,-581000.0,27090000.0,0.12523113905325445,10712000.0,16378000.0,0.07571190828402367,1.8231607538432424,1.7916880900548073,8983300.0,9141100.0,,,1620593079,16:44:39,20210509
70,2002-12-31,HHS,USD,2002-12-31,2002-12-31,Q4,239525000,413319000,-173794000,-0.7255777058762133,0.0,-221940000.0,0.0,0.0,-213984000,199335000,332000.0,7806000.0,47996000.0,0.2003799185888738,40190000.0,0.1677904185366872,-637000.0,39337000.0,0.1642292036321887,15138000.0,24199000.0,0.10102912013359774,2.69377622922534,2.69377622922534,8983300.0,8983300.0,,,1620593079,16:44:39,20210509
71,2002-09-30,HHS,USD,2002-11-13 00:00:00,2002-11-13 14:41:20,Q3,226466000,82944000,143522000,0.6337463460298676,0.0,98867000.0,0.0,0.0,106866000,189810000,285000.0,7849000.0,44505000.0,0.19651956585094452,36656000.0,0.1618609415982973,-505000.0,35903000.0,0.15853593916967668,13715000.0,22188000.0,0.09797497196047089,2.408728220159583,2.3563395388846997,9211500.0,9416300.0,https://www.sec.gov/Archives/edgar/data/45919/000095013402014096/0000950134-02-014096-index.html,https://www.sec.gov/Archives/edgar/data/45919/000095013402014096/d00953e10vq.txt,1620593079,16:44:39,20210509
72,2002-06-30,HHS,USD,2002-08-13 00:00:00,2002-08-13 11:34:39,Q2,227879000,78769000,149110000,0.6543384866530044,0.0,100867000.0,0.0,0.0,109129000,187898000,222000.0,8112000.0,48093000.0,0.21104621312187608,39981000.0,0.17544837391773704,-595000.0,39235000.0,0.17217470675226765,15145000.0,24090000.0,0.10571399734069396,2.6,2.5,9391700.0,9640800.0,https://www.sec.gov/Archives/edgar/data/45919/000095013402009666/0000950134-02-009666-index.html,https://www.sec.gov/Archives/edgar/data/45919/000095013402009666/d98873e10vq.txt,1620593079,16:44:39,20210509
73,2002-03-31,HHS,USD,2002-05-14 00:00:00,2002-05-14 11:41:29,Q1,214907000,74507000,140400000,0.653305848576361,0.0,98428000.0,0.0,0.0,106939000,181446000,369000.0,8361000.0,41822000.0,0.1946051082561294,33461000.0,0.15569990740180636,-267000.0,32875000.0,0.1529731465238452,12607000.0,20268000.0,0.09431056224320288,2.161262976055279,2.104017440049829,9377850.0,9633000.0,https://www.sec.gov/Archives/edgar/data/45919/000095013402005406/0000950134-02-005406-index.html,https://www.sec.gov/Archives/edgar/data/45919/000095013402005406/d96678e10-q.txt,1620593079,16:44:39,20210509
74,2001-12-31,HHS,USD,2001-12-31,2001-12-31,Q4,233024000,419203000,-186179000,-0.7989692048887668,0.0,-233874000.0,0.0,0.0,-221352000,197851000,706000.0,8310000.0,43483000.0,0.18660309667673716,35173000.0,0.15094153391925294,-700000.0,33994000.0,0.14588196923922,13422000.0,20572000.0,0.0882827519912112,2.1936797880111114,2.1936797880111114,9377850.0,9377850.0,,,1620593079,16:44:39,20210509
75,2001-09-30,HHS,USD,2001-11-14 00:00:00,2001-11-14 00:00:00,Q3,224130000,77489000,146641000,0.6542676125462901,0.0,98291000.0,0.0,0.0,110595000,188084000,637000.0,8072000.0,44118000.0,0.1968411189934413,36046000.0,0.16082630616160265,-2303000.0,33163000.0,0.14796323562218355,13250000.0,19913000.0,0.08884575915763174,2.133333,2.066667,9390000.0,9603300.0,https://www.sec.gov/Archives/edgar/data/45919/000095013401508431/0000950134-01-508431-index.html,https://www.sec.gov/Archives/edgar/data/45919/000095013401508431/d92005e10-q.txt,1620593079,16:44:39,20210509
76,2001-06-30,HHS,USD,2001-08-14 00:00:00,2001-08-14 00:00:00,Q2,228654000,75604000,153050000,0.6693519466092874,0.0,104322000.0,0.0,0.0,116491000,192095000,746000.0,7994000.0,44553000.0,0.19484898580387836,36559000.0,0.15988786550858503,-1139000.0,34727000.0,0.15187575988174273,13891000.0,20836000.0,0.09112458124502523,2.2,2.133333,9520800.0,9759300.0,https://www.sec.gov/Archives/edgar/data/45919/000095013401505226/0000950134-01-505226-index.html,https://www.sec.gov/Archives/edgar/data/45919/000095013401505226/h89806e10-q.txt,1620593079,16:44:39,20210509
77,2001-03-31,HHS,USD,2001-05-14 00:00:00,2001-05-14 00:00:00,Q1,232120000,77256000,154864000,0.6671721523349992,0.0,111087000.0,0.0,0.0,123012000,200268000,987000.0,7703000.0,39555000.0,0.17040754782009304,31852000.0,0.1372221264863002,-472000.0,30554000.0,0.13163019128037223,12191000.0,18363000.0,0.0791099431328623,1.8932879678317351,1.8442024073153462,9699000.0,9957150.0,https://www.sec.gov/Archives/edgar/data/45919/000095013401501743/0000950134-01-501743-index.html,https://www.sec.gov/Archives/edgar/data/45919/000095013401501743/d86950e10-q.txt,1620593079,16:44:39,20210509
78,2000-12-31,HHS,USD,2000-12-31,2000-12-31,Q4,255818000,93660000,162158000,0.6338803368019451,0.0,113714000.0,0.0,0.0,125334000,218994000,929000.0,11620000.0,48444000.0,0.18936900452665567,36824000.0,0.14394608667099265,-621000.0,35692000.0,0.1395210657576871,14087000.0,21605000.0,0.08445457317311526,2.2275492318795753,2.2275492318795753,9699000.0,9699000.0,,,1620593079,16:44:39,20210509
79,2000-09-30,HHS,USD,2000-11-14 00:00:00,2000-11-14 00:00:00,Q3,243205000,85906000,157299000,0.6467753541251208,0.0,110528000.0,0.0,0.0,121899000,207805000,275000.0,11371000.0,46771000.0,0.19231101334265333,35400000.0,0.1455562180053864,-312000.0,35432000.0,0.14568779424765116,14300000.0,21132000.0,0.08688966098558829,2.066667,2.0,10127850.0,10467300.0,https://www.sec.gov/Archives/edgar/data/45919/000095013400009682/0000950134-00-009682-index.html,https://www.sec.gov/Archives/edgar/data/45919/000095013400009682/d81846e10-q.txt,1620593079,16:44:39,20210509
80,2000-06-30,HHS,USD,2000-08-11 00:00:00,2000-08-11 00:00:00,Q2,235693000,80572000,155121000,0.6581485237151719,0.0,108617000.0,0.0,0.0,119275000,199847000,0.0,10658000.0,46504000.0,0.1973075144361521,35846000.0,0.1520876733717166,-330000.0,35909000.0,0.15235497023670622,14514000.0,21395000.0,0.09077486391195326,2.066667,2.0,10252050.0,10573800.0,https://www.sec.gov/Archives/edgar/data/45919/000095013400006748/0000950134-00-006748-index.html,https://www.sec.gov/Archives/edgar/data/45919/000095013400006748/e10-q.txt,1620593079,16:44:39,20210509
81,2000-03-31,HHS,USD,2000-05-12 00:00:00,2000-05-12 00:00:00,Q1,226057000,75865000,150192000,0.6643988020720438,0.0,109529000.0,0.0,0.0,120041000,195906000,254000.0,10512000.0,40663000.0,0.17987941094502713,30151000.0,0.13337786487478823,-483000.0,29826000.0,0.13194017438079778,12072000.0,17754000.0,0.07853771393940466,1.733333,1.666667,10239450.0,10545150.0,https://www.sec.gov/Archives/edgar/data/45919/000095013400004332/0000950134-00-004332-index.html,https://www.sec.gov/Archives/edgar/data/45919/0000950134-00-004332.txt,1620593079,16:44:39,20210509
82,1999-12-31,HHS,USD,1999-12-31,1999-12-31,Q4,237000000,90400000,146600000,0.6185654008438819,0.0,103200000.0,0.0,0.0,113100000,203500000,0.0,9900000.0,43400000.0,0.1831223628691983,33500000.0,0.14135021097046413,-100000.0,33400000.0,0.1409282700421941,13200000.0,20200000.0,0.08523206751054853,1.972762208907705,1.972762208907705,10239450.0,10239450.0,,,1620593079,16:44:39,20210509
83,1999-09-30,HHS,USD,1999-11-12 00:00:00,1999-11-12 00:00:00,Q3,207600000,74500000,133100000,0.6411368015414258,0.0,94000000.0,0.0,0.0,102900000,177400000,100000.0,8900000.0,39100000.0,0.18834296724470134,30200000.0,0.14547206165703275,-300000.0,31500000.0,0.15173410404624277,12900000.0,18600000.0,0.08959537572254335,1.8009,1.7342,10328169.0,10725407.0,https://www.sec.gov/Archives/edgar/data/45919/000095013499009857/0000950134-99-009857-index.html,https://www.sec.gov/Archives/edgar/data/45919/0000950134-99-009857.txt,1620593079,16:44:39,20210509
84,1999-06-30,HHS,USD,1999-08-13 00:00:00,1999-08-13 00:00:00,Q2,197000000,72700000,124300000,0.6309644670050761,0.0,85500000.0,0.0,0.0,94000000,166700000,0.0,8500000.0,38800000.0,0.19695431472081218,30300000.0,0.15380710659898478,1500000.0,31900000.0,0.1619289340101523,13100000.0,18800000.0,0.09543147208121827,1.8009,1.7342,10439225.0,10840733.0,https://www.sec.gov/Archives/edgar/data/45919/000095013499007321/0000950134-99-007321-index.html,https://www.sec.gov/Archives/edgar/data/45919/0000950134-99-007321.txt,1620593079,16:44:39,20210509
85,1999-03-31,HHS,USD,1999-05-13 00:00:00,1999-05-13 00:00:00,Q1,188100000,69200000,118900000,0.6321105794790005,0.0,86900000.0,0.0,0.0,94800000,164000000,0.0,7900000.0,32000000.0,0.17012227538543329,24100000.0,0.12812333864965444,2000000.0,26000000.0,0.13822434875066453,10700000.0,15300000.0,0.08133971291866028,1.4674,1.4007,10426605.0,10923110.0,https://www.sec.gov/Archives/edgar/data/45919/000095013499003946/0000950134-99-003946-index.html,https://www.sec.gov/Archives/edgar/data/45919/0000950134-99-003946.txt,1620593079,16:44:39,20210509
86,1998-12-31,HHS,USD,1998-12-31,1998-12-31,Q4,200600000,76700000,123900000,0.6176470588235294,0.0,86600000.0,0.0,0.0,94300000,171000000,0.0,7700000.0,37300000.0,0.18594217347956132,29600000.0,0.14755732801595214,4300000.0,34000000.0,0.1694915254237288,13600000.0,20400000.0,0.1016949152542373,1.9565333106989284,1.9565333106989284,10426605.0,10426605.0,,,1620593079,16:44:39,20210509
87,1998-09-30,HHS,USD,1998-11-13 00:00:00,1998-11-13 00:00:00,Q3,183400000,68500000,114900000,0.6264994547437296,0.0,81200000.0,0.0,0.0,88400000,156900000,100000.0,7200000.0,33700000.0,0.1837513631406761,26500000.0,0.1444929116684842,2600000.0,29100000.0,0.15866957470010906,12200000.0,16900000.0,0.09214830970556162,1.5341,1.4674,11016231.0,11516969.0,https://www.sec.gov/Archives/edgar/data/45919/000095012998004680/0000950129-98-004680-index.html,https://www.sec.gov/Archives/edgar/data/45919/0000950129-98-004680.txt,1620593079,16:44:39,20210509
88,1998-06-30,HHS,USD,1998-08-13 00:00:00,1998-08-13 00:00:00,Q2,186800000,71800000,115000000,0.6156316916488223,0.0,81100000.0,0.0,0.0,88300000,160100000,0.0,7200000.0,33900000.0,0.18147751605995718,26700000.0,0.14293361884368308,2600000.0,29200000.0,0.15631691648822268,12200000.0,17000000.0,0.09100642398286937,1.5341,1.4674,11081416.0,11585117.0,https://www.sec.gov/Archives/edgar/data/45919/000095012998003430/0000950129-98-003430-index.html,https://www.sec.gov/Archives/edgar/data/45919/0000950129-98-003430.txt,1620593079,16:44:39,20210509
89,1998-03-31,HHS,USD,1998-05-14 00:00:00,1998-05-14 00:00:00,Q1,177700000,67000000,110700000,0.6229600450196962,0.0,84100000.0,0.0,0.0,91600000,158600000,0.0,7500000.0,26600000.0,0.14969048958919529,19100000.0,0.10748452447945976,4900000.0,24000000.0,0.13505908835115363,9900000.0,14100000.0,0.07934721440630275,1.2673,1.2006,11126016.0,11744128.0,https://www.sec.gov/Archives/edgar/data/45919/000095013498004354/0000950134-98-004354-index.html,https://www.sec.gov/Archives/edgar/data/45919/0000950134-98-004354.txt,1620593079,16:44:39,20210509
90,1997-12-31,HHS,USD,1997-12-31,1997-12-31,Q4,193900000,75300000,118600000,0.6116554925219185,0.0,87000000.0,0.0,0.0,93900000,169200000,0.0,6900000.0,31600000.0,0.1629706034038164,24700000.0,0.12738525012893243,4100000.0,28100000.0,0.14492006188757092,10900000.0,293900000.0,1.515729757607014,26.415565104346424,26.415565104346424,11126016.0,11126016.0,,,1620593079,16:44:39,20210509
91,1997-09-30,HHS,USD,1997-11-14 00:00:00,1997-11-14 00:00:00,Q3,155100000,58300000,96800000,0.624113475177305,0.0,70900000.0,0.0,0.0,76500000,134800000,0.0,5600000.0,25900000.0,0.16698903932946485,20300000.0,0.13088330109606705,-200000.0,18200000.0,0.11734364925854288,7700000.0,15600000.0,0.10058027079303675,1.4007,1.334,11137288.0,11694153.0,https://www.sec.gov/Archives/edgar/data/45919/000095012997004816/0000950129-97-004816-index.html,https://www.sec.gov/Archives/edgar/data/45919/0000950129-97-004816.txt,1620593079,16:44:39,20210509
92,1997-06-30,HHS,USD,1997-08-14 00:00:00,1997-08-14 00:00:00,Q2,151000000,59400000,91600000,0.6066225165562914,0.0,69700000.0,0.0,0.0,71800000,131200000,1900000.0,2100000.0,21900000.0,0.14503311258278145,19800000.0,0.13112582781456952,600000.0,18400000.0,0.12185430463576159,7800000.0,16300000.0,0.10794701986754966,1.4674,1.334,11108082.0,12218891.0,https://www.sec.gov/Archives/edgar/data/45919/000095012997003358/0000950129-97-003358-index.html,https://www.sec.gov/Archives/edgar/data/45919/0000950129-97-003358.txt,1620593079,16:44:39,20210509
93,1997-03-31,HHS,USD,1997-05-15 00:00:00,1997-05-15 00:00:00,Q1,174800000,60300000,114500000,0.6550343249427918,0.0,84700000.0,0.0,0.0,93300000,153600000,3300000.0,8600000.0,29800000.0,0.17048054919908467,21200000.0,0.12128146453089245,-200000.0,17800000.0,0.10183066361556065,7800000.0,10000000.0,0.057208237986270026,0.8671,0.8671,11532695.0,11532695.0,https://www.sec.gov/Archives/edgar/data/45919/000095013497004013/0000950134-97-004013-index.html,https://www.sec.gov/Archives/edgar/data/45919/0000950134-97-004013.txt,1620593079,16:44:39,20210509
94,1996-12-31,HHS,USD,1996-12-31,1996-12-31,Q4,189100000,66900000,122200000,0.6462189317821259,0.0,82600000.0,0.0,0.0,90900000,157800000,3400000.0,8300000.0,39600000.0,0.2094130089899524,31300000.0,0.165520888418826,100000.0,28000000.0,0.14806980433633,11900000.0,16100000.0,0.08514013749338974,1.3960310231043134,1.3960310231043134,11532695.0,11532695.0,,,1620593079,16:44:39,20210509
95,1996-09-30,HHS,USD,1996-11-13 00:00:00,1996-11-13 00:00:00,Q3,166200000,59000000,107200000,0.6450060168471721,0.0,74400000.0,0.0,0.0,82000000,141000000,3300000.0,7600000.0,32800000.0,0.197352587244284,25200000.0,0.15162454873646208,100000.0,22000000.0,0.13237063778580024,9700000.0,12300000.0,0.0740072202166065,1.1339,1.0672,10847517.0,11525487.0,https://www.sec.gov/Archives/edgar/data/45919/000095013496006094/0000950134-96-006094-index.html,https://www.sec.gov/Archives/edgar/data/45919/0000950134-96-006094.txt,1620593079,16:44:39,20210509
96,1996-06-30,HHS,USD,1996-08-07 00:00:00,1996-08-07 00:00:00,Q2,159900000,66100000,93800000,0.5866166353971232,0.0,71500000.0,0.0,0.0,80000000,146100000,3400000.0,8500000.0,22300000.0,0.13946216385240776,13800000.0,0.08630393996247655,100000.0,10400000.0,0.06504065040650407,6500000.0,3900000.0,0.024390243902439025,0.3335,0.3335,11559520.0,11559520.0,https://www.sec.gov/Archives/edgar/data/45919/000095013496003898/0000950134-96-003898-index.html,https://www.sec.gov/Archives/edgar/data/45919/0000950134-96-003898.txt,1620593079,16:44:39,20210509
97,1996-03-31,HHS,USD,1996-05-15 00:00:00,1996-05-15 00:00:00,Q1,124900000,47100000,77800000,0.622898318654924,0.0,56900000.0,0.0,0.0,63600000,110700000,3300000.0,6700000.0,20900000.0,0.16733386709367493,14200000.0,0.11369095276220977,700000.0,11600000.0,0.09287429943955164,5200000.0,6400000.0,0.051240992794235385,0.8004,0.7337,7996002.0,8722911.0,https://www.sec.gov/Archives/edgar/data/45919/000095013496002093/0000950134-96-002093-index.html,https://www.sec.gov/Archives/edgar/data/45919/0000950134-96-002093.txt,1620593079,16:44:39,20210509
98,1995-12-31,HHS,USD,1995-12-31,1995-12-31,Q4,138700000,46000000,92700000,0.6683489545782264,0.0,64400000.0,0.0,0.0,70900000,116900000,3800000.0,6500000.0,28300000.0,0.20403749098774332,21800000.0,0.15717375630857966,0.0,18100000.0,0.13049747656813265,7900000.0,10200000.0,0.07354001441961067,1.2756374998405453,1.2756374998405453,7996002.0,7996002.0,,,1620593079,16:44:39,20210509
99,1995-09-30,HHS,USD,1995-11-13 00:00:00,1995-11-13 00:00:00,Q3,130200000,43700000,86500000,0.6643625192012289,0.0,59600000.0,0.0,0.0,67700000,111400000,3800000.0,8900000.0,27700000.0,0.21274961597542244,18800000.0,0.1443932411674347,1300000.0,16300000.0,0.1251920122887865,7400000.0,8900000.0,0.06835637480798772,1.0005,1.0005,8895552.0,8895552.0,https://www.sec.gov/Archives/edgar/data/45919/000004591995000002/0000045919-95-000002-index.html,https://www.sec.gov/Archives/edgar/data/45919/0000045919-95-000002.txt,1620593079,16:44:39,20210509
100,1995-06-30,HHS,USD,1995-08-10 00:00:00,1995-08-10 00:00:00,Q2,133800000,46000000,87800000,0.656203288490284,0.0,61300000.0,0.0,0.0,66900000,112900000,4200000.0,4800000.0,25700000.0,0.1920777279521674,20900000.0,0.156203288490284,-400000.0,16300000.0,0.1218236173393124,7600000.0,8700000.0,0.06502242152466367,1.0005,1.0005,8695652.0,8695652.0,https://www.sec.gov/Archives/edgar/data/45919/000095012995000924/0000950129-95-000924-index.html,https://www.sec.gov/Archives/edgar/data/45919/0000950129-95-000924.txt,1620593079,16:44:39,20210509
101,1995-03-31,HHS,USD,1995-05-10 00:00:00,1995-05-10 00:00:00,Q1,130200000,46300000,83900000,0.6443932411674347,0.0,64500000.0,0.0,0.0,71200000,117500000,5300000.0,6700000.0,19400000.0,0.1490015360983103,12700000.0,0.09754224270353302,12400000.0,19600000.0,0.15053763440860216,13500000.0,6100000.0,0.04685099846390169,0.7337,0.7337,8314025.0,8314025.0,https://www.sec.gov/Archives/edgar/data/45919/000004591995000001/0000045919-95-000001-index.html,https://www.sec.gov/Archives/edgar/data/45919/0000045919-95-000001.txt,1620593079,16:44:39,20210509
102,1994-12-31,HHS,USD,1994-12-31,1994-12-31,Q4,143200000,97300000,45900000,0.32053072625698326,0.0,8100000.0,0.0,0.0,25000000,122300000,4200000.0,16900000.0,37800000.0,0.2639664804469274,20900000.0,0.14594972067039105,-1100000.0,15600000.0,0.10893854748603352,7300000.0,8300000.0,0.057960893854748605,0.99831309143285,0.99831309143285,8314025.0,8314025.0,,,1620593079,16:44:39,20210509
103,1994-09-30,HHS,USD,1994-11-14 00:00:00,1994-11-14 00:00:00,Q3,128400000,93300000,35100000,0.2733644859813084,0.0,15400000.0,0.0,0.0,18500000,111800000,4800000.0,-1600000.0,15000000.0,0.11682242990654206,16600000.0,0.1292834890965732,200000.0,12000000.0,0.09345794392523364,5800000.0,6200000.0,0.048286604361370715,0.7337,0.7337,8450320.0,8450320.0,https://www.sec.gov/Archives/edgar/data/45919/000004591994000005/0000045919-94-000005-index.html,https://www.sec.gov/Archives/edgar/data/45919/0000045919-94-000005.txt,1620593079,16:44:39,20210509
104,1994-06-30,HHS,USD,1994-08-12 00:00:00,1994-08-12 00:00:00,Q2,126900000,91200000,35700000,0.28132387706855794,0.0,12300000.0,0.0,0.0,17800000,109000000,4300000.0,5400000.0,23300000.0,0.18360914105594955,17900000.0,0.14105594956658787,100000.0,13500000.0,0.10638297872340426,6600000.0,6900000.0,0.054373522458628844,0.8004,0.8004,8620690.0,8620690.0,https://www.sec.gov/Archives/edgar/data/45919/000004591994000002/0000045919-94-000002-index.html,https://www.sec.gov/Archives/edgar/data/45919/0000045919-94-000002.txt,1620593079,16:44:39,20210509
105,1994-03-31,HHS,USD,1994-05-10 00:00:00,1994-05-10 00:00:00,Q1,115100000,87500000,27600000,0.23979148566463945,0.0,13600000.0,0.0,0.0,19200000,106700000,4100000.0,5600000.0,14000000.0,0.12163336229365769,8400000.0,0.07298001737619461,100000.0,4400000.0,0.038227628149435276,2100000.0,2300000.0,0.01998262380538662,0.2668,0.2668,8620690.0,8620690.0,https://www.sec.gov/Archives/edgar/data/45919/000004591994000001/0000045919-94-000001-index.html,https://www.sec.gov/Archives/edgar/data/45919/0000045919-94-000001.txt,1620593079,16:44:39,20210509
