,date,symbol,reportedCurrency,fillingDate,acceptedDate,period,revenue,costOfRevenue,grossProfit,grossProfitRatio,researchAndDevelopmentExpenses,generalAndAdministrativeExpenses,sellingAndMarketingExpenses,otherExpenses,operatingExpenses,costAndExpenses,interestExpense,depreciationAndAmortization,ebitda,ebitdaratio,operatingIncome,operatingIncomeRatio,totalOtherIncomeExpensesNet,incomeBeforeTax,incomeBeforeTaxRatio,incomeTaxExpense,netIncome,netIncomeRatio,eps,epsdiluted,weightedAverageShsOut,weightedAverageShsOutDil,link,finalLink,timestamp,est_time,est_date
0,2021-01-31,TITN,USD,2021-03-31,2021-01-31,Q4,436678000,368964000.0,67714000.0,0.1550662043885884,0.0,0.0,0.0,0.0,60523000.0,429487000.0,1487000.0,5970000.0,13161000.0,0.0301389124251737,7191000.0,0.016467511530235093,-409000.0,5489000.0,0.012569902765882412,4707000.0,782000.0,0.0017907932160539345,0.03467,0.03,22555832.0,22555832.0,https://www.sec.gov/Archives/edgar/data/1409171/000140917121000022/0001409171-21-000022-index.htm,https://www.sec.gov/Archives/edgar/data/1409171/000140917121000022/titn-20210131.htm,1620598833,18:20:33,20210509
1,2020-10-31,TITN,USD,2020-12-03,2020-12-03 15:27:45,Q3,360872000,288321000.0,72551000.0,0.2010435833204017,0.0,0.0,0.0,54115.0,54115000.0,342436000.0,2057000.0,6445000.0,24881000.0,0.06894688421379326,18436000.0,0.05108736615752954,-2555000.0,13824000.0,0.03830721142122415,3912000.0,9912000.0,0.027466802633620786,0.44785830471715166,0.4477571486651308,22132000.0,22137000.0,https://www.sec.gov/Archives/edgar/data/1409171/000140917120000071/0001409171-20-000071-index.htm,https://www.sec.gov/Archives/edgar/data/1409171/000140917120000071/titn-20201031.htm,1620598833,18:20:33,20210509
2,2020-07-31,TITN,USD,2020-09-04,2020-09-04,Q2,303465000,240777000.0,62688000.0,0.2065740694973061,0.0,0.0,0.0,0.0,53079000.0,293856000.0,1879000.0,5911000.0,15520000.0,0.05114263588881749,9609000.0,0.03166427759379171,0.0,8292000.0,0.027324403143690376,1892000.0,6400000.0,0.021089746758275255,0.28935708472737137,0.28934400289344003,22118000.0,22119000.0,https://www.sec.gov/Archives/edgar/data/1409171/000140917120000065/0001409171-20-000065-index.htm,https://www.sec.gov/ix?doc=/Archives/edgar/data/1409171/000140917120000065/titn-20200731.htm,1620598833,18:20:33,20210509
3,2020-04-30,TITN,USD,2020-06-04,2020-06-04 14:44:46,Q1,310208000,251798000.0,58410000.0,0.18829301629874148,0.0,0.0,0.0,0.0,53058000.0,304856000.0,2118000.0,5375000.0,10727000.0,0.034580023726016096,5352000.0,0.017252939962863627,-216000.0,3148000.0,0.010148029709098411,886000.0,2262000.0,0.007291881576232721,0.1,0.1,22012000.0,22012000.0,https://www.sec.gov/Archives/edgar/data/1409171/000140917120000039/0001409171-20-000039-index.htm,https://www.sec.gov/Archives/edgar/data/1409171/000140917120000039/titn-20200430.htm,1620598833,18:20:33,20210509
4,2020-01-31,TITN,USD,2020-04-07 00:00:00,2020-04-06 18:20:37,Q4,350964000,289846000.0,61118000.0,0.1741432169681221,0.0,0.0,0.0,0.0,60128000.0,349974000.0,2520000.0,7006000.0,7996000.0,0.022782963494831377,990000.0,0.002820802133552159,-3578000.0,-4669000.0,-0.013303358749045487,-5342000.0,673000.0,0.001917575591798589,0.03057423223696166,0.03057423223696166,22012000.0,22012000.0,https://www.sec.gov/Archives/edgar/data/1409171/000140917120000015/0001409171-20-000015-index.html,https://www.sec.gov/Archives/edgar/data/1409171/000140917120000015/a10kfy20.htm,1620598833,18:20:33,20210509
5,2019-10-31,TITN,USD,2019-12-05 00:00:00,2019-12-05 10:23:06,Q3,360936000,289162000.0,71774000.0,0.19885519870558768,0.0,0.0,0.0,0.0,58184000.0,347346000.0,2403000.0,7797000.0,21387000.0,0.05925427222554691,13590000.0,0.037652104528226614,-51000.0,12409000.0,0.034380056298069464,4195000.0,8214000.0,0.022757497174014228,0.367484,0.367484,22352000.0,22352000.0,https://www.sec.gov/Archives/edgar/data/1409171/000140917119000070/0001409171-19-000070-index.html,https://www.sec.gov/Archives/edgar/data/1409171/000140917119000070/a10qfy20q3.htm,1620598833,18:20:33,20210509
6,2019-07-31,TITN,USD,2019-09-05,2019-09-05 10:12:12,Q2,314981000,250954000.0,64027000.0,0.20327257834599546,0.0,0.0,0.0,0.0,54855000.0,305809000.0,2365000.0,7200000.0,16372000.0,0.05197773833977287,9172000.0,0.02911921671465898,0.0,7427000.0,0.023579200015239013,1916000.0,5511000.0,0.017496293427222594,0.246533,0.246533,22354000.0,22354000.0,https://www.sec.gov/Archives/edgar/data/1409171/000140917119000059/a10qfy20q2.htm,https://www.sec.gov/Archives/edgar/data/1409171/000140917119000059/a10qfy20q2.htm,1620598833,18:20:33,20210509
7,2019-04-30,TITN,USD,2019-06-06 00:00:00,2019-06-06 13:50:11,Q1,278292000,224392000.0,53900000.0,0.19368145688701077,0.0,0.0,0.0,0.0,52555000.0,276947000.0,2519000.0,6064000.0,7409000.0,0.026623115288977046,1345000.0,0.004833053052189787,-135000.0,-515000.0,-0.001850574217009472,-70000.0,-445000.0,-0.0015990398574159516,-0.02006,-0.02006,22184000.0,22184000.0,https://www.sec.gov/Archives/edgar/data/1409171/000140917119000031/0001409171-19-000031-index.html,https://www.sec.gov/Archives/edgar/data/1409171/000140917119000031/a10qfy20q1.htm,1620598833,18:20:33,20210509
8,2019-01-31,TITN,USD,2019-04-05 00:00:00,2019-04-05 12:04:34,Q4,352286000,296699000.0,55587000.0,0.15778940974094913,0.0,0.0,0.0,0.0,53872000.0,350571000.0,2805000.0,5716000.0,7431000.0,0.021093656858348048,1715000.0,0.0048682036754228095,-1697000.0,-2242000.0,-0.006364147312127078,-83000.0,-2159000.0,-0.006128543285852972,-0.097218,-0.1,22218000.0,22218000.0,https://www.sec.gov/Archives/edgar/data/1409171/000140917119000016/0001409171-19-000016-index.html,https://www.sec.gov/Archives/edgar/data/1409171/000140917119000016/a10kfy19.htm,1620598833,18:20:33,20210509
9,2018-10-31,TITN,USD,2018-12-06 00:00:00,2018-12-06 12:51:33,Q3,363649000,294107000.0,69542000.0,0.19123385462355183,0.0,0.0,0.0,0.0,53306000.0,347413000.0,3473000.0,6442000.0,22678000.0,0.062362332908931416,16236000.0,0.04464744850116458,-153000.0,12770000.0,0.0351162797092801,1994000.0,10776000.0,0.029632970254283665,0.484968,0.48,22220000.0,22220000.0,https://www.sec.gov/Archives/edgar/data/1409171/000140917118000086/0001409171-18-000086-index.html,https://www.sec.gov/Archives/edgar/data/1409171/000140917118000086/a10qfy19q3.htm,1620598833,18:20:33,20210509
10,2018-07-31,TITN,USD,2018-09-06 00:00:00,2018-09-06 12:28:51,Q2,299891000,240990000.0,58901000.0,0.19640802825026427,0.0,0.0,0.0,0.0,47633000.0,288623000.0,4217000.0,5921000.0,17189000.0,0.05731749202210136,11268000.0,0.03757365176013952,-721000.0,7792000.0,0.025982773741125943,2612000.0,5180000.0,0.017272942502442556,0.233144,0.23,22218000.0,22218000.0,https://www.sec.gov/Archives/edgar/data/1409171/000140917118000069/0001409171-18-000069-index.html,https://www.sec.gov/Archives/edgar/data/1409171/000140917118000069/a10qfy19q2.htm,1620598833,18:20:33,20210509
11,2018-04-30,TITN,USD,2018-06-07 00:00:00,2018-06-07 07:37:31,Q1,245678000,198120000.0,47558000.0,0.19357858660523125,0.0,0.0,0.0,0.0,46727000.0,244847000.0,3381000.0,5526000.0,6357000.0,0.025875332752627423,831000.0,0.0033824762493996205,0.0,-2165000.0,-0.008812347869976148,-551000.0,-1614000.0,-0.006569574809303235,-0.071875,-0.071875,22094000.0,22094000.0,https://www.sec.gov/Archives/edgar/data/1409171/000140917118000043/0001409171-18-000043-index.html,https://www.sec.gov/Archives/edgar/data/1409171/000140917118000043/a10qfy19q1.htm,1620598833,18:20:33,20210509
12,2018-01-31,TITN,USD,2018-04-06 00:00:00,2018-04-06 11:19:07,Q4,339608000,287511000.0,52097000.0,0.15340333561046854,0.0,0.0,0.0,0.0,50319000.0,337830000.0,3586000.0,6156000.0,7934000.0,0.023362229393889426,1778000.0,0.005235447928199571,-692000.0,-2705000.0,-0.007965065605050529,-4390000.0,1685000.0,0.0049616027890980186,0.074744,0.074744,22102000.0,22102000.0,https://www.sec.gov/Archives/edgar/data/1409171/000140917118000024/0001409171-18-000024-index.html,https://www.sec.gov/Archives/edgar/data/1409171/000140917118000024/a10kfy18.htm,1620598833,18:20:33,20210509
13,2017-10-31,TITN,USD,2017-12-07 00:00:00,2017-12-07 09:30:42,Q3,330341000,268864000.0,61477000.0,0.18610163437175525,0.0,0.0,0.0,0.0,50374000.0,319238000.0,4010000.0,6681000.0,17784000.0,0.053835279302296715,11103000.0,0.033610723464541185,-2587000.0,4886000.0,0.014790776803363798,2502000.0,2384000.0,0.007216785079660109,0.105617,0.105617,22042000.0,22042000.0,https://www.sec.gov/Archives/edgar/data/1409171/000140917117000070/0001409171-17-000070-index.html,https://www.sec.gov/Archives/edgar/data/1409171/000140917117000070/a10qfy18q3.htm,1620598833,18:20:33,20210509
14,2017-07-31,TITN,USD,2017-09-07 00:00:00,2017-09-07 10:19:26,Q2,268871000,216064000.0,52807000.0,0.1964027358844948,0.0,0.0,0.0,0.0,50523000.0,266587000.0,4627000.0,6173000.0,8457000.0,0.03145374547645525,2284000.0,0.008494780024621472,-5549000.0,-7210000.0,-0.02681583361537689,-2024000.0,-5186000.0,-0.019288060073418108,-0.230902,-0.24,22031000.0,22031000.0,https://www.sec.gov/Archives/edgar/data/1409171/000140917117000062/0001409171-17-000062-index.html,https://www.sec.gov/Archives/edgar/data/1409171/000140917117000062/a10qfy18q2.htm,1620598833,18:20:33,20210509
15,2017-04-30,TITN,USD,2017-06-02 00:00:00,2017-06-02 17:27:38,Q1,264118000,215199000.0,48919000.0,0.18521645628090475,0.0,0.0,0.0,0.0,51987000.0,267186000.0,4776000.0,6095000.0,3027000.0,0.011460786466655055,-3068000.0,-0.011616020112222568,-2344000.0,-9410000.0,-0.03562801475098252,-3478000.0,-5932000.0,-0.022459658183084832,-0.266465,-0.27,21834000.0,21834000.0,https://www.sec.gov/Archives/edgar/data/1409171/000140917117000035/0001409171-17-000035-index.html,https://www.sec.gov/Archives/edgar/data/1409171/000140917117000035/a10qfy18q1.htm,1620598833,18:20:33,20210509
16,2017-01-31,TITN,USD,2017-04-07 00:00:00,2017-04-07 16:32:37,Q4,317621000,268799000.0,48822000.0,0.1537114989248192,0.0,0.0,0.0,0.0,52240000.0,321039000.0,5092000.0,6972000.0,3554000.0,0.011189436466732363,-3418000.0,-0.010761253191697023,-4183000.0,-12420000.0,-0.03910320791131569,-4181000.0,-8239000.0,-0.02593972061041304,-0.368611,-0.38,21836000.0,21836000.0,https://www.sec.gov/Archives/edgar/data/1409171/000140917117000023/0001409171-17-000023-index.html,https://www.sec.gov/Archives/edgar/data/1409171/000140917117000023/a10kfy17.htm,1620598833,18:20:33,20210509
17,2016-10-31,TITN,USD,2016-12-08 00:00:00,2016-12-08 09:45:31,Q3,332266000,273840000.0,58426000.0,0.17584104301974923,0.0,0.0,0.0,0.0,53143000.0,326983000.0,5454000.0,7068000.0,12351000.0,0.0371720248234848,5283000.0,0.0158999115166764,-275000.0,56000.0,0.00016853966400414127,-208000.0,264000.0,0.0007945441303052374,0.011733,0.01,21819000.0,21819000.0,https://www.sec.gov/Archives/edgar/data/1409171/000140917116000145/0001409171-16-000145-index.html,https://www.sec.gov/Archives/edgar/data/1409171/000140917116000145/a10qfy17q3.htm,1620598833,18:20:33,20210509
18,2016-07-31,TITN,USD,2016-09-01,2016-09-01 12:37:10,Q2,278333000,225400000.0,52933000.0,0.19017867087265972,0.0,0.0,0.0,0.0,51487000.0,276887000.0,6583000.0,6620000.0,8066000.0,0.028979675424760987,1446000.0,0.005195215802653656,-24000.0,-4549000.0,-0.016343732148182213,-1847000.0,-2520000.0,-0.009053903058566537,-0.113174,-0.12,21816000.0,21816000.0,https://www.sec.gov/Archives/edgar/data/1409171/000140917116000135/0001409171-16-000135-index.htm,https://www.sec.gov/Archives/edgar/data/1409171/000140917116000135/a10qfy17q2.htm,1620598833,18:20:33,20210509
19,2016-04-30,TITN,USD,2016-06-02 00:00:00,2016-06-02 10:11:07,Q1,284860000,231312000.0,53548000.0,0.1879800603805378,0.0,0.0,0.0,0.0,54502000.0,285814000.0,4736000.0,6208000.0,5254000.0,0.01844414800252756,-954000.0,-0.003349013550516043,-247000.0,-5800000.0,-0.0203608790282946,-1942000.0,-3684000.0,-0.01293266867935126,-0.1675,-0.17,21588000.0,21588000.0,https://www.sec.gov/Archives/edgar/data/1409171/000140917116000113/0001409171-16-000113-index.html,https://www.sec.gov/Archives/edgar/data/1409171/000140917116000113/a10qfy17q1.htm,1620598833,18:20:33,20210509
20,2016-01-31,TITN,USD,2016-04-13 00:00:00,2016-04-13 16:24:57,Q4,335474000,319205000.0,16269000.0,0.04849556150402118,0.0,0.0,0.0,0.0,54545000.0,373750000.0,7363000.0,6950000.0,-31326000.0,-0.09337832440069871,-38276000.0,-0.11409528011112635,-6981000.0,-52620000.0,-0.15685269201189958,-17628000.0,-35050000.0,-0.10447903563316382,-1.59077,-1.62,21604000.0,21604000.0,https://www.sec.gov/Archives/edgar/data/1409171/000140917116000104/0001409171-16-000104-index.html,https://www.sec.gov/Archives/edgar/data/1409171/000140917116000104/a10kfy16.htm,1620598833,18:20:33,20210509
21,2015-10-31,TITN,USD,2015-12-07 00:00:00,2015-12-07 17:12:44,Q3,344975000,277834000.0,67141000.0,0.19462569751431263,0.0,0.0,0.0,0.0,53484000.0,331318000.0,8643000.0,7764000.0,21421000.0,0.0620943546633814,13657000.0,0.039588375969273136,-22000.0,5714000.0,0.016563519095586638,2231000.0,3456000.0,0.010018117254873542,0.156841,0.156841,21576000.0,21576000.0,https://www.sec.gov/Archives/edgar/data/1409171/000140917115000094/0001409171-15-000094-index.html,https://www.sec.gov/Archives/edgar/data/1409171/000140917115000094/a10qfy16q3.htm,1620598833,18:20:33,20210509
22,2015-07-31,TITN,USD,2015-09-09 00:00:00,2015-09-09 12:50:50,Q2,334190000,272121000.0,62069000.0,0.18572967473592866,0.0,0.0,0.0,0.0,55385000.0,327506000.0,8104000.0,7157000.0,13841000.0,0.04141655944223346,6684000.0,0.020000598461952783,104000.0,-479000.0,-0.0014333163769113379,-649000.0,6000.0,1.795385858344056e-05,0.000284,0.000283,21105000.0,21217000.0,https://www.sec.gov/Archives/edgar/data/1409171/000140917115000079/0001409171-15-000079-index.html,https://www.sec.gov/Archives/edgar/data/1409171/000140917115000079/titn-2015731x10q.htm,1620598833,18:20:33,20210509
23,2015-04-30,TITN,USD,2015-06-09 00:00:00,2015-06-09 10:28:51,Q1,353196000,292761000.0,60435000.0,0.17110895933136275,0.0,0.0,0.0,0.0,57110000.0,349871000.0,10550000.0,6667000.0,9992000.0,0.02829024111258338,3325000.0,0.009414036399053216,-1601000.0,-8826000.0,-0.02498895797234397,-1936000.0,-6304000.0,-0.017848446754776384,-0.289781,-0.29,21392000.0,21392000.0,https://www.sec.gov/Archives/edgar/data/1409171/000140917115000069/0001409171-15-000069-index.html,https://www.sec.gov/Archives/edgar/data/1409171/000140917115000069/titn-2015430x10q.htm,1620598833,18:20:33,20210509
24,2015-01-31,TITN,USD,2015-04-15 00:00:00,2015-04-15 09:39:36,Q4,490652000,422551000.0,68101000.0,0.13879694773485077,0.0,0.0,0.0,0.0,64865000.0,487416000.0,9037000.0,7853000.0,11089000.0,0.022600539690045083,3236000.0,0.006595305837946243,-31438000.0,-37239000.0,-0.07589696974637829,-9177000.0,-27464000.0,-0.055974499237748956,-1.259974,-1.28,21406000.0,21406000.0,https://www.sec.gov/Archives/edgar/data/1409171/000140917115000012/0001409171-15-000012-index.html,https://www.sec.gov/Archives/edgar/data/1409171/000140917115000012/titn-2015131x10k.htm,1620598833,18:20:33,20210509
25,2014-10-31,TITN,USD,2014-12-10 00:00:00,2014-12-10 12:48:28,Q3,493141000,408450000.0,84691000.0,0.17173790051932408,0.0,0.0,0.0,0.0,69459000.0,477909000.0,9519000.0,9169000.0,24401000.0,0.04948077730304314,15232000.0,0.03088771771156728,0.0,5713000.0,0.011584921959439592,3400000.0,2470000.0,0.005008709476599999,0.12,0.11,20994000.0,21102000.0,https://www.sec.gov/Archives/edgar/data/1409171/000140917114000022/0001409171-14-000022-index.html,https://www.sec.gov/Archives/edgar/data/1409171/000140917114000022/titn-20141031x10q.htm,1620598833,18:20:33,20210509
26,2014-07-31,TITN,USD,2014-09-09 00:00:00,2014-09-09 12:59:26,Q2,450990000,371337000.0,79653000.0,0.17661810683163706,0.0,0.0,0.0,0.0,67795000.0,439132000.0,9895000.0,8017000.0,19875000.0,0.04406971329741236,11858000.0,0.02629326592607375,-151000.0,1812000.0,0.00401782744628484,2587000.0,-614000.0,-0.0013614492560810661,-0.03,-0.03,20986000.0,20986000.0,https://www.sec.gov/Archives/edgar/data/1409171/000140917114000014/0001409171-14-000014-index.html,https://www.sec.gov/Archives/edgar/data/1409171/000140917114000014/titn-2014731x10q.htm,1620598833,18:20:33,20210509
27,2014-04-30,TITN,USD,2014-06-05 00:00:00,2014-06-05 12:29:09,Q1,465463000,389524000.0,75939000.0,0.16314723189598315,0.0,0.0,0.0,0.0,71152000.0,460676000.0,8258000.0,6729000.0,11516000.0,0.0247409568537134,4787000.0,0.010284383506315217,-2801000.0,-6272000.0,-0.013474755243703581,-1733000.0,-4195000.0,-0.009012531608312583,-0.2,-0.2,20951000.0,20951000.0,https://www.sec.gov/Archives/edgar/data/1409171/000144530514002523/0001445305-14-002523-index.html,https://www.sec.gov/Archives/edgar/data/1409171/000144530514002523/titn-2014430x10q.htm,1620598833,18:20:33,20210509
28,2014-01-31,TITN,USD,2014-04-11 00:00:00,2014-04-10 19:57:53,Q4,708631000,611653000.0,96978000.0,0.13685260735135776,0.0,0.0,0.0,0.0,77119000.0,688772000.0,8496000.0,7646000.0,27505000.0,0.03881427710613845,19859000.0,0.028024458427587842,-9997000.0,2801000.0,0.003952691880541495,3819000.0,-393000.0,-0.0005545904709221019,-0.018202,-0.02,21261000.0,21261000.0,https://www.sec.gov/Archives/edgar/data/1409171/000144530514001316/0001445305-14-001316-index.html,https://www.sec.gov/Archives/edgar/data/1409171/000144530514001316/titn-2014131x10k.htm,1620598833,18:20:33,20210509
29,2013-10-31,TITN,USD,2013-12-05 00:00:00,2013-12-05 12:04:11,Q3,587961000,494355000.0,93606000.0,0.15920443702898662,0.0,0.0,0.0,0.0,75005000.0,569360000.0,8532000.0,9806000.0,28407000.0,0.04831442901825121,18601000.0,0.03163645207760379,0.0,10069000.0,0.017125285520638273,4311000.0,5825000.0,0.009907119689911406,0.2786947992918999,0.27697208882126384,20901000.0,21031000.0,https://www.sec.gov/Archives/edgar/data/1409171/000110465913088546/0001104659-13-088546-index.html,https://www.sec.gov/Archives/edgar/data/1409171/000110465913088546/a13-23579_110q.htm,1620598833,18:20:33,20210509
30,2013-07-31,TITN,USD,2013-09-05 00:00:00,2013-09-05 13:46:14,Q2,488180000,404638000.0,83542000.0,0.1711295014134131,0.0,0.0,0.0,0.0,70145000.0,474783000.0,7178000.0,7473000.0,20870000.0,0.042750624769552215,13397000.0,0.02744274652792003,0.0,6556000.0,0.013429472735466427,2589000.0,3833000.0,0.00785161211028719,0.1835552150177186,0.18227210043273576,20882000.0,21029000.0,https://www.sec.gov/Archives/edgar/data/1409171/000110465913068158/0001104659-13-068158-index.html,https://www.sec.gov/Archives/edgar/data/1409171/000110465913068158/a13-15523_110q.htm,1620598833,18:20:33,20210509
31,2013-04-30,TITN,USD,2013-06-06 00:00:00,2013-06-06 15:19:13,Q1,441674000,367726000.0,73948000.0,0.16742665404800827,0.0,0.0,0.0,0.0,68933000.0,436659000.0,6609000.0,5869000.0,10884000.0,0.024642609707612402,5015000.0,0.011354528453112477,0.0,-997000.0,-0.0022573210105190705,-394000.0,-414000.0,-0.0009373429271363041,-0.02,-0.02,20854000.0,20854000.0,https://www.sec.gov/Archives/edgar/data/1409171/000110465913047431/0001104659-13-047431-index.html,https://www.sec.gov/Archives/edgar/data/1409171/000110465913047431/a13-12290_110q.htm,1620598833,18:20:33,20210509
32,2013-01-31,TITN,USD,2013-04-10 00:00:00,2013-04-10 12:45:14,Q4,784514000,679985000.0,104529000.0,0.1332404520505689,0.0,0.0,0.0,0.0,72244000.0,752229000.0,7287000.0,5946000.0,38231000.0,0.04873208126304948,32285000.0,0.04115286661550973,0.0,25787000.0,0.03287003163742139,10351000.0,15606000.0,0.019892570432140152,0.731557,0.73,21092000.0,21092000.0,https://www.sec.gov/Archives/edgar/data/1409171/000104746913004179/0001047469-13-004179-index.html,https://www.sec.gov/Archives/edgar/data/1409171/000104746913004179/a2214313z10-k.htm,1620598833,18:20:33,20210509
33,2012-10-31,TITN,USD,2012-12-06 00:00:00,2012-12-06 13:00:53,Q3,582112000,488053000.0,94059000.0,0.16158230718487163,0.0,0.0,0.0,0.0,63950000.0,552003000.0,6590000.0,7304000.0,37413000.0,0.06427113682590292,30109000.0,0.05172372326974878,0.0,23777000.0,0.040846091473805725,9418000.0,14061000.0,0.024155145401572205,0.67,0.66,20814000.0,20988000.0,https://www.sec.gov/Archives/edgar/data/1409171/000110465912082364/0001104659-12-082364-index.html,https://www.sec.gov/Archives/edgar/data/1409171/000110465912082364/a12-21226_110q.htm,1620598833,18:20:33,20210509
34,2012-07-31,TITN,USD,2012-09-10 00:00:00,2012-09-10 15:01:08,Q2,410071000,339707000.0,70364000.0,0.17158979786427228,0.0,0.0,0.0,0.0,56507000.0,396214000.0,5194000.0,5287000.0,19144000.0,0.04668459852074397,13857000.0,0.03379170924059492,0.0,8782000.0,0.02141580360474162,3477000.0,5209000.0,0.012702678316681745,0.2506616620951831,0.24804761904761904,20781000.0,21000000.0,https://www.sec.gov/Archives/edgar/data/1409171/000110465912062551/0001104659-12-062551-index.html,https://www.sec.gov/Archives/edgar/data/1409171/000110465912062551/a12-14860_110q.htm,1620598833,18:20:33,20210509
35,2012-04-30,TITN,USD,2012-06-07,2012-06-07 15:00:47,Q1,421723000,351314000.0,70409000.0,0.1669555608776377,0.0,0.0,0.0,0.0,54856000.0,406170000.0,3691000.0,4927000.0,20480000.0,0.04856268213969833,15553000.0,0.03687965797454727,0.0,12350000.0,0.02928462521607785,4891000.0,7597000.0,0.01801419415113712,0.3665975003619167,0.36241770823394714,20723000.0,20962000.0,https://www.sec.gov/Archives/edgar/data/1409171/000110465912042303/0001104659-12-042303-index.htm,https://www.sec.gov/Archives/edgar/data/1409171/000104746912004157/a2208625z10-k.htm,1620598833,18:20:33,20210509
36,2012-01-31,TITN,USD,2012-04-11,2012-04-11 15:03:06,Q4,607018000,514208000.0,92810000.0,0.15289497181302697,0.0,0.0,0.0,0.0,60304000.0,574512000.0,3650000.0,5091000.0,37597000.0,0.061937207792849634,32506000.0,0.05355030658069448,0.0,29640000.0,0.04882886504189332,11854000.0,17801000.0,0.029325324784438025,0.8589972494329972,0.8589972494329972,20723000.0,20723000.0,https://www.sec.gov/Archives/edgar/data/1409171/000104746912004157/0001047469-12-004157-index.htm,https://www.sec.gov/Archives/edgar/data/1409171/000104746912004157/a2208625z10-k.htm,1620598833,18:20:33,20210509
37,2011-10-31,TITN,USD,2011-12-09 00:00:00,2011-12-09 13:00:30,Q3,422960000,348963000.0,73997000.0,0.17495034991488556,0.0,0.0,0.0,0.0,50060000.0,399023000.0,2908000.0,4119000.0,28056000.0,0.06633251371288065,23937000.0,0.05659400416114999,0.0,21336000.0,0.05044448647626253,8536000.0,12800000.0,0.030262909022129754,0.62,0.61,20572000.0,21073000.0,https://www.sec.gov/Archives/edgar/data/1409171/000110465911068552/0001104659-11-068552-index.html,https://www.sec.gov/Archives/edgar/data/1409171/000110465911068552/a11-25608_110q.htm,1620598833,18:20:33,20210509
38,2011-07-31,TITN,USD,2011-09-08 00:00:00,2011-09-08 08:17:45,Q2,310849000,254998000.0,55851000.0,0.17967244546387473,0.0,0.0,0.0,0.0,44060000.0,299058000.0,1675000.0,3411000.0,15202000.0,0.048904773700414024,11791000.0,0.03793160023033692,0.0,10383000.0,0.03340206981524792,4092000.0,6291000.0,0.020238122046395517,0.31,0.3,20237000.0,20799000.0,https://www.sec.gov/Archives/edgar/data/1409171/000110465911050694/0001104659-11-050694-index.html,https://www.sec.gov/Archives/edgar/data/1409171/000110465911050694/a11-15576_110q.htm,1620598833,18:20:33,20210509
39,2011-04-30,TITN,USD,2011-06-09 00:00:00,2011-06-09 08:02:14,Q1,318165000,265362000.0,52803000.0,0.16596105794163407,0.0,0.0,0.0,0.0,39436000.0,304798000.0,1437000.0,2642000.0,16009000.0,0.0503166595948643,13367000.0,0.042012792104725534,0.0,12215000.0,0.038392029292976915,4947000.0,7268000.0,0.022843493156066822,0.41,0.4,17754000.0,18309000.0,https://www.sec.gov/Archives/edgar/data/1409171/000110465911033882/0001104659-11-033882-index.html,https://www.sec.gov/Archives/edgar/data/1409171/000110465911033882/a11-13728_110q.htm,1620598833,18:20:33,20210509
40,2011-01-31,TITN,USD,2011-04-18 00:00:00,2011-04-18 08:05:13,Q4,368059000,311960000.0,56099000.0,0.15241849812122513,0.0,0.0,0.0,0.0,38684000.0,350644000.0,1605000.0,2526000.0,19941000.0,0.054178813722799875,17415000.0,0.047315783610779795,0.0,17190000.0,0.04670446857704879,6827000.0,10363000.0,0.02815581197579736,0.5836994480117157,0.5836994480117157,17754000.0,17754000.0,https://www.sec.gov/Archives/edgar/data/1409171/000104746911003749/0001047469-11-003749-index.html,https://www.sec.gov/Archives/edgar/data/1409171/000104746911003749/a2203426z10-k.htm,1620598833,18:20:33,20210509
41,2010-10-31,TITN,USD,2010-12-09 00:00:00,2010-12-09 08:02:06,Q3,311307000,263329000.0,47978000.0,0.1541179607268709,0.0,0.0,0.0,0.0,32849000.0,296178000.0,2532000.0,2239000.0,17368000.0,0.05579058614165438,15129000.0,0.04859832898071678,0.0,12804000.0,0.041129817190104945,5098000.0,7706000.0,0.024753699724066595,0.44,0.42,17661000.0,18161000.0,https://www.sec.gov/Archives/edgar/data/1409171/000110465910061840/0001104659-10-061840-index.html,https://www.sec.gov/Archives/edgar/data/1409171/000110465910061840/a10-22260_110q.htm,1620598833,18:20:33,20210509
42,2010-07-31,TITN,USD,2010-09-08 00:00:00,2010-09-08 08:04:25,Q2,209666000,173618000.0,36048000.0,0.17193059437390898,0.0,0.0,0.0,0.0,29212000.0,202830000.0,2269000.0,2126000.0,8962000.0,0.04274417406732613,6836000.0,0.03260423721538065,0.0,4601000.0,0.021944425896425743,1887000.0,2714000.0,0.012944397279482605,0.15389849730649277,0.15011061946902654,17635000.0,18080000.0,https://www.sec.gov/Archives/edgar/data/1409171/000110465910047587/0001104659-10-047587-index.html,https://www.sec.gov/Archives/edgar/data/1409171/000110465910047587/a10-16904_110q.htm,1620598833,18:20:33,20210509
43,2010-04-30,TITN,USD,2010-06-09 00:00:00,2010-06-09 07:55:58,Q1,205457000,171014000.0,34443000.0,0.1676409175642592,0.0,0.0,0.0,0.0,29796000.0,200810000.0,2178000.0,2078000.0,6725000.0,0.032731909840015186,4647000.0,0.022617871379412725,0.0,2642000.0,0.012859138408523438,1083000.0,1559000.0,0.007587962444696457,0.088494068229551,0.08641906873614191,17617000.0,18040000.0,https://www.sec.gov/Archives/edgar/data/1409171/000110465910033061/0001104659-10-033061-index.html,https://www.sec.gov/Archives/edgar/data/1409171/000110465910033061/a10-11549_110q.htm,1620598833,18:20:33,20210509
44,2010-01-31,TITN,USD,2010-04-15 00:00:00,2010-04-15 08:06:08,Q4,252270000,215282000.0,36988000.0,0.14662068418757682,0.0,0.0,0.0,0.0,29839000.0,245121000.0,2442000.0,2062000.0,9211000.0,0.0365124668014429,7149000.0,0.028338684742537756,0.0,6019000.0,0.023859357038094105,2656000.0,3363000.0,0.013330954929242479,0.1908951580859397,0.1908951580859397,17617000.0,17617000.0,https://www.sec.gov/Archives/edgar/data/1409171/000104746910003743/0001047469-10-003743-index.html,https://www.sec.gov/Archives/edgar/data/1409171/000104746910003743/a2198023z10-k.htm,1620598833,18:20:33,20210509
45,2009-10-31,TITN,USD,2009-12-10 00:00:00,2009-12-10 08:01:14,Q3,227018000,187435000.0,39583000.0,0.1743606233866918,0.0,0.0,0.0,0.0,27792000.0,215227000.0,2252000.0,1926000.0,13717000.0,0.060422521562166875,11791000.0,0.05193861279722313,0.0,9719000.0,0.04281158322247575,3986000.0,5733000.0,0.02525350412742602,0.33,0.32,17604000.0,18013000.0,https://www.sec.gov/Archives/edgar/data/1409171/000110465909069248/0001104659-09-069248-index.html,https://www.sec.gov/Archives/edgar/data/1409171/000110465909069248/a09-35116_110q.htm,1620598833,18:20:33,20210509
46,2009-07-31,TITN,USD,2009-09-09 00:00:00,2009-09-09 08:00:50,Q2,193192000,157184000.0,36008000.0,0.18638452938009856,0.0,0.0,0.0,0.0,26662000.0,183846000.0,1260000.0,2052000.0,11398000.0,0.05899830220713073,9346000.0,0.04837674437864922,0.0,8226000.0,0.042579402873825,3375000.0,4851000.0,0.025109735392769887,0.28,0.27,17325000.0,17966667.0,https://www.sec.gov/Archives/edgar/data/1409171/000110465909053731/0001104659-09-053731-index.html,https://www.sec.gov/Archives/edgar/data/1409171/000110465909053731/a09-23283_110q.htm,1620598833,18:20:33,20210509
47,2009-04-30,TITN,USD,2009-06-09 00:00:00,2009-06-09 08:15:19,Q1,166301000,137785000.0,28516000.0,0.1714722100288032,0.0,0.0,0.0,0.0,24705000.0,162490000.0,994000.0,1910000.0,5721000.0,0.03440147684018737,3811000.0,0.02291627831462228,0.0,3028000.0,0.018207948238435127,1238000.0,1790000.0,0.010763615372126445,0.10187240339195265,0.10022396416573348,17571000.0,17860000.0,https://www.sec.gov/Archives/edgar/data/1409171/000110465909037317/0001104659-09-037317-index.html,https://www.sec.gov/Archives/edgar/data/1409171/000110465909037317/a09-15044_110q.htm,1620598833,18:20:33,20210509
48,2009-01-31,TITN,USD,2009-04-16 00:00:00,2009-04-16 08:18:48,Q4,188989533,156494434.0,32495099.0,0.17194126301163992,0.0,26134971.0,0.0,0.0,26134971.0,182629405.0,0.0,1812652.0,8172780.0,0.04324461715030536,6360128.0,0.03365333465319479,0.0,5350280.0,0.02830992761911317,2180000.0,3170280.0,0.016774897263754814,0.18042683967901657,0.18042683967901657,17571000.0,17571000.0,https://www.sec.gov/Archives/edgar/data/1409171/000104746909004204/0001047469-09-004204-index.html,https://www.sec.gov/Archives/edgar/data/1409171/000104746909004204/a2192347z10-k.htm,1620598833,18:20:33,20210509
49,2008-10-31,TITN,USD,2008-12-15 00:00:00,2008-12-15 16:21:50,Q3,213960167,176614011.0,37346156.0,0.17454723710325015,0.0,23153447.0,0.0,0.0,23153447.0,199767458.0,0.0,896966.0,15089675.0,0.07052562732389342,14192709.0,0.06633341709814612,0.0,13859901.0,0.06477795000038489,5675000.0,8184901.0,0.03825432142236083,0.47,0.45,17553416.0,18041197.0,https://www.sec.gov/Archives/edgar/data/1409171/000110465908076526/0001104659-08-076526-index.html,https://www.sec.gov/Archives/edgar/data/1409171/000110465908076526/a08-30350_110q.htm,1620598833,18:20:33,20210509
50,2008-07-31,TITN,USD,2008-09-15 00:00:00,2008-09-15 07:56:18,Q2,134905496,109476695.0,25428801.0,0.18849343988179695,0.0,19470026.0,0.0,0.0,19470026.0,128946721.0,0.0,1019920.0,6978695.0,0.0517302497446064,5958775.0,0.04416999437887986,0.0,5601491.0,0.04152159227078488,2269000.0,3332491.0,0.024702410938098475,0.2,0.19,16629671.0,17169719.0,https://www.sec.gov/Archives/edgar/data/1409171/000110465908058504/0001104659-08-058504-index.html,https://www.sec.gov/Archives/edgar/data/1409171/000110465908058504/a08-23457_110q.htm,1620598833,18:20:33,20210509
51,2008-04-30,TITN,USD,2008-06-16 00:00:00,2008-06-16 07:03:32,Q1,152581912,127982562.0,24599350.0,0.1612206170283146,0.0,18181942.0,0.0,0.0,18181942.0,146164504.0,0.0,853553.0,7270961.0,0.047652837120038184,6417408.0,0.0420587729953207,0.0,5693127.0,0.03731193904556655,2306000.0,3387127.0,0.02219874528771143,0.25,0.24,13449179.0,13854738.0,https://www.sec.gov/Archives/edgar/data/1409171/000110465908039945/0001104659-08-039945-index.html,https://www.sec.gov/Archives/edgar/data/1409171/000110465908039945/a08-16590_110q.htm,1620598833,18:20:33,20210509
52,2008-01-31,TITN,USD,2008-04-28 00:00:00,2008-04-28 16:04:41,Q4,135161345,111653875.0,23507470.0,0.1739215453945061,0.0,17357869.0,0.0,0.0,17357869.0,129011744.0,0.0,901523.0,7051124.0,0.052168199421217656,6149601.0,0.04549822288317714,0.0,1166891.0,0.008633318941891264,897337.0,269554.0,0.0019943127970500738,0.020042412997849163,0.020042412997849163,13449179.0,13449179.0,https://www.sec.gov/Archives/edgar/data/1409171/000104746908005336/0001047469-08-005336-index.html,https://www.sec.gov/Archives/edgar/data/1409171/000104746908005336/a2185028z10-k.htm,1620598833,18:20:33,20210509
53,2007-10-31,TITN,USD,2007-10-31,2007-10-31,Q3,132171288,111787152.0,20384136.0,0.1542251445714897,0.0,0.0,0.0,0.0,14380458.0,126167610.0,0.0,519440.0,6523118.0,0.049353517686836795,6003678.0,0.045423465949730325,0.0,4459347.0,0.03373915066939501,1745000.0,2714347.0,0.02053658582792959,0.62,0.36,4345710.0,7675831.0,,,1620598833,18:20:33,20210509
54,2007-07-31,TITN,USD,2007-07-31,2007-07-31,Q2,85811868,70469810.0,15342058.0,0.17878713466533558,0.0,0.0,0.0,0.0,11405643.0,81875453.0,0.0,561453.0,4497868.0,0.05241545376916862,3936415.0,0.045872617526517424,0.0,2425082.0,0.028260449941492943,989000.0,1436082.0,0.01673523760140031,0.34,0.23,4344753.0,7022385.0,,,1620598833,18:20:33,20210509
55,2007-04-30,TITN,USD,2007-04-30,2007-04-30,Q1,62925950,52689154.0,10236796.0,0.16268003899821934,0.0,0.0,0.0,0.0,8543711.0,61232865.0,0.0,532937.0,2226022.0,0.03537526251093547,1693085.0,0.026905990294941912,0.0,707388.0,0.011241594286617843,269000.0,438388.0,0.0069667283529291175,0.09,0.06,4808000.0,7108000.0,,,1620598833,18:20:33,20210509
56,2007-01-31,TITN,USD,2007-01-31,2007-01-31,Q4,73149499,0.0,0.0,0.0,0.0,0.0,0.0,0.0,0.0,0.0,0.0,0.0,-208236351.0,-2.846722859988419,-208236351.0,-2.846722859988419,0.0,0.0,0.0,0.0,909578.0,0.012434507582888572,0.0,0.0,0.0,0.0,,,1620598833,18:20:33,20210509
57,2006-10-31,TITN,USD,2006-10-31,2006-10-31,Q3,73149500,0.0,0.0,0.0,0.0,0.0,0.0,0.0,0.0,0.0,0.0,0.0,73149500.0,1.0,73149500.0,1.0,0.0,0.0,0.0,0.0,909578.0,0.012434507412900976,0.2,0.14,4344753.0,6906772.0,,,1620598833,18:20:33,20210509
58,2006-07-31,TITN,USD,2006-07-31,2006-07-31,Q2,73149500,0.0,0.0,0.0,0.0,0.0,0.0,0.0,0.0,0.0,0.0,0.0,73149500.0,1.0,73149500.0,1.0,0.0,0.0,0.0,0.0,909578.0,0.012434507412900976,0.2,0.14,4344753.0,6906772.0,,,1620598833,18:20:33,20210509
59,2006-04-30,TITN,USD,2006-04-30,2006-04-30,Q1,73149500,0.0,0.0,0.0,0.0,0.0,0.0,0.0,0.0,0.0,0.0,0.0,73149500.0,1.0,73149500.0,1.0,0.0,0.0,0.0,0.0,909578.0,0.012434507412900976,0.2,0.14,4344753.0,6906772.0,,,1620598833,18:20:33,20210509
60,2006-01-31,TITN,USD,2006-01-31,2006-01-31,Q4,57117570,0.0,0.0,0.0,0.0,0.0,0.0,0.0,0.0,0.0,0.0,0.0,-163618433.0,-2.8645902302916597,-163618433.0,-2.8645902302916597,0.0,0.0,0.0,0.0,682966.0,0.011957196358318465,0.0,0.0,0.0,0.0,,,1620598833,18:20:33,20210509
61,2005-10-31,TITN,USD,2005-10-31,2005-10-31,Q3,57117570,0.0,0.0,0.0,0.0,0.0,0.0,0.0,0.0,0.0,0.0,0.0,57117570.0,1.0,57117570.0,1.0,0.0,0.0,0.0,0.0,682966.0,0.011957196358318465,0.15,0.12,4340852.0,6316980.0,,,1620598833,18:20:33,20210509
62,2005-07-31,TITN,USD,2005-07-31,2005-07-31,Q2,57117570,0.0,0.0,0.0,0.0,0.0,0.0,0.0,0.0,0.0,0.0,0.0,57117570.0,1.0,57117570.0,1.0,0.0,0.0,0.0,0.0,682966.0,0.011957196358318465,0.15,0.12,4340852.0,6316980.0,,,1620598833,18:20:33,20210509
63,2005-04-30,TITN,USD,2005-04-30,2005-04-30,Q1,57117570,0.0,0.0,0.0,0.0,0.0,0.0,0.0,0.0,0.0,0.0,0.0,57117570.0,1.0,57117570.0,1.0,0.0,0.0,0.0,0.0,682966.0,0.011957196358318465,0.15,0.12,4340852.0,6316980.0,,,1620598833,18:20:33,20210509
