,date,symbol,reportedCurrency,fillingDate,acceptedDate,period,revenue,costOfRevenue,grossProfit,grossProfitRatio,researchAndDevelopmentExpenses,generalAndAdministrativeExpenses,sellingAndMarketingExpenses,otherExpenses,operatingExpenses,costAndExpenses,interestExpense,depreciationAndAmortization,ebitda,ebitdaratio,operatingIncome,operatingIncomeRatio,totalOtherIncomeExpensesNet,incomeBeforeTax,incomeBeforeTaxRatio,incomeTaxExpense,netIncome,netIncomeRatio,eps,epsdiluted,weightedAverageShsOut,weightedAverageShsOutDil,link,finalLink,timestamp,est_time,est_date
0,2020-12-31,TTL.NS,INR,2020-12-31,2020-12-31,Q4,1107110000,749039000,358071000,0.3234285662671279,0.0,0.0,0.0,1805000.0,255203000,1004242000,67095000.0,27403000,130271000,0.11766762110359404,102868000.0,0.09291578975892188,0.0,37578000.0,0.03394242667846917,19676000.0,17902000.0,0.016170028271806774,0.83,0.83,21568675,21568675,https://www.nseindia.com/companies-listing/corporate-filings-annual-reports,https://www.nseindia.com/companies-listing/corporate-filings-annual-reports,1620599109,18:25:09,20210509
1,2020-09-30,TTL.NS,INR,2020-09-30,2020-09-30,Q3,989059000,687847000,301212000,0.30454401607993054,0.0,0.0,0.0,1680000.0,273890000,961737000,67306000.0,27419000,54741000,0.05534654656597837,27322000.0,0.027624236774550354,0.0,-38304000.0,-0.03872771998434876,-11700000.0,-26604000.0,-0.02689829423724975,-1.24,-1.24,21454839,21454839,,,1620599109,18:25:09,20210509
2,2020-06-30,TTL.NS,INR,2020-06-30,2020-06-30,Q2,678426000,477643000,200783000,0.2959541644925165,0.0,0.0,0.0,3937000.0,183308000,660951000,76704000.0,27142000,44617000,0.06576546299817519,17475000.0,0.02575815195761955,0.0,-55292000.0,-0.08150041419403148,-15688000.0,-39604000.0,-0.05837630043659883,-1.84,-1.84,21523913,21523913,https://www.nseindia.com/companies-listing/corporate-filings-annual-reports,https://www.nseindia.com/companies-listing/corporate-filings-annual-reports,1620599109,18:25:09,20210509
3,2020-03-31,TTL.NS,INR,2020-03-31,2020-03-31,Q1,1177451000,818836000,358615000,0.3045689374759544,0.0,0.0,0.0,-19025000.0,296241000,1115077000,68937000.0,26790000,89164000,0.07572629349331735,62374000.0,0.052973754321835896,0.0,-10979000.0,-0.009324379528320074,-3563000.0,-7416000.0,-0.006298351268970004,-0.3445470161489688,-0.3445470161489688,21523913,21523913,https://www.nseindia.com/companies-listing/corporate-filings-annual-reports,https://www.nseindia.com/companies-listing/corporate-filings-annual-reports,1620599109,18:25:09,20210509
4,2019-12-31,TTL.NS,INR,2019-12-31,2019-12-31,Q4,1141133000,754781000,386352000,0.33856877331564333,0.0,0.0,0.0,4043000.0,281089000,1035870000,88638000.0,27344000,132607000,0.11620643693592246,105263000.0,0.092244287037532,0.0,20668000.0,0.018111823950407183,3420000.0,17248000.0,0.015114802569025696,0.8,0.8,21560000,21560000,https://www.nseindia.com/companies-listing/corporate-filings-annual-reports,https://www.nseindia.com/companies-listing/corporate-filings-annual-reports,1620599109,18:25:09,20210509
5,2019-09-30,TTL.NS,INR,2019-09-30,2019-09-30,Q3,843154000,564044000,279110000,0.33103086743347004,0.0,0.0,0.0,15112000.0,268863000,832907000,93220000.0,27222000,37469000,0.044439094163106624,10247000.0,0.012153177236898597,0.0,-67859000.0,-0.08048233181601464,-41642000.0,-26217000.0,-0.031093963854764373,-1.22,-1.22,21489344,21489344,https://www.nseindia.com/companies-listing/corporate-filings-annual-reports,https://www.nseindia.com/companies-listing/corporate-filings-annual-reports,1620599109,18:25:09,20210509
6,2019-06-30,TTL.NS,INR,2019-06-30,2019-06-30,Q2,1068658000,729518000,339140000,0.3173512948015174,0.0,0.0,0.0,1048000.0,272553000,1002071000,80614000.0,27261000,93848000,0.08781855373749133,66587000.0,0.06230898940540379,0.0,-12980000.0,-0.012146074796614071,-16748000.0,3768000.0,0.003525917552668861,0.18,0.18,20933333,20933333,https://www.nseindia.com/companies-listing/corporate-filings-annual-reports,https://www.nseindia.com/companies-listing/corporate-filings-annual-reports,1620599109,18:25:09,20210509
7,2019-03-31,TTL.NS,INR,2019-03-31,2019-03-31,Q1,1154823000,815566000,339257000,0.293774024244408,0.0,0.0,0.0,-10146000.0,272377000,1087943000,77658000.0,30587000,97467000,0.08439994700486568,66880000.0,0.05791363698159804,0.0,-4438000.0,-0.0038430131717154922,1453000.0,-5891000.0,-0.005101214645014863,-0.27369558685727824,-0.27369558685727824,21523913,21523913,https://www.nseindia.com/companies-listing/corporate-filings-annual-reports,https://www.nseindia.com/companies-listing/corporate-filings-annual-reports,1620599109,18:25:09,20210509
8,2018-12-31,TTL.NS,INR,2018-12-31,2018-12-31,Q4,1036752000,698165000,338587000,0.3265843711900242,0.0,0.0,0.0,1353000.0,274040000,972205000,74453000.0,25372000,89919000,0.08673144590027317,64547000.0,0.062258862293007394,0.0,-8553000.0,-0.008249803231631095,-7130000.0,-1423000.0,-0.001372555828201923,-0.07,-0.07,20328571,20328571,https://www.nseindia.com/companies-listing/corporate-filings-annual-reports,https://www.nseindia.com/companies-listing/corporate-filings-annual-reports,1620599109,18:25:09,20210509
9,2018-09-30,TTL.NS,INR,2018-09-30,2018-09-30,Q3,1328298000,983121000,345177000,0.259864126875144,0.0,0.0,0.0,4259000.0,280167000,1263288000,68288000.0,24132000,89142000,0.06710994069101964,65010000.0,0.048942330711933615,0.0,981000.0,0.0007385390928842775,512000.0,469000.0,0.00035308341953386963,0.02,0.02,23450000,23450000,https://www.nseindia.com/companies-listing/corporate-filings-annual-reports,https://www.nseindia.com/companies-listing/corporate-filings-annual-reports,1620599109,18:25:09,20210509
10,2018-06-30,TTL.NS,INR,2018-06-30,2018-06-30,Q2,1723846000,1344123000,379723000,0.2202766372402175,0.0,0.0,0.0,6197000.0,296575000,1640698000,76035000.0,27046000,110194000,0.0639233435005215,83148000.0,0.048234006982062205,0.0,13310000.0,0.0077211073378944525,4848000.0,8462000.0,0.004908791156518622,0.39,0.39,21697436,21697436,https://www.nseindia.com/companies-listing/corporate-filings-annual-reports,https://www.nseindia.com/companies-listing/corporate-filings-annual-reports,1620599109,18:25:09,20210509
11,2018-03-31,TTL.NS,INR,2018-03-31,2018-03-31,Q1,1254380000,912920000,341460000,0.2722141615778313,0.0,0.0,0.0,-13147000.0,260035000,1172955000,63769000.0,37899000,119324000,0.09512587892026339,81425000.0,0.06491254643728375,0.0,4508000.0,0.0035938072992235206,50771000.0,-46263000.0,-0.03688116838597554,-2.15,-2.15,21517674,21517674,https://www.nseindia.com/companies-listing/corporate-filings-annual-reports,https://www.nseindia.com/companies-listing/corporate-filings-annual-reports,1620599109,18:25:09,20210509
12,2017-12-31,TTL.NS,INR,2017-12-31,2017-12-31,Q4,1402839000,1062988000,339851000,0.2422594467362256,0.0,0.0,0.0,0.0,252090000,1315078000,77935000.0,27278000,115039000,0.08200442103477305,87761000.0,0.06255956670722727,0.0,9826000.0,0.007004367571759838,2192000.0,7634000.0,0.005441821905436048,0.355102,0.355102,21498050,21498050,https://www.nseindia.com/companies-listing/corporate-filings-annual-reports,https://www.nseindia.com/companies-listing/corporate-filings-annual-reports,1620599109,18:25:09,20210509
13,2017-09-30,TTL.NS,INR,2017-09-30,2017-09-30,Q3,1201083000,945973000,255110000,0.2123999756886077,0.0,0.0,0.0,0.0,192524000,1138497000,77900000.0,27490000,90076000,0.07499564975942545,62586000.0,0.05210797255476932,0.0,-15315000.0,-0.012750992229512864,69226000.0,-84541000.0,-0.07038730878715292,-3.932496,-3.932496,21498050,21498050,https://www.nseindia.com/companies-listing/corporate-filings-annual-reports,https://www.nseindia.com/companies-listing/corporate-filings-annual-reports,1620599109,18:25:09,20210509
14,2017-06-30,TTL.NS,INR,2017-06-30,2017-06-30,Q2,1253163000,901251000,351912000,0.28081901556301936,0.0,0.0,0.0,643000.0,326263000,1227514000,80338000.0,30068000,55717000,0.04446109564358348,25649000.0,0.020467409267589293,0.0,-54045000.0,-0.04312687176368916,-30221000.0,-23825000.0,-0.019011892307704583,-1.11,-1.11,21463964,21463964,https://www.nseindia.com/companies-listing/corporate-filings-annual-reports,https://www.nseindia.com/companies-listing/corporate-filings-annual-reports,1620599109,18:25:09,20210509
15,2017-03-31,TTL.NS,INR,2017-03-31,2017-03-31,Q1,1830542000,1421331000,409211000,0.22354635949352705,0.0,0.0,0.0,34220000.0,325413000,1746744000,70572000.0,38284000,122082000,0.06669172299788806,83798000.0,0.045777698626964035,0.0,47446000.0,0.025919099370568934,15270000.0,32176000.0,0.017577307704494078,1.5,1.5,21450667,21450667,https://www.nseindia.com/companies-listing/corporate-filings-annual-reports,https://www.nseindia.com/companies-listing/corporate-filings-annual-reports,1620599109,18:25:09,20210509
16,2016-12-31,TTL.NS,INR,2016-12-31,2016-12-31,Q4,1954975000,1544231000,410744000,0.2101019194618857,0.0,0.0,0.0,113000.0,341538000,1885769000,71343000.0,38982000,108188000,0.055339838105346616,69206000.0,0.03539994117571836,0.0,-2024000.0,-0.0010353073568715712,-9209000.0,7185000.0,0.003675238813795573,0.33,0.33,21772727,21772727,https://www.nseindia.com/companies-listing/corporate-filings-annual-reports,https://www.nseindia.com/companies-listing/corporate-filings-annual-reports,1620599109,18:25:09,20210509
17,2016-09-30,TTL.NS,INR,2016-09-30,2016-09-30,Q3,1412224000,1097756000,314468000,0.2226757228315055,0.0,0.0,0.0,38325000.0,322940000,1420696000,81460000.0,38701000,30229000,0.021405244493791352,-8472000.0,-0.005999048309616605,0.0,-51607000.0,-0.03654306965467235,-25261000.0,-26346000.0,-0.018655680685217075,-1.225506,-1.225506,21523913,21523913,https://www.nseindia.com/companies-listing/corporate-filings-annual-reports,https://www.nseindia.com/companies-listing/corporate-filings-annual-reports,1620599109,18:25:09,20210509
18,2016-06-30,TTL.NS,INR,2016-06-30,2016-06-30,Q2,1577487000,1149883000,427604000,0.2710665761429413,0.0,0.0,0.0,0.0,346113000,1495996000,69436000.0,38165000,119656000,0.07585228911553629,81491000.0,0.05165874584069473,0.0,12055000.0,0.007641901327871481,3638000.0,8417000.0,0.005335701657129346,0.39,0.39,21582051,21582051,https://www.nseindia.com/companies-listing/corporate-filings-annual-reports,https://www.nseindia.com/companies-listing/corporate-filings-annual-reports,1620599109,18:25:09,20210509
19,2016-03-31,TTL.NS,INR,2016-03-31,2016-03-31,Q1,1562151000,1136623000,425528000,0.27239876298770094,0.0,0.0,0.0,11595000.0,378530000,1515153000,74038000.0,31916000,78914000,0.0505162433081053,46998000.0,0.03008543988385246,0.0,-15445000.0,-0.009887008362187779,-2027000.0,-13418000.0,-0.008589438536991623,-0.63,-0.63,21298413,21298413,https://www.nseindia.com/companies-listing/corporate-filings-annual-reports,https://www.nseindia.com/companies-listing/corporate-filings-annual-reports,1620599109,18:25:09,20210509
20,2015-12-31,TTL.NS,INR,2015-12-31,2015-12-31,Q4,1560227000,1110785000,449442000,0.2880619294500095,0.0,0.0,0.0,0.0,361118000,1471903000,54817000.0,34792000,123116000,0.0789090305449143,88324000.0,0.056609711279192065,0.0,33507000.0,0.021475721161087456,9639000.0,23868000.0,0.015297773977760928,1.11,1.11,21502703,21502703,https://www.nseindia.com/companies-listing/corporate-filings-annual-reports,https://www.nseindia.com/companies-listing/corporate-filings-annual-reports,1620599109,18:25:09,20210509
21,2015-09-30,TTL.NS,INR,2015-09-30,2015-09-30,Q3,1999701000,1520813000,478888000,0.23947980223043344,0.0,0.0,0.0,0.0,385972000,1906785000,102630000.0,38264000,131180000,0.06559980717117209,92916000.0,0.04646494650950317,0.0,-9714000.0,-0.004857726230071396,-5156000.0,-4558000.0,-0.002279340761443836,-0.21,-0.21,21704762,21704762,https://www.nseindia.com/companies-listing/corporate-filings-annual-reports,https://www.nseindia.com/companies-listing/corporate-filings-annual-reports,1620599109,18:25:09,20210509
22,2015-06-30,TTL.NS,INR,2015-06-30,2015-06-30,Q2,1873362000,1375177000,498185000,0.26593098397426657,0.0,0.0,0.0,0.0,376715000,1751892000,96782000.0,40732000,162202000,0.0865833725676084,121470000.0,0.06484064478728617,0.0,24688000.0,0.013178446023779707,9040000.0,15648000.0,0.00835289709089861,0.73,0.73,21435616,21435616,https://www.nseindia.com/companies-listing/corporate-filings-annual-reports,https://www.nseindia.com/companies-listing/corporate-filings-annual-reports,1620599109,18:25:09,20210509
23,2015-03-31,TTL.NS,INR,2015-03-31,2015-03-31,Q1,1900018511,1362554539,537463972,0.2828730188092362,0.0,0.0,0.0,0.0,370410389,1732964928,0.0,46065352,213118935,0.11216676772682242,167053583.0,0.08792208182860173,0.0,56661957.0,0.0298217920888456,19024465.0,37637492.0,0.019809013323870715,1.7486361332161118,1.7486361332161118,21523913,21523913,https://www.nseindia.com/companies-listing/corporate-filings-annual-reports,https://www.nseindia.com/companies-listing/corporate-filings-annual-reports,1620599109,18:25:09,20210509
24,2014-12-31,TTL.NS,INR,2014-12-31,2014-12-31,Q4,1764899000,1223724000,541175000,0.3066322775410944,0.0,0.0,0.0,0.0,382749000,1606473000,0.0,35098000,193524000,0.10965160045985635,158426000.0,0.0897649100600091,0.0,59774000.0,0.033868227020356405,17549000.0,42225000.0,0.023924881820432783,1.96,1.96,21543367,21543367,https://www.nseindia.com/companies-listing/corporate-filings-annual-reports,https://www.nseindia.com/companies-listing/corporate-filings-annual-reports,1620599109,18:25:09,20210509
25,2014-09-30,TTL.NS,INR,2014-09-30,2014-09-30,Q3,1599522000,1196797000,402725000,0.25177834378020436,0.0,0.0,0.0,0.0,375285000,1572082000,0.0,37605000,65045000,0.04066527375053297,27440000.0,0.017155125093621718,0.0,-67010000.0,-0.04189376576252155,-19891000.0,-47119000.0,-0.029458175629969455,-2.19,-2.19,21515525,21515525,https://www.nseindia.com/companies-listing/corporate-filings-annual-reports,https://www.nseindia.com/companies-listing/corporate-filings-annual-reports,1620599109,18:25:09,20210509
26,2014-06-30,TTL.NS,INR,2014-06-30,2014-06-30,Q2,1527472000,1116926000,410546000,0.2687748122387841,0.0,0.0,0.0,0.0,301740000,1418666000,0.0,29596000,138402000,0.09060853488640054,108806000.0,0.07123272963432391,0.0,12122000.0,0.007935988351995977,4434000.0,7688000.0,0.0050331528172038505,0.36,0.36,21355556,21355556,https://www.nseindia.com/companies-listing/corporate-filings-annual-reports,https://www.nseindia.com/companies-listing/corporate-filings-annual-reports,1620599109,18:25:09,20210509
27,2014-03-31,TTL.NS,INR,2014-03-31,2014-03-31,Q1,2036354570,1568448335,467906235,0.22977640627683027,0.0,0.0,0.0,0.0,374498116,1942946451,0.0,38114832,131522951,0.06458745099582534,93408119.0,0.04587026266255783,0.0,19284168.0,0.009469946090969806,4433455.0,14850713.0,0.007292793317423105,0.6899634374102888,0.6899634374102888,21523913,21523913,https://www.nseindia.com/companies-listing/corporate-filings-annual-reports,https://www.nseindia.com/companies-listing/corporate-filings-annual-reports,1620599109,18:25:09,20210509
28,2013-12-31,TTL.NS,INR,2013-12-31,2013-12-31,Q4,1884506000,1465964000,418542000,0.22209640086049076,0.0,0.0,0.0,0.0,303839000,1769803000,0.0,40889000,155592000,0.0825638124792386,114703000.0,0.060866349059116816,0.0,19573000.0,0.010386276297342645,9679000.0,9894000.0,0.0052501822758855635,0.46,0.46,21498050,21498050,https://www.nseindia.com/companies-listing/corporate-filings-annual-reports,https://www.nseindia.com/companies-listing/corporate-filings-annual-reports,1620599109,18:25:09,20210509
29,2013-09-30,TTL.NS,INR,2013-09-30,2013-09-30,Q3,2081854000,1589200000,492654000,0.23664195471920701,0.0,0.0,0.0,0.0,349447000,1938647000,0.0,42185000,185392000,0.08905139361357713,143207000.0,0.06878820512869778,0.0,43485000.0,0.020887631889652203,37000.0,43448000.0,0.020869859269670207,2.02,2.02,21498050,21498050,https://www.nseindia.com/companies-listing/corporate-filings-annual-reports,https://www.nseindia.com/companies-listing/corporate-filings-annual-reports,1620599109,18:25:09,20210509
30,2013-06-30,TTL.NS,INR,2013-06-30,2013-06-30,Q2,1432645000,1042809000,389836000,0.2721092803869765,0.0,0.0,0.0,0.0,271240000,1314049000,0.0,29854000,148450000,0.10361952891330371,118596000.0,0.08278114955205232,0.0,33203000.0,0.023176013597227506,11512000.0,21691000.0,0.015140526787864405,1.01,1.01,21498050,21498050,https://www.nseindia.com/companies-listing/corporate-filings-annual-reports,https://www.nseindia.com/companies-listing/corporate-filings-annual-reports,1620599109,18:25:09,20210509
31,2013-03-31,TTL.NS,INR,2013-03-31,2013-03-31,Q1,1498294806,1068895366,429399440,0.28659209007496217,0.0,0.0,0.0,0.0,303220463,1372115829,0.0,26295605,152474582,0.10176540784190638,126178977.0,0.0842150533357719,0.0,31675968.0,0.021141345396881794,5942216.0,25733752.0,0.017175359546697914,1.1955889247461648,1.1955889247461648,21523913,21523913,https://www.nseindia.com/companies-listing/corporate-filings-annual-reports,https://www.nseindia.com/companies-listing/corporate-filings-annual-reports,1620599109,18:25:09,20210509
32,2012-12-31,TTL.NS,INR,2012-12-31,2012-12-31,Q4,1264352000,890041000,374311000,0.29604967603958393,0.0,0.0,0.0,0.0,267039000,1157080000,0.0,30799000,138071000,0.10920297512085242,107272000.0,0.08484346131457063,0.0,18017000.0,0.014249987345296247,8066000.0,9951000.0,0.007870434815620966,0.46,0.46,21498050,21498050,https://www.nseindia.com/companies-listing/corporate-filings-annual-reports,https://www.nseindia.com/companies-listing/corporate-filings-annual-reports,1620599109,18:25:09,20210509
33,2012-09-30,TTL.NS,INR,2012-09-30,2012-09-30,Q3,1220055000,869660000,350395000,0.28719606902967487,0.0,0.0,0.0,0.0,260896000,1130556000,0.0,29804000,119303000,0.09778493592501977,89499000.0,0.07335652900893812,0.0,17420000.0,0.014278044842240718,-5592000.0,23011000.0,0.018860625135752075,1.07,1.07,21505607,21505607,https://www.nseindia.com/companies-listing/corporate-filings-annual-reports,https://www.nseindia.com/companies-listing/corporate-filings-annual-reports,1620599109,18:25:09,20210509
34,2012-06-30,TTL.NS,INR,2012-06-30,2012-06-30,Q2,1045731000,712240000,333491000,0.318907061184951,0.0,0.0,0.0,0.0,240669000,952909000,0.0,29230000,122052000,0.11671452792352909,92822000.0,0.0887627889007785,0.0,18518000.0,0.017708186904662863,11692000.0,6826000.0,0.0065274912955626254,0.32,0.32,21498050,21498050,https://www.nseindia.com/companies-listing/corporate-filings-annual-reports,https://www.nseindia.com/companies-listing/corporate-filings-annual-reports,1620599109,18:25:09,20210509
35,2012-03-31,TTL.NS,INR,2012-03-31,2012-03-31,Q1,930756579,745164721,185591858,0.19939892146601737,0.0,0.0,0.0,0.0,275330520,1020495241,0.0,34943331,-54795331,-0.05887181701027761,-89738662.0,-0.09641474905975389,0.0,-88339596.0,-0.09491159986740207,-63590694.0,-24748902.0,-0.026590090855538286,-1.149832839409823,-1.149832839409823,21523913,21523913,https://www.nseindia.com/companies-listing/corporate-filings-annual-reports,https://www.nseindia.com/companies-listing/corporate-filings-annual-reports,1620599109,18:25:09,20210509
36,2011-12-31,TTL.NS,INR,2011-12-31,2011-12-31,Q4,956729000,607084000,349645000,0.3654587662755075,0.0,0.0,0.0,0.0,279575000,886659000,0.0,24205000,94275000,0.09853887568998118,70070000.0,0.07323913041206026,0.0,5228000.0,0.0054644523161731275,4569000.0,659000.0,0.0006888052938710962,0.03,0.03,21498050,21498050,https://www.nseindia.com/companies-listing/corporate-filings-annual-reports,https://www.nseindia.com/companies-listing/corporate-filings-annual-reports,1620599109,18:25:09,20210509
37,2011-09-30,TTL.NS,INR,2011-09-30,2011-09-30,Q3,981435000,804225000,177210000,0.18056213605587737,0.0,0.0,0.0,0.0,167050000,971275000,0.0,22381000,32541000,0.03315655137630103,10160000.0,0.010352188377223149,0.0,-48064000.0,-0.048973187220753285,-29022000.0,-19042000.0,-0.019402201877862516,-0.89,-0.89,21395506,21395506,https://www.nseindia.com/companies-listing/corporate-filings-annual-reports,https://www.nseindia.com/companies-listing/corporate-filings-annual-reports,1620599109,18:25:09,20210509
