,date,symbol,reportedCurrency,fillingDate,acceptedDate,period,revenue,costOfRevenue,grossProfit,grossProfitRatio,researchAndDevelopmentExpenses,generalAndAdministrativeExpenses,sellingAndMarketingExpenses,otherExpenses,operatingExpenses,costAndExpenses,interestExpense,depreciationAndAmortization,ebitda,ebitdaratio,operatingIncome,operatingIncomeRatio,totalOtherIncomeExpensesNet,incomeBeforeTax,incomeBeforeTaxRatio,incomeTaxExpense,netIncome,netIncomeRatio,eps,epsdiluted,weightedAverageShsOut,weightedAverageShsOutDil,link,finalLink,timestamp,est_time,est_date
0,2020-12-31,CYTR,USD,2021-03-24,2021-03-24 06:12:52,Q4,0.0,0.0,0.0,0.0,-20373.0,1437000.0,0.0,4549.0,1423664.0,1423664.0,0.0,52337.0,-1371327.0,0.0,-1423664.0,0.0,4549.0,-1411394.0,0.0,0.0,-1411772.0,0.0,-0.04011276348212515,-0.04011276348212515,35195082.0,35195082.0,https://www.sec.gov/Archives/edgar/data/799698/000149315221006668/0001493152-21-006668-index.htm,https://www.sec.gov/Archives/edgar/data/799698/000149315221006668/form10-k.htm,1620590944,16:09:04,20210509
1,2020-09-30,CYTR,USD,2020-11-13,2020-11-13 06:12:08,Q3,0.0,0.0,0.0,0.0,592768.0,2200000.0,0.0,4782.0,2800768.0,2800768.0,0.0,51876.0,-2748892.0,0.0,-2800768.0,0.0,4782.0,-2774684.0,0.0,0.0,-2774558.0,0.0,-0.08,-0.08,35195082.0,35195082.0,https://www.sec.gov/Archives/edgar/data/799698/000149315220021208/0001493152-20-021208-index.htm,https://www.sec.gov/Archives/edgar/data/799698/000149315220021208/form10-q.htm,1620590944,16:09:04,20210509
2,2020-06-30,CYTR,USD,2020-08-14,2020-08-14 06:12:05,Q2,0.0,0.0,0.0,0.0,0.0,1371000.0,0.0,2043.0,1379000.0,1379000.0,0.0,56984.0,-1322016.0,0.0,-1379000.0,0.0,2043.0,-1341064.0,0.0,0.0,-1341490.0,0.0,-0.04,-0.04,33508302.0,33508302.0,https://www.sec.gov/Archives/edgar/data/799698/000149315220015639/0001493152-20-015639-index.htm,https://www.sec.gov/Archives/edgar/data/799698/000149315220015639/form10-q.htm,1620590944,16:09:04,20210509
3,2020-03-31,CYTR,USD,2020-05-14,2020-05-14 08:29:55,Q1,0.0,0.0,0.0,0.0,0.0,1226305.0,0.0,-1302.0,1226305.0,1226305.0,0.0,68943.0,-1157362.0,0.0,-1226305.0,0.0,-1302.0,-1172786.0,0.0,0.0,-1172786.0,0.0,-0.03,-0.03,33508302.0,33508302.0,https://www.sec.gov/Archives/edgar/data/799698/000149315220008608/0001493152-20-008608-index.htm,https://www.sec.gov/Archives/edgar/data/799698/000149315220004848/form10-k.htm,1620590944,16:09:04,20210509
4,2019-12-31,CYTR,USD,2020-03-27,2020-03-27 06:21:56,Q4,0.0,0.0,0.0,0.0,401576.0,2623564.0,0.0,25403.0,3045799.0,3045799.0,0.0,4835.0,-3040964.0,0.0,-3045799.0,0.0,25403.0,-2952045.0,0.0,0.0,-2990667.0,0.0,-0.0892515233985894,-0.0892515233985894,33508302.0,33508302.0,https://www.sec.gov/Archives/edgar/data/799698/000149315220004848/0001493152-20-004848-index.htm,https://www.sec.gov/Archives/edgar/data/799698/000149315220004848/form10-k.htm,1620590944,16:09:04,20210509
5,2019-09-30,CYTR,USD,2019-11-14,2019-11-14 06:14:24,Q3,0.0,0.0,0.0,0.0,374.0,1546213.0,0.0,-35598.0,1546587.0,1546587.0,0.0,4996.0,-1541591.0,0.0,-1546587.0,0.0,-35598.0,-1490782.0,0.0,0.0,-1471539.0,0.0,-0.04,-0.04,33249904.0,33249904.0,https://www.sec.gov/Archives/edgar/data/799698/000149315219017120/0001493152-19-017120-index.htm,https://www.sec.gov/Archives/edgar/data/799698/000149315219017120/form10-q.htm,1620590944,16:09:04,20210509
6,2019-06-30,CYTR,USD,2019-08-09,2019-08-09 06:16:23,Q2,0.0,0.0,0.0,0.0,580.0,1526000.0,0.0,14968.0,1531580.0,1531580.0,0.0,5384.0,-1526196.0,0.0,-1531580.0,0.0,14968.0,-1412517.0,0.0,0.0,-1274495.0,0.0,-0.04,-0.04,33249904.0,33249904.0,https://www.sec.gov/Archives/edgar/data/799698/000149315219011945/0001493152-19-011945-index.htm,https://www.sec.gov/Archives/edgar/data/799698/000149315219011945/form10-q.htm,1620590944,16:09:04,20210509
7,2019-03-31,CYTR,USD,2019-05-15,2019-05-15 09:01:12,Q1,0.0,0.0,0.0,0.0,5834.0,1726000.0,0.0,-17290.0,1737834.0,1737834.0,0.0,5444.0,-1732390.0,0.0,-1737834.0,0.0,-17290.0,-1666814.0,0.0,0.0,-1425988.0,0.0,-0.04,-0.04,33249904.0,33249904.0,https://www.sec.gov/Archives/edgar/data/799698/000149315219007215/0001493152-19-007215-index.htm,https://www.sec.gov/Archives/edgar/data/799698/000149315219004165/form10-k.htm,1620590944,16:09:04,20210509
8,2018-12-31,CYTR,USD,2019-03-29,2019-03-29 06:17:02,Q4,0.0,0.0,0.0,0.0,-2797998.0,1582000.0,0.0,8524.0,1000000.0,-1202575.0,0.0,-378447.0,824128.0,0.0,1202575.0,0.0,8524.0,1297497.0,0.0,0.0,-2337405.0,0.0,-0.07029809770277833,-0.07029809770277833,33249904.0,33249904.0,https://www.sec.gov/Archives/edgar/data/799698/000149315219004165/0001493152-19-004165-index.htm,https://www.sec.gov/Archives/edgar/data/799698/000149315219004165/form10-k.htm,1620590944,16:09:04,20210509
9,2018-09-30,CYTR,USD,2018-11-02,2018-11-02 12:31:12,Q3,250000.0,0.0,0.0,0.0,909712.0,2356000.0,0.0,-641.0,3270712.0,3270712.0,363086.0,136376.0,-2884336.0,-11.537344,-3020712.0,-12.082848,-641.0,-3291048.0,-13.164192,0.0,-3291044.0,-13.164176,-0.1,-0.1,32991506.0,32991506.0,https://www.sec.gov/Archives/edgar/data/799698/000149315218015120/0001493152-18-015120-index.htm,https://www.sec.gov/Archives/edgar/data/799698/000149315218015120/form10-q.htm,1620590944,16:09:04,20210509
10,2018-06-30,CYTR,USD,2018-08-06,2018-08-06 06:11:35,Q2,0.0,0.0,0.0,0.0,818629.0,1685000.0,0.0,-8134.0,2508629.0,2508629.0,659860.0,136236.0,-2372393.0,0.0,-2508629.0,0.0,65479.0,-3010035.0,0.0,0.0,-3009588.0,0.0,-0.1,-0.1,30283814.0,30283814.0,https://www.sec.gov/Archives/edgar/data/799698/000149315218010972/0001493152-18-010972-index.htm,https://www.sec.gov/Archives/edgar/data/799698/000149315218010972/form10q.htm,1620590944,16:09:04,20210509
11,2018-03-31,CYTR,USD,2018-05-08,2018-05-08 11:29:16,Q1,0.0,0.0,0.0,0.0,1455806.0,2459000.0,0.0,232.0,3919806.0,3919806.0,692787.0,135258.0,-3784548.0,0.0,-3919806.0,0.0,453644.0,-4076015.0,0.0,0.0,-4075574.0,0.0,-0.15,-0.15,27391506.0,27391506.0,https://www.sec.gov/Archives/edgar/data/799698/000079969818000010/0000799698-18-000010-index.htm,https://www.sec.gov/Archives/edgar/data/799698/000079969818000002/form10-k_2017.htm,1620590944,16:09:04,20210509
12,2017-12-31,CYTR,USD,2018-03-16,2018-03-16 13:41:06,Q4,100000.0,0.0,0.0,0.0,2165027.0,2987000.0,0.0,400.0,5761339.0,5761339.0,831981.0,136368.0,-5524971.0,-55.24971,-5661339.0,-56.61339,1940386.0,-4458684.0,-44.58684,0.0,-4459612.0,-44.59612,-0.16281003315407339,-0.16281003315407339,27391506.0,27391506.0,https://www.sec.gov/Archives/edgar/data/799698/000079969818000002/0000799698-18-000002-index.htm,https://www.sec.gov/Archives/edgar/data/799698/000079969818000002/form10-k_2017.htm,1620590944,16:09:04,20210509
13,2017-09-30,CYTR,USD,2017-11-08,2017-11-07 18:29:32,Q3,0.0,0.0,0.0,0.0,4755191.0,3413000.0,0.0,-6055.0,8174191.0,8174191.0,828120.0,144101.0,-8030090.0,0.0,-8174191.0,0.0,3757800.0,-5124611.0,0.0,0.0,-5124419.0,0.0,-0.190002,-0.190002,26618098.0,26618098.0,https://www.sec.gov/Archives/edgar/data/799698/000079969817000038/0000799698-17-000038-index.htm,https://www.sec.gov/Archives/edgar/data/799698/000079969817000038/form10q_q32017.htm,1620590944,16:09:04,20210509
14,2017-06-30,CYTR,USD,2017-08-03,2017-08-02 20:50:43,Q2,0.0,0.0,0.0,0.0,6167074.0,3130000.0,0.0,7276.0,9304074.0,9304074.0,848395.0,175319.0,-9128755.0,0.0,-9304074.0,0.0,-4296669.0,-14358289.0,0.0,0.0,-14358297.0,0.0,-0.599999,-0.599999,23178434.0,23178434.0,https://www.sec.gov/Archives/edgar/data/799698/000079969817000023/0000799698-17-000023-index.htm,https://www.sec.gov/Archives/edgar/data/799698/000079969817000023/form10q-2q17.htm,1620590944,16:09:04,20210509
15,2017-03-31,CYTR,USD,2017-05-10,2017-05-09 18:59:42,Q1,0.0,0.0,0.0,0.0,6772582.0,2972000.0,0.0,1826.0,9751582.0,9751582.0,1322715.0,173524.0,-9578058.0,0.0,-9751582.0,0.0,-30293.0,-11044047.0,0.0,0.0,-11044104.0,0.0,-0.599999,-0.599999,18929590.0,18929590.0,https://www.sec.gov/Archives/edgar/data/799698/000079969817000014/0000799698-17-000014-index.htm,https://www.sec.gov/Archives/edgar/data/799698/000079969817000012/2016_form10-k.htm,1620590944,16:09:04,20210509
16,2016-12-31,CYTR,USD,2017-03-15,2017-03-15 15:19:52,Q4,100000.0,0.0,0.0,0.0,6398603.0,3164000.0,0.0,163546.0,10067234.0,10067234.0,815491.0,172083.0,-9795151.0,-97.95151,-9967234.0,-99.67234,3051495.0,-7671705.0,-76.71705,0.0,-7672436.0,-76.72436,-0.40531443100458064,-0.40531443100458064,18929590.0,18929590.0,https://www.sec.gov/Archives/edgar/data/799698/000079969817000012/0000799698-17-000012-index.htm,https://www.sec.gov/Archives/edgar/data/799698/000079969817000012/2016_form10-k.htm,1620590944,16:09:04,20210509
17,2016-09-30,CYTR,USD,2016-11-09,2016-11-08 19:34:12,Q3,0.0,0.0,0.0,0.0,8927037.0,2762000.0,0.0,-10489.0,11699037.0,11699037.0,781038.0,150584.0,-11548453.0,0.0,-11699037.0,0.0,235722.0,-12175718.0,0.0,0.0,-12175450.0,0.0,-0.779998,-0.779998,15173772.0,15173772.0,https://www.sec.gov/Archives/edgar/data/799698/000079969816000046/0000799698-16-000046-index.htm,https://www.sec.gov/Archives/edgar/data/799698/000079969816000046/form10q_q32016.htm,1620590944,16:09:04,20210509
18,2016-06-30,CYTR,USD,2016-07-29,2016-07-29 08:45:55,Q2,100000.0,0.0,0.0,0.0,12452340.0,6118000.0,0.0,-798.0,18581340.0,18581340.0,741346.0,111530.0,-18369810.0,-183.6981,-18481340.0,-184.8134,876931.0,-18280319.0,-182.80319,0.0,-18280223.0,-182.80223,-1.619997,-1.619997,11233161.0,11233161.0,https://www.sec.gov/Archives/edgar/data/799698/000079969816000041/0000799698-16-000041-index.htm,https://www.sec.gov/Archives/edgar/data/799698/000079969816000041/form10q-q22016.htm,1620590944,16:09:04,20210509
19,2016-03-31,CYTR,USD,2016-05-10,2016-05-10 16:57:43,Q1,0.0,0.0,0.0,0.0,8151305.0,3947000.0,0.0,5964.0,12109305.0,12109305.0,416803.0,102434.0,-12006871.0,0.0,-12109305.0,0.0,-178308.0,-12642678.0,0.0,0.0,-12643112.0,0.0,-1.139998,-1.139998,11081497.0,11081497.0,https://www.sec.gov/Archives/edgar/data/799698/000079969816000033/0000799698-16-000033-index.htm,https://www.sec.gov/Archives/edgar/data/799698/000079969816000030/form10-k_2015.htm,1620590944,16:09:04,20210509
20,2015-12-31,CYTR,USD,2016-03-11,2016-03-10 17:43:49,Q4,100000.0,0.0,0.0,0.0,12351833.0,10190000.0,0.0,2203.0,22823482.0,22823482.0,0.0,77258.0,-22646224.0,-226.46224,-22723482.0,-227.23482,360083.0,-22301052.0,-223.01052,0.0,-22302195.0,-223.02195,-2.0125615699756088,-2.0125615699756088,11081497.0,11081497.0,https://www.sec.gov/Archives/edgar/data/799698/000079969816000030/0000799698-16-000030-index.htm,https://www.sec.gov/Archives/edgar/data/799698/000079969816000030/form10-k_2015.htm,1620590944,16:09:04,20210509
21,2015-09-30,CYTR,USD,2015-11-03,2015-11-02 17:56:27,Q3,0.0,0.0,0.0,0.0,8470592.0,2182000.0,0.0,2040.0,10659592.0,10659592.0,0.0,74561.0,-10585031.0,0.0,-10659592.0,0.0,3517218.0,-7073696.0,0.0,0.0,-7073352.0,0.0,-0.659999,-0.659999,10641389.0,10641389.0,https://www.sec.gov/Archives/edgar/data/799698/000079969815000019/0000799698-15-000019-index.htm,https://www.sec.gov/Archives/edgar/data/799698/000079969815000019/form10q032015.htm,1620590944,16:09:04,20210509
22,2015-06-30,CYTR,USD,2015-08-03,2015-08-03 06:47:24,Q2,0.0,0.0,0.0,0.0,10008304.0,4183000.0,0.0,30660.0,14200304.0,14200304.0,0.0,77340.0,-14122964.0,0.0,-14200304.0,0.0,2466525.0,-11687324.0,0.0,0.0,-11687093.0,0.0,-1.259997,-1.259997,9287757.0,9287757.0,https://www.sec.gov/Archives/edgar/data/799698/000079969815000015/0000799698-15-000015-index.htm,https://www.sec.gov/Archives/edgar/data/799698/000079969815000015/form10q022015.htm,1620590944,16:09:04,20210509
23,2015-03-31,CYTR,USD,2015-05-01,2015-04-30 17:34:54,Q1,0.0,0.0,0.0,0.0,12563745.0,3110000.0,0.0,-15853.0,15693745.0,15693745.0,0.0,88490.0,-15605255.0,0.0,-15693745.0,0.0,-1887147.0,-17524318.0,0.0,0.0,-17524550.0,0.0,-1.859996,-1.859996,9287136.0,9287136.0,https://www.sec.gov/Archives/edgar/data/799698/000079969815000009/0000799698-15-000009-index.htm,https://www.sec.gov/Archives/edgar/data/799698/000079969815000004/form10k_2014.htm,1620590944,16:09:04,20210509
24,2014-12-31,CYTR,USD,2015-03-10,2015-03-09 20:04:01,Q4,100000.0,0.0,0.0,0.0,8622771.0,4460000.0,0.0,103434.0,13197698.0,13197698.0,0.0,87093.0,-13010605.0,-130.10605,-13097698.0,-130.97698,-405677.0,-13437025.0,-134.37025,0.0,-13437777.0,-134.37777,-1.4469236802389887,-1.4469236802389887,9287136.0,9287136.0,https://www.sec.gov/Archives/edgar/data/799698/000079969815000004/0000799698-15-000004-index.htm,https://www.sec.gov/Archives/edgar/data/799698/000079969815000004/form10k_2014.htm,1620590944,16:09:04,20210509
25,2014-09-30,CYTR,USD,2014-11-04,2014-11-03 17:34:47,Q3,0.0,0.0,0.0,0.0,10637963.0,2391000.0,0.0,20779.0,13050963.0,13050963.0,0.0,30978.0,-13019985.0,0.0,-13050963.0,0.0,7346828.0,-5625400.0,0.0,0.0,-5625248.0,0.0,-0.599999,-0.599999,9283971.0,9283971.0,https://www.sec.gov/Archives/edgar/data/799698/000079969814000017/0000799698-14-000017-index.htm,https://www.sec.gov/Archives/edgar/data/799698/000079969814000017/form10-q.htm,1620590944,16:09:04,20210509
26,2014-06-30,CYTR,USD,2014-08-06,2014-08-05 17:46:07,Q2,0.0,0.0,0.0,0.0,10427877.0,2886000.0,0.0,-3243.0,13336877.0,13336877.0,0.0,32197.0,-13304680.0,0.0,-13336877.0,0.0,-2471846.0,-15719346.0,0.0,0.0,-15719473.0,0.0,-1.679997,-1.679997,9279479.0,9279479.0,https://www.sec.gov/Archives/edgar/data/799698/000079969814000014/0000799698-14-000014-index.htm,https://www.sec.gov/Archives/edgar/data/799698/000079969814000014/form10-q.htm,1620590944,16:09:04,20210509
27,2014-03-31,CYTR,USD,2014-05-01,2014-04-30 18:02:01,Q1,0.0,0.0,0.0,0.0,6987848.0,3108000.0,0.0,9898.0,10118848.0,10118848.0,0.0,32659.0,-10086189.0,0.0,-10118848.0,0.0,14712802.0,4664592.0,0.0,0.0,4664518.0,0.0,0.539999,0.479999,8385803.0,9287861.0,https://www.sec.gov/Archives/edgar/data/799698/000079969814000008/0000799698-14-000008-index.htm,https://www.sec.gov/Archives/edgar/data/799698/000079969814000004/form10k_2013.htm,1620590944,16:09:04,20210509
28,2013-12-31,CYTR,USD,2014-03-05,2014-03-04 18:18:47,Q4,100000.0,0.0,100000.0,1.0,5671894.0,4560000.0,0.0,-19495.0,10290293.0,10290293.0,0.0,31143.0,-10159150.0,-101.5915,-10190293.0,-101.90293,-17057265.0,-27216348.0,-272.16348,0.0,-27218181.0,-272.18181,-3.2457453388781015,-3.2457453388781015,8385803.0,8385803.0,https://www.sec.gov/Archives/edgar/data/799698/000079969814000004/0000799698-14-000004-index.htm,https://www.sec.gov/Archives/edgar/data/799698/000079969814000004/form10k_2013.htm,1620590944,16:09:04,20210509
29,2013-09-30,CYTR,USD,2013-10-29,2013-10-28 17:39:37,Q3,0.0,0.0,0.0,0.0,4013572.0,1967000.0,0.0,822.0,6001572.0,6001572.0,0.0,30030.0,-5971542.0,0.0,-6001572.0,0.0,-4009989.0,-9980493.0,0.0,0.0,-9980005.0,0.0,-1.979996,-1.979996,5073892.0,5073892.0,https://www.sec.gov/Archives/edgar/data/799698/000079969813000020/0000799698-13-000020-index.htm,https://www.sec.gov/Archives/edgar/data/799698/000079969813000020/form10-q.htm,1620590944,16:09:04,20210509
30,2013-06-30,CYTR,USD,2013-08-06,2013-08-06 08:23:18,Q2,200000.0,0.0,0.0,0.0,4626244.0,1951000.0,0.0,4761.0,6597244.0,6597244.0,0.0,29687.0,-6367557.0,-31.837785,-6397244.0,-31.98622,2938468.0,-3423212.0,-17.11606,0.0,-3423142.0,-17.11571,-0.659999,-0.659999,5069749.0,5069749.0,https://www.sec.gov/Archives/edgar/data/799698/000079969813000017/0000799698-13-000017-index.htm,https://www.sec.gov/Archives/edgar/data/799698/000079969813000017/form10-q.htm,1620590944,16:09:04,20210509
31,2013-03-31,CYTR,USD,2013-05-09,2013-05-09 08:29:22,Q1,0.0,0.0,0.0,0.0,3188759.0,1796000.0,0.0,196937.0,5005759.0,5005759.0,0.0,29539.0,-4976220.0,0.0,-5005759.0,0.0,-1898283.0,-6863784.0,0.0,0.0,-6864109.0,0.0,-1.379997,-1.379997,5069571.0,5069571.0,https://www.sec.gov/Archives/edgar/data/799698/000079969813000008/0000799698-13-000008-index.htm,https://www.sec.gov/Archives/edgar/data/799698/000079969813000005/form10-k.htm,1620590944,16:09:04,20210509
32,2012-12-31,CYTR,USD,2013-03-11,2013-03-11 08:29:46,Q4,100000.0,0.0,0.0,0.0,2439156.0,0.0,0.0,0.0,5169628.0,5169628.0,0.0,26737.0,-5042891.0,-50.42891,-5069628.0,-50.69628,8877215.0,3850884.0,38.50884,1600.0,3849284.0,38.49284,0.7592918611850983,0.7592918611850983,5069571.0,5069571.0,https://www.sec.gov/Archives/edgar/data/799698/000079969813000005/0000799698-13-000005-index.htm,https://www.sec.gov/Archives/edgar/data/799698/000079969813000005/form10-k.htm,1620590944,16:09:04,20210509
33,2012-09-30,CYTR,USD,2012-11-09,2012-11-09 08:30:24,Q3,0.0,0.0,0.0,0.0,3157656.0,0.0,0.0,0.0,4887549.0,4887549.0,0.0,34324.0,-4853225.0,0.0,-4887549.0,0.0,6446712.0,1584197.0,0.0,0.0,1584197.0,0.0,0.44817376342479864,0.43752219790004415,3534783.0,3620838.0,https://www.sec.gov/Archives/edgar/data/799698/000079969812000027/0000799698-12-000027-index.htm,https://www.sec.gov/Archives/edgar/data/799698/000079969812000027/form10q.htm,1620590944,16:09:04,20210509
34,2012-06-30,CYTR,USD,2012-08-09,2012-08-09 08:30:40,Q2,0.0,0.0,0.0,0.0,2686465.0,0.0,0.0,0.0,4778321.0,4778321.0,0.0,26691.0,-4751630.0,0.0,-4778321.0,0.0,-8511701.0,-13262475.0,0.0,0.0,-13262475.0,0.0,-3.779992,-3.779992,3534090.0,3534090.0,https://www.sec.gov/Archives/edgar/data/799698/000079969812000025/0000799698-12-000025-index.htm,https://www.sec.gov/Archives/edgar/data/799698/000079969812000025/form10q2q12.htm,1620590944,16:09:04,20210509
35,2012-03-31,CYTR,USD,2012-05-10,2012-05-10 08:30:07,Q1,0.0,0.0,0.0,0.0,4401515.0,0.0,0.0,0.0,6316230.0,6316230.0,0.0,26184.0,-6290046.0,0.0,-6316230.0,0.0,-3854107.0,-10134879.0,0.0,0.0,-10134879.0,0.0,-2.939997,-2.939997,3533981.0,3533981.0,https://www.sec.gov/Archives/edgar/data/799698/000079969812000021/0000799698-12-000021-index.htm,https://www.sec.gov/Archives/edgar/data/799698/000079969812000009/form10-k.htm,1620590944,16:09:04,20210509
36,2011-12-31,CYTR,USD,2012-03-13,2012-03-13 08:27:54,Q4,100000.0,0.0,100000.0,1.0,5563843.0,0.0,0.0,0.0,7063320.0,7063320.0,0.0,25019.0,-6938301.0,-69.38301,-6963320.0,-69.6332,2544781.0,-4373473.0,-43.73473,97996.0,-4471469.0,-44.71469,-1.2652781664643924,-1.2652781664643924,3533981.0,3533981.0,https://www.sec.gov/Archives/edgar/data/799698/000079969812000009/0000799698-12-000009-index.htm,https://www.sec.gov/Archives/edgar/data/799698/000079969812000009/form10-k.htm,1620590944,16:09:04,20210509
37,2011-09-30,CYTR,USD,2011-11-08,2011-11-08 08:30:36,Q3,0.0,0.0,0.0,0.0,3220098.0,0.0,0.0,0.0,4959246.0,4959246.0,0.0,24828.0,-4934418.0,0.0,-4959246.0,0.0,4345028.0,-557766.0,0.0,0.0,-557766.0,0.0,-0.1737944495181724,-0.1737944495181724,3209343.0,3209343.0,https://www.sec.gov/Archives/edgar/data/799698/000079969811000029/0000799698-11-000029-index.htm,https://www.sec.gov/Archives/edgar/data/799698/000079969811000029/form10-q.htm,1620590944,16:09:04,20210509
38,2011-06-30,CYTR,USD,2011-08-09,2011-08-09 08:32:13,Q2,150000.0,0.0,150000.0,1.0,1886652.0,0.0,0.0,0.0,3913254.0,3913254.0,0.0,23089.0,-3740165.0,-24.934433333333335,-3763254.0,-25.08836,592909.0,-3120075.0,-20.8005,0.0,-3120075.0,-20.8005,-1.259999,-1.259999,2600647.0,2600647.0,https://www.sec.gov/Archives/edgar/data/799698/000079969811000020/0000799698-11-000020-index.htm,https://www.sec.gov/Archives/edgar/data/799698/000079969811000020/form10-q.htm,1620590944,16:09:04,20210509
39,2011-03-31,CYTR,USD,2011-05-05,2011-05-05 08:30:43,Q1,0.0,0.0,0.0,0.0,4820708.0,0.0,0.0,0.0,6870171.0,6870171.0,0.0,22581.0,-6847590.0,0.0,-6870171.0,0.0,637504.0,-6177239.0,0.0,97996.0,-6275235.0,0.0,-2.519997,-2.519997,2600332.0,2600332.0,https://www.sec.gov/Archives/edgar/data/799698/000079969811000010/0000799698-11-000010-index.htm,https://www.sec.gov/Archives/edgar/data/799698/000079969811000005/form10-k.htm,1620590944,16:09:04,20210509
40,2010-12-31,CYTR,USD,2011-03-11,2011-03-11 08:21:04,Q4,100000.0,0.0,100000.0,1.0,542888.0,0.0,0.0,0.0,2333144.0,2333144.0,0.0,23891.0,-2209253.0,-22.09253,-2233144.0,-22.33144,6313380.0,4139161.0,41.39161,0.0,4139161.0,41.39161,1.5917817417160578,1.5917817417160578,2600332.0,2600332.0,https://www.sec.gov/Archives/edgar/data/799698/000079969811000005/0000799698-11-000005-index.htm,https://www.sec.gov/Archives/edgar/data/799698/000079969811000005/form10-k.htm,1620590944,16:09:04,20210509
41,2010-09-30,CYTR,USD,2010-11-08,2010-11-08 08:22:52,Q3,0.0,0.0,0.0,0.0,2845181.0,0.0,0.0,0.0,4693209.0,4693209.0,0.0,24932.0,-4668277.0,0.0,-4693209.0,0.0,207196.0,-4414066.0,0.0,0.0,-4414066.0,0.0,-1.679998,-1.679998,2598377.0,2598377.0,https://www.sec.gov/Archives/edgar/data/799698/000079969810000025/0000799698-10-000025-index.htm,https://www.sec.gov/Archives/edgar/data/799698/000079969810000025/form10-q.htm,1620590944,16:09:04,20210509
42,2010-06-30,CYTR,USD,2010-08-09,2010-08-09 08:36:58,Q2,0.0,0.0,0.0,0.0,3073059.0,0.0,0.0,0.0,5133325.0,5133325.0,0.0,34337.0,-5098988.0,0.0,-5133325.0,0.0,6347528.0,1293890.0,0.0,0.0,1293890.0,0.0,0.49800971624889057,0.48700024126251434,2598122.0,2656857.0,https://www.sec.gov/Archives/edgar/data/799698/000079969810000017/0000799698-10-000017-index.htm,https://www.sec.gov/Archives/edgar/data/799698/000079969810000017/form10-q.htm,1620590944,16:09:04,20210509
43,2010-03-31,CYTR,USD,2010-05-06,2010-05-06 08:37:28,Q1,0.0,0.0,0.0,0.0,2045809.0,0.0,0.0,0.0,4690919.0,4690919.0,0.0,24506.0,-4666413.0,0.0,-4690919.0,0.0,3987359.0,-610529.0,0.0,0.0,-610529.0,0.0,-0.42,-0.42,2593131.0,2593131.0,https://www.sec.gov/Archives/edgar/data/799698/000079969810000005/0000799698-10-000005-index.htm,https://www.sec.gov/Archives/edgar/data/799698/000079969810000003/form10-k.htm,1620590944,16:09:04,20210509
44,2009-12-31,CYTR,USD,2010-03-15,2010-03-15 08:32:01,Q4,100000.0,0.0,100000.0,1.0,1901957.0,0.0,0.0,0.0,4517805.0,4517805.0,0.0,23933.0,-4393872.0,-43.93872,-4417805.0,-44.17805,1327443.0,-2983183.0,-29.83183,-519158.0,-2464025.0,-24.64025,-0.9502123109090902,-0.9502123109090902,2593131.0,2593131.0,https://www.sec.gov/Archives/edgar/data/799698/000079969810000003/0000799698-10-000003-index.htm,https://www.sec.gov/Archives/edgar/data/799698/000079969810000003/form10-k.htm,1620590944,16:09:04,20210509
45,2009-09-30,CYTR,USD,2009-11-09,2009-11-09 08:30:07,Q3,6953903.0,0.0,6953903.0,1.0,1227495.0,2576187.0,0.0,0.0,3803682.0,3803682.0,0.0,74791.0,3225012.0,0.4637700583398992,3150221.0,0.45301480334137534,610002.0,3862571.0,0.5554536783156164,0.0,3862571.0,0.5554536783156164,1.5581102940286646,1.5338363032623552,2479010.0,2518242.0,https://www.sec.gov/Archives/edgar/data/799698/000079969809000023/0000799698-09-000023-index.htm,https://www.sec.gov/Archives/edgar/data/799698/000079969809000023/form10-q.htm,1620590944,16:09:04,20210509
46,2009-06-30,CYTR,USD,2009-08-07,2009-08-07 16:17:57,Q2,963667.0,0.0,963667.0,1.0,1363794.0,0.0,0.0,0.0,3292149.0,3292149.0,0.0,184338.0,-2144144.0,-2.2249843566294167,-2328482.0,-2.4162724260558885,31279.0,-2225527.0,-2.3094357283169393,0.0,-2225527.0,-2.3094357283169393,-0.839999,-0.839999,2222578.0,2222578.0,https://www.sec.gov/Archives/edgar/data/799698/000079969809000017/0000799698-09-000017-index.htm,https://www.sec.gov/Archives/edgar/data/799698/000079969809000017/form10-q.htm,1620590944,16:09:04,20210509
47,2009-03-31,CYTR,USD,2009-05-11,2009-05-11 14:05:23,Q1,1482828.0,0.0,1482828.0,1.0,3048752.0,0.0,0.0,0.0,5531523.0,5531523.0,0.0,192254.0,-3856441.0,-2.6007338679873864,-4048695.0,-2.7303874758232243,7081.0,-3973327.0,-2.679560272668172,0.0,-3973327.0,-2.679560272668172,-1.679998,-1.679998,2222567.0,2222567.0,https://www.sec.gov/Archives/edgar/data/799698/000079969809000008/0000799698-09-000008-index.htm,https://www.sec.gov/Archives/edgar/data/799698/000079969809000006/form10-k.htm,1620590944,16:09:04,20210509
48,2008-12-31,CYTR,USD,2009-03-13,2009-03-13 09:23:24,Q4,1427227.0,0.0,0.0,0.0,2742407.0,0.0,0.0,0.0,5033691.0,5033691.0,0.0,182698.0,-3423766.0,-2.398893798954196,-3606464.0,-2.5269028682893473,30348.0,-3484782.0,-2.441645232328144,46003.0,-3530785.0,-2.4738776662717283,-1.5886067776584463,-1.5886067776584463,2222567.0,2222567.0,https://www.sec.gov/Archives/edgar/data/799698/000079969809000006/0000799698-09-000006-index.htm,https://www.sec.gov/Archives/edgar/data/799698/000079969809000006/form10-k.htm,1620590944,16:09:04,20210509
49,2008-09-30,CYTR,USD,2008-11-07,2008-11-07 13:46:07,Q3,917473.0,0.0,917473.0,1.0,2005813.0,0.0,0.0,0.0,3606799.0,3606799.0,0.0,170322.0,-2519004.0,-2.745589243498174,-2689326.0,-2.9312317637685252,-9356526.0,-11830507.0,-12.894665020115033,485000.0,-12315507.0,-13.423290930632291,-5.879994,-5.879994,2169197.0,2169197.0,https://www.sec.gov/Archives/edgar/data/799698/000079969808000005/0000799698-08-000005-index.htm,https://www.sec.gov/Archives/edgar/data/799698/000079969808000005/form10-q.htm,1620590944,16:09:04,20210509
50,2008-06-30,CYTR,USD,2008-08-11,2008-08-11 16:53:23,Q2,1740362.0,0.0,0.0,0.0,2525659.0,0.0,0.0,0.0,5717741.0,5717741.0,0.0,138908.0,-3838471.0,-2.2055589584235924,-3977379.0,-2.285374537021608,-2132956.0,-5826031.0,-3.3475972240258063,0.0,-5826031.0,-3.3475972240258063,-2.519997,-2.519997,2161148.0,2161148.0,https://www.sec.gov/Archives/edgar/data/799698/000095013708010529/0000950137-08-010529-index.htm,https://www.sec.gov/Archives/edgar/data/799698/000095013708010529/v42963e10vq.htm,1620590944,16:09:04,20210509
51,2008-03-31,CYTR,USD,2008-05-19,2008-04-01 17:03:43,Q1,2181088.0,0.0,0.0,0.0,3191713.0,0.0,0.0,0.0,7664862.0,7664862.0,0.0,133052.0,-5350722.0,-2.4532352660690444,-5483774.0,-2.514237848266553,-160669.0,-5031798.0,-2.3070128302938717,342000.0,-5373798.0,-2.463815306856028,-2.939997,-2.939997,2149536.0,2149536.0,https://www.sec.gov/Archives/edgar/data/799698/000095013708007664/0000950137-08-007664-index.htm,https://www.sec.gov/Archives/edgar/data/799698/000095012408001691/v39130e10vk.htm,1620590944,16:09:04,20210509
52,2007-12-31,CYTR,USD,2008-04-01,2008-04-01 17:03:43,Q4,1478992.0,0.0,0.0,0.0,4023619.0,0.0,0.0,0.0,8856948.0,8856948.0,0.0,96698.0,-7281258.0,-4.923121964148555,-7377956.0,-4.988502980408278,-1771.0,-6419692.0,-4.340586020749267,0.0,-6459692.0,-4.367631467918691,-3.005156461673589,-3.005156461673589,2149536.0,2149536.0,https://www.sec.gov/Archives/edgar/data/799698/000095012408001691/0000950124-08-001691-index.htm,https://www.sec.gov/Archives/edgar/data/799698/000095012408001691/v39130e10vk.htm,1620590944,16:09:04,20210509
53,2007-09-30,CYTR,USD,2007-11-14,2007-11-14 08:32:09,Q3,2046470.0,0.0,0.0,0.0,3907514.0,0.0,0.0,0.0,7576875.0,7576875.0,0.0,54464.0,-5475941.0,-2.6757983258977656,-5530405.0,-2.7024119581523305,-1250.0,-4597290.0,-2.2464487629918835,0.0,-4597290.0,-2.2464487629918835,-2.099998,-2.099998,2098166.0,2098166.0,https://www.sec.gov/Archives/edgar/data/799698/000095012407005828/0000950124-07-005828-index.htm,https://www.sec.gov/Archives/edgar/data/799698/000095012407005828/v35220qe10vq.htm,1620590944,16:09:04,20210509
54,2007-06-30,CYTR,USD,2007-08-09,2007-08-09 17:07:12,Q2,2370513.0,0.0,2370513.0,1.0,6266316.0,0.0,0.0,0.0,10763760.0,10763760.0,0.0,49714.0,-8343533.0,-3.5197161964519914,-8393247.0,-3.5406880282875477,1500000.0,0.0,0.0,0.0,-6234185.0,-2.6298885515498123,-2.939997,-2.939997,2032853.0,2032853.0,https://www.sec.gov/Archives/edgar/data/799698/000095014807000192/0000950148-07-000192-index.htm,https://www.sec.gov/Archives/edgar/data/799698/000095014807000192/v32775e10vq.htm,1620590944,16:09:04,20210509
55,2007-03-31,CYTR,USD,2007-05-10,2007-04-02 17:12:34,Q1,1563063.0,0.0,0.0,0.0,4008374.0,0.0,0.0,0.0,6493459.0,6493459.0,0.0,71353.0,-4859043.0,-3.1086674049606446,-4930396.0,-3.154316876543044,0.0,0.0,0.0,0.0,-4545782.0,-2.9082525784309396,-2.519997,-2.519997,1744614.0,1744614.0,https://www.sec.gov/Archives/edgar/data/799698/000095012407002790/0000950124-07-002790-index.htm,https://www.sec.gov/Archives/edgar/data/799698/000095014807000070/v28470e10vk.htm,1620590944,16:09:04,20210509
56,2006-12-31,CYTR,USD,2007-04-02,2007-04-02 17:12:34,Q4,1228871.0,0.0,1228871.0,1.0,4263662.0,0.0,0.0,0.0,5784796.0,5784796.0,0.0,35520.0,-4520405.0,-3.678502462829703,-4555925.0,-3.707407042724582,-3205.0,-4142966.0,-3.371359564999093,5000.0,-4147966.0,-3.375428340322133,-2.3775838093698662,-2.3775838093698662,1744614.0,1744614.0,https://www.sec.gov/Archives/edgar/data/799698/000095014807000070/0000950148-07-000070-index.htm,https://www.sec.gov/Archives/edgar/data/799698/000095014807000070/v28470e10vk.htm,1620590944,16:09:04,20210509
57,2006-09-30,CYTR,USD,2006-11-13,2006-11-13 06:21:02,Q3,776000.0,0.0,0.0,0.0,1129527.0,0.0,0.0,0.0,3904207.0,3904207.0,0.0,53243.0,-3074964.0,-3.9625824742268043,-3128207.0,-4.031194587628866,0.0,-2832121.0,-3.649640463917526,140000.0,-2972121.0,-3.8300528350515464,-1.679998,-1.679998,1605286.0,1605286.0,https://www.sec.gov/Archives/edgar/data/799698/000095013406021179/0000950134-06-021179-index.htm,https://www.sec.gov/Archives/edgar/data/799698/000095013406021179/v25030e10vq.htm,1620590944,16:09:04,20210509
58,2006-06-30,CYTR,USD,2006-08-03,2006-08-03 08:31:51,Q2,0.0,0.0,0.0,0.0,2687700.0,0.0,0.0,0.0,5642288.0,5642288.0,0.0,80010.0,-5562278.0,0.0,-5642288.0,0.0,0.0,0.0,0.0,0.0,-5465380.0,0.0,-3.359997,-3.359997,1666141.0,1666141.0,https://www.sec.gov/Archives/edgar/data/799698/000095013406014651/0000950134-06-014651-index.htm,https://www.sec.gov/Archives/edgar/data/799698/000095013406014651/v22393e10vq.htm,1620590944,16:09:04,20210509
59,2006-03-31,CYTR,USD,2006-05-22,2006-05-22 06:20:27,Q1,60830.0,0.0,0.0,0.0,1700119.0,0.0,0.0,0.0,4334677.0,4334677.0,0.0,58931.0,-4214916.0,-69.29008712806181,-4273847.0,-70.25886897912214,0.0,0.0,0.0,0.0,-4166357.0,-68.4918132500411,-2.939997,-2.939997,1484365.0,1484365.0,https://www.sec.gov/Archives/edgar/data/799698/000095013406010343/0000950134-06-010343-index.htm,https://www.sec.gov/Archives/edgar/data/799698/000095013406006504/v18950e10vk.htm,1620590944,16:09:04,20210509
60,2005-12-31,CYTR,USD,2006-04-03,2006-04-03 07:21:24,Q4,172860.0,0.0,172860.0,1.0,2266318.0,0.0,0.0,0.0,3983274.0,3983274.0,0.0,58609.0,-3751805.0,-21.704298276061554,-3810414.0,-22.04335300242971,0.0,0.0,0.0,0.0,-3564765.0,-20.622266574106213,-2.401542073546601,-2.401542073546601,1484365.0,1484365.0,https://www.sec.gov/Archives/edgar/data/799698/000095013406006504/0000950134-06-006504-index.htm,https://www.sec.gov/Archives/edgar/data/799698/000095013406006504/v18950e10vk.htm,1620590944,16:09:04,20210509
61,2005-09-30,CYTR,USD,2005-11-14,2005-11-14 15:02:17,Q3,10000.0,0.0,0.0,0.0,1990963.0,0.0,0.0,0.0,3542890.0,3542890.0,0.0,58074.0,-3474816.0,-347.4816,-3532890.0,-353.289,0.0,0.0,0.0,0.0,-3492470.0,-349.247,-2.519997,-2.519997,1385496.0,1385496.0,https://www.sec.gov/Archives/edgar/data/799698/000095012905010999/0000950129-05-010999-index.htm,https://www.sec.gov/Archives/edgar/data/799698/000095012905010999/v14521e10vq.htm,1620590944,16:09:04,20210509
62,2005-06-30,CYTR,USD,2005-08-15,2005-08-15 16:16:59,Q2,0.0,0.0,0.0,0.0,2915969.0,0.0,0.0,0.0,4592952.0,4592952.0,0.0,62288.0,-4530664.0,0.0,-4592952.0,0.0,0.0,0.0,0.0,0.0,-4509133.0,0.0,-3.359997,-3.359997,1370057.0,1370057.0,https://www.sec.gov/Archives/edgar/data/799698/000095012905008255/0000950129-05-008255-index.htm,https://www.sec.gov/Archives/edgar/data/799698/000095012905008255/v11759e10vq.htm,1620590944,16:09:04,20210509
63,2005-03-31,CYTR,USD,2005-05-16,2005-05-16 08:36:00,Q1,1500.0,0.0,0.0,0.0,1914020.0,0.0,0.0,0.0,3609356.0,3609356.0,0.0,38124.0,-3569732.0,-2379.8213333333333,-3607856.0,-2405.2373333333335,0.0,0.0,0.0,0.0,-3526492.0,-2350.9946666666665,-2.939997,-2.939997,1269646.0,1269646.0,https://www.sec.gov/Archives/edgar/data/799698/000095012905005327/0000950129-05-005327-index.htm,https://www.sec.gov/Archives/edgar/data/799698/000095012905003063/v07380e10vk.htm,1620590944,16:09:04,20210509
64,2004-12-31,CYTR,USD,2005-03-31,2005-03-31 08:21:16,Q4,100000.0,0.0,0.0,0.0,1044457.0,0.0,0.0,0.0,2893269.0,2893269.0,0.0,30215.0,-2763054.0,-27.63054,-2793269.0,-27.93269,0.0,0.0,0.0,0.0,-5761986.0,-57.61986,-4.538261846215402,-4.538261846215402,1269646.0,1269646.0,https://www.sec.gov/Archives/edgar/data/799698/000095012905003063/0000950129-05-003063-index.htm,https://www.sec.gov/Archives/edgar/data/799698/000095012905003063/v07380e10vk.htm,1620590944,16:09:04,20210509
65,2004-09-30,CYTR,USD,2004-11-03,2004-11-03 17:28:48,Q3,0.0,0.0,0.0,0.0,1326566.0,0.0,0.0,0.0,2853051.0,2853051.0,0.0,31828.0,-2821223.0,0.0,-2853051.0,0.0,0.0,0.0,0.0,0.0,-2795703.0,0.0,-3.359997,-3.359997,840627.0,840627.0,https://www.sec.gov/Archives/edgar/data/799698/000095014804001020/0000950148-04-001020-index.htm,https://www.sec.gov/Archives/edgar/data/799698/000095014804001020/v02929e10vq.htm,1620590944,16:09:04,20210509
66,2004-06-30,CYTR,USD,2004-08-16,2004-08-16 16:11:49,Q2,228164.0,0.0,0.0,0.0,1356876.0,0.0,0.0,0.0,4339769.0,4339769.0,0.0,25478.0,-4086127.0,-17.90872793253975,-4111605.0,-18.02039322592521,228164.0,0.0,0.0,0.0,-4060829.0,-17.79785154537964,-5.039995,-5.039995,832247.0,832247.0,https://www.sec.gov/Archives/edgar/data/799698/000095012904006196/0000950129-04-006196-index.htm,https://www.sec.gov/Archives/edgar/data/799698/000095012904006196/v01192e10vq.htm,1620590944,16:09:04,20210509
67,2004-03-31,CYTR,USD,2004-05-17,2004-05-17 17:28:05,Q1,100000.0,0.0,100000.0,1.0,1431948.0,0.0,0.0,0.0,3931905.0,3931905.0,0.0,16330.0,-3815575.0,-38.15575,-3831905.0,-38.31905,100000.0,0.0,0.0,0.0,-3773671.0,-37.73671,-4.619995,-4.619995,814643.0,814643.0,https://www.sec.gov/Archives/edgar/data/799698/000095014804000936/0000950148-04-000936-index.htm,https://www.sec.gov/Archives/edgar/data/799698/000095014804000929/v97722e10vk.htm,1620590944,16:09:04,20210509
68,2003-12-31,CYTR,USD,2004-05-14,2004-05-13 22:01:11,Q4,7008.0,0.0,7008.0,1.0,655632.0,0.0,0.0,0.0,2666421.0,2666421.0,0.0,-546407.0,-3205820.0,-457.45148401826486,-2659413.0,-379.482448630137,-6457059.0,0.0,0.0,0.0,-8976763.0,-1280.9307933789955,-11.019259970318286,-11.019259970318286,814643.0,814643.0,https://www.sec.gov/Archives/edgar/data/799698/000095014804000929/0000950148-04-000929-index.htm,https://www.sec.gov/Archives/edgar/data/799698/000095014804000929/v97722e10vk.htm,1620590944,16:09:04,20210509
69,2003-09-30,CYTR,USD,2003-11-12,2003-11-12 17:08:47,Q3,33190.0,0.0,33190.0,1.0,1459348.0,0.0,0.0,0.0,2855871.0,2855871.0,0.0,182907.0,-2639774.0,-79.53522145224466,-2822681.0,-85.04612835191323,-73349.0,0.0,0.0,0.0,-2907425.0,-87.59942753841518,-4.199996,-4.199996,698942.0,698942.0,https://www.sec.gov/Archives/edgar/data/799698/000114420403007005/0001144204-03-007005-index.htm,https://www.sec.gov/Archives/edgar/data/799698/000114420403007005/form10q.htm,1620590944,16:09:04,20210509
70,2003-06-30,CYTR,USD,2003-06-30,2003-06-30,Q2,27699.0,0.0,0.0,0.0,2270119.0,0.0,0.0,0.0,4986814.0,4986814.0,0.0,182816.0,-4776299.0,-172.43579190584498,-4959115.0,-179.03588577204954,-71150.0,0.0,0.0,0.0,-5046415.0,-182.18762410195313,-8.819991,-8.819991,585851.0,585851.0,,,1620590944,16:09:04,20210509
71,2003-03-31,CYTR,USD,2003-05-15,2003-05-15 13:49:40,Q1,26103.0,0.0,0.0,0.0,2500.0,0.0,0.0,0.0,869290.0,869290.0,0.0,182814.0,-660373.0,-25.298739608474122,-843187.0,-32.30230241734667,-60473.0,0.0,0.0,0.0,-913997.0,-35.015017430946635,-1.679998,-1.679998,512146.0,512146.0,https://www.sec.gov/Archives/edgar/data/799698/000089843003003049/0000898430-03-003049-index.htm,https://www.sec.gov/Archives/edgar/data/799698/000089843003002249/d10k.htm,1620590944,16:09:04,20210509
72,2002-12-31,CYTR,USD,2003-03-31,2003-03-31 14:53:45,Q4,1319456.0,0.0,1319456.0,1.0,23976.0,0.0,0.0,0.0,2576858.0,2576858.0,0.0,394251.0,-863151.0,-0.6541718708316154,-1257402.0,-0.9529700118836854,-1246210.0,0.0,0.0,0.0,-2586449.0,-1.9602389166444354,-5.050218101869389,-5.050218101869389,512146.0,512146.0,https://www.sec.gov/Archives/edgar/data/799698/000089843003002249/0000898430-03-002249-index.htm,https://www.sec.gov/Archives/edgar/data/799698/000089843003002249/d10k.htm,1620590944,16:09:04,20210509
73,2002-09-30,CYTR,USD,2002-11-14,2002-11-14 14:49:58,Q3,0.0,0.0,0.0,0.0,67318.0,456888.0,0.0,0.0,2238777.0,2238777.0,0.0,359459.0,-1879318.0,0.0,-2238777.0,0.0,-1616627.0,-2350777.0,0.0,0.0,-2479125.0,0.0,-5.459995,-5.459995,466939.0,466939.0,https://www.sec.gov/Archives/edgar/data/799698/000089843002004203/0000898430-02-004203-index.htm,https://www.sec.gov/Archives/edgar/data/799698/000089843002004203/d10q.htm,1620590944,16:09:04,20210509
74,2002-06-30,CYTR,USD,2002-08-14,2002-08-14 13:50:04,Q2,75208.0,0.0,75208.0,1.0,357007.0,649018.0,0.0,0.0,1081233.0,1081233.0,0.0,228682.0,-777343.0,-10.33590841399851,-1006025.0,-13.376568982023189,45655.0,-930817.0,-12.376568982023189,0.0,-930817.0,-12.376568982023189,-3.359997,-3.359997,277366.0,277366.0,https://www.sec.gov/Archives/edgar/data/799698/000089843002003132/0000898430-02-003132-index.htm,https://www.sec.gov/Archives/edgar/data/799698/000089843002003132/d10q.htm,1620590944,16:09:04,20210509
75,2002-03-31,CYTR,USD,2002-03-31,2002-03-31,Q1,1141020.0,11287.0,1129733.0,0.9901079735675098,318801.0,990177.0,0.0,0.0,1308978.0,1320265.0,0.0,146220.0,-33025.0,-0.028943401517940087,-179245.0,-0.1570919002296191,86450.0,-179245.0,-0.1570919002296191,0.0,-179245.0,-0.1570919002296191,-0.839999,-0.839999,264084.0,264084.0,,,1620590944,16:09:04,20210509
76,2001-12-31,CYTR,USD,2001-12-31,2001-12-31,Q4,4335191.0,30529.0,4304662.0,0.9929578650629234,523229.0,897299.0,0.0,0.0,1420528.0,1451057.0,0.0,146562.0,3030696.0,0.6990916893857733,2884134.0,0.6652841824039587,0.0,0.0,0.0,0.0,2447619.0,0.5645931171198685,9.268335075203344,9.268335075203344,264084.0,264084.0,,,1620590944,16:09:04,20210509
77,2001-09-30,CYTR,USD,2001-11-14 00:00:00,2001-11-14 00:00:00,Q3,28140.0,20761.0,7379.0,0.26222459132906895,384084.0,761500.0,0.0,0.0,1145584.0,1166345.0,0.0,146562.0,-991643.0,-35.239623312011375,-1138205.0,-40.447938877043356,104402.0,0.0,0.0,0.0,-1002205.0,-35.61496090973703,-4.199996,-4.199996,244579.0,244579.0,https://www.sec.gov/Archives/edgar/data/799698/000093176301502158/0000931763-01-502158-index.html,https://www.sec.gov/Archives/edgar/data/799698/000093176301502158/d10q.txt,1620590944,16:09:04,20210509
78,2001-06-30,CYTR,USD,2001-08-09 00:00:00,2001-08-09 00:00:00,Q2,10065.0,6603.0,3462.0,0.34396423248882263,488052.0,878668.0,0.0,0.0,1222985.0,1229588.0,0.0,146563.0,-1072960.0,-106.60307998012917,-1219523.0,-121.16472925981122,99853.0,-1219523.0,-121.16472925981122,0.0,-1219523.0,-121.16472925981122,-5.039995,-5.039995,242813.0,242813.0,https://www.sec.gov/Archives/edgar/data/799698/000093176301501306/0000931763-01-501306-index.html,https://www.sec.gov/Archives/edgar/data/799698/000093176301501306/d10q.txt,1620590944,16:09:04,20210509
79,2001-03-31,CYTR,USD,2001-05-11 00:00:00,2001-05-11 00:00:00,Q1,182794.0,-133954.0,316748.0,1.73281398733,448673.0,878745.0,0.0,0.0,1327418.0,1193464.0,0.0,146562.0,-864108.0,-4.727222994190181,-1010670.0,-5.5290107990415445,95956.0,-1157232.0,-6.330798603892907,0.0,-1157232.0,-6.330798603892907,-4.619995,-4.619995,241344.0,241344.0,https://www.sec.gov/Archives/edgar/data/799698/000093176301500553/0000931763-01-500553-index.html,https://www.sec.gov/Archives/edgar/data/799698/000093176301500553/d10q.txt,1620590944,16:09:04,20210509
80,2000-12-31,CYTR,USD,2000-12-31,2000-12-31,Q4,2974488.0,-75430.0,3049918.0,1.0253589861515662,346237.0,694275.0,0.0,0.0,1205121.0,1129691.0,0.0,164609.0,2009406.0,0.6755468504159371,1844797.0,0.6202065700046528,0.0,0.0,0.0,0.0,1160782.0,0.390245985191401,4.809657584195174,4.809657584195174,241344.0,241344.0,,,1620590944,16:09:04,20210509
81,2000-09-30,CYTR,USD,2000-10-31 00:00:00,2000-10-31 00:00:00,Q3,168086.0,46159.0,121927.0,0.7253846245374391,387516.0,540583.0,0.0,0.0,963975.0,1010134.0,0.0,35876.0,-806172.0,-4.796187665837726,-842048.0,-5.009626024773032,187863.0,0.0,0.0,0.0,-606192.0,-3.6064395607010695,-2.519997,-2.519997,236615.0,236615.0,https://www.sec.gov/Archives/edgar/data/799698/000093176300002352/0000931763-00-002352-index.html,https://www.sec.gov/Archives/edgar/data/799698/000093176300002352/0000931763-00-002352-0001.txt,1620590944,16:09:04,20210509
82,2000-06-30,CYTR,USD,2000-08-10 00:00:00,2000-08-10 00:00:00,Q2,85156.0,-32584.0,117740.0,1.3826389215087604,553844.0,446919.0,0.0,0.0,1077628.0,1045044.0,0.0,76865.0,-883023.0,-10.369474846164685,-959888.0,-11.272112358494997,159753.0,0.0,0.0,0.0,-2602.0,-0.030555686035041572,-0.011407477553310886,-0.011407477553310886,228096.0,228096.0,https://www.sec.gov/Archives/edgar/data/799698/000093176300001888/0000931763-00-001888-index.html,https://www.sec.gov/Archives/edgar/data/799698/000093176300001888/0000931763-00-001888-0001.txt,1620590944,16:09:04,20210509
83,2000-03-31,CYTR,USD,2000-05-15 00:00:00,2000-05-15 00:00:00,Q1,164473.0,14993.0,149480.0,0.908842180783472,674574.0,584910.0,0.0,0.0,1299984.0,1314977.0,0.0,40500.0,-1110004.0,-6.748852395225964,-1150504.0,-6.995093419588626,219525.0,0.0,0.0,0.0,-900090.0,-5.472569965891058,-4.619995,-4.619995,192146.0,192146.0,https://www.sec.gov/Archives/edgar/data/799698/000095014400006742/0000950144-00-006742-index.html,https://www.sec.gov/Archives/edgar/data/799698/0000950144-00-006742.txt,1620590944,16:09:04,20210509
84,1999-12-31,CYTR,USD,1999-12-31,1999-12-31,Q4,223000.0,117000.0,106000.0,0.47533632286995514,3512000.0,984000.0,0.0,0.0,4464000.0,4581000.0,0.0,-32000.0,-4390000.0,-19.68609865470852,-4358000.0,-19.542600896860986,569000.0,0.0,0.0,0.0,-4241000.0,-19.017937219730943,-22.071757934070966,-22.071757934070966,192146.0,192146.0,,,1620590944,16:09:04,20210509
85,1999-09-30,CYTR,USD,1999-09-30,1999-09-30,Q3,200000.0,0.0,0.0,0.0,4500000.0,900000.0,0.0,0.0,5500000.0,5500000.0,0.0,0.0,-5400000.0,-27.0,-5300000.0,-26.5,200000.0,0.0,0.0,0.0,-4900000.0,-24.5,-26.459974,-26.459974,185185.0,185185.0,,,1620590944,16:09:04,20210509
86,1999-06-30,CYTR,USD,1999-06-30,1999-06-30,Q2,200000.0,0.0,0.0,0.0,2400000.0,700000.0,0.0,0.0,3200000.0,3200000.0,0.0,0.0,-3200000.0,-16.0,-3000000.0,-15.0,300000.0,0.0,0.0,0.0,-2700000.0,-13.5,-14.699985,-14.699985,183674.0,183674.0,,,1620590944,16:09:04,20210509
87,1999-03-31,CYTR,USD,1999-03-31,1999-03-31,Q1,200000.0,100000.0,100000.0,0.5,2400000.0,1200000.0,0.0,0.0,3600000.0,3700000.0,0.0,0.0,-3700000.0,-18.5,-3500000.0,-17.5,200000.0,0.0,0.0,0.0,-3300000.0,-16.5,-18.059982,-18.059982,182724.0,182724.0,,,1620590944,16:09:04,20210509
88,1998-12-31,CYTR,USD,1998-12-31,1998-12-31,Q4,-1000000.0,-100000.0,-900000.0,0.9,1600000.0,-100000.0,0.0,0.0,1600000.0,1500000.0,0.0,100000.0,-2400000.0,2.4,-2500000.0,2.5,0.0,0.0,0.0,0.0,-7100000.0,7.1,-38.85641732886758,-38.85641732886758,182724.0,182724.0,,,1620590944,16:09:04,20210509
89,1998-09-30,CYTR,USD,1998-09-30,1998-09-30,Q3,800000.0,0.0,800000.0,1.0,1900000.0,900000.0,0.0,0.0,2900000.0,2900000.0,0.0,100000.0,-2000000.0,-2.5,-2100000.0,-2.625,0.0,0.0,0.0,0.0,-2000000.0,-2.5,-10.919989,-10.919989,183150.0,183150.0,,,1620590944,16:09:04,20210509
90,1998-06-30,CYTR,USD,1998-06-30,1998-06-30,Q2,700000.0,0.0,0.0,0.0,2500000.0,1000000.0,0.0,0.0,3600000.0,3600000.0,0.0,100000.0,-2800000.0,-4.0,-2900000.0,-4.142857142857143,300000.0,0.0,0.0,0.0,3600000.0,5.142857142857143,19.319981,19.319981,186336.0,186336.0,,,1620590944,16:09:04,20210509
91,1998-03-31,CYTR,USD,1998-05-15,1998-05-15,Q1,400000.0,-100000.0,500000.0,1.25,1300000.0,800000.0,0.0,0.0,2300000.0,2200000.0,0.0,200000.0,-1600000.0,-4.0,-1800000.0,-4.5,200000.0,0.0,0.0,0.0,-800000.0,-2.0,-5.039995,-5.039995,158730.0,158730.0,https://www.sec.gov/Archives/edgar/data/799698/0000950144-98-006479-index.html,https://www.sec.gov/Archives/edgar/data/799698/,1620590944,16:09:04,20210509
92,1997-12-31,CYTR,USD,1997-12-31,1997-12-31,Q4,300000.0,-200000.0,500000.0,1.6666666666666667,2600000.0,1400000.0,0.0,0.0,4300000.0,4100000.0,0.0,300000.0,-3500000.0,-11.666666666666666,-3800000.0,-12.666666666666666,2400000.0,0.0,0.0,0.0,-1800000.0,-6.0,-11.34001134001134,-11.34001134001134,158730.0,158730.0,,,1620590944,16:09:04,20210509
93,1997-09-30,CYTR,USD,1997-11-13 00:00:00,1997-11-13 00:00:00,Q3,5100000.0,2100000.0,3000000.0,0.5882352941176471,1300000.0,2800000.0,0.0,0.0,4300000.0,6400000.0,0.0,200000.0,-1100000.0,-0.21568627450980393,-1300000.0,-0.2549019607843137,0.0,0.0,0.0,0.0,-1300000.0,-0.2549019607843137,-7.559992,-7.559992,171958.0,171958.0,https://www.sec.gov/Archives/edgar/data/799698/000095014497012093/0000950144-97-012093-index.html,https://www.sec.gov/Archives/edgar/data/799698/0000950144-97-012093.txt,1620590944,16:09:04,20210509
94,1997-06-30,CYTR,USD,1997-08-14 00:00:00,1997-08-14 00:00:00,Q2,3300000.0,2300000.0,1000000.0,0.30303030303030304,900000.0,1700000.0,0.0,0.0,2700000.0,5000000.0,0.0,100000.0,-1600000.0,-0.48484848484848486,-1700000.0,-0.5151515151515151,-800000.0,0.0,0.0,0.0,-2300000.0,-0.696969696969697,-13.019987,-13.019987,176651.0,176651.0,https://www.sec.gov/Archives/edgar/data/799698/000095014497009204/0000950144-97-009204-index.html,https://www.sec.gov/Archives/edgar/data/799698/0000950144-97-009204.txt,1620590944,16:09:04,20210509
95,1997-03-31,CYTR,USD,1997-05-14 00:00:00,1997-05-14 00:00:00,Q1,3700000.0,2100000.0,1600000.0,0.43243243243243246,800000.0,1700000.0,0.0,0.0,2700000.0,4800000.0,0.0,200000.0,-900000.0,-0.24324324324324326,-1100000.0,-0.2972972972972973,400000.0,0.0,0.0,0.0,-700000.0,-0.1891891891891892,-3.779996,-3.779996,185185.0,185185.0,https://www.sec.gov/Archives/edgar/data/799698/000095014497005695/0000950144-97-005695-index.html,https://www.sec.gov/Archives/edgar/data/799698/0000950144-97-005695.txt,1620590944,16:09:04,20210509
96,1996-12-31,CYTR,USD,1996-12-31,1996-12-31,Q4,300000.0,800000.0,-500000.0,-1.6666666666666667,1100000.0,1500000.0,0.0,0.0,2900000.0,3700000.0,0.0,300000.0,-3100000.0,-10.333333333333334,-3400000.0,-11.333333333333334,0.0,0.0,0.0,0.0,-2200000.0,-7.333333333333333,-11.88001188001188,-11.88001188001188,185185.0,185185.0,,,1620590944,16:09:04,20210509
97,1996-09-30,CYTR,USD,1996-11-04 00:00:00,1996-11-04 00:00:00,Q3,1100000.0,600000.0,500000.0,0.45454545454545453,500000.0,1000000.0,0.0,0.0,1600000.0,2200000.0,0.0,100000.0,-1000000.0,-0.9090909090909091,-1100000.0,-1.0,0.0,0.0,0.0,0.0,-1100000.0,-1.0,-6.299994,-6.299994,174603.0,174603.0,https://www.sec.gov/Archives/edgar/data/799698/000079969896000019/0000799698-96-000019-index.html,https://www.sec.gov/Archives/edgar/data/799698/0000799698-96-000019.txt,1620590944,16:09:04,20210509
98,1996-06-30,CYTR,USD,1996-08-07 00:00:00,1996-08-07 00:00:00,Q2,900000.0,300000.0,600000.0,0.6666666666666666,600000.0,1100000.0,0.0,0.0,1800000.0,2100000.0,0.0,100000.0,-1100000.0,-1.2222222222222223,-1200000.0,-1.3333333333333333,0.0,0.0,0.0,0.0,-1100000.0,-1.2222222222222223,-6.299994,-6.299994,174603.0,174603.0,https://www.sec.gov/Archives/edgar/data/799698/000079969896000015/0000799698-96-000015-index.html,https://www.sec.gov/Archives/edgar/data/799698/0000799698-96-000015.txt,1620590944,16:09:04,20210509
99,1996-03-31,CYTR,USD,1996-05-10 00:00:00,1996-05-10 00:00:00,Q1,300000.0,-100000.0,400000.0,1.3333333333333333,1000000.0,900000.0,0.0,0.0,2100000.0,2000000.0,0.0,200000.0,-1500000.0,-5.0,-1700000.0,-5.666666666666667,300000.0,0.0,0.0,0.0,-1300000.0,-4.333333333333333,-7.139993,-7.139993,182073.0,182073.0,https://www.sec.gov/Archives/edgar/data/799698/000079969896000011/0000799698-96-000011-index.html,https://www.sec.gov/Archives/edgar/data/799698/0000799698-96-000011.txt,1620590944,16:09:04,20210509
100,1995-12-31,CYTR,USD,1996-03-27 00:00:00,1996-03-27 00:00:00,Q4,600000.0,1200000.0,-600000.0,-1.0,1900000.0,800000.0,0.0,0.0,2900000.0,4100000.0,0.0,200000.0,-3300000.0,-5.5,-3500000.0,-5.833333333333333,1400000.0,0.0,0.0,0.0,-2000000.0,-3.3333333333333335,-10.984605075986005,-10.984605075986005,182073.0,182073.0,https://www.sec.gov/Archives/edgar/data/799698/000079969896000005/0000799698-96-000005-index.html,https://www.sec.gov/Archives/edgar/data/799698/0000799698-96-000005.txt,1620590944,16:09:04,20210509
101,1995-09-30,CYTR,USD,1995-11-08,1995-11-08,Q3,600000.0,-200000.0,800000.0,1.3333333333333333,1600000.0,900000.0,0.0,0.0,2700000.0,2500000.0,0.0,100000.0,-1800000.0,-3.0,-1900000.0,-3.1666666666666665,0.0,0.0,0.0,0.0,-2000000.0,-3.3333333333333335,-10.07999,-10.07999,198413.0,198413.0,https://www.sec.gov/Archives/edgar/data/799698/0000799698-95-000007-index.html,https://www.sec.gov/Archives/edgar/data/799698/,1620590944,16:09:04,20210509
102,1995-06-30,CYTR,USD,1995-06-30,1995-06-30,Q4,600000.0,-200000.0,800000.0,1.3333333333333333,1900000.0,1000000.0,0.0,0.0,3100000.0,2900000.0,0.0,200000.0,-2100000.0,-3.5,-2300000.0,-3.8333333333333335,-1000000.0,0.0,0.0,0.0,-3300000.0,-5.5,-18.479982,-18.479982,178572.0,178572.0,,,1620590944,16:09:04,20210509
103,1995-03-31,CYTR,USD,1995-03-31,1995-03-31,Q4,600000.0,-100000.0,700000.0,1.1666666666666667,1700000.0,800000.0,0.0,0.0,2600000.0,2500000.0,0.0,100000.0,-1800000.0,-3.0,-1900000.0,-3.1666666666666665,-1400000.0,0.0,0.0,0.0,-3400000.0,-5.666666666666667,-18.479982,-18.479982,183983.0,183983.0,,,1620590944,16:09:04,20210509
104,1994-09-30,CYTR,USD,1994-09-30,1994-09-30,Q3,600000.0,-100000.0,700000.0,1.1666666666666667,1700000.0,800000.0,0.0,0.0,2500000.0,2400000.0,0.0,0.0,-1800000.0,-3.0,-1800000.0,-3.0,0.0,0.0,0.0,0.0,-1900000.0,-3.1666666666666665,-10.07999,-10.07999,188492.0,188492.0,,,1620590944,16:09:04,20210509
105,1994-06-30,CYTR,USD,1994-06-30,1994-06-30,Q4,600000.0,-100000.0,700000.0,1.1666666666666667,0.0,2600000.0,0.0,0.0,2700000.0,2600000.0,0.0,100000.0,-1900000.0,-3.1666666666666665,-2000000.0,-3.3333333333333335,0.0,0.0,0.0,0.0,-2000000.0,-3.3333333333333335,-10.07999,-10.07999,198413.0,198413.0,,,1620590944,16:09:04,20210509
106,1994-03-31,CYTR,USD,1994-03-31,1994-03-31,Q4,600000.0,-200000.0,800000.0,1.3333333333333333,0.0,2300000.0,0.0,0.0,2500000.0,2300000.0,0.0,200000.0,-1500000.0,-2.5,-1700000.0,-2.8333333333333335,0.0,0.0,0.0,0.0,-1600000.0,-2.6666666666666665,-8.399992,-8.399992,190476.0,190476.0,,,1620590944,16:09:04,20210509
107,1993-09-30,CYTR,USD,1993-09-30,1993-09-30,Q3,1200000.0,-100000.0,1300000.0,1.0833333333333333,0.0,2100000.0,0.0,0.0,2200000.0,2100000.0,0.0,0.0,-800000.0,-0.6666666666666666,-900000.0,-0.75,0.0,0.0,0.0,0.0,-1000000.0,-0.8333333333333334,-5.039995,-5.039995,198413.0,198413.0,,,1620590944,16:09:04,20210509
108,1993-06-30,CYTR,USD,1993-06-30,1993-06-30,Q4,1400000.0,-100000.0,1500000.0,1.0714285714285714,0.0,1600000.0,0.0,0.0,1700000.0,1600000.0,0.0,0.0,-100000.0,-0.07142857142857142,-200000.0,-0.14285714285714285,0.0,0.0,0.0,0.0,-200000.0,-0.14285714285714285,-1.679998,-1.679998,187571.0,187571.0,,,1620590944,16:09:04,20210509
109,1993-03-31,CYTR,USD,1993-03-31,1993-03-31,Q4,1600000.0,-100000.0,1700000.0,1.0625,0.0,1600000.0,0.0,0.0,1600000.0,1500000.0,0.0,0.0,-100000.0,-0.0625,100000.0,0.0625,200000.0,0.0,0.0,0.0,200000.0,0.125,1.066803,1.066803,187476.0,187476.0,,,1620590944,16:09:04,20210509
110,1992-09-30,CYTR,USD,1992-09-30,1992-09-30,Q3,600000.0,0.0,0.0,0.0,0.0,1400000.0,0.0,0.0,1400000.0,1400000.0,0.0,0.0,-1700000.0,-2.8333333333333335,-800000.0,-1.3333333333333333,900000.0,0.0,0.0,0.0,100000.0,0.16666666666666666,0.54383,0.54383,183881.0,183881.0,,,1620590944,16:09:04,20210509
111,1992-06-30,CYTR,USD,1992-06-30,1992-06-30,Q4,600000.0,0.0,0.0,0.0,0.0,1100000.0,0.0,0.0,1100000.0,1100000.0,0.0,0.0,-1200000.0,-2.0,-500000.0,-0.8333333333333334,700000.0,0.0,0.0,0.0,200000.0,0.3333333333333333,1.679998,1.679998,183881.0,183881.0,,,1620590944,16:09:04,20210509
112,1992-03-31,CYTR,USD,1992-03-31,1992-03-31,Q4,600000.0,0.0,0.0,0.0,0.0,1000000.0,0.0,0.0,1000000.0,1000000.0,0.0,0.0,-400000.0,-0.6666666666666666,-400000.0,-0.6666666666666666,300000.0,0.0,0.0,0.0,0.0,0.0,0.0,0.0,183643.0,183643.0,,,1620590944,16:09:04,20210509
113,1991-09-30,CYTR,USD,1991-09-30,1991-09-30,Q3,1600000.0,0.0,0.0,0.0,0.0,600000.0,0.0,0.0,600000.0,600000.0,0.0,0.0,1000000.0,0.625,1000000.0,0.625,0.0,0.0,0.0,0.0,1000000.0,0.625,8.399992,8.399992,119048.0,119048.0,,,1620590944,16:09:04,20210509
114,1991-06-30,CYTR,USD,1991-06-30,1991-06-30,Q4,1600000.0,0.0,0.0,0.0,0.0,500000.0,0.0,0.0,500000.0,500000.0,0.0,0.0,1100000.0,0.6875,1100000.0,0.6875,0.0,0.0,0.0,0.0,1100000.0,0.6875,10.07999,10.07999,109127.0,109127.0,,,1620590944,16:09:04,20210509
115,1991-03-31,CYTR,USD,1991-03-31,1991-03-31,Q4,1100000.0,0.0,0.0,0.0,0.0,500000.0,0.0,0.0,500000.0,500000.0,0.0,0.0,600000.0,0.5454545454545454,600000.0,0.5454545454545454,0.0,0.0,0.0,0.0,600000.0,0.5454545454545454,5.039995,5.039995,119048.0,119048.0,,,1620590944,16:09:04,20210509
116,1990-09-30,CYTR,USD,1990-09-30,1990-09-30,Q3,300000.0,0.0,0.0,0.0,0.0,400000.0,0.0,0.0,400000.0,400000.0,0.0,0.0,-100000.0,-0.3333333333333333,-100000.0,-0.3333333333333333,0.0,0.0,0.0,0.0,-200000.0,-0.6666666666666666,-1.679998,-1.679998,119048.0,119048.0,,,1620590944,16:09:04,20210509
117,1990-06-30,CYTR,USD,1990-06-30,1990-06-30,Q4,500000.0,0.0,500000.0,1.0,0.0,500000.0,0.0,0.0,500000.0,500000.0,0.0,0.0,0.0,0.0,0.0,0.0,0.0,0.0,0.0,0.0,0.0,0.0,0.0,0.0,119048.0,119048.0,,,1620590944,16:09:04,20210509
118,1990-03-31,CYTR,USD,1990-03-31,1990-03-31,Q4,100000.0,0.0,0.0,0.0,0.0,600000.0,0.0,0.0,600000.0,600000.0,0.0,0.0,-500000.0,-5.0,-500000.0,-5.0,0.0,0.0,0.0,0.0,-600000.0,-6.0,-5.039995,-5.039995,119048.0,119048.0,,,1620590944,16:09:04,20210509
119,1989-09-30,CYTR,USD,1989-09-30,1989-09-30,Q3,100000.0,-100000.0,200000.0,2.0,0.0,700000.0,0.0,0.0,800000.0,700000.0,0.0,0.0,-500000.0,-5.0,-600000.0,-6.0,0.0,0.0,0.0,0.0,-600000.0,-6.0,-6.719993,-6.719993,89286.0,89286.0,,,1620590944,16:09:04,20210509
120,1989-06-30,CYTR,USD,1989-06-30,1989-06-30,Q4,100000.0,0.0,0.0,0.0,0.0,0.0,0.0,0.0,0.0,0.0,0.0,0.0,100000.0,1.0,100000.0,1.0,0.0,0.0,0.0,0.0,0.0,0.0,-11.759988,-11.759988,98642.0,98642.0,,,1620590944,16:09:04,20210509
121,1989-03-31,CYTR,USD,1989-03-31,1989-03-31,Q4,100000.0,0.0,0.0,0.0,0.0,0.0,0.0,0.0,0.0,0.0,0.0,0.0,100000.0,1.0,100000.0,1.0,0.0,0.0,0.0,0.0,0.0,0.0,-11.759988,-11.759988,98642.0,98642.0,,,1620590944,16:09:04,20210509
122,1988-09-30,CYTR,USD,1988-09-30,1988-09-30,Q3,200000.0,0.0,0.0,0.0,0.0,0.0,0.0,0.0,0.0,0.0,0.0,0.0,200000.0,1.0,200000.0,1.0,0.0,0.0,0.0,0.0,0.0,0.0,-11.759988,-11.759988,131881.0,131881.0,,,1620590944,16:09:04,20210509
123,1988-06-30,CYTR,USD,1988-06-30,1988-06-30,Q4,200000.0,0.0,0.0,0.0,0.0,0.0,0.0,0.0,0.0,0.0,0.0,0.0,200000.0,1.0,200000.0,1.0,0.0,0.0,0.0,0.0,0.0,0.0,-11.759988,-11.759988,131881.0,131881.0,,,1620590944,16:09:04,20210509
124,1988-03-31,CYTR,USD,1988-03-31,1988-03-31,Q4,200000.0,0.0,0.0,0.0,0.0,0.0,0.0,0.0,0.0,0.0,0.0,0.0,200000.0,1.0,200000.0,1.0,0.0,0.0,0.0,0.0,0.0,0.0,-11.759988,-11.759988,131881.0,131881.0,,,1620590944,16:09:04,20210509
125,1987-09-30,CYTR,USD,1987-09-30,1987-09-30,Q3,200000.0,0.0,0.0,0.0,0.0,0.0,0.0,0.0,0.0,0.0,0.0,0.0,200000.0,1.0,200000.0,1.0,0.0,0.0,0.0,0.0,0.0,0.0,-5.039995,-5.039995,131881.0,131881.0,,,1620590944,16:09:04,20210509
126,1987-06-30,CYTR,USD,1987-06-30,1987-06-30,Q4,200000.0,0.0,0.0,0.0,0.0,0.0,0.0,0.0,0.0,0.0,0.0,0.0,200000.0,1.0,200000.0,1.0,0.0,0.0,0.0,0.0,0.0,0.0,-3.359997,-3.359997,131881.0,131881.0,,,1620590944,16:09:04,20210509
127,1987-03-31,CYTR,USD,1987-03-31,1987-03-31,Q4,100000.0,0.0,0.0,0.0,0.0,0.0,0.0,0.0,0.0,0.0,0.0,0.0,100000.0,1.0,100000.0,1.0,0.0,0.0,0.0,0.0,0.0,0.0,-3.359997,-3.359997,131881.0,131881.0,,,1620590944,16:09:04,20210509
