,date,symbol,reportedCurrency,fillingDate,acceptedDate,period,revenue,costOfRevenue,grossProfit,grossProfitRatio,researchAndDevelopmentExpenses,generalAndAdministrativeExpenses,sellingAndMarketingExpenses,otherExpenses,operatingExpenses,costAndExpenses,interestExpense,depreciationAndAmortization,ebitda,ebitdaratio,operatingIncome,operatingIncomeRatio,totalOtherIncomeExpensesNet,incomeBeforeTax,incomeBeforeTaxRatio,incomeTaxExpense,netIncome,netIncomeRatio,eps,epsdiluted,weightedAverageShsOut,weightedAverageShsOutDil,link,finalLink,timestamp,est_time,est_date
0,2020-03-31,EVV,USD,2020-03-31,2020-03-31,Q1,-46663025.5,0.0,0.0,0.0,0.0,451577.25,0.0,0.0,513020.75,0.0,5517627.0,0.0,0.0,0.0,0.0,0.0,0.0,-47176046.25,1.0109941596050174,0.0,-47176046.25,1.0109941596050174,-0.42075,-0.42075,115948064,115948064,,,1620591870,16:24:30,20210509
1,2019-09-30,EVV,USD,2019-09-30,2019-09-30,Q3,67999060.0,22283790.0,45715270.0,0.6722926758105185,0.0,99070.0,0.0,116050.0,215119.99999999886,22498910.0,7683090.0,0.0,60866320.0,0.895105,45500150.0,0.6691291026670074,0.0,53183230.0,0.7821171351486329,0.0,53183230.0,0.7821171351486329,0.4579,0.4579,116147020,116147020,,,1620591870,16:24:30,20210509
2,2019-03-31,EVV,USD,2019-03-31,2019-03-31,Q1,16647888.5,0.0,0.0,0.0,0.0,463397.75,0.0,0.0,534306.75,0.0,6026200.0,0.0,0.0,0.0,0.0,0.0,0.0,16113581.75,0.9679054343738547,0.0,16113581.75,0.9679054343738547,0.132,0.132,115223150,115223150,,,1620591870,16:24:30,20210509
3,2018-09-30,EVV,USD,2018-09-30,2018-09-30,Q1,70889030.0,22178850.0,48710180.0,0.6871328328233579,0.0,427100.0,0.0,100010.0,527110.0000000003,22705960.0,-8951090.0,0.0,30280890.0,0.427159,48183070.0,0.6796971266217072,0.0,39231980.0,0.5534280833014643,0.0,39231980.0,0.5534280833014643,0.33778,0.33778,116147020,116147020,,,1620591870,16:24:30,20210509
4,2018-03-31,EVV,USD,2018-03-31,2018-03-31,Q1,19244969.75,0.0,0.0,0.0,0.0,403766.75,75112.25,0.0,558711.25,0.0,4387540.5,0.0,0.0,0.0,0.0,0.0,0.0,18686258.5,0.970968452678394,0.0,18686258.5,0.970968452678394,0.14925,0.14925,116892843,116892843,,,1620591870,16:24:30,20210509
5,2017-09-30,EVV,USD,2017-09-30,2017-09-30,Q3,67492620.0,19010990.0,48481630.0,0.7183249072268938,0.0,398430.0,0.0,65770.0,464210.00000000134,19475200.0,16522150.0,0.0,81061720.0,1.201046,48017420.0,0.7114469700539111,0.0,64539570.0,0.9562463273762376,0.0,64539570.0,0.9562463273762376,0.55567,0.55567,116147020,116147020,,,1620591870,16:24:30,20210509
6,2013-09-30,EVV,USD,2013-09-30,2013-09-30,Q2,36550000.0,13280000.0,23270000.0,0.6366621067031464,0.0,0.0,0.0,-5770000.0,-5350000.0,7930000.0,8760000.0,0.0,46140000.0,1.26238,28620000.0,0.7830369357045144,-5770000.0,37380000.0,1.0227086183310534,0.0,37380000.0,1.0227086183310534,0.31454,0.31454,118840000,118840000,,,1620591870,16:24:30,20210509
7,2013-03-31,EVV,USD,2013-03-31,2013-03-31,Q1,46281631.75,0.0,0.0,0.0,0.0,429869.25,0.0,0.0,533112.5,0.0,2166293.75,0.0,0.0,0.0,45748519.25,0.9884811213468073,0.0,45748519.25,0.9884811213468073,0.0,45748519.25,0.9884811213468073,0.38825,0.38825,117518808,117518808,,,1620591870,16:24:30,20210509
8,2012-09-30,EVV,USD,2012-09-30,2012-09-30,Q4,39680000.0,13150000.0,26530000.0,0.6685987903225806,0.0,0.0,0.0,-5620000.0,-5240000.0,7910000.0,35430000.0,0.0,102630000.0,2.586442,31770000.0,0.8006552419354839,-5620000.0,67200000.0,1.6935483870967742,0.0,67200000.0,1.6935483870967742,0.56575,0.56575,118780000,118780000,,,1620591870,16:24:30,20210509
9,2012-03-31,EVV,USD,2012-03-31,2012-03-31,Q3,39380000.0,13170000.0,26200000.0,0.665312341289995,0.0,0.0,0.0,-5740000.0,-5070000.0,8100000.0,47290000.0,0.0,125860000.0,3.196039,31280000.0,0.7943118334179786,-5740000.0,78570000.0,1.9951752158456069,0.0,78570000.0,1.9951752158456069,0.66231,0.66231,118630000,118630000,,,1620591870,16:24:30,20210509
10,2011-04-30,EVV,USD,2011-04-30,2011-04-30,Q2,35640000.0,13410000.0,22230000.0,0.6237373737373737,0.0,0.0,0.0,-6470000.0,-5540000.0,7870000.0,-2490000.0,0.0,49760000.0,1.396184,27770000.0,0.7791806958473625,-6470000.0,52250000.0,1.4660493827160495,0.0,52250000.0,1.4660493827160495,0.44257,0.44257,118060000,118060000,,,1620591870,16:24:30,20210509
11,2010-10-31,EVV,USD,2010-10-31,2010-10-31,Q1,39320000.0,14220000.0,25110000.0,0.6386063072227874,0.0,0.0,0.0,-5890000.0,-5080000.0,9140000.0,23380000.0,0.0,116870000.0,2.972279,30180000.0,0.7675483214649034,-5890000.0,93490000.0,2.377670396744659,0.0,93490000.0,2.377670396744659,0.78848,0.78848,118570000,118570000,,,1620591870,16:24:30,20210509
12,2010-04-30,EVV,USD,2010-04-30,2010-04-30,Q4,39340000.0,13420000.0,25920000.0,0.6588713777325877,0.0,0.0,0.0,-5270000.0,-4920000.0,8500000.0,-72290000.0,0.0,13190000.0,0.335282,30840000.0,0.7839349262836808,-5270000.0,85480000.0,2.1728520589730556,0.0,85480000.0,2.1728520589730556,0.57886,0.57886,147670000,147670000,,,1620591870,16:24:30,20210509
13,2008-10-31,EVV,USD,2008-10-31,2008-10-31,Q3,48720000.0,0.0,0.0,0.0,0.0,0.0,0.0,-11120000.0,10570000.0,10570000.0,41210000.0,0.0,-326770000.0,-6.707102,38140000.0,0.7828407224958949,-11120000.0,-367980000.0,-7.552955665024631,0.0,-367980000.0,-7.552955665024631,-3.23641,-3.23641,113700000,113700000,,,1620591870,16:24:30,20210509
14,2008-04-30,EVV,USD,2008-04-30,2008-04-30,Q2,51760000.0,0.0,0.0,0.0,0.0,0.0,0.0,-8130000.0,4800000.0,4800000.0,53580000.0,0.0,55860000.0,1.079212,46960000.0,0.9072642967542504,-8130000.0,2280000.0,0.04404945904173107,0.0,2280000.0,0.04404945904173107,0.02005,0.02005,113700000,113700000,,,1620591870,16:24:30,20210509
15,2007-10-31,EVV,USD,2007-10-31,2007-10-31,Q1,53420000.0,0.0,0.0,0.0,0.0,0.0,0.0,-8330000.0,5140000.0,5140000.0,94120000.0,67700000.0,115980000.0,2.1710969674279297,48280000.0,0.9037813552976414,-8330000.0,73130000.0,1.3689629352302508,0.0,73130000.0,1.3689629352302508,0.64318,0.64318,113700000,113700000,,,1620591870,16:24:30,20210509
16,2007-04-30,EVV,USD,2007-04-30,2007-04-30,Q4,53940000.0,7910000.0,46030000.0,0.853355580274379,0.0,0.0,0.0,0.0,-2690000.0000000005,5220000.0,-8040000.0,0.0,53980000.0,1.000742,48720000.0,0.9032258064516129,0.0,62020000.0,1.149796069707082,0.0,62020000.0,1.149796069707082,0.54006,0.54006,114840000,114840000,,,1620591870,16:24:30,20210509
17,2006-04-30,EVV,USD,2006-04-30,2006-04-30,Q3,52420000.0,7770000.0,44650000.0,0.851774132010683,0.0,0.0,0.0,0.0,-2670000.0,5100000.0,-11670000.0,0.0,38470000.0,0.73388,47330000.0,0.9028996566196108,0.0,50140000.0,0.9565051507058374,0.0,50140000.0,0.9565051507058374,0.44368,0.44368,113010000,113010000,,,1620591870,16:24:30,20210509
