,date,symbol,reportedCurrency,fillingDate,acceptedDate,period,revenue,costOfRevenue,grossProfit,grossProfitRatio,researchAndDevelopmentExpenses,generalAndAdministrativeExpenses,sellingAndMarketingExpenses,otherExpenses,operatingExpenses,costAndExpenses,interestExpense,depreciationAndAmortization,ebitda,ebitdaratio,operatingIncome,operatingIncomeRatio,totalOtherIncomeExpensesNet,incomeBeforeTax,incomeBeforeTaxRatio,incomeTaxExpense,netIncome,netIncomeRatio,eps,epsdiluted,weightedAverageShsOut,weightedAverageShsOutDil,link,finalLink,timestamp,est_time,est_date
0,2020-09-30,TRD.L,GBP,2020-09-30,2020-09-30,Q3,4838500.0,4125000.0,713500.0,0.1474630567324584,0.0,855500.0,0.0,0.0,0.0,4980500.0,14250.0,67000.0,-75000.0,-0.015500671695773483,-142000.0,-0.02934793841066446,0.0,-150500.0,-0.031104681202852123,39750.0,-190250.0,-0.03932003720161207,-0.012042577490109103,-0.012042577490109103,15798113,15798113,https://find-and-update.company-information.service.gov.uk/search/companies?q=Triad+Group+PLC,https://find-and-update.company-information.service.gov.uk/search/companies?q=Triad+Group+PLC,1620599000,18:23:20,20210509
1,2020-06-30,TRD.L,GBP,2020-06-30,2020-06-30,Q2,4838500.0,4125000.0,713500.0,0.1474630567324584,0.0,855500.0,0.0,0.0,0.0,4980500.0,14250.0,67000.0,-75000.0,-0.015500671695773483,-142000.0,-0.02934793841066446,0.0,-150500.0,-0.031104681202852123,39750.0,-190250.0,-0.03932003720161207,-0.012042577490109103,-0.012042577490109103,15798113,15798113,https://find-and-update.company-information.service.gov.uk/search/companies?q=Triad+Group+PLC,https://find-and-update.company-information.service.gov.uk/search/companies?q=Triad+Group+PLC,1620599000,18:23:20,20210509
2,2020-03-31,TRD.L,GBP,2020-03-31,2020-03-31,Q1,4838500.0,4125000.0,713500.0,0.1474630567324584,0.0,855500.0,0.0,0.0,0.0,4980500.0,14250.0,67000.0,-75000.0,-0.015500671695773483,-142000.0,-0.02934793841066446,0.0,-150500.0,-0.031104681202852123,39750.0,-190250.0,-0.03932003720161207,-0.012042577490109103,-0.012042577490109103,15798113,15798113,https://find-and-update.company-information.service.gov.uk/search/companies?q=Triad+Group+PLC,https://find-and-update.company-information.service.gov.uk/search/companies?q=Triad+Group+PLC,1620599000,18:23:20,20210509
3,2020-01-31,TRD.L,GBP,2020-01-31,2020-01-31,Q1,4838500.0,4125000.0,713500.0,0.1474630567324584,0.0,855500.0,0.0,0.0,0.0,4980500.0,14250.0,67000.0,-75000.0,-0.015500671695773483,-142000.0,-0.02934793841066446,0.0,-150500.0,-0.031104681202852123,39750.0,-190250.0,-0.03932003720161207,-0.012042577490109103,-0.012042577490109103,15798113,15798113,https://find-and-update.company-information.service.gov.uk/search/companies?q=Triad+Group+PLC,https://find-and-update.company-information.service.gov.uk/search/companies?q=Triad+Group+PLC,1620599000,18:23:20,20210509
4,2019-06-30,TRD.L,GBP,2019-06-30,2019-06-30,Q2,5678250.0,4584250.0,1094000.0,0.19266499361599085,0.0,839250.0,0.0,0.0,0.0,5423500.0,250.0,17750.0,272500.0,0.04799013780654251,254750.0,0.044864174701712674,0.0,254250.0,0.04477611940298507,33000.0,221250.0,0.03896446968696341,0.014,0.0136,15798113,16279529,https://find-and-update.company-information.service.gov.uk/search/companies?q=Triad+Group+PLC,https://find-and-update.company-information.service.gov.uk/search/companies?q=Triad+Group+PLC,1620599000,18:23:20,20210509
5,2019-03-31,TRD.L,GBP,2019-03-31,2019-03-31,Q1,5678250.0,4584250.0,1094000.0,0.19266499361599085,0.0,839250.0,0.0,0.0,0.0,5423500.0,250.0,17750.0,272500.0,0.04799013780654251,254750.0,0.044864174701712674,0.0,254250.0,0.04477611940298507,33000.0,221250.0,0.03896446968696341,0.014,0.0136,15798113,16279529,https://find-and-update.company-information.service.gov.uk/search/companies?q=Triad+Group+PLC,https://find-and-update.company-information.service.gov.uk/search/companies?q=Triad+Group+PLC,1620599000,18:23:20,20210509
6,2019-01-31,TRD.L,GBP,2019-01-31,2019-01-31,Q1,5678250.0,4584250.0,1094000.0,0.19266499361599085,0.0,839250.0,0.0,0.0,0.0,5423500.0,250.0,17750.0,272500.0,0.04799013780654251,254750.0,0.044864174701712674,0.0,254250.0,0.04477611940298507,33000.0,221250.0,0.03896446968696341,0.014,0.0136,15798113,16279529,https://find-and-update.company-information.service.gov.uk/search/companies?q=Triad+Group+PLC,https://find-and-update.company-information.service.gov.uk/search/companies?q=Triad+Group+PLC,1620599000,18:23:20,20210509
7,2018-06-30,TRD.L,GBP,2018-06-30,2018-06-30,Q2,6954750.0,5773750.0,1181000.0,0.16981199899349367,0.0,761250.0,0.0,0.0,0.0,6535000.0,1000.0,16500.0,436250.0,0.06272691326072109,419750.0,0.060354434019914444,0.0,415500.0,0.059743340882130916,9500.0,406000.0,0.05837736798590891,0.026125,0.02505,15541786,16211289,https://find-and-update.company-information.service.gov.uk/search/companies?q=Triad+Group+PLC,https://find-and-update.company-information.service.gov.uk/search/companies?q=Triad+Group+PLC,1620599000,18:23:20,20210509
8,2018-03-31,TRD.L,GBP,2018-03-31,2018-03-31,Q1,6954750.0,5773750.0,1181000.0,0.16981199899349367,0.0,761250.0,0.0,0.0,0.0,6535000.0,1000.0,16500.0,436250.0,0.06272691326072109,419750.0,0.060354434019914444,0.0,415500.0,0.059743340882130916,9500.0,406000.0,0.05837736798590891,0.026125,0.02505,15541786,16211289,https://find-and-update.company-information.service.gov.uk/search/companies?q=Triad+Group+PLC,https://find-and-update.company-information.service.gov.uk/search/companies?q=Triad+Group+PLC,1620599000,18:23:20,20210509
9,2018-01-31,TRD.L,GBP,2018-01-31,2018-01-31,Q1,6954750.0,5773750.0,1181000.0,0.16981199899349367,0.0,761250.0,0.0,0.0,0.0,6535000.0,1000.0,16500.0,436250.0,0.06272691326072109,419750.0,0.060354434019914444,0.0,415500.0,0.059743340882130916,9500.0,406000.0,0.05837736798590891,0.026125,0.02505,15541786,16211289,https://find-and-update.company-information.service.gov.uk/search/companies?q=Triad+Group+PLC,https://find-and-update.company-information.service.gov.uk/search/companies?q=Triad+Group+PLC,1620599000,18:23:20,20210509
10,2017-06-30,TRD.L,GBP,2017-06-30,2017-06-30,Q2,7728000.0,6478000.0,1250000.0,0.16174948240165632,0.0,863250.0,0.0,0.0,0.0,7341250.0,1000.0,16250.0,403000.0,0.05214803312629399,386750.0,0.050045289855072464,0.0,380250.0,0.04920419254658385,-3250.0,383500.0,0.04962474120082816,0.0252,0.023875,15219826,16068263,https://find-and-update.company-information.service.gov.uk/search/companies?q=Triad+Group+PLC,https://find-and-update.company-information.service.gov.uk/search/companies?q=Triad+Group+PLC,1620599000,18:23:20,20210509
11,2017-03-31,TRD.L,GBP,2017-03-31,2017-03-31,Q1,7728000.0,6478000.0,1250000.0,0.16174948240165632,0.0,863250.0,0.0,0.0,0.0,7341250.0,1000.0,16250.0,403000.0,0.05214803312629399,386750.0,0.050045289855072464,0.0,380250.0,0.04920419254658385,-3250.0,383500.0,0.04962474120082816,0.0252,0.023875,15219826,16068263,https://find-and-update.company-information.service.gov.uk/search/companies?q=Triad+Group+PLC,https://find-and-update.company-information.service.gov.uk/search/companies?q=Triad+Group+PLC,1620599000,18:23:20,20210509
12,2017-01-31,TRD.L,GBP,2017-01-31,2017-01-31,Q1,7728000.0,6478000.0,1250000.0,0.16174948240165632,0.0,863250.0,0.0,0.0,0.0,7341250.0,1000.0,16250.0,403000.0,0.05214803312629399,386750.0,0.050045289855072464,0.0,380250.0,0.04920419254658385,-3250.0,383500.0,0.04962474120082816,0.0252,0.023875,15219826,16068263,https://find-and-update.company-information.service.gov.uk/search/companies?q=Triad+Group+PLC,https://find-and-update.company-information.service.gov.uk/search/companies?q=Triad+Group+PLC,1620599000,18:23:20,20210509
13,2016-06-30,TRD.L,GBP,2016-06-30,2016-06-30,Q2,7079250.0,6020250.0,1059000.0,0.14959211780908996,0.0,814000.0,0.0,0.0,0.0,6834250.0,2500.0,38250.0,283250.0,0.04001130063212911,245000.0,0.034608185895398526,0.0,215750.0,0.030476392273192782,-87500.0,303250.0,0.04283645866440654,0.020025,0.0193,15149579,15704498,https://find-and-update.company-information.service.gov.uk/search/companies?q=Triad+Group+PLC,https://find-and-update.company-information.service.gov.uk/search/companies?q=Triad+Group+PLC,1620599000,18:23:20,20210509
14,2016-03-31,TRD.L,GBP,2016-03-31,2016-03-31,Q1,7079250.0,6020250.0,1059000.0,0.14959211780908996,0.0,814000.0,0.0,0.0,0.0,6834250.0,2500.0,38250.0,283250.0,0.04001130063212911,245000.0,0.034608185895398526,0.0,215750.0,0.030476392273192782,-87500.0,303250.0,0.04283645866440654,0.020025,0.0193,15149579,15704498,https://find-and-update.company-information.service.gov.uk/search/companies?q=Triad+Group+PLC,https://find-and-update.company-information.service.gov.uk/search/companies?q=Triad+Group+PLC,1620599000,18:23:20,20210509
15,2016-01-31,TRD.L,GBP,2016-01-31,2016-01-31,Q1,7079250.0,6020250.0,1059000.0,0.14959211780908996,0.0,814000.0,0.0,0.0,0.0,6834250.0,2500.0,38250.0,283250.0,0.04001130063212911,245000.0,0.034608185895398526,0.0,215750.0,0.030476392273192782,-87500.0,303250.0,0.04283645866440654,0.020025,0.0193,15149579,15704498,https://find-and-update.company-information.service.gov.uk/search/companies?q=Triad+Group+PLC,https://find-and-update.company-information.service.gov.uk/search/companies?q=Triad+Group+PLC,1620599000,18:23:20,20210509
16,2015-09-30,TRD.L,GBP,2015-09-30,2015-09-30,Q3,5870500.0,5042750.0,827750.0,0.1410016182607955,0.0,712250.0,0.0,0.0,0.0,5755000.0,2750.0,20250.0,135750.0,0.02312409505152883,115500.0,0.019674644408483093,0.0,88000.0,0.014990205263606166,0.0,88000.0,0.014990205263606166,0.0058,0.0058,15149579,15149579,https://find-and-update.company-information.service.gov.uk/search/companies?q=Triad+Group+PLC,https://find-and-update.company-information.service.gov.uk/search/companies?q=Triad+Group+PLC,1620599000,18:23:20,20210509
17,2015-06-30,TRD.L,GBP,2015-06-30,2015-06-30,Q2,5870500.0,5042750.0,827750.0,0.1410016182607955,0.0,712250.0,0.0,0.0,0.0,5755000.0,2750.0,20250.0,135750.0,0.02312409505152883,115500.0,0.019674644408483093,0.0,88000.0,0.014990205263606166,0.0,88000.0,0.014990205263606166,0.0058,0.0058,15149579,15149579,https://find-and-update.company-information.service.gov.uk/search/companies?q=Triad+Group+PLC,https://find-and-update.company-information.service.gov.uk/search/companies?q=Triad+Group+PLC,1620599000,18:23:20,20210509
18,2015-03-31,TRD.L,GBP,2015-03-31,2015-03-31,Q1,5870500.0,5042750.0,827750.0,0.1410016182607955,0.0,712250.0,0.0,0.0,0.0,5755000.0,2750.0,20250.0,135750.0,0.02312409505152883,115500.0,0.019674644408483093,0.0,88000.0,0.014990205263606166,0.0,88000.0,0.014990205263606166,0.0058,0.0058,15149579,15149579,https://find-and-update.company-information.service.gov.uk/search/companies?q=Triad+Group+PLC,https://find-and-update.company-information.service.gov.uk/search/companies?q=Triad+Group+PLC,1620599000,18:23:20,20210509
19,2015-01-31,TRD.L,GBP,2015-01-31,2015-01-31,Q1,5870500.0,5042750.0,827750.0,0.1410016182607955,0.0,712250.0,0.0,0.0,0.0,5755000.0,2750.0,20250.0,135750.0,0.02312409505152883,115500.0,0.019674644408483093,0.0,88000.0,0.014990205263606166,0.0,88000.0,0.014990205263606166,0.0058,0.0058,15149579,15149579,https://find-and-update.company-information.service.gov.uk/search/companies?q=Triad+Group+PLC,https://find-and-update.company-information.service.gov.uk/search/companies?q=Triad+Group+PLC,1620599000,18:23:20,20210509
20,2014-09-30,TRD.L,GBP,2014-09-30,2014-09-30,Q3,4925500.0,4209750.0,715750.0,0.1453151964267587,0.0,684500.0,0.0,0.0,0.0,4894250.0,5250.0,18750.0,50000.0,0.010151253679829459,31250.0,0.0063445335498934115,0.0,2750.0,0.0005583189523906203,0.0,2750.0,0.0005583189523906203,0.000175,0.000175,15149579,15149579,https://find-and-update.company-information.service.gov.uk/search/companies?q=Triad+Group+PLC,https://find-and-update.company-information.service.gov.uk/search/companies?q=Triad+Group+PLC,1620599000,18:23:20,20210509
21,2014-06-30,TRD.L,GBP,2014-06-30,2014-06-30,Q2,4925500.0,4209750.0,715750.0,0.1453151964267587,0.0,684500.0,0.0,0.0,0.0,4894250.0,5250.0,18750.0,50000.0,0.010151253679829459,31250.0,0.0063445335498934115,0.0,2750.0,0.0005583189523906203,0.0,2750.0,0.0005583189523906203,0.000175,0.000175,15149579,15149579,https://find-and-update.company-information.service.gov.uk/search/companies?q=Triad+Group+PLC,https://find-and-update.company-information.service.gov.uk/search/companies?q=Triad+Group+PLC,1620599000,18:23:20,20210509
22,2014-03-31,TRD.L,GBP,2014-03-31,2014-03-31,Q1,4925500.0,4209750.0,715750.0,0.1453151964267587,0.0,684500.0,0.0,0.0,0.0,4894250.0,5250.0,18750.0,50000.0,0.010151253679829459,31250.0,0.0063445335498934115,0.0,2750.0,0.0005583189523906203,0.0,2750.0,0.0005583189523906203,0.000175,0.000175,15149579,15149579,https://find-and-update.company-information.service.gov.uk/search/companies?q=Triad+Group+PLC,https://find-and-update.company-information.service.gov.uk/search/companies?q=Triad+Group+PLC,1620599000,18:23:20,20210509
23,2014-01-31,TRD.L,GBP,2014-01-31,2014-01-31,Q1,4925500.0,4209750.0,715750.0,0.1453151964267587,0.0,684500.0,0.0,0.0,0.0,4894250.0,5250.0,18750.0,50000.0,0.010151253679829459,31250.0,0.0063445335498934115,0.0,2750.0,0.0005583189523906203,0.0,2750.0,0.0005583189523906203,0.000175,0.000175,15149579,15149579,https://find-and-update.company-information.service.gov.uk/search/companies?q=Triad+Group+PLC,https://find-and-update.company-information.service.gov.uk/search/companies?q=Triad+Group+PLC,1620599000,18:23:20,20210509
24,2013-09-30,TRD.L,GBP,2013-09-30,2013-09-30,Q3,4720000.0,4044000.0,676000.0,0.14322033898305084,0.0,682250.0,0.0,0.0,0.0,4726250.0,4000.0,18250.0,12000.0,0.002542372881355932,-6250.0,-0.0013241525423728813,0.0,7000.0,0.0014830508474576272,0.0,7000.0,0.0014830508474576272,0.00045,0.00045,15149579,15149579,https://find-and-update.company-information.service.gov.uk/search/companies?q=Triad+Group+PLC,https://find-and-update.company-information.service.gov.uk/search/companies?q=Triad+Group+PLC,1620599000,18:23:20,20210509
25,2013-06-30,TRD.L,GBP,2013-06-30,2013-06-30,Q2,4720000.0,4044000.0,676000.0,0.14322033898305084,0.0,682250.0,0.0,0.0,0.0,4726250.0,4000.0,18250.0,12000.0,0.002542372881355932,-6250.0,-0.0013241525423728813,0.0,7000.0,0.0014830508474576272,0.0,7000.0,0.0014830508474576272,0.00045,0.00045,15149579,15149579,https://find-and-update.company-information.service.gov.uk/search/companies?q=Triad+Group+PLC,https://find-and-update.company-information.service.gov.uk/search/companies?q=Triad+Group+PLC,1620599000,18:23:20,20210509
26,2013-03-31,TRD.L,GBP,2013-03-31,2013-03-31,Q1,4720000.0,4044000.0,676000.0,0.14322033898305084,0.0,682250.0,0.0,0.0,0.0,4726250.0,4000.0,18250.0,12000.0,0.002542372881355932,-6250.0,-0.0013241525423728813,0.0,7000.0,0.0014830508474576272,0.0,7000.0,0.0014830508474576272,0.00045,0.00045,15149579,15149579,https://find-and-update.company-information.service.gov.uk/search/companies?q=Triad+Group+PLC,https://find-and-update.company-information.service.gov.uk/search/companies?q=Triad+Group+PLC,1620599000,18:23:20,20210509
27,2013-01-31,TRD.L,GBP,2013-01-31,2013-01-31,Q1,4720000.0,4044000.0,676000.0,0.14322033898305084,0.0,682250.0,0.0,0.0,0.0,4726250.0,4000.0,18250.0,12000.0,0.002542372881355932,-6250.0,-0.0013241525423728813,0.0,7000.0,0.0014830508474576272,0.0,7000.0,0.0014830508474576272,0.00045,0.00045,15149579,15149579,https://find-and-update.company-information.service.gov.uk/search/companies?q=Triad+Group+PLC,https://find-and-update.company-information.service.gov.uk/search/companies?q=Triad+Group+PLC,1620599000,18:23:20,20210509
28,2012-09-30,TRD.L,GBP,2012-09-30,2012-09-30,Q3,4861750.0,4052000.0,809750.0,0.16655525273821156,0.0,651500.0,0.0,0.0,656000.0,4857000.0,7000.0,60500.0,65250.0,0.01342109322774721,4750.0,0.0009770144495294905,0.0,-19000.0,-0.003908057798117962,-69250.0,50250.0,0.010335784439759346,0.003325,0.003325,15149579,15149579,https://find-and-update.company-information.service.gov.uk/search/companies?q=Triad+Group+PLC,https://find-and-update.company-information.service.gov.uk/search/companies?q=Triad+Group+PLC,1620599000,18:23:20,20210509
29,2012-06-30,TRD.L,GBP,2012-06-30,2012-06-30,Q2,4861750.0,4052000.0,809750.0,0.16655525273821156,0.0,651500.0,0.0,0.0,656000.0,4857000.0,7000.0,60500.0,65250.0,0.01342109322774721,4750.0,0.0009770144495294905,0.0,-19000.0,-0.003908057798117962,-69250.0,50250.0,0.010335784439759346,0.003325,0.003325,15149579,15149579,https://find-and-update.company-information.service.gov.uk/search/companies?q=Triad+Group+PLC,https://find-and-update.company-information.service.gov.uk/search/companies?q=Triad+Group+PLC,1620599000,18:23:20,20210509
30,2012-03-31,TRD.L,GBP,2012-03-31,2012-03-31,Q1,4861750.0,4052000.0,809750.0,0.16655525273821156,0.0,651500.0,0.0,0.0,656000.0,4857000.0,7000.0,60500.0,65250.0,0.01342109322774721,4750.0,0.0009770144495294905,0.0,-19000.0,-0.003908057798117962,-69250.0,50250.0,0.010335784439759346,0.003325,0.003325,15149579,15149579,https://find-and-update.company-information.service.gov.uk/search/companies?q=Triad+Group+PLC,https://find-and-update.company-information.service.gov.uk/search/companies?q=Triad+Group+PLC,1620599000,18:23:20,20210509
31,2012-01-31,TRD.L,GBP,2012-01-31,2012-01-31,Q1,4861750.0,4052000.0,809750.0,0.16655525273821156,0.0,651500.0,0.0,0.0,656000.0,4857000.0,7000.0,60500.0,65250.0,0.01342109322774721,4750.0,0.0009770144495294905,0.0,-19000.0,-0.003908057798117962,-69250.0,50250.0,0.010335784439759346,0.003325,0.003325,15149579,15149579,https://find-and-update.company-information.service.gov.uk/search/companies?q=Triad+Group+PLC,https://find-and-update.company-information.service.gov.uk/search/companies?q=Triad+Group+PLC,1620599000,18:23:20,20210509
32,2011-09-30,TRD.L,GBP,2011-09-30,2011-09-30,Q3,5824500.0,4913500.0,911000.0,0.15640827538844537,0.0,764750.0,0.0,0.0,763250.0,5925750.0,5500.0,97250.0,-4000.0,-0.000686754227830715,-101250.0,-0.017383466391964975,0.0,-230000.0,-0.03948836810026612,0.0,-230000.0,-0.03948836810026612,-0.015175,-0.015175,15149579,15149579,https://find-and-update.company-information.service.gov.uk/search/companies?q=Triad+Group+PLC,https://find-and-update.company-information.service.gov.uk/search/companies?q=Triad+Group+PLC,1620599000,18:23:20,20210509
33,2011-06-30,TRD.L,GBP,2011-06-30,2011-06-30,Q2,5824500.0,4913500.0,911000.0,0.15640827538844537,0.0,764750.0,0.0,0.0,763250.0,5925750.0,5500.0,97250.0,-4000.0,-0.000686754227830715,-101250.0,-0.017383466391964975,0.0,-230000.0,-0.03948836810026612,0.0,-230000.0,-0.03948836810026612,-0.015175,-0.015175,15149579,15149579,https://find-and-update.company-information.service.gov.uk/search/companies?q=Triad+Group+PLC,https://find-and-update.company-information.service.gov.uk/search/companies?q=Triad+Group+PLC,1620599000,18:23:20,20210509
34,2011-03-31,TRD.L,GBP,2011-03-31,2011-03-31,Q1,5824500.0,4913500.0,911000.0,0.15640827538844537,0.0,764750.0,0.0,0.0,763250.0,5925750.0,5500.0,97250.0,-4000.0,-0.000686754227830715,-101250.0,-0.017383466391964975,0.0,-230000.0,-0.03948836810026612,0.0,-230000.0,-0.03948836810026612,-0.015175,-0.015175,15149579,15149579,https://find-and-update.company-information.service.gov.uk/search/companies?q=Triad+Group+PLC,https://find-and-update.company-information.service.gov.uk/search/companies?q=Triad+Group+PLC,1620599000,18:23:20,20210509
35,2011-01-31,TRD.L,GBP,2011-01-31,2011-01-31,Q1,5824500.0,4913500.0,911000.0,0.15640827538844537,0.0,764750.0,0.0,0.0,763250.0,5925750.0,5500.0,97250.0,-4000.0,-0.000686754227830715,-101250.0,-0.017383466391964975,0.0,-230000.0,-0.03948836810026612,0.0,-230000.0,-0.03948836810026612,-0.015175,-0.015175,15149579,15149579,https://find-and-update.company-information.service.gov.uk/search/companies?q=Triad+Group+PLC,https://find-and-update.company-information.service.gov.uk/search/companies?q=Triad+Group+PLC,1620599000,18:23:20,20210509
36,2010-09-30,TRD.L,GBP,2010-09-30,2010-09-30,Q3,6794000.0,5613250.0,1180750.0,0.17379305269355314,0.0,997000.0,0.0,0.0,1008000.0,6909250.0,7000.0,122750.0,7500.0,0.001103915219311157,-115250.0,-0.01696349720341478,0.0,-153250.0,-0.02255666764792464,0.0,-153250.0,-0.02255666764792464,-0.010125,-0.010125,15149579,15149579,https://find-and-update.company-information.service.gov.uk/search/companies?q=Triad+Group+PLC,https://find-and-update.company-information.service.gov.uk/search/companies?q=Triad+Group+PLC,1620599000,18:23:20,20210509
37,2010-06-30,TRD.L,GBP,2010-06-30,2010-06-30,Q2,6794000.0,5613250.0,1180750.0,0.17379305269355314,0.0,997000.0,0.0,0.0,1008000.0,6909250.0,7000.0,122750.0,7500.0,0.001103915219311157,-115250.0,-0.01696349720341478,0.0,-153250.0,-0.02255666764792464,0.0,-153250.0,-0.02255666764792464,-0.010125,-0.010125,15149579,15149579,https://find-and-update.company-information.service.gov.uk/search/companies?q=Triad+Group+PLC,https://find-and-update.company-information.service.gov.uk/search/companies?q=Triad+Group+PLC,1620599000,18:23:20,20210509
38,2010-03-31,TRD.L,GBP,2010-03-31,2010-03-31,Q1,6794000.0,5613250.0,1180750.0,0.17379305269355314,0.0,997000.0,0.0,0.0,1008000.0,6909250.0,7000.0,122750.0,7500.0,0.001103915219311157,-115250.0,-0.01696349720341478,0.0,-153250.0,-0.02255666764792464,0.0,-153250.0,-0.02255666764792464,-0.010125,-0.010125,15149579,15149579,https://find-and-update.company-information.service.gov.uk/search/companies?q=Triad+Group+PLC,https://find-and-update.company-information.service.gov.uk/search/companies?q=Triad+Group+PLC,1620599000,18:23:20,20210509
39,2010-01-31,TRD.L,GBP,2010-01-31,2010-01-31,Q1,6794000.0,5613250.0,1180750.0,0.17379305269355314,0.0,997000.0,0.0,0.0,1008000.0,6909250.0,7000.0,122750.0,7500.0,0.001103915219311157,-115250.0,-0.01696349720341478,0.0,-153250.0,-0.02255666764792464,0.0,-153250.0,-0.02255666764792464,-0.010125,-0.010125,15149579,15149579,https://find-and-update.company-information.service.gov.uk/search/companies?q=Triad+Group+PLC,https://find-and-update.company-information.service.gov.uk/search/companies?q=Triad+Group+PLC,1620599000,18:23:20,20210509
40,2009-09-30,TRD.L,GBP,2009-09-30,2009-09-30,Q3,8192500.0,6638000.0,1554500.0,0.1897467195605737,0.0,1191000.0,0.0,0.0,1194250.0,8136750.0,17000.0,127250.0,183000.0,0.02233750381446445,55750.0,0.006805004577357339,0.0,-10000.0,-0.0012206286237412267,0.0,-10000.0,-0.0012206286237412267,-0.00065,-0.00065,15149579,15149579,https://find-and-update.company-information.service.gov.uk/search/companies?q=Triad+Group+PLC,https://find-and-update.company-information.service.gov.uk/search/companies?q=Triad+Group+PLC,1620599000,18:23:20,20210509
41,2009-06-30,TRD.L,GBP,2009-06-30,2009-06-30,Q2,8192500.0,6638000.0,1554500.0,0.1897467195605737,0.0,1191000.0,0.0,0.0,1194250.0,8136750.0,17000.0,127250.0,183000.0,0.02233750381446445,55750.0,0.006805004577357339,0.0,-10000.0,-0.0012206286237412267,0.0,-10000.0,-0.0012206286237412267,-0.00065,-0.00065,15149579,15149579,https://find-and-update.company-information.service.gov.uk/search/companies?q=Triad+Group+PLC,https://find-and-update.company-information.service.gov.uk/search/companies?q=Triad+Group+PLC,1620599000,18:23:20,20210509
42,2009-03-31,TRD.L,GBP,2009-03-31,2009-03-31,Q1,8192500.0,6638000.0,1554500.0,0.1897467195605737,0.0,1191000.0,0.0,0.0,1194250.0,8136750.0,17000.0,127250.0,183000.0,0.02233750381446445,55750.0,0.006805004577357339,0.0,-10000.0,-0.0012206286237412267,0.0,-10000.0,-0.0012206286237412267,-0.00065,-0.00065,15149579,15149579,https://find-and-update.company-information.service.gov.uk/search/companies?q=Triad+Group+PLC,https://find-and-update.company-information.service.gov.uk/search/companies?q=Triad+Group+PLC,1620599000,18:23:20,20210509
43,2009-01-31,TRD.L,GBP,2009-01-31,2009-01-31,Q1,8192500.0,6638000.0,1554500.0,0.1897467195605737,0.0,1191000.0,0.0,0.0,1194250.0,8136750.0,17000.0,127250.0,183000.0,0.02233750381446445,55750.0,0.006805004577357339,0.0,-10000.0,-0.0012206286237412267,0.0,-10000.0,-0.0012206286237412267,-0.00065,-0.00065,15149579,15149579,https://find-and-update.company-information.service.gov.uk/search/companies?q=Triad+Group+PLC,https://find-and-update.company-information.service.gov.uk/search/companies?q=Triad+Group+PLC,1620599000,18:23:20,20210509
44,2008-09-30,TRD.L,GBP,2008-09-30,2008-09-30,Q3,8323500.0,6804000.0,1519500.0,0.1825554153901604,0.0,1576000.0,0.0,0.0,1301250.0,8387750.0,25000.0,105250.0,41000.0,0.004925812458701268,-64250.0,-0.007719108548086742,0.0,-174500.0,-0.020964738391301738,0.0,-174500.0,-0.020964738391301738,-0.011525,-0.011525,15149579,15149579,https://find-and-update.company-information.service.gov.uk/search/companies?q=Triad+Group+PLC,https://find-and-update.company-information.service.gov.uk/search/companies?q=Triad+Group+PLC,1620599000,18:23:20,20210509
45,2008-06-30,TRD.L,GBP,2008-06-30,2008-06-30,Q2,8323500.0,6804000.0,1519500.0,0.1825554153901604,0.0,1576000.0,0.0,0.0,1301250.0,8387750.0,25000.0,105250.0,41000.0,0.004925812458701268,-64250.0,-0.007719108548086742,0.0,-174500.0,-0.020964738391301738,0.0,-174500.0,-0.020964738391301738,-0.011525,-0.011525,15149579,15149579,https://find-and-update.company-information.service.gov.uk/search/companies?q=Triad+Group+PLC,https://find-and-update.company-information.service.gov.uk/search/companies?q=Triad+Group+PLC,1620599000,18:23:20,20210509
46,2008-03-31,TRD.L,GBP,2008-03-31,2008-03-31,Q1,8323500.0,6804000.0,1519500.0,0.1825554153901604,0.0,1576000.0,0.0,0.0,1301250.0,8387750.0,25000.0,105250.0,41000.0,0.004925812458701268,-64250.0,-0.007719108548086742,0.0,-174500.0,-0.020964738391301738,0.0,-174500.0,-0.020964738391301738,-0.011525,-0.011525,15149579,15149579,https://find-and-update.company-information.service.gov.uk/search/companies?q=Triad+Group+PLC,https://find-and-update.company-information.service.gov.uk/search/companies?q=Triad+Group+PLC,1620599000,18:23:20,20210509
47,2008-01-31,TRD.L,GBP,2008-01-31,2008-01-31,Q1,8323500.0,6804000.0,1519500.0,0.1825554153901604,0.0,1576000.0,0.0,0.0,1301250.0,8387750.0,25000.0,105250.0,41000.0,0.004925812458701268,-64250.0,-0.007719108548086742,0.0,-174500.0,-0.020964738391301738,0.0,-174500.0,-0.020964738391301738,-0.011525,-0.011525,15149579,15149579,https://find-and-update.company-information.service.gov.uk/search/companies?q=Triad+Group+PLC,https://find-and-update.company-information.service.gov.uk/search/companies?q=Triad+Group+PLC,1620599000,18:23:20,20210509
48,2007-09-30,TRD.L,GBP,2007-09-30,2007-09-30,Q3,9020250.0,7447750.0,1572500.0,0.1743299797677448,0.0,1564500.0,0.0,0.0,1285750.0,9015250.0,8000.0,104500.0,109500.0,0.012139353122141847,5000.0,0.0005543083617416369,0.0,-248750.0,-0.027576840996646434,51500.0,-300250.0,-0.033286217122585296,-0.019825,-0.019825,15149579,15149579,https://find-and-update.company-information.service.gov.uk/search/companies?q=Triad+Group+PLC,https://find-and-update.company-information.service.gov.uk/search/companies?q=Triad+Group+PLC,1620599000,18:23:20,20210509
49,2007-06-30,TRD.L,GBP,2007-06-30,2007-06-30,Q2,9020250.0,7447750.0,1572500.0,0.1743299797677448,0.0,1564500.0,0.0,0.0,1285750.0,9015250.0,8000.0,104500.0,109500.0,0.012139353122141847,5000.0,0.0005543083617416369,0.0,-248750.0,-0.027576840996646434,51500.0,-300250.0,-0.033286217122585296,-0.019825,-0.019825,15149579,15149579,https://find-and-update.company-information.service.gov.uk/search/companies?q=Triad+Group+PLC,https://find-and-update.company-information.service.gov.uk/search/companies?q=Triad+Group+PLC,1620599000,18:23:20,20210509
50,2007-03-31,TRD.L,GBP,2007-03-31,2007-03-31,Q1,9020250.0,7447750.0,1572500.0,0.1743299797677448,0.0,1564500.0,0.0,0.0,1285750.0,9015250.0,8000.0,104500.0,109500.0,0.012139353122141847,5000.0,0.0005543083617416369,0.0,-248750.0,-0.027576840996646434,51500.0,-300250.0,-0.033286217122585296,-0.019825,-0.019825,15149579,15149579,https://find-and-update.company-information.service.gov.uk/search/companies?q=Triad+Group+PLC,https://find-and-update.company-information.service.gov.uk/search/companies?q=Triad+Group+PLC,1620599000,18:23:20,20210509
51,2007-01-31,TRD.L,GBP,2007-01-31,2007-01-31,Q1,9020250.0,7447750.0,1572500.0,0.1743299797677448,0.0,1564500.0,0.0,0.0,1285750.0,9015250.0,8000.0,104500.0,109500.0,0.012139353122141847,5000.0,0.0005543083617416369,0.0,-248750.0,-0.027576840996646434,51500.0,-300250.0,-0.033286217122585296,-0.019825,-0.019825,15149579,15149579,https://find-and-update.company-information.service.gov.uk/search/companies?q=Triad+Group+PLC,https://find-and-update.company-information.service.gov.uk/search/companies?q=Triad+Group+PLC,1620599000,18:23:20,20210509
52,2006-09-30,TRD.L,GBP,2006-09-30,2006-09-30,Q3,10681250.0,9001750.0,1679500.0,0.15723815096547689,0.0,1741750.0,0.0,0.0,1458000.0,10748500.0,12250.0,111500.0,44250.0,0.00414277355178467,-67250.0,-0.006296079578700995,0.0,-197750.0,-0.018513750731421884,4000.0,-201750.0,-0.018888238736102986,-0.013325,-0.013325,15149579,15149579,https://find-and-update.company-information.service.gov.uk/search/companies?q=Triad+Group+PLC,https://find-and-update.company-information.service.gov.uk/search/companies?q=Triad+Group+PLC,1620599000,18:23:20,20210509
53,2006-06-30,TRD.L,GBP,2006-06-30,2006-06-30,Q2,10681250.0,9001750.0,1679500.0,0.15723815096547689,0.0,1741750.0,0.0,0.0,1458000.0,10748500.0,12250.0,111500.0,44250.0,0.00414277355178467,-67250.0,-0.006296079578700995,0.0,-197750.0,-0.018513750731421884,4000.0,-201750.0,-0.018888238736102986,-0.013325,-0.013325,15149579,15149579,https://find-and-update.company-information.service.gov.uk/search/companies?q=Triad+Group+PLC,https://find-and-update.company-information.service.gov.uk/search/companies?q=Triad+Group+PLC,1620599000,18:23:20,20210509
54,2006-03-31,TRD.L,GBP,2006-03-31,2006-03-31,Q1,10681250.0,9001750.0,1679500.0,0.15723815096547689,0.0,1741750.0,0.0,0.0,1458000.0,10748500.0,12250.0,111500.0,44250.0,0.00414277355178467,-67250.0,-0.006296079578700995,0.0,-197750.0,-0.018513750731421884,4000.0,-201750.0,-0.018888238736102986,-0.013325,-0.013325,15149579,15149579,https://find-and-update.company-information.service.gov.uk/search/companies?q=Triad+Group+PLC,https://find-and-update.company-information.service.gov.uk/search/companies?q=Triad+Group+PLC,1620599000,18:23:20,20210509
55,2006-01-31,TRD.L,GBP,2006-01-31,2006-01-31,Q1,10681250.0,9001750.0,1679500.0,0.15723815096547689,0.0,1741750.0,0.0,0.0,1458000.0,10748500.0,12250.0,111500.0,44250.0,0.00414277355178467,-67250.0,-0.006296079578700995,0.0,-197750.0,-0.018513750731421884,4000.0,-201750.0,-0.018888238736102986,-0.013325,-0.013325,15149579,15149579,https://find-and-update.company-information.service.gov.uk/search/companies?q=Triad+Group+PLC,https://find-and-update.company-information.service.gov.uk/search/companies?q=Triad+Group+PLC,1620599000,18:23:20,20210509
56,2005-09-30,TRD.L,GBP,2005-09-30,2005-09-30,Q3,11550000.0,9823500.0,1726500.0,0.1494805194805195,0.0,1639500.0,0.0,0.0,1435250.0,11522750.0,4000.0,105500.0,132750.0,0.011493506493506493,27250.0,0.002359307359307359,0.0,34500.0,0.0029870129870129872,6250.0,28250.0,0.0024458874458874458,0.001875,0.0018,15149579,15654179,https://find-and-update.company-information.service.gov.uk/search/companies?q=Triad+Group+PLC,https://find-and-update.company-information.service.gov.uk/search/companies?q=Triad+Group+PLC,1620599000,18:23:20,20210509
57,2005-06-30,TRD.L,GBP,2005-06-30,2005-06-30,Q2,11550000.0,9823500.0,1726500.0,0.1494805194805195,0.0,1639500.0,0.0,0.0,1435250.0,11522750.0,4000.0,105500.0,132750.0,0.011493506493506493,27250.0,0.002359307359307359,0.0,34500.0,0.0029870129870129872,6250.0,28250.0,0.0024458874458874458,0.001875,0.0018,15149579,15654179,https://find-and-update.company-information.service.gov.uk/search/companies?q=Triad+Group+PLC,https://find-and-update.company-information.service.gov.uk/search/companies?q=Triad+Group+PLC,1620599000,18:23:20,20210509
58,2005-03-31,TRD.L,GBP,2005-03-31,2005-03-31,Q1,11550000.0,9823500.0,1726500.0,0.1494805194805195,0.0,1639500.0,0.0,0.0,1435250.0,11522750.0,4000.0,105500.0,132750.0,0.011493506493506493,27250.0,0.002359307359307359,0.0,34500.0,0.0029870129870129872,6250.0,28250.0,0.0024458874458874458,0.001875,0.0018,15149579,15654179,https://find-and-update.company-information.service.gov.uk/search/companies?q=Triad+Group+PLC,https://find-and-update.company-information.service.gov.uk/search/companies?q=Triad+Group+PLC,1620599000,18:23:20,20210509
59,2005-01-31,TRD.L,GBP,2005-01-31,2005-01-31,Q1,11550000.0,9823500.0,1726500.0,0.1494805194805195,0.0,1639500.0,0.0,0.0,1435250.0,11522750.0,4000.0,105500.0,132750.0,0.011493506493506493,27250.0,0.002359307359307359,0.0,34500.0,0.0029870129870129872,6250.0,28250.0,0.0024458874458874458,0.001875,0.0018,15149579,15654179,https://find-and-update.company-information.service.gov.uk/search/companies?q=Triad+Group+PLC,https://find-and-update.company-information.service.gov.uk/search/companies?q=Triad+Group+PLC,1620599000,18:23:20,20210509
60,2004-09-30,TRD.L,GBP,2004-09-30,2004-09-30,Q3,9133500.0,7950750.0,1182750.0,0.1294958121202168,0.0,1375000.0,0.0,-2500.0,1130500.0,9329500.0,20250.0,102250.0,-93750.0,-0.010264411233371655,-196000.0,-0.021459462418569004,0.0,-189750.0,-0.020775168336344227,7250.0,-197000.0,-0.02156894947172497,-0.013,-0.013,15149579,15149579,https://find-and-update.company-information.service.gov.uk/search/companies?q=Triad+Group+PLC,https://find-and-update.company-information.service.gov.uk/search/companies?q=Triad+Group+PLC,1620599000,18:23:20,20210509
61,2004-06-30,TRD.L,GBP,2004-06-30,2004-06-30,Q2,9133500.0,7950750.0,1182750.0,0.1294958121202168,0.0,1375000.0,0.0,-2500.0,1130500.0,9329500.0,20250.0,102250.0,-93750.0,-0.010264411233371655,-196000.0,-0.021459462418569004,0.0,-189750.0,-0.020775168336344227,7250.0,-197000.0,-0.02156894947172497,-0.013,-0.013,15149579,15149579,https://find-and-update.company-information.service.gov.uk/search/companies?q=Triad+Group+PLC,https://find-and-update.company-information.service.gov.uk/search/companies?q=Triad+Group+PLC,1620599000,18:23:20,20210509
62,2004-03-31,TRD.L,GBP,2004-03-31,2004-03-31,Q1,9133500.0,7950750.0,1182750.0,0.1294958121202168,0.0,1375000.0,0.0,-2500.0,1130500.0,9329500.0,20250.0,102250.0,-93750.0,-0.010264411233371655,-196000.0,-0.021459462418569004,0.0,-189750.0,-0.020775168336344227,7250.0,-197000.0,-0.02156894947172497,-0.013,-0.013,15149579,15149579,https://find-and-update.company-information.service.gov.uk/search/companies?q=Triad+Group+PLC,https://find-and-update.company-information.service.gov.uk/search/companies?q=Triad+Group+PLC,1620599000,18:23:20,20210509
63,2004-01-31,TRD.L,GBP,2004-01-31,2004-01-31,Q1,9133500.0,7950750.0,1182750.0,0.1294958121202168,0.0,1375000.0,0.0,-2500.0,1130500.0,9329500.0,20250.0,102250.0,-93750.0,-0.010264411233371655,-196000.0,-0.021459462418569004,0.0,-189750.0,-0.020775168336344227,7250.0,-197000.0,-0.02156894947172497,-0.013,-0.013,15149579,15149579,https://find-and-update.company-information.service.gov.uk/search/companies?q=Triad+Group+PLC,https://find-and-update.company-information.service.gov.uk/search/companies?q=Triad+Group+PLC,1620599000,18:23:20,20210509
64,2003-09-30,TRD.L,GBP,2003-09-30,2003-09-30,Q3,6939000.0,6439500.0,499500.0,0.07198443579766536,0.0,1800500.0,0.0,-56000.0,1493250.0,8245500.0,0.0,154250.0,-1152250.0,-0.16605418648220205,-1306500.0,-0.18828361435365326,0.0,-1245000.0,-0.17942066580198876,-2000.0,-1243000.0,-0.17913243983282895,-0.068,-0.068,18277572,18277572,https://find-and-update.company-information.service.gov.uk/search/companies?q=Triad+Group+PLC,https://find-and-update.company-information.service.gov.uk/search/companies?q=Triad+Group+PLC,1620599000,18:23:20,20210509
65,2003-06-30,TRD.L,GBP,2003-06-30,2003-06-30,Q2,6939000.0,6439500.0,499500.0,0.07198443579766536,0.0,1800500.0,0.0,-56000.0,1493250.0,8245500.0,0.0,154250.0,-1152250.0,-0.16605418648220205,-1306500.0,-0.18828361435365326,0.0,-1245000.0,-0.17942066580198876,-2000.0,-1243000.0,-0.17913243983282895,-0.068,-0.068,18277572,18277572,https://find-and-update.company-information.service.gov.uk/search/companies?q=Triad+Group+PLC,https://find-and-update.company-information.service.gov.uk/search/companies?q=Triad+Group+PLC,1620599000,18:23:20,20210509
66,2003-03-31,TRD.L,GBP,2003-03-31,2003-03-31,Q1,6939000.0,6439500.0,499500.0,0.07198443579766536,0.0,1800500.0,0.0,-56000.0,1493250.0,8245500.0,0.0,154250.0,-1152250.0,-0.16605418648220205,-1306500.0,-0.18828361435365326,0.0,-1245000.0,-0.17942066580198876,-2000.0,-1243000.0,-0.17913243983282895,-0.068,-0.068,18277572,18277572,https://find-and-update.company-information.service.gov.uk/search/companies?q=Triad+Group+PLC,https://find-and-update.company-information.service.gov.uk/search/companies?q=Triad+Group+PLC,1620599000,18:23:20,20210509
67,2003-01-31,TRD.L,GBP,2003-01-31,2003-01-31,Q1,6939000.0,6439500.0,499500.0,0.07198443579766536,0.0,1800500.0,0.0,-56000.0,1493250.0,8245500.0,0.0,154250.0,-1152250.0,-0.16605418648220205,-1306500.0,-0.18828361435365326,0.0,-1245000.0,-0.17942066580198876,-2000.0,-1243000.0,-0.17913243983282895,-0.068,-0.068,18277572,18277572,https://find-and-update.company-information.service.gov.uk/search/companies?q=Triad+Group+PLC,https://find-and-update.company-information.service.gov.uk/search/companies?q=Triad+Group+PLC,1620599000,18:23:20,20210509
68,2002-09-30,TRD.L,GBP,2002-09-30,2002-09-30,Q3,10391750.0,8711250.0,1680500.0,0.16171482185387448,0.0,0.0,0.0,0.0,1321500.0,10387000.0,250.0,213250.0,218000.0,0.020978179806096182,4750.0,0.0004570933673346645,0.0,-117500.0,-0.011307046455120649,-30750.0,-86750.0,-0.008347968340269926,-0.0035,-0.0035,25483000,25483000,https://find-and-update.company-information.service.gov.uk/search/companies?q=Triad+Group+PLC,https://find-and-update.company-information.service.gov.uk/search/companies?q=Triad+Group+PLC,1620599000,18:23:20,20210509
69,2002-06-30,TRD.L,GBP,2002-06-30,2002-06-30,Q2,10391750.0,8711250.0,1680500.0,0.16171482185387448,0.0,0.0,0.0,0.0,1321500.0,10387000.0,250.0,213250.0,218000.0,0.020978179806096182,4750.0,0.0004570933673346645,0.0,-117500.0,-0.011307046455120649,-30750.0,-86750.0,-0.008347968340269926,-0.0035,-0.0035,25483000,25483000,https://find-and-update.company-information.service.gov.uk/search/companies?q=Triad+Group+PLC,https://find-and-update.company-information.service.gov.uk/search/companies?q=Triad+Group+PLC,1620599000,18:23:20,20210509
70,2002-03-31,TRD.L,GBP,2002-03-31,2002-03-31,Q1,10391750.0,8711250.0,1680500.0,0.16171482185387448,0.0,0.0,0.0,0.0,1321500.0,10387000.0,250.0,213250.0,218000.0,0.020978179806096182,4750.0,0.0004570933673346645,0.0,-117500.0,-0.011307046455120649,-30750.0,-86750.0,-0.008347968340269926,-0.0035,-0.0035,25483000,25483000,https://find-and-update.company-information.service.gov.uk/search/companies?q=Triad+Group+PLC,https://find-and-update.company-information.service.gov.uk/search/companies?q=Triad+Group+PLC,1620599000,18:23:20,20210509
71,2002-01-31,TRD.L,GBP,2002-01-31,2002-01-31,Q1,10391750.0,8711250.0,1680500.0,0.16171482185387448,0.0,0.0,0.0,0.0,1321500.0,10387000.0,250.0,213250.0,218000.0,0.020978179806096182,4750.0,0.0004570933673346645,0.0,-117500.0,-0.011307046455120649,-30750.0,-86750.0,-0.008347968340269926,-0.0035,-0.0035,25483000,25483000,https://find-and-update.company-information.service.gov.uk/search/companies?q=Triad+Group+PLC,https://find-and-update.company-information.service.gov.uk/search/companies?q=Triad+Group+PLC,1620599000,18:23:20,20210509
72,2001-09-30,TRD.L,GBP,2001-09-30,2001-09-30,Q3,13195750.0,10271750.0,2924000.0,0.22158649565200916,0.0,0.0,0.0,0.0,1476750.0,12131250.0,3500.0,255500.0,1320000.0,0.1000322073394843,1064500.0,0.08066991266127352,0.0,1127750.0,0.08546312259629048,349250.0,778500.0,0.058996267737718586,0.0305,0.03025,25472000,25657000,https://find-and-update.company-information.service.gov.uk/search/companies?q=Triad+Group+PLC,https://find-and-update.company-information.service.gov.uk/search/companies?q=Triad+Group+PLC,1620599000,18:23:20,20210509
73,2001-06-30,TRD.L,GBP,2001-06-30,2001-06-30,Q2,13195750.0,10271750.0,2924000.0,0.22158649565200916,0.0,0.0,0.0,0.0,1476750.0,12131250.0,3500.0,255500.0,1320000.0,0.1000322073394843,1064500.0,0.08066991266127352,0.0,1127750.0,0.08546312259629048,349250.0,778500.0,0.058996267737718586,0.0305,0.03025,25472000,25657000,https://find-and-update.company-information.service.gov.uk/search/companies?q=Triad+Group+PLC,https://find-and-update.company-information.service.gov.uk/search/companies?q=Triad+Group+PLC,1620599000,18:23:20,20210509
74,2001-03-31,TRD.L,GBP,2001-03-31,2001-03-31,Q1,13195750.0,10271750.0,2924000.0,0.22158649565200916,0.0,0.0,0.0,0.0,1476750.0,12131250.0,3500.0,255500.0,1320000.0,0.1000322073394843,1064500.0,0.08066991266127352,0.0,1127750.0,0.08546312259629048,349250.0,778500.0,0.058996267737718586,0.0305,0.03025,25472000,25657000,https://find-and-update.company-information.service.gov.uk/search/companies?q=Triad+Group+PLC,https://find-and-update.company-information.service.gov.uk/search/companies?q=Triad+Group+PLC,1620599000,18:23:20,20210509
75,2001-01-31,TRD.L,GBP,2001-01-31,2001-01-31,Q1,13195750.0,10271750.0,2924000.0,0.22158649565200916,0.0,0.0,0.0,0.0,1476750.0,12131250.0,3500.0,255500.0,1320000.0,0.1000322073394843,1064500.0,0.08066991266127352,0.0,1127750.0,0.08546312259629048,349250.0,778500.0,0.058996267737718586,0.0305,0.03025,25472000,25657000,https://find-and-update.company-information.service.gov.uk/search/companies?q=Triad+Group+PLC,https://find-and-update.company-information.service.gov.uk/search/companies?q=Triad+Group+PLC,1620599000,18:23:20,20210509
76,2000-09-30,TRD.L,GBP,2000-09-30,2000-09-30,Q3,12091500.0,10201500.0,1890000.0,0.15630815035355414,0.0,0.0,0.0,0.0,1137000.0,11702000.0,1250.0,236250.0,625750.0,0.05175123020303519,389500.0,0.032212711408840924,0.0,476250.0,0.039387172807344,151000.0,325250.0,0.02689906132407063,0.012770928223653211,0.012649243573289776,25468000,25713000,https://find-and-update.company-information.service.gov.uk/search/companies?q=Triad+Group+PLC,https://find-and-update.company-information.service.gov.uk/search/companies?q=Triad+Group+PLC,1620599000,18:23:20,20210509
77,2000-06-30,TRD.L,GBP,2000-06-30,2000-06-30,Q2,12091500.0,10201500.0,1890000.0,0.15630815035355414,0.0,0.0,0.0,0.0,1137000.0,11702000.0,1250.0,236250.0,625750.0,0.05175123020303519,389500.0,0.032212711408840924,0.0,476250.0,0.039387172807344,151000.0,325250.0,0.02689906132407063,0.012770928223653211,0.012649243573289776,25468000,25713000,https://find-and-update.company-information.service.gov.uk/search/companies?q=Triad+Group+PLC,https://find-and-update.company-information.service.gov.uk/search/companies?q=Triad+Group+PLC,1620599000,18:23:20,20210509
78,2000-03-31,TRD.L,GBP,2000-03-31,2000-03-31,Q1,12091500.0,10201500.0,1890000.0,0.15630815035355414,0.0,0.0,0.0,0.0,1137000.0,11702000.0,1250.0,236250.0,625750.0,0.05175123020303519,389500.0,0.032212711408840924,0.0,476250.0,0.039387172807344,151000.0,325250.0,0.02689906132407063,0.012770928223653211,0.012649243573289776,25468000,25713000,https://find-and-update.company-information.service.gov.uk/search/companies?q=Triad+Group+PLC,https://find-and-update.company-information.service.gov.uk/search/companies?q=Triad+Group+PLC,1620599000,18:23:20,20210509
79,2000-01-31,TRD.L,GBP,2000-01-31,2000-01-31,Q1,12091500.0,10201500.0,1890000.0,0.15630815035355414,0.0,0.0,0.0,0.0,1137000.0,11702000.0,1250.0,236250.0,625750.0,0.05175123020303519,389500.0,0.032212711408840924,0.0,476250.0,0.039387172807344,151000.0,325250.0,0.02689906132407063,0.012770928223653211,0.012649243573289776,25468000,25713000,https://find-and-update.company-information.service.gov.uk/search/companies?q=Triad+Group+PLC,https://find-and-update.company-information.service.gov.uk/search/companies?q=Triad+Group+PLC,1620599000,18:23:20,20210509
80,1999-09-30,TRD.L,GBP,1999-09-30,1999-09-30,Q3,12326500.0,8863000.0,3463500.0,0.28098000243378085,0.0,0.0,0.0,0.0,1089250.0,10267500.0,250.0,188000.0,2247000.0,0.1822901878067578,2059000.0,0.16703849430089646,0.0,2157250.0,0.17500912667829474,695000.0,1462250.0,0.11862653632417962,0.058,0.05675,25178000,25721000,https://find-and-update.company-information.service.gov.uk/search/companies?q=Triad+Group+PLC,https://find-and-update.company-information.service.gov.uk/search/companies?q=Triad+Group+PLC,1620599000,18:23:20,20210509
81,1999-06-30,TRD.L,GBP,1999-06-30,1999-06-30,Q2,12326500.0,8863000.0,3463500.0,0.28098000243378085,0.0,0.0,0.0,0.0,1089250.0,10267500.0,250.0,188000.0,2247000.0,0.1822901878067578,2059000.0,0.16703849430089646,0.0,2157250.0,0.17500912667829474,695000.0,1462250.0,0.11862653632417962,0.058,0.05675,25178000,25721000,https://find-and-update.company-information.service.gov.uk/search/companies?q=Triad+Group+PLC,https://find-and-update.company-information.service.gov.uk/search/companies?q=Triad+Group+PLC,1620599000,18:23:20,20210509
82,1999-03-31,TRD.L,GBP,1999-03-31,1999-03-31,Q1,12326500.0,8863000.0,3463500.0,0.28098000243378085,0.0,0.0,0.0,0.0,1089250.0,10267500.0,250.0,188000.0,2247000.0,0.1822901878067578,2059000.0,0.16703849430089646,0.0,2157250.0,0.17500912667829474,695000.0,1462250.0,0.11862653632417962,0.058,0.05675,25178000,25721000,https://find-and-update.company-information.service.gov.uk/search/companies?q=Triad+Group+PLC,https://find-and-update.company-information.service.gov.uk/search/companies?q=Triad+Group+PLC,1620599000,18:23:20,20210509
83,1999-01-31,TRD.L,GBP,1999-01-31,1999-01-31,Q1,12326500.0,8863000.0,3463500.0,0.28098000243378085,0.0,0.0,0.0,0.0,1089250.0,10267500.0,250.0,188000.0,2247000.0,0.1822901878067578,2059000.0,0.16703849430089646,0.0,2157250.0,0.17500912667829474,695000.0,1462250.0,0.11862653632417962,0.058,0.05675,25178000,25721000,https://find-and-update.company-information.service.gov.uk/search/companies?q=Triad+Group+PLC,https://find-and-update.company-information.service.gov.uk/search/companies?q=Triad+Group+PLC,1620599000,18:23:20,20210509
84,1998-09-30,TRD.L,GBP,1998-09-30,1998-09-30,Q3,8040250.0,0.0,0.0,0.0,0.0,0.0,0.0,0.0,6170500.0,6431750.0,1250.0,148750.0,1757250.0,0.21855663692049376,1608500.0,0.20005596840894252,0.0,1652250.0,0.20549734150057522,533000.0,1119250.0,0.13920587046422686,0.0445,0.044,25177000,25405000,https://find-and-update.company-information.service.gov.uk/search/companies?q=Triad+Group+PLC,https://find-and-update.company-information.service.gov.uk/search/companies?q=Triad+Group+PLC,1620599000,18:23:20,20210509
85,1998-06-30,TRD.L,GBP,1998-06-30,1998-06-30,Q2,8040250.0,0.0,0.0,0.0,0.0,0.0,0.0,0.0,6170500.0,6431750.0,1250.0,148750.0,1757250.0,0.21855663692049376,1608500.0,0.20005596840894252,0.0,1652250.0,0.20549734150057522,533000.0,1119250.0,0.13920587046422686,0.0445,0.044,25177000,25405000,https://find-and-update.company-information.service.gov.uk/search/companies?q=Triad+Group+PLC,https://find-and-update.company-information.service.gov.uk/search/companies?q=Triad+Group+PLC,1620599000,18:23:20,20210509
86,1998-03-31,TRD.L,GBP,1998-03-31,1998-03-31,Q1,8040250.0,0.0,0.0,0.0,0.0,0.0,0.0,0.0,6170500.0,6431750.0,1250.0,148750.0,1757250.0,0.21855663692049376,1608500.0,0.20005596840894252,0.0,1652250.0,0.20549734150057522,533000.0,1119250.0,0.13920587046422686,0.0445,0.044,25177000,25405000,https://find-and-update.company-information.service.gov.uk/search/companies?q=Triad+Group+PLC,https://find-and-update.company-information.service.gov.uk/search/companies?q=Triad+Group+PLC,1620599000,18:23:20,20210509
87,1998-01-31,TRD.L,GBP,1998-01-31,1998-01-31,Q1,8040250.0,0.0,0.0,0.0,0.0,0.0,0.0,0.0,6170500.0,6431750.0,1250.0,148750.0,1757250.0,0.21855663692049376,1608500.0,0.20005596840894252,0.0,1652250.0,0.20549734150057522,533000.0,1119250.0,0.13920587046422686,0.0445,0.044,25177000,25405000,https://find-and-update.company-information.service.gov.uk/search/companies?q=Triad+Group+PLC,https://find-and-update.company-information.service.gov.uk/search/companies?q=Triad+Group+PLC,1620599000,18:23:20,20210509
88,1997-09-30,TRD.L,GBP,1997-09-30,1997-09-30,Q3,4706750.0,0.0,0.0,0.0,0.0,0.0,0.0,0.0,3850500.0,4058250.0,500.0,119250.0,767750.0,0.16311680033993733,648500.0,0.13778084665639773,0.0,664000.0,0.14107398948318903,207500.0,456500.0,0.09698836776969247,0.01825,0.01825,25177000,25177000,https://find-and-update.company-information.service.gov.uk/search/companies?q=Triad+Group+PLC,https://find-and-update.company-information.service.gov.uk/search/companies?q=Triad+Group+PLC,1620599000,18:23:20,20210509
89,1997-06-30,TRD.L,GBP,1997-06-30,1997-06-30,Q2,4706750.0,0.0,0.0,0.0,0.0,0.0,0.0,0.0,3850500.0,4058250.0,500.0,119250.0,767750.0,0.16311680033993733,648500.0,0.13778084665639773,0.0,664000.0,0.14107398948318903,207500.0,456500.0,0.09698836776969247,0.01825,0.01825,25177000,25177000,https://find-and-update.company-information.service.gov.uk/search/companies?q=Triad+Group+PLC,https://find-and-update.company-information.service.gov.uk/search/companies?q=Triad+Group+PLC,1620599000,18:23:20,20210509
90,1997-03-31,TRD.L,GBP,1997-03-31,1997-03-31,Q1,4706750.0,0.0,0.0,0.0,0.0,0.0,0.0,0.0,3850500.0,4058250.0,500.0,119250.0,767750.0,0.16311680033993733,648500.0,0.13778084665639773,0.0,664000.0,0.14107398948318903,207500.0,456500.0,0.09698836776969247,0.01825,0.01825,25177000,25177000,https://find-and-update.company-information.service.gov.uk/search/companies?q=Triad+Group+PLC,https://find-and-update.company-information.service.gov.uk/search/companies?q=Triad+Group+PLC,1620599000,18:23:20,20210509
91,1997-01-31,TRD.L,GBP,1997-01-31,1997-01-31,Q1,4706750.0,0.0,0.0,0.0,0.0,0.0,0.0,0.0,3850500.0,4058250.0,500.0,119250.0,767750.0,0.16311680033993733,648500.0,0.13778084665639773,0.0,664000.0,0.14107398948318903,207500.0,456500.0,0.09698836776969247,0.01825,0.01825,25177000,25177000,https://find-and-update.company-information.service.gov.uk/search/companies?q=Triad+Group+PLC,https://find-and-update.company-information.service.gov.uk/search/companies?q=Triad+Group+PLC,1620599000,18:23:20,20210509
92,1996-09-30,TRD.L,GBP,1996-09-30,1996-09-30,Q3,2920000.0,0.0,0.0,0.0,0.0,0.0,0.0,0.0,2203250.0,2373750.0,2250.0,86250.0,632500.0,0.2166095890410959,546250.0,0.1870719178082192,0.0,532750.0,0.1824486301369863,200000.0,332750.0,0.1139554794520548,0.01475,0.01475,22702000,22702000,https://find-and-update.company-information.service.gov.uk/search/companies?q=Triad+Group+PLC,https://find-and-update.company-information.service.gov.uk/search/companies?q=Triad+Group+PLC,1620599000,18:23:20,20210509
93,1996-06-30,TRD.L,GBP,1996-06-30,1996-06-30,Q2,2920000.0,0.0,0.0,0.0,0.0,0.0,0.0,0.0,2203250.0,2373750.0,2250.0,86250.0,632500.0,0.2166095890410959,546250.0,0.1870719178082192,0.0,532750.0,0.1824486301369863,200000.0,332750.0,0.1139554794520548,0.01475,0.01475,22702000,22702000,https://find-and-update.company-information.service.gov.uk/search/companies?q=Triad+Group+PLC,https://find-and-update.company-information.service.gov.uk/search/companies?q=Triad+Group+PLC,1620599000,18:23:20,20210509
94,1996-03-31,TRD.L,GBP,1996-03-31,1996-03-31,Q1,2920000.0,0.0,0.0,0.0,0.0,0.0,0.0,0.0,2203250.0,2373750.0,2250.0,86250.0,632500.0,0.2166095890410959,546250.0,0.1870719178082192,0.0,532750.0,0.1824486301369863,200000.0,332750.0,0.1139554794520548,0.01475,0.01475,22702000,22702000,https://find-and-update.company-information.service.gov.uk/search/companies?q=Triad+Group+PLC,https://find-and-update.company-information.service.gov.uk/search/companies?q=Triad+Group+PLC,1620599000,18:23:20,20210509
95,1996-01-31,TRD.L,GBP,1996-01-31,1996-01-31,Q1,2920000.0,0.0,0.0,0.0,0.0,0.0,0.0,0.0,2203250.0,2373750.0,2250.0,86250.0,632500.0,0.2166095890410959,546250.0,0.1870719178082192,0.0,532750.0,0.1824486301369863,200000.0,332750.0,0.1139554794520548,0.01475,0.01475,22702000,22702000,https://find-and-update.company-information.service.gov.uk/search/companies?q=Triad+Group+PLC,https://find-and-update.company-information.service.gov.uk/search/companies?q=Triad+Group+PLC,1620599000,18:23:20,20210509
96,1995-09-30,TRD.L,GBP,1995-09-30,1995-09-30,Q3,1674750.0,0.0,0.0,0.0,0.0,0.0,0.0,0.0,1357000.0,1416750.0,250.0,59750.0,317750.0,0.1897298104194656,258000.0,0.1540528437080161,0.0,264750.0,0.1580832960143305,94750.0,170000.0,0.10150768771458427,0.00825,0.00825,20644000,20644000,https://find-and-update.company-information.service.gov.uk/search/companies?q=Triad+Group+PLC,https://find-and-update.company-information.service.gov.uk/search/companies?q=Triad+Group+PLC,1620599000,18:23:20,20210509
97,1995-06-30,TRD.L,GBP,1995-06-30,1995-06-30,Q2,1674750.0,0.0,0.0,0.0,0.0,0.0,0.0,0.0,1357000.0,1416750.0,250.0,59750.0,317750.0,0.1897298104194656,258000.0,0.1540528437080161,0.0,264750.0,0.1580832960143305,94750.0,170000.0,0.10150768771458427,0.00825,0.00825,20644000,20644000,https://find-and-update.company-information.service.gov.uk/search/companies?q=Triad+Group+PLC,https://find-and-update.company-information.service.gov.uk/search/companies?q=Triad+Group+PLC,1620599000,18:23:20,20210509
98,1995-03-31,TRD.L,GBP,1995-03-31,1995-03-31,Q1,1674750.0,0.0,0.0,0.0,0.0,0.0,0.0,0.0,1357000.0,1416750.0,250.0,59750.0,317750.0,0.1897298104194656,258000.0,0.1540528437080161,0.0,264750.0,0.1580832960143305,94750.0,170000.0,0.10150768771458427,0.00825,0.00825,20644000,20644000,https://find-and-update.company-information.service.gov.uk/search/companies?q=Triad+Group+PLC,https://find-and-update.company-information.service.gov.uk/search/companies?q=Triad+Group+PLC,1620599000,18:23:20,20210509
99,1995-01-31,TRD.L,GBP,1995-01-31,1995-01-31,Q1,1674750.0,0.0,0.0,0.0,0.0,0.0,0.0,0.0,1357000.0,1416750.0,250.0,59750.0,317750.0,0.1897298104194656,258000.0,0.1540528437080161,0.0,264750.0,0.1580832960143305,94750.0,170000.0,0.10150768771458427,0.00825,0.00825,20644000,20644000,https://find-and-update.company-information.service.gov.uk/search/companies?q=Triad+Group+PLC,https://find-and-update.company-information.service.gov.uk/search/companies?q=Triad+Group+PLC,1620599000,18:23:20,20210509
100,1994-09-30,TRD.L,GBP,1994-09-30,1994-09-30,Q3,1273250.0,0.0,0.0,0.0,0.0,0.0,0.0,0.0,978500.0,1022500.0,500.0,44000.0,294750.0,0.23149420773610838,250750.0,0.1969369723149421,0.0,255250.0,0.20047123502847045,85250.0,170000.0,0.13351659139996072,0.00825,0.00825,20404000,20404000,https://find-and-update.company-information.service.gov.uk/search/companies?q=Triad+Group+PLC,https://find-and-update.company-information.service.gov.uk/search/companies?q=Triad+Group+PLC,1620599000,18:23:20,20210509
101,1994-06-30,TRD.L,GBP,1994-06-30,1994-06-30,Q2,1273250.0,0.0,0.0,0.0,0.0,0.0,0.0,0.0,978500.0,1022500.0,500.0,44000.0,294750.0,0.23149420773610838,250750.0,0.1969369723149421,0.0,255250.0,0.20047123502847045,85250.0,170000.0,0.13351659139996072,0.00825,0.00825,20404000,20404000,https://find-and-update.company-information.service.gov.uk/search/companies?q=Triad+Group+PLC,https://find-and-update.company-information.service.gov.uk/search/companies?q=Triad+Group+PLC,1620599000,18:23:20,20210509
102,1994-03-31,TRD.L,GBP,1994-03-31,1994-03-31,Q1,1273250.0,0.0,0.0,0.0,0.0,0.0,0.0,0.0,978500.0,1022500.0,500.0,44000.0,294750.0,0.23149420773610838,250750.0,0.1969369723149421,0.0,255250.0,0.20047123502847045,85250.0,170000.0,0.13351659139996072,0.00825,0.00825,20404000,20404000,https://find-and-update.company-information.service.gov.uk/search/companies?q=Triad+Group+PLC,https://find-and-update.company-information.service.gov.uk/search/companies?q=Triad+Group+PLC,1620599000,18:23:20,20210509
103,1994-01-31,TRD.L,GBP,1994-01-31,1994-01-31,Q1,1273250.0,0.0,0.0,0.0,0.0,0.0,0.0,0.0,978500.0,1022500.0,500.0,44000.0,294750.0,0.23149420773610838,250750.0,0.1969369723149421,0.0,255250.0,0.20047123502847045,85250.0,170000.0,0.13351659139996072,0.00825,0.00825,20404000,20404000,https://find-and-update.company-information.service.gov.uk/search/companies?q=Triad+Group+PLC,https://find-and-update.company-information.service.gov.uk/search/companies?q=Triad+Group+PLC,1620599000,18:23:20,20210509
104,1993-09-30,TRD.L,GBP,1993-09-30,1993-09-30,Q3,949500.0,0.0,0.0,0.0,0.0,0.0,0.0,0.0,782250.0,815000.0,500.0,32750.0,167250.0,0.17614533965244866,134500.0,0.1416535018430753,0.0,135250.0,0.14244339125855712,43000.0,92250.0,0.0971563981042654,0.00475,0.00475,19206000,19206000,https://find-and-update.company-information.service.gov.uk/search/companies?q=Triad+Group+PLC,https://find-and-update.company-information.service.gov.uk/search/companies?q=Triad+Group+PLC,1620599000,18:23:20,20210509
105,1993-06-30,TRD.L,GBP,1993-06-30,1993-06-30,Q2,949500.0,0.0,0.0,0.0,0.0,0.0,0.0,0.0,782250.0,815000.0,500.0,32750.0,167250.0,0.17614533965244866,134500.0,0.1416535018430753,0.0,135250.0,0.14244339125855712,43000.0,92250.0,0.0971563981042654,0.00475,0.00475,19206000,19206000,https://find-and-update.company-information.service.gov.uk/search/companies?q=Triad+Group+PLC,https://find-and-update.company-information.service.gov.uk/search/companies?q=Triad+Group+PLC,1620599000,18:23:20,20210509
106,1993-03-31,TRD.L,GBP,1993-03-31,1993-03-31,Q1,949500.0,0.0,0.0,0.0,0.0,0.0,0.0,0.0,782250.0,815000.0,500.0,32750.0,167250.0,0.17614533965244866,134500.0,0.1416535018430753,0.0,135250.0,0.14244339125855712,43000.0,92250.0,0.0971563981042654,0.00475,0.00475,19206000,19206000,https://find-and-update.company-information.service.gov.uk/search/companies?q=Triad+Group+PLC,https://find-and-update.company-information.service.gov.uk/search/companies?q=Triad+Group+PLC,1620599000,18:23:20,20210509
107,1993-01-31,TRD.L,GBP,1993-01-31,1993-01-31,Q1,949500.0,0.0,0.0,0.0,0.0,0.0,0.0,0.0,782250.0,815000.0,500.0,32750.0,167250.0,0.17614533965244866,134500.0,0.1416535018430753,0.0,135250.0,0.14244339125855712,43000.0,92250.0,0.0971563981042654,0.00475,0.00475,19206000,19206000,https://find-and-update.company-information.service.gov.uk/search/companies?q=Triad+Group+PLC,https://find-and-update.company-information.service.gov.uk/search/companies?q=Triad+Group+PLC,1620599000,18:23:20,20210509
