,date,symbol,reportedCurrency,fillingDate,acceptedDate,period,revenue,costOfRevenue,grossProfit,grossProfitRatio,researchAndDevelopmentExpenses,generalAndAdministrativeExpenses,sellingAndMarketingExpenses,otherExpenses,operatingExpenses,costAndExpenses,interestExpense,depreciationAndAmortization,ebitda,ebitdaratio,operatingIncome,operatingIncomeRatio,totalOtherIncomeExpensesNet,incomeBeforeTax,incomeBeforeTaxRatio,incomeTaxExpense,netIncome,netIncomeRatio,eps,epsdiluted,weightedAverageShsOut,weightedAverageShsOutDil,link,finalLink,timestamp,est_time,est_date
0,2018-09-30,GBG.L,GBP,2018-09-30,2018-09-30,Q3,0.0,0.0,0.0,0.0,0.0,0.0,0.0,0.0,0.0,0.0,0.0,0.0,0.0,0.0,0.0,0.0,0.0,0.0,0.0,0.0,0.0,0.0,0.0,0.0,0.0,0.0,https://find-and-update.company-information.service.gov.uk/search/companies?q=GB+Group+PLC,https://find-and-update.company-information.service.gov.uk/search/companies?q=GB+Group+PLC,1620592406,16:33:26,20210509
1,2017-09-30,GBG.L,GBP,2017-09-30,2017-09-30,Q3,0.0,0.0,0.0,0.0,0.0,0.0,0.0,0.0,0.0,0.0,0.0,0.0,0.0,0.0,0.0,0.0,0.0,0.0,0.0,0.0,0.0,0.0,0.0,0.0,0.0,0.0,https://find-and-update.company-information.service.gov.uk/search/companies?q=GB+Group+PLC,https://find-and-update.company-information.service.gov.uk/search/companies?q=GB+Group+PLC,1620592406,16:33:26,20210509
2,2016-09-30,GBG.L,GBP,2016-09-30,2016-09-30,Q3,0.0,0.0,0.0,0.0,0.0,0.0,0.0,0.0,0.0,0.0,0.0,0.0,0.0,0.0,0.0,0.0,0.0,0.0,0.0,0.0,0.0,0.0,0.0,0.0,0.0,0.0,https://find-and-update.company-information.service.gov.uk/search/companies?q=GB+Group+PLC,https://find-and-update.company-information.service.gov.uk/search/companies?q=GB+Group+PLC,1620592406,16:33:26,20210509
3,2015-09-30,GBG.L,GBP,2015-09-30,2015-09-30,Q3,0.0,0.0,0.0,0.0,0.0,0.0,0.0,0.0,0.0,0.0,0.0,760000.0,0.0,0.0,0.0,0.0,0.0,0.0,0.0,0.0,0.0,0.0,0.0,0.0,0.0,0.0,https://find-and-update.company-information.service.gov.uk/search/companies?q=GB+Group+PLC,https://find-and-update.company-information.service.gov.uk/search/companies?q=GB+Group+PLC,1620592406,16:33:26,20210509
4,2014-09-30,GBG.L,GBP,2014-09-30,2014-09-30,Q3,0.0,0.0,0.0,0.0,0.0,0.0,0.0,0.0,0.0,0.0,0.0,448500.0,0.0,0.0,0.0,0.0,0.0,0.0,0.0,0.0,0.0,0.0,0.0,0.0,0.0,0.0,https://find-and-update.company-information.service.gov.uk/search/companies?q=GB+Group+PLC,https://find-and-update.company-information.service.gov.uk/search/companies?q=GB+Group+PLC,1620592406,16:33:26,20210509
5,2013-09-30,GBG.L,GBP,2013-09-30,2013-09-30,Q3,0.0,0.0,0.0,0.0,0.0,0.0,0.0,0.0,0.0,0.0,0.0,373000.0,0.0,0.0,0.0,0.0,0.0,0.0,0.0,0.0,0.0,0.0,0.0,0.0,0.0,0.0,https://find-and-update.company-information.service.gov.uk/search/companies?q=GB+Group+PLC,https://find-and-update.company-information.service.gov.uk/search/companies?q=GB+Group+PLC,1620592406,16:33:26,20210509
6,2012-09-30,GBG.L,GBP,2012-09-30,2012-09-30,Q3,0.0,0.0,0.0,0.0,0.0,0.0,0.0,0.0,0.0,0.0,0.0,188250.0,0.0,0.0,0.0,0.0,0.0,0.0,0.0,0.0,0.0,0.0,0.0,0.0,0.0,0.0,https://find-and-update.company-information.service.gov.uk/search/companies?q=GB+Group+PLC,https://find-and-update.company-information.service.gov.uk/search/companies?q=GB+Group+PLC,1620592406,16:33:26,20210509
7,2011-09-30,GBG.L,GBP,2011-09-30,2011-09-30,Q3,0.0,0.0,0.0,0.0,0.0,0.0,0.0,0.0,0.0,0.0,0.0,120000.0,0.0,0.0,0.0,0.0,0.0,0.0,0.0,0.0,0.0,0.0,0.0,0.0,0.0,0.0,https://find-and-update.company-information.service.gov.uk/search/companies?q=GB+Group+PLC,https://find-and-update.company-information.service.gov.uk/search/companies?q=GB+Group+PLC,1620592406,16:33:26,20210509
8,2010-09-30,GBG.L,GBP,2010-09-30,2010-09-30,Q3,0.0,0.0,0.0,0.0,0.0,0.0,0.0,0.0,0.0,0.0,0.0,117250.0,0.0,0.0,0.0,0.0,0.0,0.0,0.0,0.0,0.0,0.0,0.0,0.0,0.0,0.0,https://find-and-update.company-information.service.gov.uk/search/companies?q=GB+Group+PLC,https://find-and-update.company-information.service.gov.uk/search/companies?q=GB+Group+PLC,1620592406,16:33:26,20210509
9,2009-09-30,GBG.L,GBP,2009-09-30,2009-09-30,Q3,0.0,0.0,0.0,0.0,0.0,0.0,0.0,0.0,0.0,0.0,0.0,106500.0,0.0,0.0,0.0,0.0,0.0,0.0,0.0,0.0,0.0,0.0,0.0,0.0,0.0,0.0,https://find-and-update.company-information.service.gov.uk/search/companies?q=GB+Group+PLC,https://find-and-update.company-information.service.gov.uk/search/companies?q=GB+Group+PLC,1620592406,16:33:26,20210509
10,2008-09-30,GBG.L,GBP,2008-09-30,2008-09-30,Q3,0.0,0.0,0.0,0.0,0.0,0.0,0.0,0.0,0.0,0.0,0.0,102500.0,0.0,0.0,0.0,0.0,0.0,0.0,0.0,0.0,0.0,0.0,0.0,0.0,0.0,0.0,https://find-and-update.company-information.service.gov.uk/search/companies?q=GB+Group+PLC,https://find-and-update.company-information.service.gov.uk/search/companies?q=GB+Group+PLC,1620592406,16:33:26,20210509
11,2007-09-30,GBG.L,GBP,2007-09-30,2007-09-30,Q3,0.0,0.0,0.0,0.0,0.0,0.0,0.0,0.0,0.0,0.0,0.0,57500.0,0.0,0.0,0.0,0.0,0.0,0.0,0.0,0.0,0.0,0.0,0.0,0.0,0.0,0.0,https://find-and-update.company-information.service.gov.uk/search/companies?q=GB+Group+PLC,https://find-and-update.company-information.service.gov.uk/search/companies?q=GB+Group+PLC,1620592406,16:33:26,20210509
12,2006-09-30,GBG.L,GBP,2006-09-30,2006-09-30,Q3,0.0,0.0,0.0,0.0,0.0,0.0,0.0,0.0,0.0,0.0,0.0,46750.0,0.0,0.0,0.0,0.0,0.0,0.0,0.0,0.0,0.0,0.0,0.0,0.0,0.0,0.0,https://find-and-update.company-information.service.gov.uk/search/companies?q=GB+Group+PLC,https://find-and-update.company-information.service.gov.uk/search/companies?q=GB+Group+PLC,1620592406,16:33:26,20210509
13,2005-09-30,GBG.L,GBP,2005-09-30,2005-09-30,Q3,0.0,0.0,0.0,0.0,0.0,0.0,0.0,0.0,0.0,0.0,0.0,55500.0,0.0,0.0,0.0,0.0,0.0,0.0,0.0,0.0,0.0,0.0,0.0,0.0,0.0,0.0,https://find-and-update.company-information.service.gov.uk/search/companies?q=GB+Group+PLC,https://find-and-update.company-information.service.gov.uk/search/companies?q=GB+Group+PLC,1620592406,16:33:26,20210509
14,2004-09-30,GBG.L,GBP,2004-09-30,2004-09-30,Q3,0.0,0.0,0.0,0.0,0.0,0.0,0.0,0.0,0.0,0.0,0.0,64250.0,0.0,0.0,0.0,0.0,0.0,0.0,0.0,0.0,0.0,0.0,0.0,0.0,0.0,0.0,https://find-and-update.company-information.service.gov.uk/search/companies?q=GB+Group+PLC,https://find-and-update.company-information.service.gov.uk/search/companies?q=GB+Group+PLC,1620592406,16:33:26,20210509
15,2003-09-30,GBG.L,GBP,2003-09-30,2003-09-30,Q3,0.0,0.0,0.0,0.0,0.0,0.0,0.0,0.0,0.0,0.0,0.0,67250.0,0.0,0.0,0.0,0.0,0.0,0.0,0.0,0.0,0.0,0.0,0.0,0.0,0.0,0.0,https://find-and-update.company-information.service.gov.uk/search/companies?q=GB+Group+PLC,https://find-and-update.company-information.service.gov.uk/search/companies?q=GB+Group+PLC,1620592406,16:33:26,20210509
