,date,symbol,reportedCurrency,fillingDate,acceptedDate,period,revenue,costOfRevenue,grossProfit,grossProfitRatio,researchAndDevelopmentExpenses,generalAndAdministrativeExpenses,sellingAndMarketingExpenses,otherExpenses,operatingExpenses,costAndExpenses,interestExpense,depreciationAndAmortization,ebitda,ebitdaratio,operatingIncome,operatingIncomeRatio,totalOtherIncomeExpensesNet,incomeBeforeTax,incomeBeforeTaxRatio,incomeTaxExpense,netIncome,netIncomeRatio,eps,epsdiluted,weightedAverageShsOut,weightedAverageShsOutDil,link,finalLink,timestamp,est_time,est_date
0,2020-12-31,KBL.TO,CAD,2020-12-31,2020-12-31,Q4,50357000,13293000.0,37064000.0,0.73602478304903,0.0,20590000.0,0.0,0.0,32476000.0,45769000.0,509000.0,6157000.0,10745000.0,0.21337649184820381,4588000.0,0.09110947832476121,0.0,3781000.0,0.07508390094723673,1646000.0,2135000.0,0.04239728339654864,0.20212705829959737,0.20212705829959737,10562663.0,10562663.0,https://www.sedar.com/ModifyCompanyDocumentSearchForm.do?lang=EN&company_search=K-Bro Linen Inc&document_selection=0&industry_group=A&FromDate=13&FromMonth=05&FromYear=2000&ToDate=13&ToMonth=11&ToYear=2020&Variable=Issuer,https://www.sedar.com/ModifyCompanyDocumentSearchForm.do?lang=EN&company_search=K-Bro Linen Inc&document_selection=0&industry_group=A&FromDate=13&FromMonth=05&FromYear=2000&ToDate=13&ToMonth=11&ToYear=2020&Variable=Issuer,1620594064,17:01:04,20210509
1,2020-09-30,KBL.TO,CAD,2020-09-30,2020-09-30,Q3,51439000,13390000.0,38049000.0,0.7396916736328467,0.0,20677000.0,0.0,0.0,32170000.0,45560000.0,1141000.0,5885000.0,11764000.0,0.2286980695581174,5879000.0,0.11429071327203096,0.0,4738000.0,0.09210910009914657,1296000.0,3442000.0,0.06691420906316219,0.33,0.32,10562663.0,10666540.0,https://www.sedar.com/ModifyCompanyDocumentSearchForm.do?lang=EN&company_search=K-Bro Linen Inc&document_selection=0&industry_group=A&FromDate=13&FromMonth=05&FromYear=2000&ToDate=13&ToMonth=11&ToYear=2020&Variable=Issuer,https://www.sedar.com/ModifyCompanyDocumentSearchForm.do?lang=EN&company_search=K-Bro Linen Inc&document_selection=0&industry_group=A&FromDate=13&FromMonth=05&FromYear=2000&ToDate=13&ToMonth=11&ToYear=2020&Variable=Issuer,1620594064,17:01:04,20210509
2,2020-06-30,KBL.TO,CAD,2020-06-30,2020-06-30,Q2,37520000,9977000.0,27543000.0,0.734088486140725,0.0,13964000.0,0.0,0.0,24341000.0,34318000.0,791000.0,5891000.0,9093000.0,0.2423507462686567,3202000.0,0.0853411513859275,0.0,2411000.0,0.0642590618336887,798000.0,1613000.0,0.042990405117270786,0.15287008611049693,0.15178472202552523,10551443.0,10626893.0,https://www.sedar.com/ModifyCompanyDocumentSearchForm.do?lang=EN&company_search=K-Bro Linen Inc&document_selection=0&industry_group=A&FromDate=13&FromMonth=05&FromYear=2000&ToDate=13&ToMonth=11&ToYear=2020&Variable=Issuer,https://www.sedar.com/ModifyCompanyDocumentSearchForm.do?lang=EN&company_search=K-Bro Linen Inc&document_selection=0&industry_group=A&FromDate=13&FromMonth=05&FromYear=2000&ToDate=13&ToMonth=11&ToYear=2020&Variable=Issuer,1620594064,17:01:04,20210509
3,2020-03-31,KBL.TO,CAD,2020-03-31,2020-03-31,Q1,57275000,15825000.0,41450000.0,0.723701440419031,0.0,26470000.0,0.0,0.0,39277000.0,55102000.0,0.0,6115000.0,8288000.0,0.14470536883457005,2173000.0,0.03793976429506766,-5511000.0,-4531000.0,-0.0791095591444784,-1123000.0,-3408000.0,-0.059502400698384986,-0.3233562864428133,-0.32179704766316614,10539458.0,10590526.0,https://www.sedar.com/ModifyCompanyDocumentSearchForm.do?lang=EN&company_search=K-Bro Linen Inc&document_selection=0&industry_group=A&FromDate=13&FromMonth=05&FromYear=2000&ToDate=13&ToMonth=11&ToYear=2020&Variable=Issuer,https://www.sedar.com/ModifyCompanyDocumentSearchForm.do?lang=EN&company_search=K-Bro Linen Inc&document_selection=0&industry_group=A&FromDate=13&FromMonth=05&FromYear=2000&ToDate=13&ToMonth=11&ToYear=2020&Variable=Issuer,1620594064,17:01:04,20210509
4,2019-12-31,KBL.TO,CAD,2019-12-31,2019-12-31,Q4,62892000,16714000.0,46178000.0,0.7342428289766584,0.0,28835000.0,0.0,0.0,42286000.0,59000000.0,783000.0,6053000.0,9945000.0,0.15812821980538067,3892000.0,0.06188386440246772,0.0,2878000.0,0.04576098708897793,683000.0,2195000.0,0.03490110029892514,0.207807444012935,0.207807444012935,10562663.0,10562663.0,https://www.sedar.com/ModifyCompanyDocumentSearchForm.do?lang=EN&company_search=K-Bro Linen Inc&document_selection=0&industry_group=A&FromDate=13&FromMonth=05&FromYear=2000&ToDate=13&ToMonth=11&ToYear=2020&Variable=Issuer,https://www.sedar.com/ModifyCompanyDocumentSearchForm.do?lang=EN&company_search=K-Bro Linen Inc&document_selection=0&industry_group=A&FromDate=13&FromMonth=05&FromYear=2000&ToDate=13&ToMonth=11&ToYear=2020&Variable=Issuer,1620594064,17:01:04,20210509
5,2019-09-30,KBL.TO,CAD,2019-09-30,2019-09-30,Q3,67842000,16559000.0,51283000.0,0.7559181627900121,0.0,30351000.0,0.0,0.0,43735000.0,60294000.0,1510000.0,6314000.0,13862000.0,0.20432770260310723,7548000.0,0.11125851242593084,10000.0,6048000.0,0.0891483152029716,1379000.0,4669000.0,0.0688216738893311,0.4442049050915168,0.44112506259270806,10510915.0,10584300.0,https://www.sedar.com/ModifyCompanyDocumentSearchForm.do?lang=EN&company_search=K-Bro Linen Inc&document_selection=0&industry_group=A&FromDate=13&FromMonth=05&FromYear=2000&ToDate=13&ToMonth=11&ToYear=2020&Variable=Issuer,https://www.sedar.com/ModifyCompanyDocumentSearchForm.do?lang=EN&company_search=K-Bro Linen Inc&document_selection=0&industry_group=A&FromDate=13&FromMonth=05&FromYear=2000&ToDate=13&ToMonth=11&ToYear=2020&Variable=Issuer,1620594064,17:01:04,20210509
6,2019-06-30,KBL.TO,CAD,2019-06-30,2019-06-30,Q2,63893000,16047000.0,47846000.0,0.7488457264489068,0.0,28883000.0,0.0,0.0,42084000.0,58131000.0,1566000.0,6203000.0,11965000.0,0.18726621069600738,5762000.0,0.09018202306981986,-2000.0,4194000.0,0.06564099353606812,647000.0,3547000.0,0.055514688620036626,0.3376913639932085,0.3359651391887375,10503674.0,10557643.0,https://www.sedar.com/ModifyCompanyDocumentSearchForm.do?lang=EN&company_search=K-Bro Linen Inc&document_selection=0&industry_group=A&FromDate=13&FromMonth=05&FromYear=2000&ToDate=13&ToMonth=11&ToYear=2020&Variable=Issuer,https://www.sedar.com/ModifyCompanyDocumentSearchForm.do?lang=EN&company_search=K-Bro Linen Inc&document_selection=0&industry_group=A&FromDate=13&FromMonth=05&FromYear=2000&ToDate=13&ToMonth=11&ToYear=2020&Variable=Issuer,1620594064,17:01:04,20210509
7,2019-03-31,KBL.TO,CAD,2019-03-31,2019-03-31,Q1,57783000,15188000.0,42595000.0,0.7371545264178045,0.0,27080000.0,0.0,0.0,40396000.0,55584000.0,1513000.0,6135000.0,8334000.0,0.14422927158506826,2199000.0,0.03805617569181247,0.0,686000.0,0.011872003876572694,191000.0,495000.0,0.008566533409480296,0.04715817232072511,0.04693736090658327,10496590.0,10545970.0,https://www.sedar.com/ModifyCompanyDocumentSearchForm.do?lang=EN&company_search=K-Bro Linen Inc&document_selection=0&industry_group=A&FromDate=13&FromMonth=05&FromYear=2000&ToDate=13&ToMonth=11&ToYear=2020&Variable=Issuer,https://www.sedar.com/ModifyCompanyDocumentSearchForm.do?lang=EN&company_search=K-Bro Linen Inc&document_selection=0&industry_group=A&FromDate=13&FromMonth=05&FromYear=2000&ToDate=13&ToMonth=11&ToYear=2020&Variable=Issuer,1620594064,17:01:04,20210509
8,2018-12-31,KBL.TO,CAD,2018-12-31,2018-12-31,Q4,59440000,16753000.0,42687000.0,0.7181527590847914,0.0,29963000.0,0.0,0.0,41411000.0,58164000.0,344000.0,4484000.0,5760000.0,0.09690444145356662,1276000.0,0.021467025572005385,-38000.0,501000.0,0.008428667563930013,-551000.0,1052000.0,0.017698519515477792,0.09959609617385312,0.09959609617385312,10562663.0,10562663.0,https://www.sedar.com/ModifyCompanyDocumentSearchForm.do?lang=EN&company_search=K-Bro Linen Inc&document_selection=0&industry_group=A&FromDate=13&FromMonth=05&FromYear=2000&ToDate=13&ToMonth=11&ToYear=2020&Variable=Issuer,https://www.sedar.com/ModifyCompanyDocumentSearchForm.do?lang=EN&company_search=K-Bro Linen Inc&document_selection=0&industry_group=A&FromDate=13&FromMonth=05&FromYear=2000&ToDate=13&ToMonth=11&ToYear=2020&Variable=Issuer,1620594064,17:01:04,20210509
9,2018-09-30,KBL.TO,CAD,2018-09-30,2018-09-30,Q3,63972000,17154000.0,46818000.0,0.7318514350028137,0.0,32613000.0,0.0,0.0,43681000.0,60835000.0,857000.0,4371000.0,7508000.0,0.11736384668292378,3137000.0,0.04903707872194085,104000.0,2384000.0,0.0372663040080035,498000.0,1886000.0,0.02948164822109673,0.18012932827328465,0.17893266192789223,10470255.0,10540278.0,https://www.sedar.com/ModifyCompanyDocumentSearchForm.do?lang=EN&company_search=K-Bro Linen Inc&document_selection=0&industry_group=A&FromDate=13&FromMonth=05&FromYear=2000&ToDate=13&ToMonth=11&ToYear=2020&Variable=Issuer,https://www.sedar.com/ModifyCompanyDocumentSearchForm.do?lang=EN&company_search=K-Bro Linen Inc&document_selection=0&industry_group=A&FromDate=13&FromMonth=05&FromYear=2000&ToDate=13&ToMonth=11&ToYear=2020&Variable=Issuer,1620594064,17:01:04,20210509
10,2018-06-30,KBL.TO,CAD,2018-06-30,2018-06-30,Q2,60738000,16232000.0,44506000.0,0.7327537949883105,0.0,30267000.0,0.0,0.0,40323000.0,56555000.0,716000.0,3565000.0,7748000.0,0.12756429253515097,4183000.0,0.0688695709440548,-2000.0,3465000.0,0.05704830583819026,881000.0,2584000.0,0.04254338305508907,0.24698407497534222,0.24589280976689284,10462213.0,10508644.0,https://www.sedar.com/ModifyCompanyDocumentSearchForm.do?lang=EN&company_search=K-Bro Linen Inc&document_selection=0&industry_group=A&FromDate=13&FromMonth=05&FromYear=2000&ToDate=13&ToMonth=11&ToYear=2020&Variable=Issuer,https://www.sedar.com/ModifyCompanyDocumentSearchForm.do?lang=EN&company_search=K-Bro Linen Inc&document_selection=0&industry_group=A&FromDate=13&FromMonth=05&FromYear=2000&ToDate=13&ToMonth=11&ToYear=2020&Variable=Issuer,1620594064,17:01:04,20210509
11,2018-03-31,KBL.TO,CAD,2018-03-31,2018-03-31,Q1,55384000,15767000.0,39617000.0,0.7153148923876932,0.0,28062000.0,0.0,0.0,37700000.0,53467000.0,876000.0,3451000.0,5368000.0,0.0969232991477683,1917000.0,0.03461288458760653,0.0,1041000.0,0.018796042178246423,394000.0,647000.0,0.011682074245269392,0.0618924235064172,0.06166941684941911,10453622.0,10491424.0,https://www.sedar.com/ModifyCompanyDocumentSearchForm.do?lang=EN&company_search=K-Bro Linen Inc&document_selection=0&industry_group=A&FromDate=13&FromMonth=05&FromYear=2000&ToDate=13&ToMonth=11&ToYear=2020&Variable=Issuer,https://www.sedar.com/ModifyCompanyDocumentSearchForm.do?lang=EN&company_search=K-Bro Linen Inc&document_selection=0&industry_group=A&FromDate=13&FromMonth=05&FromYear=2000&ToDate=13&ToMonth=11&ToYear=2020&Variable=Issuer,1620594064,17:01:04,20210509
12,2017-12-31,KBL.TO,CAD,2017-12-31,2017-12-31,Q4,47509000,12388000.0,35121000.0,0.7392494053758235,0.0,26178000.0,0.0,0.0,34815000.0,47203000.0,49000.0,3543000.0,3849000.0,0.08101622850407292,306000.0,0.006440884884969164,0.0,-438000.0,-0.009219305815740176,849000.0,-1287000.0,-0.027089604075017364,-0.12184427355109219,-0.12184427355109219,10562663.0,10562663.0,https://www.sedar.com/ModifyCompanyDocumentSearchForm.do?lang=EN&company_search=K-Bro Linen Inc&document_selection=0&industry_group=A&FromDate=13&FromMonth=05&FromYear=2000&ToDate=13&ToMonth=11&ToYear=2020&Variable=Issuer,https://www.sedar.com/ModifyCompanyDocumentSearchForm.do?lang=EN&company_search=K-Bro Linen Inc&document_selection=0&industry_group=A&FromDate=13&FromMonth=05&FromYear=2000&ToDate=13&ToMonth=11&ToYear=2020&Variable=Issuer,1620594064,17:01:04,20210509
13,2017-09-30,KBL.TO,CAD,2017-09-30,2017-09-30,Q3,43598000,10512000.0,33086000.0,0.758888022386348,0.0,21081000.0,0.0,0.0,28188000.0,38700000.0,101000.0,2840000.0,7738000.0,0.17748520574338272,4898000.0,0.11234460296343869,0.0,4797000.0,0.11002798293499702,1379000.0,3418000.0,0.07839809165558054,0.3593837483472606,0.35799805143483066,9510725.0,9547538.0,https://www.sedar.com/ModifyCompanyDocumentSearchForm.do?lang=EN&company_search=K-Bro Linen Inc&document_selection=0&industry_group=A&FromDate=13&FromMonth=05&FromYear=2000&ToDate=13&ToMonth=11&ToYear=2020&Variable=Issuer,https://www.sedar.com/ModifyCompanyDocumentSearchForm.do?lang=EN&company_search=K-Bro Linen Inc&document_selection=0&industry_group=A&FromDate=13&FromMonth=05&FromYear=2000&ToDate=13&ToMonth=11&ToYear=2020&Variable=Issuer,1620594064,17:01:04,20210509
14,2017-06-30,KBL.TO,CAD,2017-06-30,2017-06-30,Q2,40494000,9808000.0,30686000.0,0.7577912777201561,0.0,20454000.0,0.0,0.0,27239000.0,37047000.0,61000.0,2842000.0,6289000.0,0.15530695905566258,3447000.0,0.08512372203289376,-36000.0,3350000.0,0.08272830542796464,1013000.0,2337000.0,0.05771225366720996,0.25671416849105455,0.2558775186471973,9103510.0,9133276.0,https://www.sedar.com/ModifyCompanyDocumentSearchForm.do?lang=EN&company_search=K-Bro Linen Inc&document_selection=0&industry_group=A&FromDate=13&FromMonth=05&FromYear=2000&ToDate=13&ToMonth=11&ToYear=2020&Variable=Issuer,https://www.sedar.com/ModifyCompanyDocumentSearchForm.do?lang=EN&company_search=K-Bro Linen Inc&document_selection=0&industry_group=A&FromDate=13&FromMonth=05&FromYear=2000&ToDate=13&ToMonth=11&ToYear=2020&Variable=Issuer,1620594064,17:01:04,20210509
15,2017-03-31,KBL.TO,CAD,2017-03-31,2017-03-31,Q1,38958000,8522000.0,30436000.0,0.7812516042918014,0.0,21575000.0,0.0,0.0,28481000.0,37003000.0,185000.0,2381000.0,4336000.0,0.1112993480158119,1955000.0,0.050182247548642124,0.0,1770000.0,0.04543354381641768,520000.0,1250000.0,0.03208583602854356,0.15666425946809853,0.15626599773151775,7978846.0,7999181.0,https://www.sedar.com/ModifyCompanyDocumentSearchForm.do?lang=EN&company_search=K-Bro Linen Inc&document_selection=0&industry_group=A&FromDate=13&FromMonth=05&FromYear=2000&ToDate=13&ToMonth=11&ToYear=2020&Variable=Issuer,https://www.sedar.com/ModifyCompanyDocumentSearchForm.do?lang=EN&company_search=K-Bro Linen Inc&document_selection=0&industry_group=A&FromDate=13&FromMonth=05&FromYear=2000&ToDate=13&ToMonth=11&ToYear=2020&Variable=Issuer,1620594064,17:01:04,20210509
16,2016-12-31,KBL.TO,CAD,2016-12-31,2016-12-31,Q4,39251000,8016000.0,31235000.0,0.7957759037986293,0.0,21051000.0,0.0,0.0,27694000.0,35710000.0,-120000.0,2438000.0,5979000.0,0.15232732924001935,3541000.0,0.09021426205701766,-86000.0,3208000.0,0.08173040177320323,1011000.0,2197000.0,0.05597309622684772,0.20799679020337958,0.20799679020337958,10562663.0,10562663.0,https://www.sedar.com/ModifyCompanyDocumentSearchForm.do?lang=EN&company_search=K-Bro Linen Inc&document_selection=0&industry_group=A&FromDate=13&FromMonth=05&FromYear=2000&ToDate=13&ToMonth=11&ToYear=2020&Variable=Issuer,https://www.sedar.com/ModifyCompanyDocumentSearchForm.do?lang=EN&company_search=K-Bro Linen Inc&document_selection=0&industry_group=A&FromDate=13&FromMonth=05&FromYear=2000&ToDate=13&ToMonth=11&ToYear=2020&Variable=Issuer,1620594064,17:01:04,20210509
17,2016-09-30,KBL.TO,CAD,2016-09-30,2016-09-30,Q3,41557000,8006000.0,33551000.0,0.8073489424164401,0.0,22255000.0,0.0,0.0,28761000.0,36767000.0,11000.0,2320000.0,7110000.0,0.17109030969511754,4790000.0,0.11526337319825782,0.0,4801000.0,0.11552806987992396,1387000.0,3414000.0,0.08215222465529273,0.42903309963973285,0.4272378522225066,7957428.0,7990865.0,https://www.sedar.com/ModifyCompanyDocumentSearchForm.do?lang=EN&company_search=K-Bro Linen Inc&document_selection=0&industry_group=A&FromDate=13&FromMonth=05&FromYear=2000&ToDate=13&ToMonth=11&ToYear=2020&Variable=Issuer,https://www.sedar.com/ModifyCompanyDocumentSearchForm.do?lang=EN&company_search=K-Bro Linen Inc&document_selection=0&industry_group=A&FromDate=13&FromMonth=05&FromYear=2000&ToDate=13&ToMonth=11&ToYear=2020&Variable=Issuer,1620594064,17:01:04,20210509
18,2016-06-30,KBL.TO,CAD,2016-06-30,2016-06-30,Q2,39469000,7420000.0,32049000.0,0.8120043578504649,0.0,21033000.0,0.0,0.0,27208000.0,34628000.0,110000.0,2246000.0,7087000.0,0.1795586409587271,4841000.0,0.12265322151561986,-19000.0,4712000.0,0.11938483366692848,1328000.0,3384000.0,0.08573817426334591,0.43,0.42,7951901.0,7964583.0,https://www.sedar.com/ModifyCompanyDocumentSearchForm.do?lang=EN&company_search=K-Bro Linen Inc&document_selection=0&industry_group=A&FromDate=13&FromMonth=05&FromYear=2000&ToDate=13&ToMonth=11&ToYear=2020&Variable=Issuer,https://www.sedar.com/ModifyCompanyDocumentSearchForm.do?lang=EN&company_search=K-Bro Linen Inc&document_selection=0&industry_group=A&FromDate=13&FromMonth=05&FromYear=2000&ToDate=13&ToMonth=11&ToYear=2020&Variable=Issuer,1620594064,17:01:04,20210509
19,2016-03-31,KBL.TO,CAD,2016-03-31,2016-03-31,Q1,38812000,7706000.0,31106000.0,0.8014531588168607,0.0,20735000.0,0.0,0.0,27067000.0,34773000.0,393000.0,2231000.0,6270000.0,0.1615479748531382,4039000.0,0.10406575285994023,0.0,3646000.0,0.09394001855096362,1114000.0,2532000.0,0.06523755539523858,0.3186510138375335,0.31790657765282493,7945997.0,7964604.0,https://www.sedar.com/ModifyCompanyDocumentSearchForm.do?lang=EN&company_search=K-Bro Linen Inc&document_selection=0&industry_group=A&FromDate=13&FromMonth=05&FromYear=2000&ToDate=13&ToMonth=11&ToYear=2020&Variable=Issuer,https://www.sedar.com/ModifyCompanyDocumentSearchForm.do?lang=EN&company_search=K-Bro Linen Inc&document_selection=0&industry_group=A&FromDate=13&FromMonth=05&FromYear=2000&ToDate=13&ToMonth=11&ToYear=2020&Variable=Issuer,1620594064,17:01:04,20210509
20,2015-12-31,KBL.TO,CAD,2015-12-31,2015-12-31,Q4,37680000,6815000.0,30865000.0,0.8191348195329087,0.0,21120000.0,0.0,0.0,27551000.0,34366000.0,21000.0,2353000.0,5667000.0,0.15039808917197453,3314000.0,0.08795116772823779,-172000.0,2986000.0,0.07924628450106157,828000.0,2158000.0,0.05727176220806794,0.2043045394897101,0.2043045394897101,10562663.0,10562663.0,https://www.sedar.com/ModifyCompanyDocumentSearchForm.do?lang=EN&company_search=K-Bro Linen Inc&document_selection=0&industry_group=A&FromDate=13&FromMonth=05&FromYear=2000&ToDate=13&ToMonth=11&ToYear=2020&Variable=Issuer,https://www.sedar.com/ModifyCompanyDocumentSearchForm.do?lang=EN&company_search=K-Bro Linen Inc&document_selection=0&industry_group=A&FromDate=13&FromMonth=05&FromYear=2000&ToDate=13&ToMonth=11&ToYear=2020&Variable=Issuer,1620594064,17:01:04,20210509
21,2015-09-30,KBL.TO,CAD,2015-09-30,2015-09-30,Q3,37700000,6715000.0,30985000.0,0.8218832891246685,0.0,19993000.0,0.0,0.0,25734000.0,32449000.0,128000.0,1819000.0,7070000.0,0.18753315649867375,5251000.0,0.13928381962864722,-4000.0,5375000.0,0.14257294429708223,1523000.0,3852000.0,0.10217506631299735,0.49,0.48,7922047.0,7973771.0,https://www.sedar.com/ModifyCompanyDocumentSearchForm.do?lang=EN&company_search=K-Bro Linen Inc&document_selection=0&industry_group=A&FromDate=13&FromMonth=05&FromYear=2000&ToDate=13&ToMonth=11&ToYear=2020&Variable=Issuer,https://www.sedar.com/ModifyCompanyDocumentSearchForm.do?lang=EN&company_search=K-Bro Linen Inc&document_selection=0&industry_group=A&FromDate=13&FromMonth=05&FromYear=2000&ToDate=13&ToMonth=11&ToYear=2020&Variable=Issuer,1620594064,17:01:04,20210509
22,2015-06-30,KBL.TO,CAD,2015-06-30,2015-06-30,Q2,35337000,6350000.0,28987000.0,0.8203016668081614,0.0,18726000.0,0.0,0.0,24120000.0,30470000.0,177000.0,1713000.0,6580000.0,0.1862070917168973,4867000.0,0.1377309901802643,-14000.0,4676000.0,0.1323258907094547,1637000.0,3039000.0,0.08600050938110196,0.3839278867454424,0.3815177678185055,7915549.0,7965553.0,https://www.sedar.com/ModifyCompanyDocumentSearchForm.do?lang=EN&company_search=K-Bro Linen Inc&document_selection=0&industry_group=A&FromDate=13&FromMonth=05&FromYear=2000&ToDate=13&ToMonth=11&ToYear=2020&Variable=Issuer,https://www.sedar.com/ModifyCompanyDocumentSearchForm.do?lang=EN&company_search=K-Bro Linen Inc&document_selection=0&industry_group=A&FromDate=13&FromMonth=05&FromYear=2000&ToDate=13&ToMonth=11&ToYear=2020&Variable=Issuer,1620594064,17:01:04,20210509
23,2015-03-31,KBL.TO,CAD,2015-03-31,2015-03-31,Q1,33820000,6366000.0,27454000.0,0.8117681845062094,0.0,17927000.0,0.0,0.0,23328000.0,29694000.0,98000.0,1688000.0,5814000.0,0.17191011235955056,4126000.0,0.12199881726788882,0.0,4224000.0,0.12489651094027203,1205000.0,3019000.0,0.08926670609107037,0.3814581759981563,0.38011692593058455,7914367.0,7942293.0,https://www.sedar.com/ModifyCompanyDocumentSearchForm.do?lang=EN&company_search=K-Bro Linen Inc&document_selection=0&industry_group=A&FromDate=13&FromMonth=05&FromYear=2000&ToDate=13&ToMonth=11&ToYear=2020&Variable=Issuer,https://www.sedar.com/ModifyCompanyDocumentSearchForm.do?lang=EN&company_search=K-Bro Linen Inc&document_selection=0&industry_group=A&FromDate=13&FromMonth=05&FromYear=2000&ToDate=13&ToMonth=11&ToYear=2020&Variable=Issuer,1620594064,17:01:04,20210509
24,2014-12-31,KBL.TO,CAD,2014-12-31,2014-12-31,Q4,33793000,6087000.0,27706000.0,0.8198739383896073,0.0,18015000.0,0.0,0.0,23628000.0,29715000.0,88000.0,1725000.0,5803000.0,0.17172195425088035,4078000.0,0.12067587962003966,30000.0,4005000.0,0.11851566892551713,922000.0,3083000.0,0.09123191193442429,0.2918771525703319,0.2918771525703319,10562663.0,10562663.0,https://www.sedar.com/ModifyCompanyDocumentSearchForm.do?lang=EN&company_search=K-Bro Linen Inc&document_selection=0&industry_group=A&FromDate=13&FromMonth=05&FromYear=2000&ToDate=13&ToMonth=11&ToYear=2020&Variable=Issuer,https://www.sedar.com/ModifyCompanyDocumentSearchForm.do?lang=EN&company_search=K-Bro Linen Inc&document_selection=0&industry_group=A&FromDate=13&FromMonth=05&FromYear=2000&ToDate=13&ToMonth=11&ToYear=2020&Variable=Issuer,1620594064,17:01:04,20210509
25,2014-09-30,KBL.TO,CAD,2014-09-30,2014-09-30,Q3,36028000,6569000.0,29459000.0,0.8176695903186411,0.0,18708000.0,0.0,0.0,24115000.0,30684000.0,125000.0,1742000.0,7086000.0,0.1966803597202176,5344000.0,0.14832907738425669,-37000.0,5182000.0,0.14383257466415011,1431000.0,3751000.0,0.10411346730320861,0.532684,0.528616,7041704.0,7095889.0,https://www.sedar.com/ModifyCompanyDocumentSearchForm.do?lang=EN&company_search=K-Bro Linen Inc&document_selection=0&industry_group=A&FromDate=13&FromMonth=05&FromYear=2000&ToDate=13&ToMonth=11&ToYear=2020&Variable=Issuer,https://www.sedar.com/ModifyCompanyDocumentSearchForm.do?lang=EN&company_search=K-Bro Linen Inc&document_selection=0&industry_group=A&FromDate=13&FromMonth=05&FromYear=2000&ToDate=13&ToMonth=11&ToYear=2020&Variable=Issuer,1620594064,17:01:04,20210509
26,2014-06-30,KBL.TO,CAD,2014-06-30,2014-06-30,Q2,34348000,6211000.0,28137000.0,0.819174333294515,0.0,18010000.0,0.0,0.0,23349000.0,29560000.0,196000.0,1686000.0,6474000.0,0.1884825899615698,4788000.0,0.13939676254803773,-12000.0,4580000.0,0.13334109700710375,1247000.0,3333000.0,0.09703621753813904,0.47386822198188383,0.4705402021755814,7033601.0,7083348.0,https://www.sedar.com/ModifyCompanyDocumentSearchForm.do?lang=EN&company_search=K-Bro Linen Inc&document_selection=0&industry_group=A&FromDate=13&FromMonth=05&FromYear=2000&ToDate=13&ToMonth=11&ToYear=2020&Variable=Issuer,https://www.sedar.com/ModifyCompanyDocumentSearchForm.do?lang=EN&company_search=K-Bro Linen Inc&document_selection=0&industry_group=A&FromDate=13&FromMonth=05&FromYear=2000&ToDate=13&ToMonth=11&ToYear=2020&Variable=Issuer,1620594064,17:01:04,20210509
27,2014-03-31,KBL.TO,CAD,2014-03-31,2014-03-31,Q1,32271000,6291000.0,25980000.0,0.8050571720739983,0.0,17178000.0,0.0,0.0,22887000.0,29178000.0,169000.0,1664000.0,4757000.0,0.14740788943633604,3093000.0,0.0958445663289021,-28000.0,2896000.0,0.08974001425428403,865000.0,2031000.0,0.06293576275913358,0.2888332459438554,0.2871822948650929,7031739.0,7072163.0,https://www.sedar.com/ModifyCompanyDocumentSearchForm.do?lang=EN&company_search=K-Bro Linen Inc&document_selection=0&industry_group=A&FromDate=13&FromMonth=05&FromYear=2000&ToDate=13&ToMonth=11&ToYear=2020&Variable=Issuer,https://www.sedar.com/ModifyCompanyDocumentSearchForm.do?lang=EN&company_search=K-Bro Linen Inc&document_selection=0&industry_group=A&FromDate=13&FromMonth=05&FromYear=2000&ToDate=13&ToMonth=11&ToYear=2020&Variable=Issuer,1620594064,17:01:04,20210509
28,2013-12-31,KBL.TO,CAD,2013-12-31,2013-12-31,Q4,32344000,6287000.0,26057000.0,0.8056208261192184,0.0,17179000.0,0.0,0.0,22940000.0,29227000.0,-6000.0,1774000.0,4891000.0,0.15121815483551818,3117000.0,0.09637026960178086,-25000.0,2916000.0,0.09015582488251299,799000.0,2117000.0,0.06545263418253772,0.20042294258559606,0.20042294258559606,10562663.0,10562663.0,https://www.sedar.com/ModifyCompanyDocumentSearchForm.do?lang=EN&company_search=K-Bro Linen Inc&document_selection=0&industry_group=A&FromDate=13&FromMonth=05&FromYear=2000&ToDate=13&ToMonth=11&ToYear=2020&Variable=Issuer,https://www.sedar.com/ModifyCompanyDocumentSearchForm.do?lang=EN&company_search=K-Bro Linen Inc&document_selection=0&industry_group=A&FromDate=13&FromMonth=05&FromYear=2000&ToDate=13&ToMonth=11&ToYear=2020&Variable=Issuer,1620594064,17:01:04,20210509
29,2013-09-30,KBL.TO,CAD,2013-09-30,2013-09-30,Q3,34551000,6170000.0,28381000.0,0.8214234030852942,0.0,19557000.0,0.0,0.0,24533000.0,30703000.0,169000.0,1357000.0,5205000.0,0.1506468698445776,3848000.0,0.1113715956122833,-5000.0,3674000.0,0.10633556192295447,1103000.0,2571000.0,0.07441173916818616,0.37,0.36,7031487.0,7054936.0,https://www.sedar.com/ModifyCompanyDocumentSearchForm.do?lang=EN&company_search=K-Bro Linen Inc&document_selection=0&industry_group=A&FromDate=13&FromMonth=05&FromYear=2000&ToDate=13&ToMonth=11&ToYear=2020&Variable=Issuer,https://www.sedar.com/ModifyCompanyDocumentSearchForm.do?lang=EN&company_search=K-Bro Linen Inc&document_selection=0&industry_group=A&FromDate=13&FromMonth=05&FromYear=2000&ToDate=13&ToMonth=11&ToYear=2020&Variable=Issuer,1620594064,17:01:04,20210509
30,2013-06-30,KBL.TO,CAD,2013-06-30,2013-06-30,Q2,32660000,5908000.0,26752000.0,0.8191059399877526,0.0,17361000.0,0.0,0.0,22435000.0,28343000.0,127000.0,1411000.0,5728000.0,0.17538273116962647,4317000.0,0.13218003674219228,-78000.0,4112000.0,0.12590324556031843,1226000.0,2886000.0,0.08836497244335578,0.4110852865225988,0.4100538497605888,7020441.0,7038100.0,https://www.sedar.com/ModifyCompanyDocumentSearchForm.do?lang=EN&company_search=K-Bro Linen Inc&document_selection=0&industry_group=A&FromDate=13&FromMonth=05&FromYear=2000&ToDate=13&ToMonth=11&ToYear=2020&Variable=Issuer,https://www.sedar.com/ModifyCompanyDocumentSearchForm.do?lang=EN&company_search=K-Bro Linen Inc&document_selection=0&industry_group=A&FromDate=13&FromMonth=05&FromYear=2000&ToDate=13&ToMonth=11&ToYear=2020&Variable=Issuer,1620594064,17:01:04,20210509
31,2013-03-31,KBL.TO,CAD,2013-03-31,2013-03-31,Q1,31647000,5732000.0,25915000.0,0.8188769867601985,0.0,16893000.0,0.0,0.0,21985000.0,27717000.0,123000.0,1423000.0,5353000.0,0.1691471545486144,3930000.0,0.12418238695610959,0.0,3807000.0,0.12029576263152905,1045000.0,2762000.0,0.08727525515846683,0.39352683968454594,0.39152447325641193,7018581.0,7054476.0,https://www.sedar.com/ModifyCompanyDocumentSearchForm.do?lang=EN&company_search=K-Bro Linen Inc&document_selection=0&industry_group=A&FromDate=13&FromMonth=05&FromYear=2000&ToDate=13&ToMonth=11&ToYear=2020&Variable=Issuer,https://www.sedar.com/ModifyCompanyDocumentSearchForm.do?lang=EN&company_search=K-Bro Linen Inc&document_selection=0&industry_group=A&FromDate=13&FromMonth=05&FromYear=2000&ToDate=13&ToMonth=11&ToYear=2020&Variable=Issuer,1620594064,17:01:04,20210509
32,2012-12-31,KBL.TO,CAD,2012-12-31,2012-12-31,Q4,31586000,15480000.0,16106000.0,0.5099094535553726,0.0,-1779000.0,0.0,0.0,12252000.0,27732000.0,-328000.0,1616000.0,5470000.0,0.17317799024884442,3854000.0,0.12201608307477997,-39000.0,3880000.0,0.12283923257139238,1122000.0,2758000.0,0.08731716583296398,0.26110839662308644,0.26110839662308644,10562663.0,10562663.0,https://www.sedar.com/ModifyCompanyDocumentSearchForm.do?lang=EN&company_search=K-Bro Linen Inc&document_selection=0&industry_group=A&FromDate=13&FromMonth=05&FromYear=2000&ToDate=13&ToMonth=11&ToYear=2020&Variable=Issuer,https://www.sedar.com/ModifyCompanyDocumentSearchForm.do?lang=EN&company_search=K-Bro Linen Inc&document_selection=0&industry_group=A&FromDate=13&FromMonth=05&FromYear=2000&ToDate=13&ToMonth=11&ToYear=2020&Variable=Issuer,1620594064,17:01:04,20210509
33,2012-09-30,KBL.TO,CAD,2012-09-30,2012-09-30,Q3,33013000,2030000.0,30983000.0,0.9385090721836852,0.0,24244000.0,0.0,0.0,26527000.0,28557000.0,272000.0,1609000.0,6065000.0,0.18371550601278283,4456000.0,0.13497713022142793,-1000.0,4183000.0,0.12670766061854422,1224000.0,2959000.0,0.08963135734407658,0.42229108971509266,0.42031148504328897,7007015.0,7040017.0,https://www.sedar.com/ModifyCompanyDocumentSearchForm.do?lang=EN&company_search=K-Bro Linen Inc&document_selection=0&industry_group=A&FromDate=13&FromMonth=05&FromYear=2000&ToDate=13&ToMonth=11&ToYear=2020&Variable=Issuer,https://www.sedar.com/ModifyCompanyDocumentSearchForm.do?lang=EN&company_search=K-Bro Linen Inc&document_selection=0&industry_group=A&FromDate=13&FromMonth=05&FromYear=2000&ToDate=13&ToMonth=11&ToYear=2020&Variable=Issuer,1620594064,17:01:04,20210509
34,2012-06-30,KBL.TO,CAD,2012-06-30,2012-06-30,Q2,31526000,2392000.0,29134000.0,0.9241261181247225,0.0,22730000.0,0.0,0.0,24993000.0,27385000.0,67000.0,1590000.0,5731000.0,0.18178646196789952,4141000.0,0.1313519000190319,0.0,4084000.0,0.12954386855294042,1121000.0,2963000.0,0.09398591638647466,0.42454229884138495,0.4227145665185525,6979281.0,7009458.0,https://www.sedar.com/ModifyCompanyDocumentSearchForm.do?lang=EN&company_search=K-Bro Linen Inc&document_selection=0&industry_group=A&FromDate=13&FromMonth=05&FromYear=2000&ToDate=13&ToMonth=11&ToYear=2020&Variable=Issuer,https://www.sedar.com/ModifyCompanyDocumentSearchForm.do?lang=EN&company_search=K-Bro Linen Inc&document_selection=0&industry_group=A&FromDate=13&FromMonth=05&FromYear=2000&ToDate=13&ToMonth=11&ToYear=2020&Variable=Issuer,1620594064,17:01:04,20210509
35,2012-03-31,KBL.TO,CAD,2012-03-31,2012-03-31,Q1,30165000,2445000.0,27720000.0,0.9189457981103928,0.0,22123000.0,0.0,0.0,24459000.0,26904000.0,84000.0,1534000.0,4795000.0,0.15895905851151998,3261000.0,0.10810542018896072,0.0,3177000.0,0.10532073595226256,708000.0,2469000.0,0.08184982595723521,0.36,0.35,6931854.0,7003346.0,https://www.sedar.com/ModifyCompanyDocumentSearchForm.do?lang=EN&company_search=K-Bro Linen Inc&document_selection=0&industry_group=A&FromDate=13&FromMonth=05&FromYear=2000&ToDate=13&ToMonth=11&ToYear=2020&Variable=Issuer,https://www.sedar.com/ModifyCompanyDocumentSearchForm.do?lang=EN&company_search=K-Bro Linen Inc&document_selection=0&industry_group=A&FromDate=13&FromMonth=05&FromYear=2000&ToDate=13&ToMonth=11&ToYear=2020&Variable=Issuer,1620594064,17:01:04,20210509
36,2011-12-31,KBL.TO,CAD,2011-12-31,2011-12-31,Q4,29158000,2383000.0,26775000.0,0.9182728582207285,0.0,22220000.0,0.0,0.0,24301000.0,26684000.0,93000.0,1408000.0,3882000.0,0.13313670347760478,2474000.0,0.08484806914054462,-50000.0,2331000.0,0.07994375471568695,688000.0,1643000.0,0.05634817202825983,0.1555478954502288,0.1555478954502288,10562663.0,10562663.0,https://www.sedar.com/ModifyCompanyDocumentSearchForm.do?lang=EN&company_search=K-Bro Linen Inc&document_selection=0&industry_group=A&FromDate=13&FromMonth=05&FromYear=2000&ToDate=13&ToMonth=11&ToYear=2020&Variable=Issuer,https://www.sedar.com/ModifyCompanyDocumentSearchForm.do?lang=EN&company_search=K-Bro Linen Inc&document_selection=0&industry_group=A&FromDate=13&FromMonth=05&FromYear=2000&ToDate=13&ToMonth=11&ToYear=2020&Variable=Issuer,1620594064,17:01:04,20210509
37,2011-09-30,KBL.TO,CAD,2011-09-30,2011-09-30,Q3,31144000,2230000.0,28914000.0,0.9283971230413562,0.0,22868000.0,0.0,0.0,25100000.0,27330000.0,131000.0,1559000.0,5373000.0,0.1725211918828667,3814000.0,0.12246339583868482,-4000.0,3679000.0,0.11812869252504496,953000.0,2726000.0,0.08752889802209093,0.3933359709641291,0.39040452697393097,6930462.0,6982501.0,https://www.sedar.com/ModifyCompanyDocumentSearchForm.do?lang=EN&company_search=K-Bro Linen Inc&document_selection=0&industry_group=A&FromDate=13&FromMonth=05&FromYear=2000&ToDate=13&ToMonth=11&ToYear=2020&Variable=Issuer,https://www.sedar.com/ModifyCompanyDocumentSearchForm.do?lang=EN&company_search=K-Bro Linen Inc&document_selection=0&industry_group=A&FromDate=13&FromMonth=05&FromYear=2000&ToDate=13&ToMonth=11&ToYear=2020&Variable=Issuer,1620594064,17:01:04,20210509
38,2011-06-30,KBL.TO,CAD,2011-06-30,2011-06-30,Q2,28871000,938000.0,27933000.0,0.9675106508260884,0.0,23068000.0,0.0,0.0,25104000.0,26042000.0,84000.0,1395000.0,4224000.0,0.14630598178102594,2829000.0,0.09798760001385473,-20000.0,2725000.0,0.09438536940182189,722000.0,2003000.0,0.06937757611444009,0.2895406581289516,0.28775948995743805,6917854.0,6960674.0,https://www.sedar.com/ModifyCompanyDocumentSearchForm.do?lang=EN&company_search=K-Bro Linen Inc&document_selection=0&industry_group=A&FromDate=13&FromMonth=05&FromYear=2000&ToDate=13&ToMonth=11&ToYear=2020&Variable=Issuer,https://www.sedar.com/ModifyCompanyDocumentSearchForm.do?lang=EN&company_search=K-Bro Linen Inc&document_selection=0&industry_group=A&FromDate=13&FromMonth=05&FromYear=2000&ToDate=13&ToMonth=11&ToYear=2020&Variable=Issuer,1620594064,17:01:04,20210509
39,2011-03-31,KBL.TO,CAD,2011-03-31,2011-03-31,Q1,27686000,2309000.0,25377000.0,0.9166004478797949,0.0,20898000.0,0.0,0.0,23114000.0,25423000.0,104000.0,1575000.0,3838000.0,0.1386260203713068,2263000.0,0.08173806255869392,-6000.0,2153000.0,0.07776493534638446,597000.0,1556000.0,0.056201690385032144,0.23,0.22,6890899.0,6992622.0,https://www.sedar.com/ModifyCompanyDocumentSearchForm.do?lang=EN&company_search=K-Bro Linen Inc&document_selection=0&industry_group=A&FromDate=13&FromMonth=05&FromYear=2000&ToDate=13&ToMonth=11&ToYear=2020&Variable=Issuer,https://www.sedar.com/ModifyCompanyDocumentSearchForm.do?lang=EN&company_search=K-Bro Linen Inc&document_selection=0&industry_group=A&FromDate=13&FromMonth=05&FromYear=2000&ToDate=13&ToMonth=11&ToYear=2020&Variable=Issuer,1620594064,17:01:04,20210509
40,2010-12-31,KBL.TO,CAD,2010-12-31,2010-12-31,Q4,26719517,6347242.0,20372275.0,0.7624492239137407,0.0,16361398.0,0.0,0.0,1978833.0,8326075.0,153795.0,-9943447.0,8449995.0,0.31624804445379756,18393442.0,0.6883897639317358,-25650.0,1801997.0,0.06744122657606423,114330.0,1687667.0,0.06316233186400787,0.159776658594523,0.159776658594523,10562663.0,10562663.0,https://www.sedar.com/ModifyCompanyDocumentSearchForm.do?lang=EN&company_search=K-Bro Linen Inc&document_selection=0&industry_group=A&FromDate=13&FromMonth=05&FromYear=2000&ToDate=13&ToMonth=11&ToYear=2020&Variable=Issuer,https://www.sedar.com/ModifyCompanyDocumentSearchForm.do?lang=EN&company_search=K-Bro Linen Inc&document_selection=0&industry_group=A&FromDate=13&FromMonth=05&FromYear=2000&ToDate=13&ToMonth=11&ToYear=2020&Variable=Issuer,1620594064,17:01:04,20210509
41,2010-09-30,KBL.TO,CAD,2010-09-30,2010-09-30,Q3,27498209,940691.0,26557518.0,0.9657908265952885,0.0,21630163.0,0.0,0.0,23689305.0,24629996.0,173668.0,1418475.0,4286688.0,0.15588971630843304,2868213.0,0.1043054476747922,-104729.0,2589816.0,0.09418126104140091,229158.0,2360658.0,0.08584770011748766,0.3425421996658823,0.3386449913949332,6891583.0,6970893.0,https://www.sedar.com/ModifyCompanyDocumentSearchForm.do?lang=EN&company_search=K-Bro Linen Inc&document_selection=0&industry_group=A&FromDate=13&FromMonth=05&FromYear=2000&ToDate=13&ToMonth=11&ToYear=2020&Variable=Issuer,https://www.sedar.com/ModifyCompanyDocumentSearchForm.do?lang=EN&company_search=K-Bro Linen Inc&document_selection=0&industry_group=A&FromDate=13&FromMonth=05&FromYear=2000&ToDate=13&ToMonth=11&ToYear=2020&Variable=Issuer,1620594064,17:01:04,20210509
42,2010-06-30,KBL.TO,CAD,2010-06-30,2010-06-30,Q2,25901664,2204169.0,23697495.0,0.9149024170802308,0.0,19373693.0,0.0,0.0,17289967.0,19494136.0,188895.0,-1443593.0,4963935.0,0.19164540934512933,6407528.0,0.2473790100898537,-57111.0,1994070.0,0.07698617355240188,29167.0,1964903.0,0.07586010690278432,0.29,0.28,6877948.0,6951198.0,https://www.sedar.com/ModifyCompanyDocumentSearchForm.do?lang=EN&company_search=K-Bro Linen Inc&document_selection=0&industry_group=A&FromDate=13&FromMonth=05&FromYear=2000&ToDate=13&ToMonth=11&ToYear=2020&Variable=Issuer,https://www.sedar.com/ModifyCompanyDocumentSearchForm.do?lang=EN&company_search=K-Bro Linen Inc&document_selection=0&industry_group=A&FromDate=13&FromMonth=05&FromYear=2000&ToDate=13&ToMonth=11&ToYear=2020&Variable=Issuer,1620594064,17:01:04,20210509
43,2010-03-31,KBL.TO,CAD,2010-03-31,2010-03-31,Q1,23931610,2028305.0,21903305.0,0.915245777446649,0.0,17995339.0,0.0,0.0,20029036.0,22057341.0,126642.0,1415379.0,3289648.0,0.1374603714501448,1874269.0,0.07831771452066952,490.0,1748117.0,0.07304636002341673,-23655.0,1771772.0,0.07403480167025954,0.26,0.25,6935281.0,6992130.0,https://www.sedar.com/ModifyCompanyDocumentSearchForm.do?lang=EN&company_search=K-Bro Linen Inc&document_selection=0&industry_group=A&FromDate=13&FromMonth=05&FromYear=2000&ToDate=13&ToMonth=11&ToYear=2020&Variable=Issuer,https://www.sedar.com/ModifyCompanyDocumentSearchForm.do?lang=EN&company_search=K-Bro Linen Inc&document_selection=0&industry_group=A&FromDate=13&FromMonth=05&FromYear=2000&ToDate=13&ToMonth=11&ToYear=2020&Variable=Issuer,1620594064,17:01:04,20210509
44,2009-12-31,KBL.TO,CAD,2009-12-31,2009-12-31,Q4,21634253,4408131.0,17226122.0,0.796242976357908,0.0,13420814.0,0.0,0.0,15277487.0,19685618.0,96140.0,1800442.0,3749077.0,0.17329357292807845,1948635.0,0.09007174872180704,-50073.0,1802422.0,0.08331334573927743,-144321.0,1946743.0,0.08998429481249018,0.18430418541233398,0.18430418541233398,10562663.0,10562663.0,https://www.sedar.com/ModifyCompanyDocumentSearchForm.do?lang=EN&company_search=K-Bro Linen Inc&document_selection=0&industry_group=A&FromDate=13&FromMonth=05&FromYear=2000&ToDate=13&ToMonth=11&ToYear=2020&Variable=Issuer,https://www.sedar.com/ModifyCompanyDocumentSearchForm.do?lang=EN&company_search=K-Bro Linen Inc&document_selection=0&industry_group=A&FromDate=13&FromMonth=05&FromYear=2000&ToDate=13&ToMonth=11&ToYear=2020&Variable=Issuer,1620594064,17:01:04,20210509
45,2009-09-30,KBL.TO,CAD,2009-09-30,2009-09-30,Q3,22659028,759381.0,21899647.0,0.9664866030440493,0.0,17761897.0,0.0,0.0,19646721.0,20406102.0,60383.0,1345539.0,3598465.0,0.15880932756691946,2252926.0,0.09942730111812387,-362.0,2192181.0,0.09674647120785587,96617.0,2095564.0,0.09248251955026492,0.30239786753602976,0.2996228913190654,6929824.0,6994005.0,https://www.sedar.com/ModifyCompanyDocumentSearchForm.do?lang=EN&company_search=K-Bro Linen Inc&document_selection=0&industry_group=A&FromDate=13&FromMonth=05&FromYear=2000&ToDate=13&ToMonth=11&ToYear=2020&Variable=Issuer,https://www.sedar.com/ModifyCompanyDocumentSearchForm.do?lang=EN&company_search=K-Bro Linen Inc&document_selection=0&industry_group=A&FromDate=13&FromMonth=05&FromYear=2000&ToDate=13&ToMonth=11&ToYear=2020&Variable=Issuer,1620594064,17:01:04,20210509
46,2009-06-30,KBL.TO,CAD,2009-06-30,2009-06-30,Q2,21745884,719740.0,21026144.0,0.9669022422818038,0.0,9664406.0,0.0,0.0,18785791.0,19505531.0,64119.0,1331174.0,3571527.0,0.16423921878733466,2240353.0,0.10302423207996511,0.0,2176234.0,0.10007567409078426,8106.0,2168128.0,0.09970291389395805,0.31212963786749726,0.30927206532330503,6946242.0,7010423.0,https://www.sedar.com/ModifyCompanyDocumentSearchForm.do?lang=EN&company_search=K-Bro Linen Inc&document_selection=0&industry_group=A&FromDate=13&FromMonth=05&FromYear=2000&ToDate=13&ToMonth=11&ToYear=2020&Variable=Issuer,https://www.sedar.com/ModifyCompanyDocumentSearchForm.do?lang=EN&company_search=K-Bro Linen Inc&document_selection=0&industry_group=A&FromDate=13&FromMonth=05&FromYear=2000&ToDate=13&ToMonth=11&ToYear=2020&Variable=Issuer,1620594064,17:01:04,20210509
47,2009-03-31,KBL.TO,CAD,2009-03-31,2009-03-31,Q1,21493461,729256.0,20764205.0,0.9660707970670708,0.0,9757517.0,0.0,0.0,19164146.0,19893402.0,90445.0,1352643.0,2952702.0,0.13737675844760414,1600059.0,0.07444399019776293,-3317.0,1506297.0,0.07008164017884323,-85144.0,1591441.0,0.07404303104092914,0.22833787395569033,0.22737586946098134,6969676.0,6999164.0,https://www.sedar.com/ModifyCompanyDocumentSearchForm.do?lang=EN&company_search=K-Bro Linen Inc&document_selection=0&industry_group=A&FromDate=13&FromMonth=05&FromYear=2000&ToDate=13&ToMonth=11&ToYear=2020&Variable=Issuer,https://www.sedar.com/ModifyCompanyDocumentSearchForm.do?lang=EN&company_search=K-Bro Linen Inc&document_selection=0&industry_group=A&FromDate=13&FromMonth=05&FromYear=2000&ToDate=13&ToMonth=11&ToYear=2020&Variable=Issuer,1620594064,17:01:04,20210509
48,2008-12-31,KBL.TO,CAD,2008-12-31,2008-12-31,Q4,21546770,0.0,0.0,0.0,0.0,0.0,0.0,0.0,22392990.0,25425281.0,0.0,1411980.0,-2466531.0,-0.11447335261851312,-3878511.0,-0.18000428834577062,-49325.0,1182625.0,0.05488641685041424,-201762.0,1384387.0,0.06425032615097298,0.13106420227550572,0.13106420227550572,10562663.0,10562663.0,https://www.sedar.com/ModifyCompanyDocumentSearchForm.do?lang=EN&company_search=K-Bro Linen Inc&document_selection=0&industry_group=A&FromDate=13&FromMonth=05&FromYear=2000&ToDate=13&ToMonth=11&ToYear=2020&Variable=Issuer,https://www.sedar.com/ModifyCompanyDocumentSearchForm.do?lang=EN&company_search=K-Bro Linen Inc&document_selection=0&industry_group=A&FromDate=13&FromMonth=05&FromYear=2000&ToDate=13&ToMonth=11&ToYear=2020&Variable=Issuer,1620594064,17:01:04,20210509
49,2008-09-30,KBL.TO,CAD,2008-09-30,2008-09-30,Q3,22063179,0.0,0.0,0.0,0.0,0.0,0.0,0.0,18466339.0,18466339.0,0.0,1363952.0,4960792.0,0.22484484216893677,3596840.0,0.1630245577937794,550.0,1546493.0,0.07009384277759792,-63784.0,1610277.0,0.07298481329458462,0.2310489251616347,0.2301652745492288,6969420.0,6996177.0,https://www.sedar.com/ModifyCompanyDocumentSearchForm.do?lang=EN&company_search=K-Bro Linen Inc&document_selection=0&industry_group=A&FromDate=13&FromMonth=05&FromYear=2000&ToDate=13&ToMonth=11&ToYear=2020&Variable=Issuer,https://www.sedar.com/ModifyCompanyDocumentSearchForm.do?lang=EN&company_search=K-Bro Linen Inc&document_selection=0&industry_group=A&FromDate=13&FromMonth=05&FromYear=2000&ToDate=13&ToMonth=11&ToYear=2020&Variable=Issuer,1620594064,17:01:04,20210509
50,2008-06-30,KBL.TO,CAD,2008-06-30,2008-06-30,Q2,21839945,0.0,0.0,0.0,0.0,0.0,0.0,0.0,18539186.0,18539186.0,0.0,1356124.0,4656883.0,0.2132277805644657,3300759.0,0.15113403444926257,-458143.0,807055.0,0.036953160825267645,-223904.0,1030959.0,0.04720520129514978,0.1481056944953633,0.14758960555646142,6960968.0,6985309.0,https://www.sedar.com/ModifyCompanyDocumentSearchForm.do?lang=EN&company_search=K-Bro Linen Inc&document_selection=0&industry_group=A&FromDate=13&FromMonth=05&FromYear=2000&ToDate=13&ToMonth=11&ToYear=2020&Variable=Issuer,https://www.sedar.com/ModifyCompanyDocumentSearchForm.do?lang=EN&company_search=K-Bro Linen Inc&document_selection=0&industry_group=A&FromDate=13&FromMonth=05&FromYear=2000&ToDate=13&ToMonth=11&ToYear=2020&Variable=Issuer,1620594064,17:01:04,20210509
51,2008-03-31,KBL.TO,CAD,2008-03-31,2008-03-31,Q1,19663400,0.0,0.0,0.0,0.0,0.0,0.0,0.0,17490738.0,17490738.0,0.0,921555.0,3094217.0,0.15735920542734216,2172662.0,0.11049269200646887,250.0,462178.0,0.02350448040521985,-330287.0,792465.0,0.04030152466002827,0.13269866243887637,0.13213671927302087,5971914.0,5997311.0,https://www.sedar.com/ModifyCompanyDocumentSearchForm.do?lang=EN&company_search=K-Bro Linen Inc&document_selection=0&industry_group=A&FromDate=13&FromMonth=05&FromYear=2000&ToDate=13&ToMonth=11&ToYear=2020&Variable=Issuer,https://www.sedar.com/ModifyCompanyDocumentSearchForm.do?lang=EN&company_search=K-Bro Linen Inc&document_selection=0&industry_group=A&FromDate=13&FromMonth=05&FromYear=2000&ToDate=13&ToMonth=11&ToYear=2020&Variable=Issuer,1620594064,17:01:04,20210509
52,2007-12-31,KBL.TO,CAD,2007-12-31,2007-12-31,Q4,18724671,0.0,0.0,0.0,0.0,0.0,0.0,0.0,31886154.0,16840641.0,0.0,891200.0,2775230.0,0.14821248394698097,1884030.0,0.10061752219838736,28095.0,185847.0,0.009925247818773424,-859053.0,1044900.0,0.055803383674938804,0.09892391719777484,0.09892391719777484,10562663.0,10562663.0,https://www.sedar.com/ModifyCompanyDocumentSearchForm.do?lang=EN&company_search=K-Bro Linen Inc&document_selection=0&industry_group=A&FromDate=13&FromMonth=05&FromYear=2000&ToDate=13&ToMonth=11&ToYear=2020&Variable=Issuer,https://www.sedar.com/ModifyCompanyDocumentSearchForm.do?lang=EN&company_search=K-Bro Linen Inc&document_selection=0&industry_group=A&FromDate=13&FromMonth=05&FromYear=2000&ToDate=13&ToMonth=11&ToYear=2020&Variable=Issuer,1620594064,17:01:04,20210509
53,2007-09-30,KBL.TO,CAD,2007-09-30,2007-09-30,Q3,19059450,5201078.0,13858372.0,0.727112901998746,0.0,0.0,0.0,0.0,11429713.0,16630791.0,0.0,925044.0,3353703.0,0.17596011427402156,2428659.0,0.1274254503671407,0.0,755779.0,0.039653767553628254,-261792.0,1017571.0,0.05338931606106157,0.18640423026561162,0.18525765128986768,5458948.0,5492734.0,https://www.sedar.com/ModifyCompanyDocumentSearchForm.do?lang=EN&company_search=K-Bro Linen Inc&document_selection=0&industry_group=A&FromDate=13&FromMonth=05&FromYear=2000&ToDate=13&ToMonth=11&ToYear=2020&Variable=Issuer,https://www.sedar.com/ModifyCompanyDocumentSearchForm.do?lang=EN&company_search=K-Bro Linen Inc&document_selection=0&industry_group=A&FromDate=13&FromMonth=05&FromYear=2000&ToDate=13&ToMonth=11&ToYear=2020&Variable=Issuer,1620594064,17:01:04,20210509
54,2007-06-30,KBL.TO,CAD,2007-06-30,2007-06-30,Q2,18559721,0.0,0.0,0.0,0.0,0.0,0.0,0.0,16049903.0,16049903.0,0.0,928665.0,3438483.0,0.18526587764977717,2509818.0,0.13522929574210732,-28095.0,880860.0,0.04746084275728067,-219878.0,1100738.0,0.059307895846063635,0.20143254274048966,0.20019817243402527,5464549.0,5498242.0,https://www.sedar.com/ModifyCompanyDocumentSearchForm.do?lang=EN&company_search=K-Bro Linen Inc&document_selection=0&industry_group=A&FromDate=13&FromMonth=05&FromYear=2000&ToDate=13&ToMonth=11&ToYear=2020&Variable=Issuer,https://www.sedar.com/ModifyCompanyDocumentSearchForm.do?lang=EN&company_search=K-Bro Linen Inc&document_selection=0&industry_group=A&FromDate=13&FromMonth=05&FromYear=2000&ToDate=13&ToMonth=11&ToYear=2020&Variable=Issuer,1620594064,17:01:04,20210509
55,2007-03-31,KBL.TO,CAD,2007-03-31,2007-03-31,Q1,17757099,0.0,0.0,0.0,0.0,0.0,0.0,0.0,15391412.0,15391412.0,0.0,939125.0,3304812.0,0.18611215717161908,2365687.0,0.1332248584073333,2838.0,733581.0,0.041311984575858926,-217391.0,950972.0,0.05355446855367535,0.1736637631762814,0.17328712207352984,5475938.0,5487840.0,https://www.sedar.com/ModifyCompanyDocumentSearchForm.do?lang=EN&company_search=K-Bro Linen Inc&document_selection=0&industry_group=A&FromDate=13&FromMonth=05&FromYear=2000&ToDate=13&ToMonth=11&ToYear=2020&Variable=Issuer,https://www.sedar.com/ModifyCompanyDocumentSearchForm.do?lang=EN&company_search=K-Bro Linen Inc&document_selection=0&industry_group=A&FromDate=13&FromMonth=05&FromYear=2000&ToDate=13&ToMonth=11&ToYear=2020&Variable=Issuer,1620594064,17:01:04,20210509
56,2006-12-31,KBL.TO,CAD,2006-12-31,2006-12-31,Q4,17711750,0.0,0.0,0.0,0.0,0.0,0.0,0.0,51892916.0,16824361.0,0.0,893631.0,1781020.0,0.10055584569565401,887389.0,0.050101712140245884,2340.0,696511.0,0.039324798509464055,-267983.0,964494.0,0.0544550369105255,0.09131163230333109,0.09131163230333109,10562663.0,10562663.0,https://www.sedar.com/ModifyCompanyDocumentSearchForm.do?lang=EN&company_search=K-Bro Linen Inc&document_selection=0&industry_group=A&FromDate=13&FromMonth=05&FromYear=2000&ToDate=13&ToMonth=11&ToYear=2020&Variable=Issuer,https://www.sedar.com/ModifyCompanyDocumentSearchForm.do?lang=EN&company_search=K-Bro Linen Inc&document_selection=0&industry_group=A&FromDate=13&FromMonth=05&FromYear=2000&ToDate=13&ToMonth=11&ToYear=2020&Variable=Issuer,1620594064,17:01:04,20210509
57,2006-09-30,KBL.TO,CAD,2006-09-30,2006-09-30,Q3,17024271,12798450.0,4225821.0,0.24822331599397118,0.0,0.0,0.0,0.0,3513787.0,16312237.0,0.0,854481.0,1566515.0,0.09201656858023466,712034.0,0.041824639657110724,0.0,562138.0,0.03301979861575277,-726583.0,1288721.0,0.07569904167996386,0.23534251118255906,0.2347599774552484,5475938.0,5489526.0,https://www.sedar.com/ModifyCompanyDocumentSearchForm.do?lang=EN&company_search=K-Bro Linen Inc&document_selection=0&industry_group=A&FromDate=13&FromMonth=05&FromYear=2000&ToDate=13&ToMonth=11&ToYear=2020&Variable=Issuer,https://www.sedar.com/ModifyCompanyDocumentSearchForm.do?lang=EN&company_search=K-Bro Linen Inc&document_selection=0&industry_group=A&FromDate=13&FromMonth=05&FromYear=2000&ToDate=13&ToMonth=11&ToYear=2020&Variable=Issuer,1620594064,17:01:04,20210509
58,2006-06-30,KBL.TO,CAD,2006-06-30,2006-06-30,Q2,16361896,11992228.0,4369668.0,0.26706367037169776,0.0,0.0,0.0,0.0,3523821.0,15516049.0,0.0,770336.0,1616183.0,0.09877724439759304,845847.0,0.05169614817255897,2146.0,779496.0,0.04764093354462099,-90633.0,870129.0,0.05318020601035479,0.15871263373205036,0.15846616566000934,5482418.0,5490945.0,https://www.sedar.com/ModifyCompanyDocumentSearchForm.do?lang=EN&company_search=K-Bro Linen Inc&document_selection=0&industry_group=A&FromDate=13&FromMonth=05&FromYear=2000&ToDate=13&ToMonth=11&ToYear=2020&Variable=Issuer,https://www.sedar.com/ModifyCompanyDocumentSearchForm.do?lang=EN&company_search=K-Bro Linen Inc&document_selection=0&industry_group=A&FromDate=13&FromMonth=05&FromYear=2000&ToDate=13&ToMonth=11&ToYear=2020&Variable=Issuer,1620594064,17:01:04,20210509
59,2006-03-31,KBL.TO,CAD,2006-03-31,2006-03-31,Q1,14010177,10159947.0,3850230.0,0.2748166564919201,0.0,0.0,0.0,0.0,3078774.0,13238721.0,0.0,607588.0,1379044.0,0.09843159012195206,771456.0,0.05506397242518778,0.0,629320.0,0.04491877582988423,-125464.0,754784.0,0.05387398032159051,0.17,0.17,4428273.0,4428273.0,https://www.sedar.com/ModifyCompanyDocumentSearchForm.do?lang=EN&company_search=K-Bro Linen Inc&document_selection=0&industry_group=A&FromDate=13&FromMonth=05&FromYear=2000&ToDate=13&ToMonth=11&ToYear=2020&Variable=Issuer,https://www.sedar.com/ModifyCompanyDocumentSearchForm.do?lang=EN&company_search=K-Bro Linen Inc&document_selection=0&industry_group=A&FromDate=13&FromMonth=05&FromYear=2000&ToDate=13&ToMonth=11&ToYear=2020&Variable=Issuer,1620594064,17:01:04,20210509
