,date,symbol,reportedCurrency,fillingDate,acceptedDate,period,revenue,costOfRevenue,grossProfit,grossProfitRatio,researchAndDevelopmentExpenses,generalAndAdministrativeExpenses,sellingAndMarketingExpenses,otherExpenses,operatingExpenses,costAndExpenses,interestExpense,depreciationAndAmortization,ebitda,ebitdaratio,operatingIncome,operatingIncomeRatio,totalOtherIncomeExpensesNet,incomeBeforeTax,incomeBeforeTaxRatio,incomeTaxExpense,netIncome,netIncomeRatio,eps,epsdiluted,weightedAverageShsOut,weightedAverageShsOutDil,link,finalLink,timestamp,est_time,est_date
0,2019-06-30,CNC.L,GBP,2019-06-30,2019-06-30,Q2,4846181.0,2293647.0,2552534.0,0.5267104138289511,0.0,0.0,0.0,0.0,0.0,4094665.25,10452.0,525922.5,1277438.25,0.2635968920682079,751515.75,0.15507380966579665,0.0,1015214.0,0.20948742937995918,13214.25,1001999.75,0.20676069465832994,0.013775,0.013675,72724271,72724271,https://find-and-update.company-information.service.gov.uk/search/companies?q=Concurrent+Technologies+PLC,https://find-and-update.company-information.service.gov.uk/search/companies?q=Concurrent+Technologies+PLC,1620590463,16:01:03,20210509
1,2019-03-31,CNC.L,GBP,2019-03-31,2019-03-31,Q1,4846181.0,2293647.0,2552534.0,0.5267104138289511,0.0,0.0,0.0,0.0,0.0,4094665.25,10452.0,525922.5,1277438.25,0.2635968920682079,751515.75,0.15507380966579665,0.0,1015214.0,0.20948742937995918,13214.25,1001999.75,0.20676069465832994,0.013775,0.013675,72724271,72724271,https://find-and-update.company-information.service.gov.uk/search/companies?q=Concurrent+Technologies+PLC,https://find-and-update.company-information.service.gov.uk/search/companies?q=Concurrent+Technologies+PLC,1620590463,16:01:03,20210509
2,2019-01-31,CNC.L,GBP,2019-01-31,2019-01-31,Q1,4846181.0,2293647.0,2552534.0,0.5267104138289511,0.0,0.0,0.0,0.0,0.0,4094665.25,10452.0,525922.5,1277438.25,0.2635968920682079,751515.75,0.15507380966579665,0.0,1015214.0,0.20948742937995918,13214.25,1001999.75,0.20676069465832994,0.013775,0.013675,72724271,72724271,https://find-and-update.company-information.service.gov.uk/search/companies?q=Concurrent+Technologies+PLC,https://find-and-update.company-information.service.gov.uk/search/companies?q=Concurrent+Technologies+PLC,1620590463,16:01:03,20210509
3,2018-06-30,CNC.L,GBP,2018-06-30,2018-06-30,Q2,4156037.75,1987659.0,2168378.75,0.5217418321092007,0.0,0.0,0.0,0.0,0.0,3434682.5,0.0,440551.0,1161906.25,0.2795706679998275,721355.25,0.17356802160904336,0.0,743436.75,0.17888113504262562,1471.5,741965.25,0.17852707184866162,0.0102,0.0102,72718490,72718490,https://find-and-update.company-information.service.gov.uk/search/companies?q=Concurrent+Technologies+PLC,https://find-and-update.company-information.service.gov.uk/search/companies?q=Concurrent+Technologies+PLC,1620590463,16:01:03,20210509
4,2018-03-31,CNC.L,GBP,2018-03-31,2018-03-31,Q1,4156037.75,1987659.0,2168378.75,0.5217418321092007,0.0,0.0,0.0,0.0,0.0,3434682.5,0.0,440551.0,1161906.25,0.2795706679998275,721355.25,0.17356802160904336,0.0,743436.75,0.17888113504262562,1471.5,741965.25,0.17852707184866162,0.0102,0.0102,72718490,72718490,https://find-and-update.company-information.service.gov.uk/search/companies?q=Concurrent+Technologies+PLC,https://find-and-update.company-information.service.gov.uk/search/companies?q=Concurrent+Technologies+PLC,1620590463,16:01:03,20210509
5,2018-01-31,CNC.L,GBP,2018-01-31,2018-01-31,Q1,4156037.75,1987659.0,2168378.75,0.5217418321092007,0.0,0.0,0.0,0.0,0.0,3434682.5,0.0,440551.0,1161906.25,0.2795706679998275,721355.25,0.17356802160904336,0.0,743436.75,0.17888113504262562,1471.5,741965.25,0.17852707184866162,0.0102,0.0102,72718490,72718490,https://find-and-update.company-information.service.gov.uk/search/companies?q=Concurrent+Technologies+PLC,https://find-and-update.company-information.service.gov.uk/search/companies?q=Concurrent+Technologies+PLC,1620590463,16:01:03,20210509
6,2017-06-30,CNC.L,GBP,2017-06-30,2017-06-30,Q2,4055683.0,1807969.0,2247714.0,0.5542134333477247,0.0,0.0,0.0,0.0,0.0,3329598.0,0.0,372246.5,1098331.5,0.27081295554904067,726085.0,0.1790290316082396,0.0,742364.25,0.18304296711552653,53459.0,688905.25,0.16986171009913742,0.009475,0.009475,72707678,72707678,https://find-and-update.company-information.service.gov.uk/search/companies?q=Concurrent+Technologies+PLC,https://find-and-update.company-information.service.gov.uk/search/companies?q=Concurrent+Technologies+PLC,1620590463,16:01:03,20210509
7,2017-03-31,CNC.L,GBP,2017-03-31,2017-03-31,Q1,4055683.0,1807969.0,2247714.0,0.5542134333477247,0.0,0.0,0.0,0.0,0.0,3329598.0,0.0,372246.5,1098331.5,0.27081295554904067,726085.0,0.1790290316082396,0.0,742364.25,0.18304296711552653,53459.0,688905.25,0.16986171009913742,0.009475,0.009475,72707678,72707678,https://find-and-update.company-information.service.gov.uk/search/companies?q=Concurrent+Technologies+PLC,https://find-and-update.company-information.service.gov.uk/search/companies?q=Concurrent+Technologies+PLC,1620590463,16:01:03,20210509
8,2017-01-31,CNC.L,GBP,2017-01-31,2017-01-31,Q1,4055683.0,1807969.0,2247714.0,0.5542134333477247,0.0,0.0,0.0,0.0,0.0,3329598.0,0.0,372246.5,1098331.5,0.27081295554904067,726085.0,0.1790290316082396,0.0,742364.25,0.18304296711552653,53459.0,688905.25,0.16986171009913742,0.009475,0.009475,72707678,72707678,https://find-and-update.company-information.service.gov.uk/search/companies?q=Concurrent+Technologies+PLC,https://find-and-update.company-information.service.gov.uk/search/companies?q=Concurrent+Technologies+PLC,1620590463,16:01:03,20210509
9,2016-06-30,CNC.L,GBP,2016-06-30,2016-06-30,Q2,4105994.5,1882466.75,2223527.75,0.5415320819353265,0.0,0.0,0.0,0.0,0.0,3392542.25,0.0,362799.0,1076251.25,0.2621170705416191,713452.25,0.17375869597487284,0.0,725628.5,0.17672417729736364,18152.25,707476.25,0.17230326294884224,0.00975,0.00975,72561667,72561667,https://find-and-update.company-information.service.gov.uk/search/companies?q=Concurrent+Technologies+PLC,https://find-and-update.company-information.service.gov.uk/search/companies?q=Concurrent+Technologies+PLC,1620590463,16:01:03,20210509
10,2016-03-31,CNC.L,GBP,2016-03-31,2016-03-31,Q1,4105994.5,1882466.75,2223527.75,0.5415320819353265,0.0,0.0,0.0,0.0,0.0,3392542.25,0.0,362799.0,1076251.25,0.2621170705416191,713452.25,0.17375869597487284,0.0,725628.5,0.17672417729736364,18152.25,707476.25,0.17230326294884224,0.00975,0.00975,72561667,72561667,https://find-and-update.company-information.service.gov.uk/search/companies?q=Concurrent+Technologies+PLC,https://find-and-update.company-information.service.gov.uk/search/companies?q=Concurrent+Technologies+PLC,1620590463,16:01:03,20210509
11,2016-01-31,CNC.L,GBP,2016-01-31,2016-01-31,Q1,4105994.5,1882466.75,2223527.75,0.5415320819353265,0.0,0.0,0.0,0.0,0.0,3392542.25,0.0,362799.0,1076251.25,0.2621170705416191,713452.25,0.17375869597487284,0.0,725628.5,0.17672417729736364,18152.25,707476.25,0.17230326294884224,0.00975,0.00975,72561667,72561667,https://find-and-update.company-information.service.gov.uk/search/companies?q=Concurrent+Technologies+PLC,https://find-and-update.company-information.service.gov.uk/search/companies?q=Concurrent+Technologies+PLC,1620590463,16:01:03,20210509
12,2015-09-30,CNC.L,GBP,2015-09-30,2015-09-30,Q3,4268457.25,2109391.0,2159066.25,0.5058188763633512,0.0,0.0,0.0,0.0,0.0,3595676.0,0.0,369715.25,1042496.5,0.2442326205797188,672781.25,0.15761695867986028,0.0,683354.25,0.1600939660342153,-5337.75,688692.0,0.16134447639132382,0.009475,0.009475,72594150,72594150,https://find-and-update.company-information.service.gov.uk/search/companies?q=Concurrent+Technologies+PLC,https://find-and-update.company-information.service.gov.uk/search/companies?q=Concurrent+Technologies+PLC,1620590463,16:01:03,20210509
13,2015-06-30,CNC.L,GBP,2015-06-30,2015-06-30,Q2,4268457.25,2109391.0,2159066.25,0.5058188763633512,0.0,0.0,0.0,0.0,0.0,3595676.0,0.0,369715.25,1042496.5,0.2442326205797188,672781.25,0.15761695867986028,0.0,683354.25,0.1600939660342153,-5337.75,688692.0,0.16134447639132382,0.009475,0.009475,72594150,72594150,https://find-and-update.company-information.service.gov.uk/search/companies?q=Concurrent+Technologies+PLC,https://find-and-update.company-information.service.gov.uk/search/companies?q=Concurrent+Technologies+PLC,1620590463,16:01:03,20210509
14,2015-03-31,CNC.L,GBP,2015-03-31,2015-03-31,Q1,4268457.25,2109391.0,2159066.25,0.5058188763633512,0.0,0.0,0.0,0.0,0.0,3595676.0,0.0,369715.25,1042496.5,0.2442326205797188,672781.25,0.15761695867986028,0.0,683354.25,0.1600939660342153,-5337.75,688692.0,0.16134447639132382,0.009475,0.009475,72594150,72594150,https://find-and-update.company-information.service.gov.uk/search/companies?q=Concurrent+Technologies+PLC,https://find-and-update.company-information.service.gov.uk/search/companies?q=Concurrent+Technologies+PLC,1620590463,16:01:03,20210509
15,2015-01-31,CNC.L,GBP,2015-01-31,2015-01-31,Q1,4268457.25,2109391.0,2159066.25,0.5058188763633512,0.0,0.0,0.0,0.0,0.0,3595676.0,0.0,369715.25,1042496.5,0.2442326205797188,672781.25,0.15761695867986028,0.0,683354.25,0.1600939660342153,-5337.75,688692.0,0.16134447639132382,0.009475,0.009475,72594150,72594150,https://find-and-update.company-information.service.gov.uk/search/companies?q=Concurrent+Technologies+PLC,https://find-and-update.company-information.service.gov.uk/search/companies?q=Concurrent+Technologies+PLC,1620590463,16:01:03,20210509
16,2014-09-30,CNC.L,GBP,2014-09-30,2014-09-30,Q3,3201578.75,1561937.0,1639641.75,0.5121353800839664,0.0,0.0,0.0,0.0,0.0,2785137.0,0.0,334749.75,751191.5,0.2346315860573475,416441.75,0.13007387370996262,0.0,430961.5,0.13460905810922189,19037.0,411924.5,0.1286629291876703,0.0057,0.0057,72278298,72278298,https://find-and-update.company-information.service.gov.uk/search/companies?q=Concurrent+Technologies+PLC,https://find-and-update.company-information.service.gov.uk/search/companies?q=Concurrent+Technologies+PLC,1620590463,16:01:03,20210509
17,2014-06-30,CNC.L,GBP,2014-06-30,2014-06-30,Q2,3201578.75,1561937.0,1639641.75,0.5121353800839664,0.0,0.0,0.0,0.0,0.0,2785137.0,0.0,334749.75,751191.5,0.2346315860573475,416441.75,0.13007387370996262,0.0,430961.5,0.13460905810922189,19037.0,411924.5,0.1286629291876703,0.0057,0.0057,72278298,72278298,https://find-and-update.company-information.service.gov.uk/search/companies?q=Concurrent+Technologies+PLC,https://find-and-update.company-information.service.gov.uk/search/companies?q=Concurrent+Technologies+PLC,1620590463,16:01:03,20210509
18,2014-03-31,CNC.L,GBP,2014-03-31,2014-03-31,Q1,3201578.75,1561937.0,1639641.75,0.5121353800839664,0.0,0.0,0.0,0.0,0.0,2785137.0,0.0,334749.75,751191.5,0.2346315860573475,416441.75,0.13007387370996262,0.0,430961.5,0.13460905810922189,19037.0,411924.5,0.1286629291876703,0.0057,0.0057,72278298,72278298,https://find-and-update.company-information.service.gov.uk/search/companies?q=Concurrent+Technologies+PLC,https://find-and-update.company-information.service.gov.uk/search/companies?q=Concurrent+Technologies+PLC,1620590463,16:01:03,20210509
19,2014-01-31,CNC.L,GBP,2014-01-31,2014-01-31,Q1,3201578.75,1561937.0,1639641.75,0.5121353800839664,0.0,0.0,0.0,0.0,0.0,2785137.0,0.0,334749.75,751191.5,0.2346315860573475,416441.75,0.13007387370996262,0.0,430961.5,0.13460905810922189,19037.0,411924.5,0.1286629291876703,0.0057,0.0057,72278298,72278298,https://find-and-update.company-information.service.gov.uk/search/companies?q=Concurrent+Technologies+PLC,https://find-and-update.company-information.service.gov.uk/search/companies?q=Concurrent+Technologies+PLC,1620590463,16:01:03,20210509
20,2013-09-30,CNC.L,GBP,2013-09-30,2013-09-30,Q3,2964795.0,1464273.5,1500521.5,0.5061130702122744,0.0,0.0,0.0,0.0,0.0,2867846.0,0.0,383197.25,480146.25,0.16194922414534563,96949.0,0.03270006863880977,0.0,113482.25,0.03827659247941257,-68922.0,182404.25,0.06152339369163804,0.00255,0.002525,71430298,72239307,https://find-and-update.company-information.service.gov.uk/search/companies?q=Concurrent+Technologies+PLC,https://find-and-update.company-information.service.gov.uk/search/companies?q=Concurrent+Technologies+PLC,1620590463,16:01:03,20210509
21,2013-06-30,CNC.L,GBP,2013-06-30,2013-06-30,Q2,2964795.0,1464273.5,1500521.5,0.5061130702122744,0.0,0.0,0.0,0.0,0.0,2867846.0,0.0,383197.25,480146.25,0.16194922414534563,96949.0,0.03270006863880977,0.0,113482.25,0.03827659247941257,-68922.0,182404.25,0.06152339369163804,0.00255,0.002525,71430298,72239307,https://find-and-update.company-information.service.gov.uk/search/companies?q=Concurrent+Technologies+PLC,https://find-and-update.company-information.service.gov.uk/search/companies?q=Concurrent+Technologies+PLC,1620590463,16:01:03,20210509
22,2013-03-31,CNC.L,GBP,2013-03-31,2013-03-31,Q1,2964795.0,1464273.5,1500521.5,0.5061130702122744,0.0,0.0,0.0,0.0,0.0,2867846.0,0.0,383197.25,480146.25,0.16194922414534563,96949.0,0.03270006863880977,0.0,113482.25,0.03827659247941257,-68922.0,182404.25,0.06152339369163804,0.00255,0.002525,71430298,72239307,https://find-and-update.company-information.service.gov.uk/search/companies?q=Concurrent+Technologies+PLC,https://find-and-update.company-information.service.gov.uk/search/companies?q=Concurrent+Technologies+PLC,1620590463,16:01:03,20210509
23,2013-01-31,CNC.L,GBP,2013-01-31,2013-01-31,Q1,2964795.0,1464273.5,1500521.5,0.5061130702122744,0.0,0.0,0.0,0.0,0.0,2867846.0,0.0,383197.25,480146.25,0.16194922414534563,96949.0,0.03270006863880977,0.0,113482.25,0.03827659247941257,-68922.0,182404.25,0.06152339369163804,0.00255,0.002525,71430298,72239307,https://find-and-update.company-information.service.gov.uk/search/companies?q=Concurrent+Technologies+PLC,https://find-and-update.company-information.service.gov.uk/search/companies?q=Concurrent+Technologies+PLC,1620590463,16:01:03,20210509
24,2012-09-30,CNC.L,GBP,2012-09-30,2012-09-30,Q3,3198595.0,1545839.25,1652755.75,0.5167130411946496,0.0,0.0,0.0,0.0,0.0,2712425.75,0.0,383604.25,869773.5,0.27192361021010786,486169.25,0.15199462576537512,0.0,500351.0,0.15642836933090934,8687.25,491663.75,0.15371241123055593,0.006875,0.006825,71451883,72038644,https://find-and-update.company-information.service.gov.uk/search/companies?q=Concurrent+Technologies+PLC,https://find-and-update.company-information.service.gov.uk/search/companies?q=Concurrent+Technologies+PLC,1620590463,16:01:03,20210509
25,2012-06-30,CNC.L,GBP,2012-06-30,2012-06-30,Q2,3198595.0,1545839.25,1652755.75,0.5167130411946496,0.0,0.0,0.0,0.0,0.0,2712425.75,0.0,383604.25,869773.5,0.27192361021010786,486169.25,0.15199462576537512,0.0,500351.0,0.15642836933090934,8687.25,491663.75,0.15371241123055593,0.006875,0.006825,71451883,72038644,https://find-and-update.company-information.service.gov.uk/search/companies?q=Concurrent+Technologies+PLC,https://find-and-update.company-information.service.gov.uk/search/companies?q=Concurrent+Technologies+PLC,1620590463,16:01:03,20210509
26,2012-03-31,CNC.L,GBP,2012-03-31,2012-03-31,Q1,3198595.0,1545839.25,1652755.75,0.5167130411946496,0.0,0.0,0.0,0.0,0.0,2712425.75,0.0,383604.25,869773.5,0.27192361021010786,486169.25,0.15199462576537512,0.0,500351.0,0.15642836933090934,8687.25,491663.75,0.15371241123055593,0.006875,0.006825,71451883,72038644,https://find-and-update.company-information.service.gov.uk/search/companies?q=Concurrent+Technologies+PLC,https://find-and-update.company-information.service.gov.uk/search/companies?q=Concurrent+Technologies+PLC,1620590463,16:01:03,20210509
27,2012-01-31,CNC.L,GBP,2012-01-31,2012-01-31,Q1,3198595.0,1545839.25,1652755.75,0.5167130411946496,0.0,0.0,0.0,0.0,0.0,2712425.75,0.0,383604.25,869773.5,0.27192361021010786,486169.25,0.15199462576537512,0.0,500351.0,0.15642836933090934,8687.25,491663.75,0.15371241123055593,0.006875,0.006825,71451883,72038644,https://find-and-update.company-information.service.gov.uk/search/companies?q=Concurrent+Technologies+PLC,https://find-and-update.company-information.service.gov.uk/search/companies?q=Concurrent+Technologies+PLC,1620590463,16:01:03,20210509
28,2011-09-30,CNC.L,GBP,2011-09-30,2011-09-30,Q3,3452000.0,1654000.0,1798000.0,0.5208574739281576,417000.0,0.0,0.0,0.0,279500.0,2704750.0,0.0,300750.0,1048000.0,0.30359212050984935,747250.0,0.21646871378910776,0.0,677500.0,0.1962630359212051,29750.0,647750.0,0.18764484356894554,0.009075,0.008975,71456525,72078756,https://find-and-update.company-information.service.gov.uk/search/companies?q=Concurrent+Technologies+PLC,https://find-and-update.company-information.service.gov.uk/search/companies?q=Concurrent+Technologies+PLC,1620590463,16:01:03,20210509
29,2011-06-30,CNC.L,GBP,2011-06-30,2011-06-30,Q2,3452000.0,1654000.0,1798000.0,0.5208574739281576,417000.0,0.0,0.0,0.0,279500.0,2704750.0,0.0,300750.0,1048000.0,0.30359212050984935,747250.0,0.21646871378910776,0.0,677500.0,0.1962630359212051,29750.0,647750.0,0.18764484356894554,0.009075,0.008975,71456525,72078756,https://find-and-update.company-information.service.gov.uk/search/companies?q=Concurrent+Technologies+PLC,https://find-and-update.company-information.service.gov.uk/search/companies?q=Concurrent+Technologies+PLC,1620590463,16:01:03,20210509
30,2011-03-31,CNC.L,GBP,2011-03-31,2011-03-31,Q1,3452000.0,1654000.0,1798000.0,0.5208574739281576,417000.0,0.0,0.0,0.0,279500.0,2704750.0,0.0,300750.0,1048000.0,0.30359212050984935,747250.0,0.21646871378910776,0.0,677500.0,0.1962630359212051,29750.0,647750.0,0.18764484356894554,0.009075,0.008975,71456525,72078756,https://find-and-update.company-information.service.gov.uk/search/companies?q=Concurrent+Technologies+PLC,https://find-and-update.company-information.service.gov.uk/search/companies?q=Concurrent+Technologies+PLC,1620590463,16:01:03,20210509
31,2011-01-31,CNC.L,GBP,2011-01-31,2011-01-31,Q1,3452000.0,1654000.0,1798000.0,0.5208574739281576,417000.0,0.0,0.0,0.0,279500.0,2704750.0,0.0,300750.0,1048000.0,0.30359212050984935,747250.0,0.21646871378910776,0.0,677500.0,0.1962630359212051,29750.0,647750.0,0.18764484356894554,0.009075,0.008975,71456525,72078756,https://find-and-update.company-information.service.gov.uk/search/companies?q=Concurrent+Technologies+PLC,https://find-and-update.company-information.service.gov.uk/search/companies?q=Concurrent+Technologies+PLC,1620590463,16:01:03,20210509
32,2010-09-30,CNC.L,GBP,2010-09-30,2010-09-30,Q3,3160000.0,1553000.0,1607000.0,0.5085443037974684,369750.0,0.0,0.0,0.0,338500.0,2558250.0,0.0,241500.0,843250.0,0.2668512658227848,601750.0,0.1904272151898734,0.0,581000.0,0.1838607594936709,73500.0,507500.0,0.1606012658227848,0.0071,0.00705,71498039,72003277,https://find-and-update.company-information.service.gov.uk/search/companies?q=Concurrent+Technologies+PLC,https://find-and-update.company-information.service.gov.uk/search/companies?q=Concurrent+Technologies+PLC,1620590463,16:01:03,20210509
33,2010-06-30,CNC.L,GBP,2010-06-30,2010-06-30,Q2,3160000.0,1553000.0,1607000.0,0.5085443037974684,369750.0,0.0,0.0,0.0,338500.0,2558250.0,0.0,241500.0,843250.0,0.2668512658227848,601750.0,0.1904272151898734,0.0,581000.0,0.1838607594936709,73500.0,507500.0,0.1606012658227848,0.0071,0.00705,71498039,72003277,https://find-and-update.company-information.service.gov.uk/search/companies?q=Concurrent+Technologies+PLC,https://find-and-update.company-information.service.gov.uk/search/companies?q=Concurrent+Technologies+PLC,1620590463,16:01:03,20210509
34,2010-03-31,CNC.L,GBP,2010-03-31,2010-03-31,Q1,3160000.0,1553000.0,1607000.0,0.5085443037974684,369750.0,0.0,0.0,0.0,338500.0,2558250.0,0.0,241500.0,843250.0,0.2668512658227848,601750.0,0.1904272151898734,0.0,581000.0,0.1838607594936709,73500.0,507500.0,0.1606012658227848,0.0071,0.00705,71498039,72003277,https://find-and-update.company-information.service.gov.uk/search/companies?q=Concurrent+Technologies+PLC,https://find-and-update.company-information.service.gov.uk/search/companies?q=Concurrent+Technologies+PLC,1620590463,16:01:03,20210509
35,2010-01-31,CNC.L,GBP,2010-01-31,2010-01-31,Q1,3160000.0,1553000.0,1607000.0,0.5085443037974684,369750.0,0.0,0.0,0.0,338500.0,2558250.0,0.0,241500.0,843250.0,0.2668512658227848,601750.0,0.1904272151898734,0.0,581000.0,0.1838607594936709,73500.0,507500.0,0.1606012658227848,0.0071,0.00705,71498039,72003277,https://find-and-update.company-information.service.gov.uk/search/companies?q=Concurrent+Technologies+PLC,https://find-and-update.company-information.service.gov.uk/search/companies?q=Concurrent+Technologies+PLC,1620590463,16:01:03,20210509
36,2009-09-30,CNC.L,GBP,2009-09-30,2009-09-30,Q3,3213750.0,1401500.0,1812250.0,0.5639050952936601,270000.0,0.0,0.0,0.0,626750.0,2523500.0,0.0,172000.0,862250.0,0.26830027226760017,690250.0,0.214780241151303,0.0,699500.0,0.217658498638662,65000.0,634500.0,0.19743290548424738,0.008875,0.008825,71558889,71917617,https://find-and-update.company-information.service.gov.uk/search/companies?q=Concurrent+Technologies+PLC,https://find-and-update.company-information.service.gov.uk/search/companies?q=Concurrent+Technologies+PLC,1620590463,16:01:03,20210509
37,2009-06-30,CNC.L,GBP,2009-06-30,2009-06-30,Q2,3213750.0,1401500.0,1812250.0,0.5639050952936601,270000.0,0.0,0.0,0.0,626750.0,2523500.0,0.0,172000.0,862250.0,0.26830027226760017,690250.0,0.214780241151303,0.0,699500.0,0.217658498638662,65000.0,634500.0,0.19743290548424738,0.008875,0.008825,71558889,71917617,https://find-and-update.company-information.service.gov.uk/search/companies?q=Concurrent+Technologies+PLC,https://find-and-update.company-information.service.gov.uk/search/companies?q=Concurrent+Technologies+PLC,1620590463,16:01:03,20210509
38,2009-03-31,CNC.L,GBP,2009-03-31,2009-03-31,Q1,3213750.0,1401500.0,1812250.0,0.5639050952936601,270000.0,0.0,0.0,0.0,626750.0,2523500.0,0.0,172000.0,862250.0,0.26830027226760017,690250.0,0.214780241151303,0.0,699500.0,0.217658498638662,65000.0,634500.0,0.19743290548424738,0.008875,0.008825,71558889,71917617,https://find-and-update.company-information.service.gov.uk/search/companies?q=Concurrent+Technologies+PLC,https://find-and-update.company-information.service.gov.uk/search/companies?q=Concurrent+Technologies+PLC,1620590463,16:01:03,20210509
39,2009-01-31,CNC.L,GBP,2009-01-31,2009-01-31,Q1,3213750.0,1401500.0,1812250.0,0.5639050952936601,270000.0,0.0,0.0,0.0,626750.0,2523500.0,0.0,172000.0,862250.0,0.26830027226760017,690250.0,0.214780241151303,0.0,699500.0,0.217658498638662,65000.0,634500.0,0.19743290548424738,0.008875,0.008825,71558889,71917617,https://find-and-update.company-information.service.gov.uk/search/companies?q=Concurrent+Technologies+PLC,https://find-and-update.company-information.service.gov.uk/search/companies?q=Concurrent+Technologies+PLC,1620590463,16:01:03,20210509
40,2008-09-30,CNC.L,GBP,2008-09-30,2008-09-30,Q3,3155000.0,1483500.0,1671500.0,0.5297939778129952,204250.0,0.0,0.0,0.0,551500.0,2383000.0,0.0,94250.0,866250.0,0.2745641838351823,772000.0,0.24469096671949286,0.0,738000.0,0.23391442155309033,154250.0,583750.0,0.18502377179080823,0.00815,0.0081,71666198,71985614,https://find-and-update.company-information.service.gov.uk/search/companies?q=Concurrent+Technologies+PLC,https://find-and-update.company-information.service.gov.uk/search/companies?q=Concurrent+Technologies+PLC,1620590463,16:01:03,20210509
41,2008-06-30,CNC.L,GBP,2008-06-30,2008-06-30,Q2,3155000.0,1483500.0,1671500.0,0.5297939778129952,204250.0,0.0,0.0,0.0,551500.0,2383000.0,0.0,94250.0,866250.0,0.2745641838351823,772000.0,0.24469096671949286,0.0,738000.0,0.23391442155309033,154250.0,583750.0,0.18502377179080823,0.00815,0.0081,71666198,71985614,https://find-and-update.company-information.service.gov.uk/search/companies?q=Concurrent+Technologies+PLC,https://find-and-update.company-information.service.gov.uk/search/companies?q=Concurrent+Technologies+PLC,1620590463,16:01:03,20210509
42,2008-03-31,CNC.L,GBP,2008-03-31,2008-03-31,Q1,3155000.0,1483500.0,1671500.0,0.5297939778129952,204250.0,0.0,0.0,0.0,551500.0,2383000.0,0.0,94250.0,866250.0,0.2745641838351823,772000.0,0.24469096671949286,0.0,738000.0,0.23391442155309033,154250.0,583750.0,0.18502377179080823,0.00815,0.0081,71666198,71985614,https://find-and-update.company-information.service.gov.uk/search/companies?q=Concurrent+Technologies+PLC,https://find-and-update.company-information.service.gov.uk/search/companies?q=Concurrent+Technologies+PLC,1620590463,16:01:03,20210509
43,2008-01-31,CNC.L,GBP,2008-01-31,2008-01-31,Q1,3155000.0,1483500.0,1671500.0,0.5297939778129952,204250.0,0.0,0.0,0.0,551500.0,2383000.0,0.0,94250.0,866250.0,0.2745641838351823,772000.0,0.24469096671949286,0.0,738000.0,0.23391442155309033,154250.0,583750.0,0.18502377179080823,0.00815,0.0081,71666198,71985614,https://find-and-update.company-information.service.gov.uk/search/companies?q=Concurrent+Technologies+PLC,https://find-and-update.company-information.service.gov.uk/search/companies?q=Concurrent+Technologies+PLC,1620590463,16:01:03,20210509
44,2007-09-30,CNC.L,GBP,2007-09-30,2007-09-30,Q3,2641250.0,1336750.0,1304500.0,0.4938949361097965,120000.0,0.0,0.0,0.0,550250.0,2090250.0,0.0,47000.0,598000.0,0.22640795078088027,551000.0,0.20861334595362044,0.0,608250.0,0.2302886890676763,135500.0,472750.0,0.17898722195929959,0.00655,0.0065,72193691,72816755,https://find-and-update.company-information.service.gov.uk/search/companies?q=Concurrent+Technologies+PLC,https://find-and-update.company-information.service.gov.uk/search/companies?q=Concurrent+Technologies+PLC,1620590463,16:01:03,20210509
45,2007-06-30,CNC.L,GBP,2007-06-30,2007-06-30,Q2,2641250.0,1336750.0,1304500.0,0.4938949361097965,120000.0,0.0,0.0,0.0,550250.0,2090250.0,0.0,47000.0,598000.0,0.22640795078088027,551000.0,0.20861334595362044,0.0,608250.0,0.2302886890676763,135500.0,472750.0,0.17898722195929959,0.00655,0.0065,72193691,72816755,https://find-and-update.company-information.service.gov.uk/search/companies?q=Concurrent+Technologies+PLC,https://find-and-update.company-information.service.gov.uk/search/companies?q=Concurrent+Technologies+PLC,1620590463,16:01:03,20210509
46,2007-03-31,CNC.L,GBP,2007-03-31,2007-03-31,Q1,2641250.0,1336750.0,1304500.0,0.4938949361097965,120000.0,0.0,0.0,0.0,550250.0,2090250.0,0.0,47000.0,598000.0,0.22640795078088027,551000.0,0.20861334595362044,0.0,608250.0,0.2302886890676763,135500.0,472750.0,0.17898722195929959,0.00655,0.0065,72193691,72816755,https://find-and-update.company-information.service.gov.uk/search/companies?q=Concurrent+Technologies+PLC,https://find-and-update.company-information.service.gov.uk/search/companies?q=Concurrent+Technologies+PLC,1620590463,16:01:03,20210509
47,2007-01-31,CNC.L,GBP,2007-01-31,2007-01-31,Q1,2641250.0,1336750.0,1304500.0,0.4938949361097965,120000.0,0.0,0.0,0.0,550250.0,2090250.0,0.0,47000.0,598000.0,0.22640795078088027,551000.0,0.20861334595362044,0.0,608250.0,0.2302886890676763,135500.0,472750.0,0.17898722195929959,0.00655,0.0065,72193691,72816755,https://find-and-update.company-information.service.gov.uk/search/companies?q=Concurrent+Technologies+PLC,https://find-and-update.company-information.service.gov.uk/search/companies?q=Concurrent+Technologies+PLC,1620590463,16:01:03,20210509
48,2006-09-30,CNC.L,GBP,2006-09-30,2006-09-30,Q3,3126750.0,1670750.0,1456000.0,0.4656592308307348,333750.0,0.0,0.0,0.0,522000.0,2615500.0,0.0,44250.0,555500.0,0.17766051011433598,511250.0,0.1635084352762453,0.0,573750.0,0.18349724154473496,135000.0,438750.0,0.1403214200047973,0.00605,0.006025,72657889,72907972,https://find-and-update.company-information.service.gov.uk/search/companies?q=Concurrent+Technologies+PLC,https://find-and-update.company-information.service.gov.uk/search/companies?q=Concurrent+Technologies+PLC,1620590463,16:01:03,20210509
49,2006-06-30,CNC.L,GBP,2006-06-30,2006-06-30,Q2,3126750.0,1670750.0,1456000.0,0.4656592308307348,333750.0,0.0,0.0,0.0,522000.0,2615500.0,0.0,44250.0,555500.0,0.17766051011433598,511250.0,0.1635084352762453,0.0,573750.0,0.18349724154473496,135000.0,438750.0,0.1403214200047973,0.00605,0.006025,72657889,72907972,https://find-and-update.company-information.service.gov.uk/search/companies?q=Concurrent+Technologies+PLC,https://find-and-update.company-information.service.gov.uk/search/companies?q=Concurrent+Technologies+PLC,1620590463,16:01:03,20210509
50,2006-03-31,CNC.L,GBP,2006-03-31,2006-03-31,Q1,3126750.0,1670750.0,1456000.0,0.4656592308307348,333750.0,0.0,0.0,0.0,522000.0,2615500.0,0.0,44250.0,555500.0,0.17766051011433598,511250.0,0.1635084352762453,0.0,573750.0,0.18349724154473496,135000.0,438750.0,0.1403214200047973,0.00605,0.006025,72657889,72907972,https://find-and-update.company-information.service.gov.uk/search/companies?q=Concurrent+Technologies+PLC,https://find-and-update.company-information.service.gov.uk/search/companies?q=Concurrent+Technologies+PLC,1620590463,16:01:03,20210509
51,2006-01-31,CNC.L,GBP,2006-01-31,2006-01-31,Q1,3126750.0,1670750.0,1456000.0,0.4656592308307348,333750.0,0.0,0.0,0.0,522000.0,2615500.0,0.0,44250.0,555500.0,0.17766051011433598,511250.0,0.1635084352762453,0.0,573750.0,0.18349724154473496,135000.0,438750.0,0.1403214200047973,0.00605,0.006025,72657889,72907972,https://find-and-update.company-information.service.gov.uk/search/companies?q=Concurrent+Technologies+PLC,https://find-and-update.company-information.service.gov.uk/search/companies?q=Concurrent+Technologies+PLC,1620590463,16:01:03,20210509
52,2005-09-30,CNC.L,GBP,2005-09-30,2005-09-30,Q3,2669750.0,1445500.0,1224250.0,0.4585635359116022,293750.0,0.0,0.0,0.0,469000.0,2305500.0,0.0,55000.0,419250.0,0.15703717576552112,364250.0,0.13643599587976402,0.0,356500.0,0.13353310235040733,73500.0,283000.0,0.10600243468489559,0.0038927091236243536,0.0038924937782682046,72700012,72704034,https://find-and-update.company-information.service.gov.uk/search/companies?q=Concurrent+Technologies+PLC,https://find-and-update.company-information.service.gov.uk/search/companies?q=Concurrent+Technologies+PLC,1620590463,16:01:03,20210509
53,2005-06-30,CNC.L,GBP,2005-06-30,2005-06-30,Q2,2669750.0,1445500.0,1224250.0,0.4585635359116022,293750.0,0.0,0.0,0.0,469000.0,2305500.0,0.0,55000.0,419250.0,0.15703717576552112,364250.0,0.13643599587976402,0.0,356500.0,0.13353310235040733,73500.0,283000.0,0.10600243468489559,0.0038927091236243536,0.0038924937782682046,72700012,72704034,https://find-and-update.company-information.service.gov.uk/search/companies?q=Concurrent+Technologies+PLC,https://find-and-update.company-information.service.gov.uk/search/companies?q=Concurrent+Technologies+PLC,1620590463,16:01:03,20210509
54,2005-03-31,CNC.L,GBP,2005-03-31,2005-03-31,Q1,2669750.0,1445500.0,1224250.0,0.4585635359116022,293750.0,0.0,0.0,0.0,469000.0,2305500.0,0.0,55000.0,419250.0,0.15703717576552112,364250.0,0.13643599587976402,0.0,356500.0,0.13353310235040733,73500.0,283000.0,0.10600243468489559,0.0038927091236243536,0.0038924937782682046,72700012,72704034,https://find-and-update.company-information.service.gov.uk/search/companies?q=Concurrent+Technologies+PLC,https://find-and-update.company-information.service.gov.uk/search/companies?q=Concurrent+Technologies+PLC,1620590463,16:01:03,20210509
55,2005-01-31,CNC.L,GBP,2005-01-31,2005-01-31,Q1,2669750.0,1445500.0,1224250.0,0.4585635359116022,293750.0,0.0,0.0,0.0,469000.0,2305500.0,0.0,55000.0,419250.0,0.15703717576552112,364250.0,0.13643599587976402,0.0,356500.0,0.13353310235040733,73500.0,283000.0,0.10600243468489559,0.0038927091236243536,0.0038924937782682046,72700012,72704034,https://find-and-update.company-information.service.gov.uk/search/companies?q=Concurrent+Technologies+PLC,https://find-and-update.company-information.service.gov.uk/search/companies?q=Concurrent+Technologies+PLC,1620590463,16:01:03,20210509
56,2004-09-30,CNC.L,GBP,2004-09-30,2004-09-30,Q3,1771500.0,1013250.0,758250.0,0.4280270956816257,265000.0,0.0,0.0,0.0,367000.0,1733000.0,0.0,44250.0,82750.0,0.046711826136042904,38500.0,0.02173299463731301,0.0,53750.0,0.030341518487157777,250.0,53500.0,0.030200395145357044,0.000725,0.000725,72700012,72700012,https://find-and-update.company-information.service.gov.uk/search/companies?q=Concurrent+Technologies+PLC,https://find-and-update.company-information.service.gov.uk/search/companies?q=Concurrent+Technologies+PLC,1620590463,16:01:03,20210509
57,2004-06-30,CNC.L,GBP,2004-06-30,2004-06-30,Q2,1771500.0,1013250.0,758250.0,0.4280270956816257,265000.0,0.0,0.0,0.0,367000.0,1733000.0,0.0,44250.0,82750.0,0.046711826136042904,38500.0,0.02173299463731301,0.0,53750.0,0.030341518487157777,250.0,53500.0,0.030200395145357044,0.000725,0.000725,72700012,72700012,https://find-and-update.company-information.service.gov.uk/search/companies?q=Concurrent+Technologies+PLC,https://find-and-update.company-information.service.gov.uk/search/companies?q=Concurrent+Technologies+PLC,1620590463,16:01:03,20210509
58,2004-03-31,CNC.L,GBP,2004-03-31,2004-03-31,Q1,1771500.0,1013250.0,758250.0,0.4280270956816257,265000.0,0.0,0.0,0.0,367000.0,1733000.0,0.0,44250.0,82750.0,0.046711826136042904,38500.0,0.02173299463731301,0.0,53750.0,0.030341518487157777,250.0,53500.0,0.030200395145357044,0.000725,0.000725,72700012,72700012,https://find-and-update.company-information.service.gov.uk/search/companies?q=Concurrent+Technologies+PLC,https://find-and-update.company-information.service.gov.uk/search/companies?q=Concurrent+Technologies+PLC,1620590463,16:01:03,20210509
59,2004-01-31,CNC.L,GBP,2004-01-31,2004-01-31,Q1,1771500.0,1013250.0,758250.0,0.4280270956816257,265000.0,0.0,0.0,0.0,367000.0,1733000.0,0.0,44250.0,82750.0,0.046711826136042904,38500.0,0.02173299463731301,0.0,53750.0,0.030341518487157777,250.0,53500.0,0.030200395145357044,0.000725,0.000725,72700012,72700012,https://find-and-update.company-information.service.gov.uk/search/companies?q=Concurrent+Technologies+PLC,https://find-and-update.company-information.service.gov.uk/search/companies?q=Concurrent+Technologies+PLC,1620590463,16:01:03,20210509
60,2003-09-30,CNC.L,GBP,2003-09-30,2003-09-30,Q3,1826000.0,1050750.0,775250.0,0.42456188389923327,262500.0,0.0,0.0,-23250.0,366250.0,1772250.0,0.0,49500.0,103250.0,0.056544359255202625,53750.0,0.02943592552026287,0.0,70000.0,0.038335158817086525,-12750.0,82750.0,0.04531763417305586,0.00115,0.00115,72700012,72700012,https://find-and-update.company-information.service.gov.uk/search/companies?q=Concurrent+Technologies+PLC,https://find-and-update.company-information.service.gov.uk/search/companies?q=Concurrent+Technologies+PLC,1620590463,16:01:03,20210509
61,2003-06-30,CNC.L,GBP,2003-06-30,2003-06-30,Q2,1826000.0,1050750.0,775250.0,0.42456188389923327,262500.0,0.0,0.0,-23250.0,366250.0,1772250.0,0.0,49500.0,103250.0,0.056544359255202625,53750.0,0.02943592552026287,0.0,70000.0,0.038335158817086525,-12750.0,82750.0,0.04531763417305586,0.00115,0.00115,72700012,72700012,https://find-and-update.company-information.service.gov.uk/search/companies?q=Concurrent+Technologies+PLC,https://find-and-update.company-information.service.gov.uk/search/companies?q=Concurrent+Technologies+PLC,1620590463,16:01:03,20210509
62,2003-03-31,CNC.L,GBP,2003-03-31,2003-03-31,Q1,1826000.0,1050750.0,775250.0,0.42456188389923327,262500.0,0.0,0.0,-23250.0,366250.0,1772250.0,0.0,49500.0,103250.0,0.056544359255202625,53750.0,0.02943592552026287,0.0,70000.0,0.038335158817086525,-12750.0,82750.0,0.04531763417305586,0.00115,0.00115,72700012,72700012,https://find-and-update.company-information.service.gov.uk/search/companies?q=Concurrent+Technologies+PLC,https://find-and-update.company-information.service.gov.uk/search/companies?q=Concurrent+Technologies+PLC,1620590463,16:01:03,20210509
63,2003-01-31,CNC.L,GBP,2003-01-31,2003-01-31,Q1,1826000.0,1050750.0,775250.0,0.42456188389923327,262500.0,0.0,0.0,-23250.0,366250.0,1772250.0,0.0,49500.0,103250.0,0.056544359255202625,53750.0,0.02943592552026287,0.0,70000.0,0.038335158817086525,-12750.0,82750.0,0.04531763417305586,0.00115,0.00115,72700012,72700012,https://find-and-update.company-information.service.gov.uk/search/companies?q=Concurrent+Technologies+PLC,https://find-and-update.company-information.service.gov.uk/search/companies?q=Concurrent+Technologies+PLC,1620590463,16:01:03,20210509
64,2002-09-30,CNC.L,GBP,2002-09-30,2002-09-30,Q3,1884250.0,1032500.0,851750.0,0.4520366193445668,248000.0,0.0,0.0,-19750.0,386000.0,1758000.0,0.0,47000.0,173250.0,0.09194639777099642,126250.0,0.0670027862544779,0.0,138250.0,0.07337136791826987,24000.0,114250.0,0.06063420459068595,0.001575,0.001575,72539683,72539683,https://find-and-update.company-information.service.gov.uk/search/companies?q=Concurrent+Technologies+PLC,https://find-and-update.company-information.service.gov.uk/search/companies?q=Concurrent+Technologies+PLC,1620590463,16:01:03,20210509
65,2002-06-30,CNC.L,GBP,2002-06-30,2002-06-30,Q2,1884250.0,1032500.0,851750.0,0.4520366193445668,248000.0,0.0,0.0,-19750.0,386000.0,1758000.0,0.0,47000.0,173250.0,0.09194639777099642,126250.0,0.0670027862544779,0.0,138250.0,0.07337136791826987,24000.0,114250.0,0.06063420459068595,0.001575,0.001575,72539683,72539683,https://find-and-update.company-information.service.gov.uk/search/companies?q=Concurrent+Technologies+PLC,https://find-and-update.company-information.service.gov.uk/search/companies?q=Concurrent+Technologies+PLC,1620590463,16:01:03,20210509
66,2002-03-31,CNC.L,GBP,2002-03-31,2002-03-31,Q1,1884250.0,1032500.0,851750.0,0.4520366193445668,248000.0,0.0,0.0,-19750.0,386000.0,1758000.0,0.0,47000.0,173250.0,0.09194639777099642,126250.0,0.0670027862544779,0.0,138250.0,0.07337136791826987,24000.0,114250.0,0.06063420459068595,0.001575,0.001575,72539683,72539683,https://find-and-update.company-information.service.gov.uk/search/companies?q=Concurrent+Technologies+PLC,https://find-and-update.company-information.service.gov.uk/search/companies?q=Concurrent+Technologies+PLC,1620590463,16:01:03,20210509
67,2002-01-31,CNC.L,GBP,2002-01-31,2002-01-31,Q1,1884250.0,1032500.0,851750.0,0.4520366193445668,248000.0,0.0,0.0,-19750.0,386000.0,1758000.0,0.0,47000.0,173250.0,0.09194639777099642,126250.0,0.0670027862544779,0.0,138250.0,0.07337136791826987,24000.0,114250.0,0.06063420459068595,0.001575,0.001575,72539683,72539683,https://find-and-update.company-information.service.gov.uk/search/companies?q=Concurrent+Technologies+PLC,https://find-and-update.company-information.service.gov.uk/search/companies?q=Concurrent+Technologies+PLC,1620590463,16:01:03,20210509
68,2001-09-30,CNC.L,GBP,2001-09-30,2001-09-30,Q3,1650000.0,858500.0,791500.0,0.4796969696969697,204000.0,0.0,0.0,0.0,423750.0,1547000.0,750.0,31750.0,134750.0,0.08166666666666667,103000.0,0.062424242424242424,0.0,127250.0,0.07712121212121212,38750.0,88500.0,0.053636363636363635,0.00125,0.00125,72700000,72700000,https://find-and-update.company-information.service.gov.uk/search/companies?q=Concurrent+Technologies+PLC,https://find-and-update.company-information.service.gov.uk/search/companies?q=Concurrent+Technologies+PLC,1620590463,16:01:03,20210509
69,2001-06-30,CNC.L,GBP,2001-06-30,2001-06-30,Q2,1650000.0,858500.0,791500.0,0.4796969696969697,204000.0,0.0,0.0,0.0,423750.0,1547000.0,750.0,31750.0,134750.0,0.08166666666666667,103000.0,0.062424242424242424,0.0,127250.0,0.07712121212121212,38750.0,88500.0,0.053636363636363635,0.00125,0.00125,72700000,72700000,https://find-and-update.company-information.service.gov.uk/search/companies?q=Concurrent+Technologies+PLC,https://find-and-update.company-information.service.gov.uk/search/companies?q=Concurrent+Technologies+PLC,1620590463,16:01:03,20210509
70,2001-03-31,CNC.L,GBP,2001-03-31,2001-03-31,Q1,1650000.0,858500.0,791500.0,0.4796969696969697,204000.0,0.0,0.0,0.0,423750.0,1547000.0,750.0,31750.0,134750.0,0.08166666666666667,103000.0,0.062424242424242424,0.0,127250.0,0.07712121212121212,38750.0,88500.0,0.053636363636363635,0.00125,0.00125,72700000,72700000,https://find-and-update.company-information.service.gov.uk/search/companies?q=Concurrent+Technologies+PLC,https://find-and-update.company-information.service.gov.uk/search/companies?q=Concurrent+Technologies+PLC,1620590463,16:01:03,20210509
71,2001-01-31,CNC.L,GBP,2001-01-31,2001-01-31,Q1,1650000.0,858500.0,791500.0,0.4796969696969697,204000.0,0.0,0.0,0.0,423750.0,1547000.0,750.0,31750.0,134750.0,0.08166666666666667,103000.0,0.062424242424242424,0.0,127250.0,0.07712121212121212,38750.0,88500.0,0.053636363636363635,0.00125,0.00125,72700000,72700000,https://find-and-update.company-information.service.gov.uk/search/companies?q=Concurrent+Technologies+PLC,https://find-and-update.company-information.service.gov.uk/search/companies?q=Concurrent+Technologies+PLC,1620590463,16:01:03,20210509
72,2000-09-30,CNC.L,GBP,2000-09-30,2000-09-30,Q3,2070250.0,1124250.0,946000.0,0.4569496437628306,232250.0,0.0,0.0,0.0,371000.0,1784750.0,5000.0,33500.0,319000.0,0.15408767057118705,285500.0,0.13790604999396208,0.0,296750.0,0.14334017630720927,87250.0,209500.0,0.10119550778891438,0.003,0.003,72410000,72410000,https://find-and-update.company-information.service.gov.uk/search/companies?q=Concurrent+Technologies+PLC,https://find-and-update.company-information.service.gov.uk/search/companies?q=Concurrent+Technologies+PLC,1620590463,16:01:03,20210509
73,2000-06-30,CNC.L,GBP,2000-06-30,2000-06-30,Q2,2070250.0,1124250.0,946000.0,0.4569496437628306,232250.0,0.0,0.0,0.0,371000.0,1784750.0,5000.0,33500.0,319000.0,0.15408767057118705,285500.0,0.13790604999396208,0.0,296750.0,0.14334017630720927,87250.0,209500.0,0.10119550778891438,0.003,0.003,72410000,72410000,https://find-and-update.company-information.service.gov.uk/search/companies?q=Concurrent+Technologies+PLC,https://find-and-update.company-information.service.gov.uk/search/companies?q=Concurrent+Technologies+PLC,1620590463,16:01:03,20210509
74,2000-03-31,CNC.L,GBP,2000-03-31,2000-03-31,Q1,2070250.0,1124250.0,946000.0,0.4569496437628306,232250.0,0.0,0.0,0.0,371000.0,1784750.0,5000.0,33500.0,319000.0,0.15408767057118705,285500.0,0.13790604999396208,0.0,296750.0,0.14334017630720927,87250.0,209500.0,0.10119550778891438,0.003,0.003,72410000,72410000,https://find-and-update.company-information.service.gov.uk/search/companies?q=Concurrent+Technologies+PLC,https://find-and-update.company-information.service.gov.uk/search/companies?q=Concurrent+Technologies+PLC,1620590463,16:01:03,20210509
75,2000-01-31,CNC.L,GBP,2000-01-31,2000-01-31,Q1,2070250.0,1124250.0,946000.0,0.4569496437628306,232250.0,0.0,0.0,0.0,371000.0,1784750.0,5000.0,33500.0,319000.0,0.15408767057118705,285500.0,0.13790604999396208,0.0,296750.0,0.14334017630720927,87250.0,209500.0,0.10119550778891438,0.003,0.003,72410000,72410000,https://find-and-update.company-information.service.gov.uk/search/companies?q=Concurrent+Technologies+PLC,https://find-and-update.company-information.service.gov.uk/search/companies?q=Concurrent+Technologies+PLC,1620590463,16:01:03,20210509
76,1999-09-30,CNC.L,GBP,1999-09-30,1999-09-30,Q3,1387000.0,787000.0,600000.0,0.43258832011535686,207500.0,0.0,0.0,0.0,297250.0,1350000.0,17000.0,34250.0,71250.0,0.05136986301369863,37000.0,0.026676279740447006,0.0,44250.0,0.03190338860850757,3750.0,40500.0,0.029199711607786588,0.0005,0.0005,70700000,70700000,https://find-and-update.company-information.service.gov.uk/search/companies?q=Concurrent+Technologies+PLC,https://find-and-update.company-information.service.gov.uk/search/companies?q=Concurrent+Technologies+PLC,1620590463,16:01:03,20210509
77,1999-06-30,CNC.L,GBP,1999-06-30,1999-06-30,Q2,1387000.0,787000.0,600000.0,0.43258832011535686,207500.0,0.0,0.0,0.0,297250.0,1350000.0,17000.0,34250.0,71250.0,0.05136986301369863,37000.0,0.026676279740447006,0.0,44250.0,0.03190338860850757,3750.0,40500.0,0.029199711607786588,0.0005,0.0005,70700000,70700000,https://find-and-update.company-information.service.gov.uk/search/companies?q=Concurrent+Technologies+PLC,https://find-and-update.company-information.service.gov.uk/search/companies?q=Concurrent+Technologies+PLC,1620590463,16:01:03,20210509
78,1999-03-31,CNC.L,GBP,1999-03-31,1999-03-31,Q1,1387000.0,787000.0,600000.0,0.43258832011535686,207500.0,0.0,0.0,0.0,297250.0,1350000.0,17000.0,34250.0,71250.0,0.05136986301369863,37000.0,0.026676279740447006,0.0,44250.0,0.03190338860850757,3750.0,40500.0,0.029199711607786588,0.0005,0.0005,70700000,70700000,https://find-and-update.company-information.service.gov.uk/search/companies?q=Concurrent+Technologies+PLC,https://find-and-update.company-information.service.gov.uk/search/companies?q=Concurrent+Technologies+PLC,1620590463,16:01:03,20210509
79,1999-01-31,CNC.L,GBP,1999-01-31,1999-01-31,Q1,1387000.0,787000.0,600000.0,0.43258832011535686,207500.0,0.0,0.0,0.0,297250.0,1350000.0,17000.0,34250.0,71250.0,0.05136986301369863,37000.0,0.026676279740447006,0.0,44250.0,0.03190338860850757,3750.0,40500.0,0.029199711607786588,0.0005,0.0005,70700000,70700000,https://find-and-update.company-information.service.gov.uk/search/companies?q=Concurrent+Technologies+PLC,https://find-and-update.company-information.service.gov.uk/search/companies?q=Concurrent+Technologies+PLC,1620590463,16:01:03,20210509
80,1998-09-30,CNC.L,GBP,1998-09-30,1998-09-30,Q3,922250.0,495000.0,427250.0,0.4632691786391976,172000.0,0.0,0.0,0.0,301500.0,1025250.0,17750.0,33250.0,-69750.0,-0.07563025210084033,-103000.0,-0.1116833830306316,0.0,-96000.0,-0.10409325020330713,-6000.0,-90000.0,-0.09758742206560043,-0.0015,-0.0015,59112000,59112000,https://find-and-update.company-information.service.gov.uk/search/companies?q=Concurrent+Technologies+PLC,https://find-and-update.company-information.service.gov.uk/search/companies?q=Concurrent+Technologies+PLC,1620590463,16:01:03,20210509
81,1998-06-30,CNC.L,GBP,1998-06-30,1998-06-30,Q2,922250.0,495000.0,427250.0,0.4632691786391976,172000.0,0.0,0.0,0.0,301500.0,1025250.0,17750.0,33250.0,-69750.0,-0.07563025210084033,-103000.0,-0.1116833830306316,0.0,-96000.0,-0.10409325020330713,-6000.0,-90000.0,-0.09758742206560043,-0.0015,-0.0015,59112000,59112000,https://find-and-update.company-information.service.gov.uk/search/companies?q=Concurrent+Technologies+PLC,https://find-and-update.company-information.service.gov.uk/search/companies?q=Concurrent+Technologies+PLC,1620590463,16:01:03,20210509
82,1998-03-31,CNC.L,GBP,1998-03-31,1998-03-31,Q1,922250.0,495000.0,427250.0,0.4632691786391976,172000.0,0.0,0.0,0.0,301500.0,1025250.0,17750.0,33250.0,-69750.0,-0.07563025210084033,-103000.0,-0.1116833830306316,0.0,-96000.0,-0.10409325020330713,-6000.0,-90000.0,-0.09758742206560043,-0.0015,-0.0015,59112000,59112000,https://find-and-update.company-information.service.gov.uk/search/companies?q=Concurrent+Technologies+PLC,https://find-and-update.company-information.service.gov.uk/search/companies?q=Concurrent+Technologies+PLC,1620590463,16:01:03,20210509
83,1998-01-31,CNC.L,GBP,1998-01-31,1998-01-31,Q1,922250.0,495000.0,427250.0,0.4632691786391976,172000.0,0.0,0.0,0.0,301500.0,1025250.0,17750.0,33250.0,-69750.0,-0.07563025210084033,-103000.0,-0.1116833830306316,0.0,-96000.0,-0.10409325020330713,-6000.0,-90000.0,-0.09758742206560043,-0.0015,-0.0015,59112000,59112000,https://find-and-update.company-information.service.gov.uk/search/companies?q=Concurrent+Technologies+PLC,https://find-and-update.company-information.service.gov.uk/search/companies?q=Concurrent+Technologies+PLC,1620590463,16:01:03,20210509
84,1997-09-30,CNC.L,GBP,1997-09-30,1997-09-30,Q3,1193250.0,0.0,0.0,0.0,135500.0,0.0,0.0,0.0,853500.0,1053000.0,13500.0,40500.0,180750.0,0.15147705845380263,140250.0,0.11753614079195475,0.0,140000.0,0.11732662895453592,6750.0,133250.0,0.11166980934422795,0.002,0.002,47720000,47720000,https://find-and-update.company-information.service.gov.uk/search/companies?q=Concurrent+Technologies+PLC,https://find-and-update.company-information.service.gov.uk/search/companies?q=Concurrent+Technologies+PLC,1620590463,16:01:03,20210509
85,1997-06-30,CNC.L,GBP,1997-06-30,1997-06-30,Q2,1193250.0,0.0,0.0,0.0,135500.0,0.0,0.0,0.0,853500.0,1053000.0,13500.0,40500.0,180750.0,0.15147705845380263,140250.0,0.11753614079195475,0.0,140000.0,0.11732662895453592,6750.0,133250.0,0.11166980934422795,0.002,0.002,47720000,47720000,https://find-and-update.company-information.service.gov.uk/search/companies?q=Concurrent+Technologies+PLC,https://find-and-update.company-information.service.gov.uk/search/companies?q=Concurrent+Technologies+PLC,1620590463,16:01:03,20210509
86,1997-03-31,CNC.L,GBP,1997-03-31,1997-03-31,Q1,1193250.0,0.0,0.0,0.0,135500.0,0.0,0.0,0.0,853500.0,1053000.0,13500.0,40500.0,180750.0,0.15147705845380263,140250.0,0.11753614079195475,0.0,140000.0,0.11732662895453592,6750.0,133250.0,0.11166980934422795,0.002,0.002,47720000,47720000,https://find-and-update.company-information.service.gov.uk/search/companies?q=Concurrent+Technologies+PLC,https://find-and-update.company-information.service.gov.uk/search/companies?q=Concurrent+Technologies+PLC,1620590463,16:01:03,20210509
87,1997-01-31,CNC.L,GBP,1997-01-31,1997-01-31,Q1,1193250.0,0.0,0.0,0.0,135500.0,0.0,0.0,0.0,853500.0,1053000.0,13500.0,40500.0,180750.0,0.15147705845380263,140250.0,0.11753614079195475,0.0,140000.0,0.11732662895453592,6750.0,133250.0,0.11166980934422795,0.002,0.002,47720000,47720000,https://find-and-update.company-information.service.gov.uk/search/companies?q=Concurrent+Technologies+PLC,https://find-and-update.company-information.service.gov.uk/search/companies?q=Concurrent+Technologies+PLC,1620590463,16:01:03,20210509
88,1996-09-30,CNC.L,GBP,1996-09-30,1996-09-30,Q3,1666750.0,0.0,0.0,0.0,100500.0,0.0,0.0,0.0,1200500.0,1340000.0,1250.0,22500.0,349250.0,0.20953952302384882,326750.0,0.1960401979901005,0.0,325000.0,0.19499025048747562,3000.0,322000.0,0.19319034048297584,0.0065,0.0065,43654000,43654000,https://find-and-update.company-information.service.gov.uk/search/companies?q=Concurrent+Technologies+PLC,https://find-and-update.company-information.service.gov.uk/search/companies?q=Concurrent+Technologies+PLC,1620590463,16:01:03,20210509
89,1996-06-30,CNC.L,GBP,1996-06-30,1996-06-30,Q2,1666750.0,0.0,0.0,0.0,100500.0,0.0,0.0,0.0,1200500.0,1340000.0,1250.0,22500.0,349250.0,0.20953952302384882,326750.0,0.1960401979901005,0.0,325000.0,0.19499025048747562,3000.0,322000.0,0.19319034048297584,0.0065,0.0065,43654000,43654000,https://find-and-update.company-information.service.gov.uk/search/companies?q=Concurrent+Technologies+PLC,https://find-and-update.company-information.service.gov.uk/search/companies?q=Concurrent+Technologies+PLC,1620590463,16:01:03,20210509
90,1996-03-31,CNC.L,GBP,1996-03-31,1996-03-31,Q1,1666750.0,0.0,0.0,0.0,100500.0,0.0,0.0,0.0,1200500.0,1340000.0,1250.0,22500.0,349250.0,0.20953952302384882,326750.0,0.1960401979901005,0.0,325000.0,0.19499025048747562,3000.0,322000.0,0.19319034048297584,0.0065,0.0065,43654000,43654000,https://find-and-update.company-information.service.gov.uk/search/companies?q=Concurrent+Technologies+PLC,https://find-and-update.company-information.service.gov.uk/search/companies?q=Concurrent+Technologies+PLC,1620590463,16:01:03,20210509
91,1996-01-31,CNC.L,GBP,1996-01-31,1996-01-31,Q1,1666750.0,0.0,0.0,0.0,100500.0,0.0,0.0,0.0,1200500.0,1340000.0,1250.0,22500.0,349250.0,0.20953952302384882,326750.0,0.1960401979901005,0.0,325000.0,0.19499025048747562,3000.0,322000.0,0.19319034048297584,0.0065,0.0065,43654000,43654000,https://find-and-update.company-information.service.gov.uk/search/companies?q=Concurrent+Technologies+PLC,https://find-and-update.company-information.service.gov.uk/search/companies?q=Concurrent+Technologies+PLC,1620590463,16:01:03,20210509
92,1995-09-30,CNC.L,GBP,1995-09-30,1995-09-30,Q3,905250.0,0.0,0.0,0.0,121750.0,0.0,0.0,0.0,610250.0,750500.0,1000.0,17750.0,172500.0,0.19055509527754763,154750.0,0.17094725214029274,0.0,141500.0,0.15631041148853908,2250.0,139250.0,0.15382491024578845,0.0025,0.0025,47100000,47100000,https://find-and-update.company-information.service.gov.uk/search/companies?q=Concurrent+Technologies+PLC,https://find-and-update.company-information.service.gov.uk/search/companies?q=Concurrent+Technologies+PLC,1620590463,16:01:03,20210509
93,1995-06-30,CNC.L,GBP,1995-06-30,1995-06-30,Q2,905250.0,0.0,0.0,0.0,121750.0,0.0,0.0,0.0,610250.0,750500.0,1000.0,17750.0,172500.0,0.19055509527754763,154750.0,0.17094725214029274,0.0,141500.0,0.15631041148853908,2250.0,139250.0,0.15382491024578845,0.0025,0.0025,47100000,47100000,https://find-and-update.company-information.service.gov.uk/search/companies?q=Concurrent+Technologies+PLC,https://find-and-update.company-information.service.gov.uk/search/companies?q=Concurrent+Technologies+PLC,1620590463,16:01:03,20210509
94,1995-03-31,CNC.L,GBP,1995-03-31,1995-03-31,Q1,905250.0,0.0,0.0,0.0,121750.0,0.0,0.0,0.0,610250.0,750500.0,1000.0,17750.0,172500.0,0.19055509527754763,154750.0,0.17094725214029274,0.0,141500.0,0.15631041148853908,2250.0,139250.0,0.15382491024578845,0.0025,0.0025,47100000,47100000,https://find-and-update.company-information.service.gov.uk/search/companies?q=Concurrent+Technologies+PLC,https://find-and-update.company-information.service.gov.uk/search/companies?q=Concurrent+Technologies+PLC,1620590463,16:01:03,20210509
95,1995-01-31,CNC.L,GBP,1995-01-31,1995-01-31,Q1,905250.0,0.0,0.0,0.0,121750.0,0.0,0.0,0.0,610250.0,750500.0,1000.0,17750.0,172500.0,0.19055509527754763,154750.0,0.17094725214029274,0.0,141500.0,0.15631041148853908,2250.0,139250.0,0.15382491024578845,0.0025,0.0025,47100000,47100000,https://find-and-update.company-information.service.gov.uk/search/companies?q=Concurrent+Technologies+PLC,https://find-and-update.company-information.service.gov.uk/search/companies?q=Concurrent+Technologies+PLC,1620590463,16:01:03,20210509
96,1993-09-30,CNC.L,GBP,1993-09-30,1993-09-30,Q3,510750.0,0.0,0.0,0.0,115250.0,0.0,0.0,0.0,353250.0,487000.0,2250.0,18500.0,42250.0,0.08272148800783162,23750.0,0.0465002447381302,0.0,26500.0,0.05188448360254528,1250.0,25250.0,0.049437102300538424,0.0005,0.0005,47100000,47100000,https://find-and-update.company-information.service.gov.uk/search/companies?q=Concurrent+Technologies+PLC,https://find-and-update.company-information.service.gov.uk/search/companies?q=Concurrent+Technologies+PLC,1620590463,16:01:03,20210509
97,1993-06-30,CNC.L,GBP,1993-06-30,1993-06-30,Q2,510750.0,0.0,0.0,0.0,115250.0,0.0,0.0,0.0,353250.0,487000.0,2250.0,18500.0,42250.0,0.08272148800783162,23750.0,0.0465002447381302,0.0,26500.0,0.05188448360254528,1250.0,25250.0,0.049437102300538424,0.0005,0.0005,47100000,47100000,https://find-and-update.company-information.service.gov.uk/search/companies?q=Concurrent+Technologies+PLC,https://find-and-update.company-information.service.gov.uk/search/companies?q=Concurrent+Technologies+PLC,1620590463,16:01:03,20210509
98,1993-03-31,CNC.L,GBP,1993-03-31,1993-03-31,Q1,510750.0,0.0,0.0,0.0,115250.0,0.0,0.0,0.0,353250.0,487000.0,2250.0,18500.0,42250.0,0.08272148800783162,23750.0,0.0465002447381302,0.0,26500.0,0.05188448360254528,1250.0,25250.0,0.049437102300538424,0.0005,0.0005,47100000,47100000,https://find-and-update.company-information.service.gov.uk/search/companies?q=Concurrent+Technologies+PLC,https://find-and-update.company-information.service.gov.uk/search/companies?q=Concurrent+Technologies+PLC,1620590463,16:01:03,20210509
99,1993-01-31,CNC.L,GBP,1993-01-31,1993-01-31,Q1,510750.0,0.0,0.0,0.0,115250.0,0.0,0.0,0.0,353250.0,487000.0,2250.0,18500.0,42250.0,0.08272148800783162,23750.0,0.0465002447381302,0.0,26500.0,0.05188448360254528,1250.0,25250.0,0.049437102300538424,0.0005,0.0005,47100000,47100000,https://find-and-update.company-information.service.gov.uk/search/companies?q=Concurrent+Technologies+PLC,https://find-and-update.company-information.service.gov.uk/search/companies?q=Concurrent+Technologies+PLC,1620590463,16:01:03,20210509
100,1992-09-30,CNC.L,GBP,1992-09-30,1992-09-30,Q3,717500.0,0.0,0.0,0.0,86000.0,0.0,0.0,0.0,504250.0,604750.0,2750.0,14500.0,127250.0,0.17735191637630662,112750.0,0.15714285714285714,0.0,114000.0,0.1588850174216028,1500.0,112500.0,0.156794425087108,0.0025,0.0025,47100000,47100000,https://find-and-update.company-information.service.gov.uk/search/companies?q=Concurrent+Technologies+PLC,https://find-and-update.company-information.service.gov.uk/search/companies?q=Concurrent+Technologies+PLC,1620590463,16:01:03,20210509
101,1992-06-30,CNC.L,GBP,1992-06-30,1992-06-30,Q2,717500.0,0.0,0.0,0.0,86000.0,0.0,0.0,0.0,504250.0,604750.0,2750.0,14500.0,127250.0,0.17735191637630662,112750.0,0.15714285714285714,0.0,114000.0,0.1588850174216028,1500.0,112500.0,0.156794425087108,0.0025,0.0025,47100000,47100000,https://find-and-update.company-information.service.gov.uk/search/companies?q=Concurrent+Technologies+PLC,https://find-and-update.company-information.service.gov.uk/search/companies?q=Concurrent+Technologies+PLC,1620590463,16:01:03,20210509
102,1992-03-31,CNC.L,GBP,1992-03-31,1992-03-31,Q1,717500.0,0.0,0.0,0.0,86000.0,0.0,0.0,0.0,504250.0,604750.0,2750.0,14500.0,127250.0,0.17735191637630662,112750.0,0.15714285714285714,0.0,114000.0,0.1588850174216028,1500.0,112500.0,0.156794425087108,0.0025,0.0025,47100000,47100000,https://find-and-update.company-information.service.gov.uk/search/companies?q=Concurrent+Technologies+PLC,https://find-and-update.company-information.service.gov.uk/search/companies?q=Concurrent+Technologies+PLC,1620590463,16:01:03,20210509
103,1992-01-31,CNC.L,GBP,1992-01-31,1992-01-31,Q1,717500.0,0.0,0.0,0.0,86000.0,0.0,0.0,0.0,504250.0,604750.0,2750.0,14500.0,127250.0,0.17735191637630662,112750.0,0.15714285714285714,0.0,114000.0,0.1588850174216028,1500.0,112500.0,0.156794425087108,0.0025,0.0025,47100000,47100000,https://find-and-update.company-information.service.gov.uk/search/companies?q=Concurrent+Technologies+PLC,https://find-and-update.company-information.service.gov.uk/search/companies?q=Concurrent+Technologies+PLC,1620590463,16:01:03,20210509
