,date,symbol,reportedCurrency,fillingDate,acceptedDate,period,revenue,costOfRevenue,grossProfit,grossProfitRatio,researchAndDevelopmentExpenses,generalAndAdministrativeExpenses,sellingAndMarketingExpenses,otherExpenses,operatingExpenses,costAndExpenses,interestExpense,depreciationAndAmortization,ebitda,ebitdaratio,operatingIncome,operatingIncomeRatio,totalOtherIncomeExpensesNet,incomeBeforeTax,incomeBeforeTaxRatio,incomeTaxExpense,netIncome,netIncomeRatio,eps,epsdiluted,weightedAverageShsOut,weightedAverageShsOutDil,link,finalLink,timestamp,est_time,est_date
0,2020-12-31,TPL,USD,2021-02-25,2021-02-25 16:26:54,Q4,77009000.0,-22045000.0,99054000.0,1.2862652417249931,0.0,11222000.0,0.0,73246.0,43823000.0,21778000.0,0.0,14395.0,55245395.0,0.717388811697334,55231000.0,0.7172018854939033,89732.0,55336000.0,0.7185653624900986,10546000.0,44790000.0,0.581620330091288,5.774767810240021,5.774767810240021,7756156.0,7756156.0,https://www.sec.gov/Archives/edgar/data/1811074/000181107421000013/0001811074-21-000013-index.htm,https://www.sec.gov/Archives/edgar/data/1811074/000181107421000013/tpl-20201231.htm,1620598977,18:22:57,20210509
1,2020-09-30,TPL,USD,2020-11-05,2020-11-05 16:35:06,Q3,74383000.0,6087000.0,68296000.0,0.9181667854214001,0.0,11548000.0,0.0,1287000.0,11548000.0,17635000.0,0.0,10773.0,56758773.0,0.7630610892273773,56748000.0,0.7629162577470658,1287000.0,58035000.0,0.7802185983356412,11760000.0,46275000.0,0.6221179570600809,5.97,5.97,7756156.0,7756156.0,https://www.sec.gov/Archives/edgar/data/97517/000009751720000056/0000097517-20-000056-index.htm,https://www.sec.gov/Archives/edgar/data/97517/000009751720000056/tpl-20200930.htm,1620598977,18:22:57,20210509
2,2020-06-30,TPL,USD,2020-08-06,2020-08-06 16:28:46,Q2,54568000.0,5843000.0,48725000.0,0.8929225919953087,0.0,13995000.0,0.0,193000.0,13995000.0,19838000.0,0.0,0.0,38408000.0,0.7038557396276206,34730000.0,0.636453599179006,193000.0,34923000.0,0.6399904706054831,7340000.0,27583000.0,0.5054794018472365,3.56,3.56,7756156.0,7756156.0,https://www.sec.gov/Archives/edgar/data/97517/000009751720000045/0000097517-20-000045-index.htm,https://www.sec.gov/Archives/edgar/data/97517/000009751720000045/tpl-20200630.htm,1620598977,18:22:57,20210509
3,2020-03-31,TPL,USD,2020-05-07,2020-05-07 16:42:44,Q1,96594000.0,10115000.0,86479000.0,0.8952833509327701,0.0,15937000.0,0.0,826000.0,15937000.0,26052000.0,0.0,0.0,73877000.0,0.7648197610617636,70542000.0,0.730293807068762,826000.0,71368000.0,0.738845062840342,13967000.0,57401000.0,0.5942501604654533,7.4,7.4,7756156.0,7756156.0,https://www.sec.gov/Archives/edgar/data/97517/000009751720000029/0000097517-20-000029-index.htm,https://www.sec.gov/Archives/edgar/data/97517/000009751720000017/tpl-20191231.htm,1620598977,18:22:57,20210509
4,2019-12-31,TPL,USD,2020-02-27,2020-02-27 17:26:18,Q4,113332000.0,9005000.0,104327000.0,0.9205431828609748,0.0,16167000.0,0.0,911000.0,16167000.0,25172000.0,0.0,0.0,91780000.0,0.8098330568594925,88160000.0,0.7778915046059366,911000.0,89071000.0,0.7859298344686408,19949000.0,69122000.0,0.6099071753785339,9.2,9.2,7756156.0,7756156.0,https://www.sec.gov/Archives/edgar/data/97517/000009751720000017/0000097517-20-000017-index.htm,https://www.sec.gov/Archives/edgar/data/97517/000009751720000017/tpl-20191231.htm,1620598977,18:22:57,20210509
5,2019-09-30,TPL,USD,2019-11-07,2019-11-07 16:34:12,Q3,98530000.0,7753000.0,90777000.0,0.9213133055922054,0.0,16959000.0,0.0,941000.0,16959000.0,24712000.0,0.0,2631000.0,76449000.0,0.7758956662945296,73818000.0,0.749193139145438,941000.0,74759000.0,0.7587435298893738,14737000.0,60022000.0,0.6091748705977875,7.74,7.74,7756156.0,7756156.0,https://www.sec.gov/Archives/edgar/data/97517/000009751719000049/0000097517-19-000049-index.htm,https://www.sec.gov/Archives/edgar/data/97517/000009751719000049/tpl-20190930.htm,1620598977,18:22:57,20210509
6,2019-06-30,TPL,USD,2019-08-07,2019-08-07 16:33:39,Q2,87310000.0,7174000.0,80136000.0,0.9178330088191502,0.0,17694000.0,0.0,437000.0,17694000.0,24868000.0,0.0,1451000.0,63893000.0,0.7317947543236742,62442000.0,0.7151758103310044,437000.0,62879000.0,0.7201809643797962,13293000.0,49586000.0,0.5679303630741037,6.39,6.39,7756156.0,7756156.0,https://www.sec.gov/Archives/edgar/data/97517/000009751719000036/0000097517-19-000036-index.htm,https://www.sec.gov/Archives/edgar/data/97517/000009751719000036/tpl06-30x201910xq.htm,1620598977,18:22:57,20210509
7,2019-03-31,TPL,USD,2019-05-07,2019-05-07 17:16:57,Q1,191324000.0,5782000.0,185542000.0,0.9697790136104201,0.0,10389000.0,0.0,393000.0,10389000.0,16171000.0,0.0,1204000.0,176357000.0,0.9217714452969832,175153000.0,0.9154784553950367,393000.0,175546000.0,0.9175325625640275,35548000.0,139998000.0,0.7317325583826388,18.04,18.04,7759808.0,7759808.0,https://www.sec.gov/Archives/edgar/data/97517/000009751719000026/0000097517-19-000026-index.htm,https://www.sec.gov/Archives/edgar/data/97517/000009751719000015/tpl12-31x201810k.htm,1620598977,18:22:57,20210509
8,2018-12-31,TPL,USD,2019-02-28,2019-02-28 16:37:49,Q4,93201000.0,4631000.0,88570000.0,0.9503116919346359,0.0,11074000.0,0.0,390000.0,10681000.0,15312000.0,0.0,1064000.0,78953000.0,0.8471261037971696,77889000.0,0.8357099172755658,390000.0,78279000.0,0.8398944217336723,15599000.0,62680000.0,0.672524972908016,8.077519443780051,8.077519443780051,7759808.0,7759808.0,https://www.sec.gov/Archives/edgar/data/97517/000009751719000015/0000097517-19-000015-index.htm,https://www.sec.gov/Archives/edgar/data/97517/000009751719000015/tpl12-31x201810k.htm,1620598977,18:22:57,20210509
9,2018-09-30,TPL,USD,2018-11-07,2018-11-07 16:23:50,Q3,73168000.0,4413000.0,68755000.0,0.9396867483052701,0.0,5664000.0,0.0,236000.0,5796000.0,10209000.0,0.0,706000.0,63665000.0,0.8701208178438662,62959000.0,0.860471790946862,236000.0,63195000.0,0.8636972446971354,12433000.0,50762000.0,0.6937732342007435,6.52,6.52,7786692.0,7786692.0,https://www.sec.gov/Archives/edgar/data/97517/000009751718000025/0000097517-18-000025-index.htm,https://www.sec.gov/Archives/edgar/data/97517/000009751718000025/tpl09-30x201810xq.htm,1620598977,18:22:57,20210509
10,2018-06-30,TPL,USD,2018-08-07,2018-08-07 16:34:50,Q2,73844000.0,3071000.0,70773000.0,0.9584123286929203,0.0,5153000.0,0.0,160000.0,5268000.0,8339000.0,0.0,483000.0,65988000.0,0.8936135637289421,65505000.0,0.8870727479551487,160000.0,65665000.0,0.889239477818103,13162000.0,52503000.0,0.710998862466822,6.73,6.73,7803162.0,7803162.0,https://www.sec.gov/Archives/edgar/data/97517/000009751718000017/0000097517-18-000017-index.htm,https://www.sec.gov/Archives/edgar/data/97517/000009751718000017/tpl06-30x201810xq.htm,1620598977,18:22:57,20210509
11,2018-03-31,TPL,USD,2018-05-07,2018-05-07 16:32:45,Q1,60007000.0,1636000.0,58371000.0,0.9727365140733581,0.0,3744000.0,0.0,130000.0,3890000.0,5526000.0,0.0,330000.0,54811000.0,0.9134101021547486,54481000.0,0.9079107437465629,130000.0,54611000.0,0.9100771576649391,10820000.0,43791000.0,0.7297648607662439,5.6,5.6,7818168.0,7818168.0,https://www.sec.gov/Archives/edgar/data/97517/000009751718000007/0000097517-18-000007-index.htm,https://www.sec.gov/Archives/edgar/data/97517/000143774918003528/tpl20171231_10k.htm,1620598977,18:22:57,20210509
12,2017-12-31,TPL,USD,2018-02-28,2018-02-28 16:07:21,Q4,38275224.0,0.0,0.0,0.0,0.0,2589138.0,0.0,0.0,3539539.0,4406539.0,0.0,63469.0,33932154.0,0.8865305138384036,33868685.0,0.8848722870962166,0.0,33913553.0,0.8860445336649108,15554140.0,18359413.0,0.47966833584043816,2.348301162113682,2.348301162113682,7818168.0,7818168.0,https://www.sec.gov/Archives/edgar/data/97517/000143774918003528/0001437749-18-003528-index.htm,https://www.sec.gov/Archives/edgar/data/97517/000143774918003528/tpl20171231_10k.htm,1620598977,18:22:57,20210509
13,2017-09-30,TPL,USD,2017-11-07,2017-11-07 13:48:38,Q3,42476454.0,0.0,0.0,0.0,0.0,2608455.0,0.0,0.0,3405088.0,3405088.0,0.0,208801.0,39280167.0,0.9247515576512108,39071366.0,0.9198358695384506,0.0,39091439.0,0.9203084372344263,12686727.0,26404712.0,0.6216317397869418,3.36,3.36,7851916.0,7851916.0,https://www.sec.gov/Archives/edgar/data/97517/000143774917018504/0001437749-17-018504-index.htm,https://www.sec.gov/Archives/edgar/data/97517/000143774917018504/tpl20170930_10q.htm,1620598977,18:22:57,20210509
14,2017-06-30,TPL,USD,2017-08-04,2017-08-04 13:32:09,Q2,27348554.0,0.0,0.0,0.0,0.0,1854463.0,0.0,0.0,2616670.0,2616670.0,0.0,84611.0,24816495.0,0.9074152512780017,24731884.0,0.9043214496824951,0.0,24741449.0,0.9046711939505101,8029997.0,16711452.0,0.6110543175335705,2.12,2.12,7882184.0,7882184.0,https://www.sec.gov/Archives/edgar/data/97517/000143774917013797/0001437749-17-013797-index.htm,https://www.sec.gov/Archives/edgar/data/97517/000143774917013797/tpl20170630_10q.htm,1620598977,18:22:57,20210509
15,2017-03-31,TPL,USD,2017-05-04,2017-05-04 16:31:02,Q1,24228768.0,0.0,0.0,0.0,0.0,1464944.0,0.0,0.0,2124703.0,2124703.0,0.0,19119.0,22123184.0,0.9130957050725815,22104065.0,0.9123066018049287,0.0,22113559.0,0.912698450040877,7228137.0,14885422.0,0.614369744264339,1.88,1.88,7919085.0,7919085.0,https://www.sec.gov/Archives/edgar/data/97517/000143774917008005/0001437749-17-008005-index.htm,https://www.sec.gov/Archives/edgar/data/97517/000143774917003418/tpl20161231_10k.htm,1620598977,18:22:57,20210509
16,2016-12-31,TPL,USD,2017-02-28,2017-02-28 14:59:45,Q4,17563217.0,0.0,0.0,0.0,0.0,899620.0,0.0,0.0,1448351.0,1491641.0,0.0,24616.0,16096192.0,0.9164717374954714,16071576.0,0.9150701719394573,0.0,16081360.0,0.9156272452820005,5174390.0,10906970.0,0.6210120845173183,1.3773017968616323,1.3773017968616323,7919085.0,7919085.0,https://www.sec.gov/Archives/edgar/data/97517/000143774917003418/0001437749-17-003418-index.htm,https://www.sec.gov/Archives/edgar/data/97517/000143774917003418/tpl20161231_10k.htm,1620598977,18:22:57,20210509
17,2016-09-30,TPL,USD,2016-11-03,2016-11-03 16:47:18,Q3,14265752.0,0.0,0.0,0.0,0.0,676332.0,0.0,0.0,1173576.0,1173576.0,0.0,5700.0,13097876.0,0.9181342841232625,13092176.0,0.9177347257964389,0.0,13099676.0,0.9182604604369963,4170264.0,8929412.0,0.6259334944277736,1.12,1.12,7984936.0,7984936.0,https://www.sec.gov/Archives/edgar/data/97517/000143774916041007/0001437749-16-041007-index.htm,https://www.sec.gov/Archives/edgar/data/97517/000143774916041007/tpl20160818_10q.htm,1620598977,18:22:57,20210509
18,2016-06-30,TPL,USD,2016-08-04,2016-08-04 13:30:14,Q2,16190266.0,0.0,0.0,0.0,0.0,698423.0,0.0,0.0,1092640.0,1092640.0,0.0,5700.0,15103326.0,0.9328645990127649,15097626.0,0.9325125356186241,0.0,15103470.0,0.93287349324588,4980353.0,10123117.0,0.6252594614566555,1.26,1.26,8048500.0,8048500.0,https://www.sec.gov/Archives/edgar/data/97517/000143774916036421/0001437749-16-036421-index.htm,https://www.sec.gov/Archives/edgar/data/97517/000143774916036421/tpl20160630_10q.htm,1620598977,18:22:57,20210509
19,2016-03-31,TPL,USD,2016-05-05,2016-05-05 14:03:25,Q1,11892161.0,0.0,0.0,0.0,0.0,749105.0,0.0,0.0,1095689.0,1095689.0,0.0,7274.0,10803746.0,0.9084762643223548,10796472.0,0.9078646008912931,0.0,10802414.0,0.9083642577661032,3522363.0,7280051.0,0.612172253638342,0.9,0.9,8098106.0,8098106.0,https://www.sec.gov/Archives/edgar/data/97517/000143774916030927/0001437749-16-030927-index.htm,https://www.sec.gov/Archives/edgar/data/97517/000143774916026297/tpl20151201_10k.htm,1620598977,18:22:57,20210509
20,2015-12-31,TPL,USD,2016-02-29,2016-02-29 12:28:39,Q4,14714861.0,0.0,0.0,0.0,0.0,936615.0,0.0,0.0,1340055.0,1375887.0,0.0,11575.0,13350549.0,0.907283391939618,13338974.0,0.9064967722087215,0.0,13345171.0,0.906917911083224,4350114.0,8995057.0,0.6112906537139563,1.110760590192324,1.110760590192324,8098106.0,8098106.0,https://www.sec.gov/Archives/edgar/data/97517/000143774916026297/0001437749-16-026297-index.htm,https://www.sec.gov/Archives/edgar/data/97517/000143774916026297/tpl20151201_10k.htm,1620598977,18:22:57,20210509
21,2015-09-30,TPL,USD,2015-11-05,2015-11-05 15:25:30,Q3,18179458.0,0.0,0.0,0.0,0.0,590984.0,0.0,0.0,953540.0,953540.0,0.0,4500.0,17230418.0,0.9477960234017978,17225918.0,0.9475484912696517,0.0,17233208.0,0.9479494933237284,5771859.0,11461349.0,0.6304560344978382,1.4,1.4,8190757.0,8190757.0,https://www.sec.gov/Archives/edgar/data/97517/000143774915019811/0001437749-15-019811-index.htm,https://www.sec.gov/Archives/edgar/data/97517/000143774915019811/tpl20150831_10q.htm,1620598977,18:22:57,20210509
22,2015-06-30,TPL,USD,2015-08-06,2015-08-06 13:02:04,Q2,11787875.0,0.0,0.0,0.0,0.0,503799.0,0.0,0.0,846101.0,846101.0,0.0,4500.0,10946274.0,0.92860451947446,10941774.0,0.9282227712798108,0.0,10949033.0,0.928838573534246,3533021.0,7416012.0,0.629122042777006,0.9,0.9,8244345.0,8244345.0,https://www.sec.gov/Archives/edgar/data/97517/000143774915015018/0001437749-15-015018-index.htm,https://www.sec.gov/Archives/edgar/data/97517/000143774915015018/tpl20150630_10q.htm,1620598977,18:22:57,20210509
23,2015-03-31,TPL,USD,2015-05-06,2015-05-06 13:01:53,Q1,34732660.0,0.0,0.0,0.0,0.0,607464.0,0.0,0.0,983742.0,983742.0,0.0,4799.0,33753717.0,0.9718149142622534,33748918.0,0.9716767445971601,0.0,33755611.0,0.9718694450698564,11589522.0,22166089.0,0.63819151772424,2.67,2.67,8297581.0,8297581.0,https://www.sec.gov/Archives/edgar/data/97517/000143774915009077/0001437749-15-009077-index.htm,https://www.sec.gov/Archives/edgar/data/97517/000143774915003635/tpl20141231_10k.htm,1620598977,18:22:57,20210509
24,2014-12-31,TPL,USD,2015-02-27,2015-02-27 13:42:36,Q4,13291018.0,0.0,0.0,0.0,0.0,682663.0,0.0,0.0,1074791.0,1094521.0,0.0,2137.0,12198634.0,0.9178103588453496,12196497.0,0.9176495735691578,0.0,12200547.0,0.9179542906344721,3965655.0,8234892.0,0.6195832403507391,0.992444906533603,0.992444906533603,8297581.0,8297581.0,https://www.sec.gov/Archives/edgar/data/97517/000143774915003635/0001437749-15-003635-index.htm,https://www.sec.gov/Archives/edgar/data/97517/000143774915003635/tpl20141231_10k.htm,1620598977,18:22:57,20210509
25,2014-09-30,TPL,USD,2014-11-06,2014-11-06 16:30:54,Q3,14752719.0,0.0,0.0,0.0,0.0,444173.0,0.0,0.0,877921.0,877921.0,0.0,5655.0,13880453.0,0.9408742212198308,13874798.0,0.9404909020499882,0.0,13878547.0,0.9407450246968033,4512504.0,9366043.0,0.634868935007845,1.11,1.11,8406403.0,8406403.0,https://www.sec.gov/Archives/edgar/data/97517/000143774914019810/0001437749-14-019810-index.htm,https://www.sec.gov/Archives/edgar/data/97517/000143774914019810/tpl20140930_10q.htm,1620598977,18:22:57,20210509
26,2014-06-30,TPL,USD,2014-08-06,2014-08-06 13:08:14,Q2,15579884.0,0.0,0.0,0.0,0.0,422649.0,0.0,0.0,870352.0,870352.0,0.0,6283.0,14715815.0,0.9445394458649371,14709532.0,0.9441361694348944,0.0,14712912.0,0.9443531158511835,4798745.0,9914167.0,0.6363440831780263,1.17,1.17,8439914.0,8439914.0,https://www.sec.gov/Archives/edgar/data/97517/000143774914014386/0001437749-14-014386-index.htm,https://www.sec.gov/Archives/edgar/data/97517/000143774914014386/tpl20140630_10q.htm,1620598977,18:22:57,20210509
27,2014-03-31,TPL,USD,2014-05-07,2014-05-07 13:10:35,Q1,11578609.0,0.0,0.0,0.0,0.0,515728.0,0.0,0.0,942405.0,942405.0,0.0,5655.0,10641859.0,0.9190964994154306,10636204.0,0.9186080987793956,0.0,10639548.0,0.918896907219166,3389630.0,7249918.0,0.6261475795581317,0.86,0.86,8451133.0,8451133.0,https://www.sec.gov/Archives/edgar/data/97517/000143774914008149/0001437749-14-008149-index.htm,https://www.sec.gov/Archives/edgar/data/97517/000143774914003082/tpl20131231_10k.htm,1620598977,18:22:57,20210509
28,2013-12-31,TPL,USD,2014-02-28,2014-02-28 14:35:12,Q4,12500601.0,0.0,0.0,0.0,0.0,878546.0,0.0,0.0,1342122.0,1358408.0,0.0,2965.0,11145158.0,0.8915697733252985,11142193.0,0.8913325847293262,0.0,11145275.0,0.8915791328752913,3626169.0,7519106.0,0.60149955990116,0.8897157339731844,0.8897157339731844,8451133.0,8451133.0,https://www.sec.gov/Archives/edgar/data/97517/000143774914003082/0001437749-14-003082-index.htm,https://www.sec.gov/Archives/edgar/data/97517/000143774914003082/tpl20131231_10k.htm,1620598977,18:22:57,20210509
29,2013-09-30,TPL,USD,2013-11-06,2013-11-06 12:47:09,Q3,14933866.0,0.0,0.0,0.0,0.0,493338.0,0.0,0.0,832694.0,832694.0,0.0,4095.0,14105267.0,0.9445154389359058,14101172.0,0.9442412299668418,0.0,14103915.0,0.9444249064508815,4672797.0,9431118.0,0.6315255540661742,1.1,1.1,8602550.0,8602550.0,https://www.sec.gov/Archives/edgar/data/97517/000143774913014014/0001437749-13-014014-index.htm,https://www.sec.gov/Archives/edgar/data/97517/000143774913014014/tpl20130930_10q.htm,1620598977,18:22:57,20210509
30,2013-06-30,TPL,USD,2013-08-06,2013-08-06 14:07:10,Q2,9950824.0,0.0,0.0,0.0,0.0,520140.0,0.0,0.0,904255.0,904255.0,0.0,5131.0,9051700.0,0.9096432617037544,9046569.0,0.9091276260136849,0.0,9049678.0,0.9094400624511095,2919238.0,6130440.0,0.6160736035528314,0.71,0.71,8686690.0,8686690.0,https://www.sec.gov/Archives/edgar/data/97517/000143774913009959/0001437749-13-009959-index.htm,https://www.sec.gov/Archives/edgar/data/97517/000143774913009959/tpl20130630_10q.htm,1620598977,18:22:57,20210509
31,2013-03-31,TPL,USD,2013-05-07,2013-05-07 13:45:22,Q1,6723783.0,0.0,0.0,0.0,0.0,641557.0,0.0,0.0,883144.0,883144.0,0.0,4095.0,5844734.0,0.8692627349811854,5840639.0,0.8686537028336577,0.0,5843710.0,0.8691104397628537,1705866.0,4137844.0,0.6154041556665347,0.47,0.47,8755321.0,8755321.0,https://www.sec.gov/Archives/edgar/data/97517/000143774913005399/0001437749-13-005399-index.htm,https://www.sec.gov/Archives/edgar/data/97517/000143774913002599/tplt_10k-123112.htm,1620598977,18:22:57,20210509
32,2012-12-31,TPL,USD,2013-03-11,2013-03-11 13:49:21,Q4,7816061.0,16504.0,7799557.0,0.9978884504611722,0.0,0.0,0.0,0.0,1041781.0,1058285.0,0.0,6940.0,6764716.0,0.8654891511210059,6757776.0,0.8646012358398943,0.0,6218508.0,0.7956063802470323,2104711.0,4113797.0,0.5263261123473831,0.46986249847378525,0.46986249847378525,8755321.0,8755321.0,https://www.sec.gov/Archives/edgar/data/97517/000143774913002599/0001437749-13-002599-index.htm,https://www.sec.gov/Archives/edgar/data/97517/000143774913002599/tplt_10k-123112.htm,1620598977,18:22:57,20210509
33,2012-09-30,TPL,USD,2012-11-06,2012-11-06 12:33:41,Q3,6857629.0,0.0,6857629.0,1.0,0.0,0.0,0.0,0.0,673298.0,673298.0,0.0,3021.0,6187352.0,0.9022582003196732,6184331.0,0.9018176690515045,0.0,6369983.0,0.9288899997360603,2058891.0,4311092.0,0.6286563475510267,0.48,0.48,8940175.0,8940175.0,https://www.sec.gov/Archives/edgar/data/97517/000143774912011053/0001437749-12-011053-index.htm,https://www.sec.gov/Archives/edgar/data/97517/000143774912011053/tpl20121031_10q.htm,1620598977,18:22:57,20210509
34,2012-06-30,TPL,USD,2012-08-03,2012-08-03 11:14:23,Q2,8521245.0,0.0,8521245.0,1.0,0.0,0.0,0.0,0.0,750629.0,750629.0,0.0,3522.0,7774138.0,0.9123241967576334,7770616.0,0.9119108768730391,0.0,7956109.0,0.9336791748154172,2671435.0,5284674.0,0.620176277058106,0.59,0.59,9025506.0,9025506.0,https://www.sec.gov/Archives/edgar/data/97517/000143774912007658/0001437749-12-007658-index.htm,https://www.sec.gov/Archives/edgar/data/97517/000143774912007658/tplt_10q-063012.htm,1620598977,18:22:57,20210509
35,2012-03-31,TPL,USD,2012-05-07,2012-05-07 14:30:32,Q1,9392521.0,0.0,9392521.0,1.0,0.0,0.0,0.0,0.0,801793.0,801793.0,0.0,3021.0,8593749.0,0.9149565915263858,8590728.0,0.9146349526394458,0.0,8778286.0,0.9346038193579764,2840031.0,5938255.0,0.6322322835370823,0.65,0.65,9122337.0,9122337.0,https://www.sec.gov/Archives/edgar/data/97517/000143774912004585/0001437749-12-004585-index.htm,https://www.sec.gov/Archives/edgar/data/97517/000143774912002194/tplt_10k-123111.htm,1620598977,18:22:57,20210509
36,2011-12-31,TPL,USD,2012-03-12,2012-03-12 17:12:04,Q4,11043258.0,0.0,11043258.0,1.0,0.0,0.0,0.0,0.0,1229802.0,1229802.0,0.0,3315.0,9816771.0,0.8889379384236065,9813456.0,0.8886377552711346,0.0,10009760.0,0.9064136688647498,3449425.0,6560335.0,0.5940579310924367,0.7191506957044012,0.7191506957044012,9122337.0,9122337.0,https://www.sec.gov/Archives/edgar/data/97517/000143774912002194/0001437749-12-002194-index.htm,https://www.sec.gov/Archives/edgar/data/97517/000143774912002194/tplt_10k-123111.htm,1620598977,18:22:57,20210509
37,2011-09-30,TPL,USD,2011-11-07,2011-11-07 16:31:49,Q3,8344463.0,0.0,8344463.0,1.0,0.0,0.0,0.0,0.0,712265.0,712265.0,0.0,3120.0,7635318.0,0.9150161010960202,7632198.0,0.91464220046275,0.0,7848114.0,0.9405175623644086,2589178.0,5258936.0,0.6302306092075668,0.56,0.56,9340425.0,9340425.0,https://www.sec.gov/Archives/edgar/data/97517/000143774911008160/0001437749-11-008160-index.htm,https://www.sec.gov/Archives/edgar/data/97517/000143774911008160/tpl_10q-093011.htm,1620598977,18:22:57,20210509
38,2011-06-30,TPL,USD,2011-08-05,2011-08-05 13:31:49,Q2,8566282.0,0.0,8566282.0,1.0,0.0,0.0,0.0,0.0,786436.0,786436.0,0.0,3120.0,7782966.0,0.9085582286457532,7779846.0,0.9081940099567116,0.0,8012551.0,0.9353592375315218,2596622.0,5415929.0,0.6322380001031953,0.58,0.58,9432205.0,9432205.0,https://www.sec.gov/Archives/edgar/data/97517/000143774911005522/0001437749-11-005522-index.htm,https://www.sec.gov/Archives/edgar/data/97517/000143774911005522/tpl_10q-063011.htm,1620598977,18:22:57,20210509
39,2011-03-31,TPL,USD,2011-05-05,2011-05-05 12:13:25,Q1,5715768.0,0.0,5715768.0,1.0,0.0,0.0,0.0,0.0,834615.0,834615.0,0.0,3120.0,4884273.0,0.8545261109268256,4881153.0,0.8539802525224957,0.0,4885493.0,0.8547395555592879,1525924.0,3359569.0,0.5877721069154661,0.35,0.35,9518001.0,9518001.0,https://www.sec.gov/Archives/edgar/data/97517/000093244011000609/0000932440-11-000609-index.htm,https://www.sec.gov/Archives/edgar/data/97517/000093244011000107/form10k_278932.htm,1620598977,18:22:57,20210509
40,2010-12-31,TPL,USD,2011-03-11,2011-03-11 15:30:25,Q4,5460446.0,0.0,5460446.0,1.0,0.0,0.0,0.0,0.0,1339994.0,1339994.0,0.0,5929.0,4126381.0,0.7556857077242408,4120452.0,0.7545998989826106,0.0,4125314.0,0.7554903024404966,1292781.0,2832533.0,0.5187365647421475,0.29759746820787264,0.29759746820787264,9518001.0,9518001.0,https://www.sec.gov/Archives/edgar/data/97517/000093244011000107/0000932440-11-000107-index.htm,https://www.sec.gov/Archives/edgar/data/97517/000093244011000107/form10k_278932.htm,1620598977,18:22:57,20210509
41,2010-09-30,TPL,USD,2010-11-04,2010-11-04 10:47:45,Q3,3885821.0,0.0,3885821.0,1.0,0.0,0.0,0.0,0.0,682696.0,682696.0,0.0,3000.0,3206125.0,0.8250830390797723,3203125.0,0.8243110014588938,0.0,3211679.0,0.8265123380618922,983502.0,2228177.0,0.5734121566587859,0.23,0.23,9681431.0,9681431.0,https://www.sec.gov/Archives/edgar/data/97517/000093244010000222/0000932440-10-000222-index.htm,https://www.sec.gov/Archives/edgar/data/97517/000093244010000222/form10q_276479.htm,1620598977,18:22:57,20210509
42,2010-06-30,TPL,USD,2010-08-04,2010-08-04 10:20:57,Q2,6474516.0,0.0,6474516.0,1.0,0.0,0.0,0.0,0.0,886564.0,886564.0,0.0,3000.0,5590952.0,0.8635320385338456,5587952.0,0.8630686834351787,0.0,5594027.0,0.8640069775099791,1788493.0,3805534.0,0.5877711940166647,0.39,0.39,9767077.0,9767077.0,https://www.sec.gov/Archives/edgar/data/97517/000093244010000166/0000932440-10-000166-index.htm,https://www.sec.gov/Archives/edgar/data/97517/000093244010000166/form10q_1426703.htm,1620598977,18:22:57,20210509
43,2010-03-31,TPL,USD,2010-05-05,2010-05-05 11:43:02,Q1,4245182.0,0.0,4245182.0,1.0,0.0,0.0,0.0,0.0,758237.0,758237.0,0.0,3462.0,3490407.0,0.822204324808689,3486945.0,0.821388812069777,0.0,3493161.0,0.8228530602457091,1050694.0,2442467.0,0.5753503618926115,0.25,0.25,9860238.0,9860238.0,https://www.sec.gov/Archives/edgar/data/97517/000093244010000100/0000932440-10-000100-index.htm,https://www.sec.gov/Archives/edgar/data/97517/000093244010000057/form10k_271569.htm,1620598977,18:22:57,20210509
44,2009-12-31,TPL,USD,2010-03-12,2010-03-12 13:45:21,Q4,3634794.0,0.0,3634794.0,1.0,0.0,0.0,0.0,0.0,1126126.0,1126126.0,0.0,24142.0,2532810.0,0.6968235338783986,2508668.0,0.6901816168949327,0.0,2516078.0,0.6922202468695613,746736.0,1769342.0,0.4867791682279656,0.1794421189427679,0.1794421189427679,9860238.0,9860238.0,https://www.sec.gov/Archives/edgar/data/97517/000093244010000057/0000932440-10-000057-index.htm,https://www.sec.gov/Archives/edgar/data/97517/000093244010000057/form10k_271569.htm,1620598977,18:22:57,20210509
45,2009-09-30,TPL,USD,2009-11-05,2009-11-05 11:16:20,Q3,3358264.0,0.0,3358264.0,1.0,0.0,0.0,0.0,0.0,563715.0,563715.0,0.0,6000.0,2800549.0,0.8339275887780115,2794549.0,0.8321409513963167,0.0,2806404.0,0.8356710490896487,852704.0,1953700.0,0.581758908769531,0.19,0.19,10019767.0,10019767.0,https://www.sec.gov/Archives/edgar/data/97517/000093244009000708/0000932440-09-000708-index.htm,https://www.sec.gov/Archives/edgar/data/97517/000093244009000708/form10q_268999.htm,1620598977,18:22:57,20210509
46,2009-06-30,TPL,USD,2009-08-06,2009-08-06 10:30:51,Q2,4242824.0,0.0,4242824.0,1.0,0.0,0.0,0.0,0.0,751136.0,751136.0,0.0,6000.0,3497688.0,0.8243773486715452,3491688.0,0.8229631962108256,0.0,3508751.0,0.8269848101170353,1079902.0,2428849.0,0.5724604650110399,0.24,0.24,10092773.0,10092773.0,https://www.sec.gov/Archives/edgar/data/97517/000093244009000601/0000932440-09-000601-index.htm,https://www.sec.gov/Archives/edgar/data/97517/000093244009000601/form10q_267031.htm,1620598977,18:22:57,20210509
47,2009-03-31,TPL,USD,2009-05-07,2009-05-07 10:23:14,Q1,1848978.0,0.0,1848978.0,1.0,0.0,0.0,0.0,0.0,652547.0,652547.0,0.0,6000.0,1202431.0,0.650321961645839,1196431.0,0.6470769257395167,0.0,1213530.0,0.6563247372332175,451378.0,762152.0,0.41220176767922606,0.07,0.07,10177844.0,10177844.0,https://www.sec.gov/Archives/edgar/data/97517/000093244009000384/0000932440-09-000384-index.htm,https://www.sec.gov/Archives/edgar/data/97517/000093244009000215/form10k_263150.htm,1620598977,18:22:57,20210509
48,2008-12-31,TPL,USD,2009-03-16,2009-03-16 11:17:44,Q4,2995442.0,0.0,0.0,0.0,0.0,0.0,0.0,0.0,1079623.0,1079623.0,0.0,13403.0,1929222.0,0.6440525304779728,1915819.0,0.6395780656076799,0.0,1939986.0,0.647645990141021,742106.0,1197880.0,0.39990091612523293,0.11769486740020775,0.11769486740020775,10177844.0,10177844.0,https://www.sec.gov/Archives/edgar/data/97517/000093244009000215/0000932440-09-000215-index.htm,https://www.sec.gov/Archives/edgar/data/97517/000093244009000215/form10k_263150.htm,1620598977,18:22:57,20210509
49,2008-09-30,TPL,USD,2008-11-06,2008-11-06 11:41:59,Q3,5992923.0,0.0,0.0,0.0,0.0,0.0,0.0,0.0,902508.0,902508.0,0.0,7800.0,5098215.0,0.8507059076180354,5090415.0,0.8494043724573134,0.0,5131670.0,0.8562883254131581,1538156.0,3593514.0,0.5996262591726942,0.35,0.35,10367017.0,10367017.0,https://www.sec.gov/Archives/edgar/data/97517/000093244008000752/0000932440-08-000752-index.htm,https://www.sec.gov/Archives/edgar/data/97517/000093244008000752/form10-q_1315846.htm,1620598977,18:22:57,20210509
50,2008-06-30,TPL,USD,2008-08-08,2008-08-08 11:12:02,Q2,5352963.0,0.0,0.0,0.0,0.0,430084.0,0.0,0.0,881348.0,881348.0,0.0,7800.0,4479415.0,0.8368103795972436,4471615.0,0.8353532426807359,0.0,4554350.0,0.8508091686791035,1336728.0,3217622.0,0.6010917691753147,0.31,0.31,10432250.0,10432250.0,https://www.sec.gov/Archives/edgar/data/97517/000093244008000503/0000932440-08-000503-index.htm,https://www.sec.gov/Archives/edgar/data/97517/000093244008000503/tplt10q_256994-aug08.htm,1620598977,18:22:57,20210509
51,2008-03-31,TPL,USD,2008-05-09,2008-05-09 15:32:31,Q1,4954938.0,0.0,0.0,0.0,0.0,639777.0,0.0,0.0,856567.0,856567.0,0.0,7800.0,4106171.0,0.8287028011248576,4098371.0,0.8271286139200934,0.0,4178960.0,0.8433929950283939,1248203.0,2930757.0,0.5914820730350209,0.28,0.28,10476308.0,10476308.0,https://www.sec.gov/Archives/edgar/data/97517/000093244008000280/0000932440-08-000280-index.htm,https://www.sec.gov/Archives/edgar/data/97517/000093244008000195/tplt10k_252062-dec312007.htm,1620598977,18:22:57,20210509
52,2007-12-31,TPL,USD,2008-03-14,2008-03-14 16:29:50,Q4,4117390.0,0.0,0.0,0.0,0.0,-1167015.0,0.0,0.0,1016444.0,1016444.0,0.0,9899.0,3110845.0,0.7555380957354052,3100946.0,0.7531339027879312,0.0,3187938.0,0.7742618503469431,1016949.0,2170989.0,0.527273102620835,0.2072284434554616,0.2072284434554616,10476308.0,10476308.0,https://www.sec.gov/Archives/edgar/data/97517/000093244008000195/0000932440-08-000195-index.htm,https://www.sec.gov/Archives/edgar/data/97517/000093244008000195/tplt10k_252062-dec312007.htm,1620598977,18:22:57,20210509
53,2007-09-30,TPL,USD,2007-11-08,2007-11-08 13:36:36,Q3,5008768.0,0.0,0.0,0.0,0.0,573478.0,0.0,0.0,1426288.0,1426288.0,0.0,8700.0,3591180.0,0.7169787061409113,3582480.0,0.7152417520635813,0.0,3658544.0,0.730427921596688,1123409.0,2535135.0,0.5061394338887327,0.24,0.24,10530958.0,10530958.0,https://www.sec.gov/Archives/edgar/data/97517/000093244007000650/0000932440-07-000650-index.htm,https://www.sec.gov/Archives/edgar/data/97517/000093244007000650/tplt10q_3q2007-247607.htm,1620598977,18:22:57,20210509
54,2007-06-30,TPL,USD,2007-08-07,2007-08-07 16:14:59,Q2,3483887.0,0.0,0.0,0.0,0.0,580597.0,0.0,0.0,767591.0,767591.0,0.0,8700.0,2724996.0,0.7821711783418923,2716296.0,0.7796739676114639,0.0,2814070.0,0.8077385977214531,841119.0,1972951.0,0.5663074031964871,0.19,0.19,10576042.0,10576042.0,https://www.sec.gov/Archives/edgar/data/97517/000093244007000464/0000932440-07-000464-index.htm,https://www.sec.gov/Archives/edgar/data/97517/000093244007000464/form10q_244231.htm,1620598977,18:22:57,20210509
55,2007-03-31,TPL,USD,2007-05-04,2007-05-04 13:24:19,Q1,2855066.0,0.0,0.0,0.0,0.0,592630.0,0.0,0.0,747074.0,747074.0,0.0,8700.0,2116692.0,0.7413811099288072,2107992.0,0.7383338949082088,0.0,2217162.0,0.7765711895977185,646549.0,1570613.0,0.5501144281778425,0.148,0.148,10607540.0,10607540.0,https://www.sec.gov/Archives/edgar/data/97517/000093244007000329/0000932440-07-000329-index.htm,https://www.sec.gov/Archives/edgar/data/97517/000093244007000218/tplt10k_yedec31-06.htm,1620598977,18:22:57,20210509
56,2006-12-31,TPL,USD,2007-03-15,2007-03-15 15:13:51,Q4,9147413.0,0.0,0.0,0.0,0.0,-876252.0,0.0,0.0,4134041.0,4134041.0,0.0,15534.0,5028906.0,0.549762648740141,5013372.0,0.5480644636904445,0.0,5574656.0,0.6094243257629234,1774434.0,3800222.0,0.41544226766627895,0.35825667402621153,0.35825667402621153,10607540.0,10607540.0,https://www.sec.gov/Archives/edgar/data/97517/000093244007000218/0000932440-07-000218-index.htm,https://www.sec.gov/Archives/edgar/data/97517/000093244007000218/tplt10k_yedec31-06.htm,1620598977,18:22:57,20210509
57,2006-09-30,TPL,USD,2006-11-08,2006-11-08 11:37:09,Q3,4802539.0,0.0,0.0,0.0,0.0,462955.0,0.0,0.0,624406.0,624406.0,0.0,7200.0,4185333.0,0.8714833965950094,4178133.0,0.8699841896130359,0.0,4178133.0,0.8699841896130359,1320431.0,2857702.0,0.5950398320555023,0.268,0.268,10700875.0,10700875.0,https://www.sec.gov/Archives/edgar/data/97517/000093244006000517/0000932440-06-000517-index.htm,https://www.sec.gov/Archives/edgar/data/97517/000093244006000517/tplt_10q3qtr-06.htm,1620598977,18:22:57,20210509
58,2006-06-30,TPL,USD,2006-08-07,2006-08-07 10:28:12,Q2,5012478.0,0.0,0.0,0.0,0.0,480263.0,0.0,0.0,701256.0,701256.0,0.0,7200.0,4318422.0,0.8615343548640014,4311222.0,0.8600979395819792,0.0,4311222.0,0.8600979395819792,1351903.0,2959319.0,0.590390421663696,0.276,0.276,10752625.0,10752625.0,https://www.sec.gov/Archives/edgar/data/97517/000093244006000402/0000932440-06-000402-index.htm,https://www.sec.gov/Archives/edgar/data/97517/000093244006000402/tplt_10q2qtr-06.htm,1620598977,18:22:57,20210509
59,2006-03-31,TPL,USD,2006-05-05,2006-05-05 11:25:34,Q1,3498768.0,0.0,0.0,0.0,0.0,488401.0,0.0,0.0,683764.0,683764.0,0.0,7200.0,2822204.0,0.8066279330324274,2815004.0,0.8045700658060209,0.0,2815004.0,0.8045700658060209,862385.0,1952619.0,0.5580875896887133,0.182,0.182,10781210.0,10781210.0,https://www.sec.gov/Archives/edgar/data/97517/000093244006000224/0000932440-06-000224-index.htm,https://www.sec.gov/Archives/edgar/data/97517/000093244006000125/tplt10k-2005.htm,1620598977,18:22:57,20210509
60,2005-12-31,TPL,USD,2006-03-16,2006-03-16 11:19:39,Q4,5552051.0,0.0,0.0,0.0,0.0,-1081111.0,0.0,0.0,1183041.0,1183041.0,0.0,8091.0,4377101.0,0.7883755030348244,4369010.0,0.7869182037412841,0.0,3057043.0,0.5506150790041374,876035.0,2181008.0,0.3928292445440433,0.20229714475462401,0.20229714475462401,10781210.0,10781210.0,https://www.sec.gov/Archives/edgar/data/97517/000093244006000125/0000932440-06-000125-index.htm,https://www.sec.gov/Archives/edgar/data/97517/000093244006000125/tplt10k-2005.htm,1620598977,18:22:57,20210509
61,2005-09-30,TPL,USD,2005-11-08,2005-11-08 10:14:03,Q3,4101361.0,0.0,0.0,0.0,0.0,590845.0,0.0,0.0,757049.0,757049.0,0.0,6900.0,3351212.0,0.8170975439616264,3344312.0,0.8154151755965885,0.0,3766027.0,0.9182383603881736,1165224.0,2600803.0,0.6341316943326861,0.24,0.24,10874625.0,10874625.0,https://www.sec.gov/Archives/edgar/data/97517/000093244005000562/0000932440-05-000562-index.htm,https://www.sec.gov/Archives/edgar/data/97517/000093244005000562/texpac_10q930-05.htm,1620598977,18:22:57,20210509
62,2005-06-30,TPL,USD,2005-08-08,2005-08-08 15:08:09,Q2,4065220.0,0.0,0.0,0.0,0.0,487621.0,0.0,0.0,648638.0,648638.0,0.0,6899.0,3423481.0,0.8421391708197834,3416582.0,0.8404420916949145,0.0,3416582.0,0.8404420916949145,1038379.0,2378203.0,0.5850121272649451,0.218,0.218,10908625.0,10908625.0,https://www.sec.gov/Archives/edgar/data/97517/000093244005000405/0000932440-05-000405-index.htm,https://www.sec.gov/Archives/edgar/data/97517/000093244005000405/tplt_10qjune3005.htm,1620598977,18:22:57,20210509
63,2005-03-31,TPL,USD,2005-05-10,2005-05-10 11:09:57,Q1,2579261.0,0.0,0.0,0.0,0.0,489876.0,0.0,0.0,646185.0,646185.0,0.0,6901.0,1939977.0,0.7521445096095355,1933076.0,0.7494689370327392,0.0,1933076.0,0.7494689370327392,580503.0,1352573.0,0.5244033077691633,0.124,0.124,10946960.0,10946960.0,https://www.sec.gov/Archives/edgar/data/97517/000093244005000241/0000932440-05-000241-index.htm,https://www.sec.gov/Archives/edgar/data/97517/000093244005000113/texpac10k_march05.htm,1620598977,18:22:57,20210509
64,2004-12-31,TPL,USD,2004-12-31,2004-12-31,Q4,2672496.0,0.0,0.0,0.0,0.0,-902357.0,0.0,0.0,1568599.0,1568599.0,0.0,12074.0,1115971.0,0.41757630320120215,1103897.0,0.4130584292736079,0.0,1819609.0,0.6808650041010351,488307.0,1331302.0,0.49814929563973154,0.12161385443995411,0.12161385443995411,10946960.0,10946960.0,,,1620598977,18:22:57,20210509
65,2004-12-04,TPL,USD,2005-03-16,2005-03-16 12:29:19,Q4,0.0,0.0,0.0,0.0,0.0,0.0,0.0,0.0,0.0,0.0,0.0,12074000.0,25784509000.0,0.0,25772435000.0,0.0,0.0,25772435000.0,0.0,0.0,17412958000.0,0.0,7.89,7.89,2206965525.0,2206965525.0,https://www.sec.gov/Archives/edgar/data/97517/000093244005000113/0000932440-05-000113-index.htm,https://www.sec.gov/Archives/edgar/data/97517/000093244005000113/texpac10k_march05.htm,1620598977,18:22:57,20210509
66,2004-09-30,TPL,USD,2004-11-09,2004-11-09 11:34:32,Q3,21630083.0,0.0,0.0,0.0,0.0,522003.0,0.0,0.0,679290.0,679290.0,0.0,8700.0,20959493.0,0.9689973450402386,20950793.0,0.9685951274435701,-715712.0,20235081.0,0.9355063963462369,6788934.0,13446147.0,0.6216410265277299,1.22,1.22,11028790.0,11028790.0,https://www.sec.gov/Archives/edgar/data/97517/000093244004000413/0000932440-04-000413-index.htm,https://www.sec.gov/Archives/edgar/data/97517/000093244004000413/texpac_10qsept30-04.htm,1620598977,18:22:57,20210509
67,2004-06-30,TPL,USD,2004-08-09,2004-08-09 12:24:00,Q2,2600247.0,0.0,0.0,0.0,0.0,378920.0,0.0,0.0,530426.0,530426.0,0.0,8700.0,2078521.0,0.7993552151007193,2069821.0,0.7960093791089846,0.0,2069821.0,0.7960093791089846,612085.0,1457736.0,0.5606144339364684,0.13,0.13,11098125.0,11098125.0,https://www.sec.gov/Archives/edgar/data/97517/000093244004000304/0000932440-04-000304-index.htm,https://www.sec.gov/Archives/edgar/data/97517/000093244004000304/texpac_2qtr10q6-04.htm,1620598977,18:22:57,20210509
68,2004-03-31,TPL,USD,2004-05-10,2004-05-10 10:49:56,Q1,2237784.0,0.0,0.0,0.0,0.0,444080.0,0.0,0.0,589860.0,589860.0,0.0,8700.0,1656624.0,0.7402966506150728,1647924.0,0.7364088759236816,0.0,1647924.0,0.7364088759236816,470151.0,1177773.0,0.5263121909889427,0.106,0.106,11203210.0,11203210.0,https://www.sec.gov/Archives/edgar/data/97517/000093244004000195/0000932440-04-000195-index.htm,https://www.sec.gov/Archives/edgar/data/97517/000093244004000089/texaspacfic_mar04-10k.htm,1620598977,18:22:57,20210509
69,2003-12-31,TPL,USD,2004-03-15,2004-03-15 10:29:57,Q4,2899080.0,0.0,0.0,0.0,0.0,-800232.0,0.0,0.0,722279.0,722279.0,0.0,23929.0,2200730.0,0.7591132359231204,2176801.0,0.7508592381031224,0.0,2176801.0,0.7508592381031224,649201.0,1527600.0,0.5269257833519599,0.13635377717636285,0.13635377717636285,11203210.0,11203210.0,https://www.sec.gov/Archives/edgar/data/97517/000093244004000089/0000932440-04-000089-index.htm,https://www.sec.gov/Archives/edgar/data/97517/000093244004000089/texaspacfic_mar04-10k.htm,1620598977,18:22:57,20210509
70,2003-09-30,TPL,USD,2003-09-30,2003-09-30,Q3,2654935.0,0.0,0.0,0.0,0.0,362279.0,0.0,0.0,514072.0,514072.0,0.0,9000.0,2149863.0,0.8097610675967585,2140863.0,0.8063711540960513,0.0,2140863.0,0.8063711540960513,633870.0,1506993.0,0.5676195462412451,0.132,0.132,11367935.0,11367935.0,,,1620598977,18:22:57,20210509
71,2003-06-30,TPL,USD,2003-06-30,2003-06-30,Q2,2584117.0,0.0,0.0,0.0,0.0,399451.0,0.0,0.0,543421.0,543421.0,0.0,9000.0,2049696.0,0.7931900916251083,2040696.0,0.7897072771859788,0.0,2040696.0,0.7897072771859788,621558.0,1419138.0,0.5491771463908175,0.124,0.124,11464020.0,11464020.0,,,1620598977,18:22:57,20210509
72,2003-03-31,TPL,USD,2003-03-31,2003-03-31,Q1,1815197.0,0.0,0.0,0.0,0.0,444115.0,0.0,0.0,578314.0,578314.0,0.0,9000.0,1245883.0,0.6863624168616409,1236883.0,0.6814042773318819,0.0,1236883.0,0.6814042773318819,360463.0,876420.0,0.4828236274079342,0.076,0.076,11565435.0,11565435.0,,,1620598977,18:22:57,20210509
73,2002-12-31,TPL,USD,2002-12-31,2002-12-31,Q4,4005369.0,0.0,0.0,0.0,0.0,-591915.0,0.0,0.0,654374.0,654374.0,0.0,19365.0,3370360.0,0.8414605495773299,3350995.0,0.8366257890346682,0.0,3350995.0,0.8366257890346682,1074058.0,2276937.0,0.5684712195056186,0.19687430693268346,0.19687430693268346,11565435.0,11565435.0,,,1620598977,18:22:57,20210509
74,2002-09-30,TPL,USD,2002-09-30,2002-09-30,Q3,1849690.0,0.0,0.0,0.0,0.0,306940.0,0.0,0.0,421708.0,421708.0,0.0,10200.0,1438182.0,0.7775259638101519,1427982.0,0.772011526255751,0.0,1427982.0,0.772011526255751,429747.0,998235.0,0.539676918835048,0.086,0.086,11725520.0,11725520.0,,,1620598977,18:22:57,20210509
75,2002-06-30,TPL,USD,2002-06-30,2002-06-30,Q2,1744395.0,0.0,0.0,0.0,0.0,325064.0,0.0,0.0,442434.0,442434.0,0.0,10199.0,1312160.0,0.7522149513154991,1301961.0,0.7463682250866346,0.0,1301961.0,0.7463682250866346,387437.0,914524.0,0.524264286471814,0.076,0.076,11860685.0,11860685.0,,,1620598977,18:22:57,20210509
76,2002-03-31,TPL,USD,2002-03-31,2002-03-31,Q1,1522644.0,0.0,0.0,0.0,0.0,405059.0,0.0,0.0,509962.0,509962.0,0.0,10201.0,1022883.0,0.6717807970871721,1012682.0,0.66508126653374,0.0,1012682.0,0.66508126653374,301592.0,711090.0,0.46701001678658965,0.06,0.06,11956365.0,11956365.0,,,1620598977,18:22:57,20210509
77,2001-12-31,TPL,USD,2001-12-31,2001-12-31,Q4,1983122.0,0.0,0.0,0.0,0.0,-434921.0,0.0,0.0,441205.0,441205.0,0.0,17016.0,1558933.0,0.7861004012864564,1541917.0,0.7775199912057856,0.0,1541917.0,0.7775199912057856,470011.0,1071906.0,0.5405144010302947,0.08965149524960137,0.08965149524960137,11956365.0,11956365.0,,,1620598977,18:22:57,20210509
78,2001-09-30,TPL,USD,2001-09-30,2001-09-30,Q3,7889591.0,0.0,0.0,0.0,0.0,257284.0,0.0,0.0,1919051.0,1919051.0,0.0,11700.0,5982240.0,0.7582446289040838,5970540.0,0.7567616622965626,0.0,5970540.0,0.7567616622965626,1967913.0,4002627.0,0.5073301011421251,0.324,0.324,12301440.0,12301440.0,,,1620598977,18:22:57,20210509
79,2001-06-30,TPL,USD,2001-06-30,2001-06-30,Q2,1908926.0,0.0,0.0,0.0,0.0,322183.0,0.0,0.0,463922.0,463922.0,0.0,11700.0,1456704.0,0.7631013459924586,1445004.0,0.7569722451263171,0.0,1445004.0,0.7569722451263171,419755.0,1025249.0,0.5370815840949309,0.082,0.082,12424275.0,12424275.0,,,1620598977,18:22:57,20210509
80,2001-03-31,TPL,USD,2001-03-31,2001-03-31,Q1,1647729.0,0.0,0.0,0.0,0.0,395377.0,0.0,0.0,561169.0,561169.0,0.0,11700.0,1098260.0,0.666529508189757,1086560.0,0.6594288259780583,0.0,1086560.0,0.6594288259780583,299829.0,786731.0,0.4774638305206742,0.062,0.062,12505690.0,12505690.0,,,1620598977,18:22:57,20210509
81,2000-12-31,TPL,USD,2000-12-31,2000-12-31,Q4,2254050.0,0.0,0.0,0.0,0.0,-520499.0,0.0,0.0,464512.0,464512.0,0.0,12013.0,1801551.0,0.7992506821055434,1789538.0,0.793921164126794,0.0,1789538.0,0.793921164126794,533361.0,1256177.0,0.5572977529336084,0.10044843587199107,0.10044843587199107,12505690.0,12505690.0,,,1620598977,18:22:57,20210509
82,2000-09-30,TPL,USD,2000-11-13 00:00:00,2000-11-13 00:00:00,Q3,1898689.0,0.0,0.0,0.0,0.0,342782.0,0.0,0.0,489693.0,489693.0,0.0,10800.0,1419796.0,0.7477770187745334,1408996.0,0.7420888834348331,0.0,1408996.0,0.7420888834348331,414579.0,994417.0,0.5237387481572812,0.078,0.078,12711775.0,12711775.0,https://www.sec.gov/Archives/edgar/data/97517/000095013400009453/0000950134-00-009453-index.html,https://www.sec.gov/Archives/edgar/data/97517/000095013400009453/d81525e10-q.txt,1620598977,18:22:57,20210509
83,2000-06-30,TPL,USD,2000-08-10 00:00:00,2000-08-10 00:00:00,Q2,1571735.0,0.0,0.0,0.0,0.0,285632.0,0.0,0.0,421166.0,421166.0,0.0,10800.0,1161369.0,0.7389089127620114,1150569.0,0.7320375254098178,0.0,1150569.0,0.7320375254098178,339768.0,810801.0,0.5158636793098074,0.064,0.064,12841415.0,12841415.0,https://www.sec.gov/Archives/edgar/data/97517/000095013400006616/0000950134-00-006616-index.html,https://www.sec.gov/Archives/edgar/data/97517/000095013400006616/e10-q.txt,1620598977,18:22:57,20210509
84,2000-03-31,TPL,USD,2000-05-10 00:00:00,2000-05-10 00:00:00,Q1,2074525.0,0.0,0.0,0.0,0.0,361030.0,0.0,0.0,1080871.0,1080871.0,0.0,10800.0,1004454.0,0.48418505441004567,993654.0,0.4789790433954761,0.0,993654.0,0.4789790433954761,296980.0,696674.0,0.3358233812559502,0.054,0.054,12927775.0,12927775.0,https://www.sec.gov/Archives/edgar/data/97517/000095013400004111/0000950134-00-004111-index.html,https://www.sec.gov/Archives/edgar/data/97517/0000950134-00-004111.txt,1620598977,18:22:57,20210509
85,1999-12-31,TPL,USD,1999-12-31,1999-12-31,Q4,1824237.0,0.0,0.0,0.0,0.0,-486384.0,0.0,0.0,2024815.0,2024815.0,0.0,0.0,-200578.0,-0.10995172228169914,-200578.0,-0.10995172228169914,0.0,1299422.0,0.7123098588615405,361595.0,937827.0,0.514092741239214,0.0725435738168401,0.0725435738168401,12927775.0,12927775.0,,,1620598977,18:22:57,20210509
86,1999-09-30,TPL,USD,1999-09-30,1999-09-30,Q3,1200000.0,0.0,0.0,0.0,0.0,300000.0,0.0,0.0,-100000.0,-100000.0,0.0,0.0,1300000.0,1.0833333333333333,1300000.0,1.0833333333333333,0.0,800000.0,0.6666666666666666,200000.0,600000.0,0.5,0.044,0.044,13185000.0,13185000.0,,,1620598977,18:22:57,20210509
87,1999-06-30,TPL,USD,1999-06-30,1999-06-30,Q2,1400000.0,0.0,0.0,0.0,0.0,300000.0,0.0,0.0,-100000.0,-100000.0,0.0,0.0,1500000.0,1.0714285714285714,1500000.0,1.0714285714285714,0.0,1000000.0,0.7142857142857143,300000.0,700000.0,0.5,0.054,0.054,13240000.0,13240000.0,,,1620598977,18:22:57,20210509
88,1999-03-31,TPL,USD,1999-03-31,1999-03-31,Q1,1600000.0,0.0,0.0,0.0,0.0,400000.0,0.0,0.0,-100000.0,-100000.0,0.0,0.0,1700000.0,1.0625,1700000.0,1.0625,0.0,1000000.0,0.625,300000.0,700000.0,0.4375,0.054,0.054,12962963.0,12962963.0,,,1620598977,18:22:57,20210509
89,1998-12-31,TPL,USD,1998-12-31,1998-12-31,Q4,3679670.0,0.0,0.0,0.0,0.0,-501308.0,0.0,0.0,2038132.0,2038132.0,0.0,-39679.0,1601859.0,0.4353268091975639,1641538.0,0.44611011313514526,0.0,3341538.0,0.9081080640383513,1108277.0,2233261.0,0.6069188269600263,0.17228013379348533,0.17228013379348533,12962963.0,12962963.0,,,1620598977,18:22:57,20210509
90,1998-09-30,TPL,USD,1998-09-30,1998-09-30,Q3,1400000.0,0.0,0.0,0.0,0.0,300000.0,0.0,0.0,-100000.0,-100000.0,0.0,0.0,1500000.0,1.0714285714285714,1500000.0,1.0714285714285714,0.0,1000000.0,0.7142857142857143,300000.0,700000.0,0.5,0.05,0.05,13515000.0,13515000.0,,,1620598977,18:22:57,20210509
91,1998-06-30,TPL,USD,1998-06-30,1998-06-30,Q2,1800000.0,0.0,0.0,0.0,0.0,300000.0,0.0,0.0,-100000.0,-100000.0,0.0,0.0,1900000.0,1.0555555555555556,1900000.0,1.0555555555555556,0.0,1300000.0,0.7222222222222222,400000.0,900000.0,0.5,0.07,0.07,13675000.0,13675000.0,,,1620598977,18:22:57,20210509
92,1998-03-31,TPL,USD,1998-03-31,1998-03-31,Q1,3500000.0,0.0,0.0,0.0,0.0,300000.0,0.0,0.0,-200000.0,-200000.0,0.0,0.0,3700000.0,1.0571428571428572,3700000.0,1.0571428571428572,0.0,3100000.0,0.8857142857142857,1000000.0,2100000.0,0.6,0.156,0.156,13755000.0,13755000.0,,,1620598977,18:22:57,20210509
93,1997-12-31,TPL,USD,1997-12-31,1997-12-31,Q4,1675037.0,0.0,0.0,0.0,0.0,-408605.0,0.0,0.0,5243920.0,5243920.0,0.0,0.0,-3568883.0,-2.1306293532620475,-3568883.0,-2.1306293532620475,0.0,1331117.0,0.7946791623110415,424376.0,906741.0,0.5413259527998486,0.06592082878953108,0.06592082878953108,13755000.0,13755000.0,,,1620598977,18:22:57,20210509
94,1997-09-30,TPL,USD,1997-09-30,1997-09-30,Q3,4100000.0,0.0,0.0,0.0,0.0,300000.0,0.0,0.0,-100000.0,-100000.0,0.0,0.0,4200000.0,1.024390243902439,4200000.0,1.024390243902439,0.0,3700000.0,0.9024390243902439,1200000.0,2500000.0,0.6097560975609756,0.178,0.178,14044944.0,14044944.0,,,1620598977,18:22:57,20210509
95,1997-06-30,TPL,USD,1997-06-30,1997-06-30,Q2,3700000.0,0.0,0.0,0.0,0.0,300000.0,0.0,0.0,-1800000.0,-1800000.0,0.0,0.0,5500000.0,1.4864864864864864,5500000.0,1.4864864864864864,0.0,1600000.0,0.43243243243243246,500000.0,1100000.0,0.2972972972972973,0.078,0.078,14102564.0,14102564.0,,,1620598977,18:22:57,20210509
96,1997-03-31,TPL,USD,1997-03-31,1997-03-31,Q1,3600000.0,0.0,0.0,0.0,0.0,300000.0,0.0,0.0,-200000.0,-200000.0,0.0,0.0,3800000.0,1.0555555555555556,3800000.0,1.0555555555555556,0.0,3200000.0,0.8888888888888888,1000000.0,2200000.0,0.6111111111111112,0.154,0.154,14285714.0,14285714.0,,,1620598977,18:22:57,20210509
97,1996-12-31,TPL,USD,1996-12-31,1996-12-31,Q4,2681087.0,0.0,0.0,0.0,0.0,-369417.0,0.0,0.0,3742527.0,3742527.0,0.0,0.0,-1061440.0,-0.3958991259888247,-1061440.0,-0.3958991259888247,0.0,2238560.0,0.8349449309179449,674287.0,1564273.0,0.5834473107362798,0.10949911218998225,0.10949911218998225,14285714.0,14285714.0,,,1620598977,18:22:57,20210509
98,1996-09-30,TPL,USD,1996-09-30,1996-09-30,Q3,1800000.0,0.0,0.0,0.0,0.0,200000.0,0.0,0.0,-200000.0,-200000.0,0.0,0.0,2000000.0,1.1111111111111112,2000000.0,1.1111111111111112,0.0,1400000.0,0.7777777777777778,400000.0,1000000.0,0.5555555555555556,0.066,0.066,15151515.0,15151515.0,,,1620598977,18:22:57,20210509
99,1996-06-30,TPL,USD,1996-08-13 00:00:00,1996-08-13 00:00:00,Q2,2700000.0,0.0,0.0,0.0,0.0,200000.0,0.0,0.0,-1100000.0,-1100000.0,0.0,0.0,3800000.0,1.4074074074074074,3800000.0,1.4074074074074074,0.0,1600000.0,0.5925925925925926,500000.0,1100000.0,0.4074074074074074,0.072,0.072,15277778.0,15277778.0,https://www.sec.gov/Archives/edgar/data/97517/000095013496004185/0000950134-96-004185-index.html,https://www.sec.gov/Archives/edgar/data/97517/0000950134-96-004185.txt,1620598977,18:22:57,20210509
100,1996-03-31,TPL,USD,1996-03-31,1996-03-31,Q1,1400000.0,0.0,0.0,0.0,0.0,300000.0,0.0,0.0,-100000.0,-100000.0,0.0,0.0,1500000.0,1.0714285714285714,1500000.0,1.0714285714285714,0.0,1000000.0,0.7142857142857143,300000.0,700000.0,0.5,0.046,0.046,15217391.0,15217391.0,,,1620598977,18:22:57,20210509
101,1995-12-31,TPL,USD,1995-12-31,1995-12-31,Q4,1540285.0,0.0,0.0,0.0,0.0,-444028.0,0.0,0.0,2088567.0,2088567.0,0.0,0.0,-548282.0,-0.35596139675449673,-548282.0,-0.35596139675449673,0.0,1151718.0,0.7477304524811966,322817.0,828901.0,0.5381478103078327,0.054470638232269906,0.054470638232269906,15217391.0,15217391.0,,,1620598977,18:22:57,20210509
102,1995-09-30,TPL,USD,1995-11-15 00:00:00,1995-11-15 00:00:00,Q3,1100000.0,0.0,0.0,0.0,0.0,300000.0,0.0,0.0,-100000.0,-100000.0,0.0,0.0,1200000.0,1.0909090909090908,1200000.0,1.0909090909090908,0.0,700000.0,0.6363636363636364,200000.0,500000.0,0.45454545454545453,0.032,0.032,15625000.0,15625000.0,https://www.sec.gov/Archives/edgar/data/97517/000095013495002986/0000950134-95-002986-index.html,https://www.sec.gov/Archives/edgar/data/97517/0000950134-95-002986.txt,1620598977,18:22:57,20210509
103,1995-06-30,TPL,USD,1995-08-11 00:00:00,1995-08-11 00:00:00,Q2,2200000.0,0.0,0.0,0.0,0.0,300000.0,0.0,0.0,-100000.0,-100000.0,0.0,0.0,2300000.0,1.0454545454545454,2300000.0,1.0454545454545454,0.0,1700000.0,0.7727272727272727,500000.0,1200000.0,0.5454545454545454,0.078,0.078,15384615.0,15384615.0,https://www.sec.gov/Archives/edgar/data/97517/000095013495001872/0000950134-95-001872-index.html,https://www.sec.gov/Archives/edgar/data/97517/0000950134-95-001872.txt,1620598977,18:22:57,20210509
