,date,symbol,reportedCurrency,fillingDate,acceptedDate,period,revenue,costOfRevenue,grossProfit,grossProfitRatio,researchAndDevelopmentExpenses,generalAndAdministrativeExpenses,sellingAndMarketingExpenses,otherExpenses,operatingExpenses,costAndExpenses,interestExpense,depreciationAndAmortization,ebitda,ebitdaratio,operatingIncome,operatingIncomeRatio,totalOtherIncomeExpensesNet,incomeBeforeTax,incomeBeforeTaxRatio,incomeTaxExpense,netIncome,netIncomeRatio,eps,epsdiluted,weightedAverageShsOut,weightedAverageShsOutDil,link,finalLink,timestamp,est_time,est_date
0,2020-12-31,TKOI,USD,2021-03-31,2021-03-31 08:29:33,Q4,1168793.0,609841.0,558952.0,0.4782301057586758,285102.0,0.0,0.0,14657.0,1408296.0,2018137.0,17253.0,14657.0,13790.403,0.011798841197714223,-866.597,-0.0007414460901117648,15.584,-851.013,-0.000728112676923972,19.486,-870.499,-0.0007447845769096837,-0.0064094487502539856,-0.0064094487502539856,135814956,135814956,https://www.sec.gov/Archives/edgar/data/1094084/000168316821001114/0001683168-21-001114-index.htm,https://www.sec.gov/Archives/edgar/data/1094084/000168316821001114/telkonet_10k-123120.htm,1620598848,18:20:48,20210509
1,2020-09-30,TKOI,USD,2020-11-16,2020-11-16 08:30:24,Q3,2239971.0,1147673.0,1092298.0,0.4876393489022849,231088.0,0.0,0.0,14658.0,1764661.0,2912334.0,4392.0,14658.0,-662097.0,-0.2955828445993274,-676755.0,-0.3021266793186162,0.0,-676755.0,-0.3021266793186162,0.0,-676755.0,-0.3021266793186162,-0.00498291955416162,-0.00498291955416162,135814956,135814956,https://www.sec.gov/Archives/edgar/data/1094084/000168316820003921/0001683168-20-003921-index.htm,https://www.sec.gov/Archives/edgar/data/1094084/000168316820003921/telkonet_10q-093020.htm,1620598848,18:20:48,20210509
2,2020-06-30,TKOI,USD,2020-08-14,2020-08-14 08:30:46,Q2,1281682.0,861668.0,420014.0,0.3277053122381371,291849.0,0.0,0.0,14743.0,1363313.0,2224981.0,0.0,14743.0,-928556.0,-0.7244823598989453,-943299.0,-0.7359852131808046,-6904.0,-950203.0,-0.7413718847576856,-106.0,-950097.0,-0.7412891809356768,-0.007,-0.007,135814956,135814956,https://www.sec.gov/Archives/edgar/data/1094084/000168316820002700/0001683168-20-002700-index.htm,https://www.sec.gov/Archives/edgar/data/1094084/000168316820002700/telkonet_10q-063020.htm,1620598848,18:20:48,20210509
3,2020-03-31,TKOI,USD,2020-05-15,2020-05-15 08:31:21,Q1,1803424.0,989375.0,814049.0,0.451390798835992,369243.0,0.0,0.0,14795.0,1454648.0,2444023.0,0.0,14795.0,-625804.0,-0.34700880103625104,-640599.0,-0.35521263995599484,-8680.0,-649279.0,-0.36002570665578365,3222.0,-652501.0,-0.3618123081427329,-0.0048,-0.0048,135990491,135990491,https://www.sec.gov/Archives/edgar/data/1094084/000168316820001580/0001683168-20-001580-index.htm,https://www.sec.gov/Archives/edgar/data/1094084/000168316820000995/telkonet_10k-123119.htm,1620598848,18:20:48,20210509
4,2019-12-31,TKOI,USD,2020-03-30,2020-03-30 08:31:35,Q4,3450316.0,1740628.0,1709688.0,0.49551635270508554,376399.0,0.0,0.0,15332.0,1609972.0,3350600.0,0.0,15332.0,115048.0,0.03334419224210188,99716.0,0.02890054128375488,-16164.0,83552.0,0.02421575299189987,-100363.0,183915.0,0.05330381333188033,0.00136,0.00136,135213641,135213641,https://www.sec.gov/Archives/edgar/data/1094084/000168316820000995/0001683168-20-000995-index.htm,https://www.sec.gov/Archives/edgar/data/1094084/000168316820000995/telkonet_10k-123119.htm,1620598848,18:20:48,20210509
5,2019-09-30,TKOI,USD,2019-11-14,2019-11-14 08:31:31,Q3,2198643.0,1333588.0,865055.0,0.39344950499012343,448690.0,0.0,0.0,16775.0,1602549.0,2936137.0,0.0,16775.0,-720719.0,-0.3278017395275177,-737494.0,-0.33543144566898764,-16375.0,-753869.0,-0.342879221410661,0.0,-753869.0,-0.342879221410661,-0.00559,-0.00559,134937277,134937277,https://www.sec.gov/Archives/edgar/data/1094084/000168316819003593/0001683168-19-003593-index.htm,https://www.sec.gov/Archives/edgar/data/1094084/000168316819003593/telkonet_10q-09302019.htm,1620598848,18:20:48,20210509
6,2019-06-30,TKOI,USD,2019-08-13,2019-08-13 08:31:05,Q2,3570035.0,2154138.0,1415897.0,0.3966059156282781,425670.0,0.0,0.0,17044.0,1919432.0,4073570.0,0.0,17044.0,-486491.0,-0.13627065280872597,-503535.0,-0.14104483569488815,-15040.0,-518575.0,-0.14525767954655908,0.0,-518575.0,-0.14525767954655908,-0.0038570829080742768,-0.0038556386437246545,134447460,134497822,https://www.sec.gov/Archives/edgar/data/1094084/000168316819002560/0001683168-19-002560-index.htm,https://www.sec.gov/Archives/edgar/data/1094084/000168316819002560/telkonet_10q-063019.htm,1620598848,18:20:48,20210509
7,2019-03-31,TKOI,USD,2019-05-15,2019-04-01 08:31:29,Q1,2763202.0,1776640.0,986562.0,0.35703578674306113,486626.0,0.0,0.0,16931.0,1826606.0,3603246.0,0.0,16931.0,-823113.0,-0.29788375949351514,-840044.0,-0.30401107121375853,-5560.0,-845604.0,-0.3060232295720689,0.0,-845604.0,-0.3060232295720689,-0.00627,-0.00627,134793211,134793211,https://www.sec.gov/Archives/edgar/data/1094084/000168316819001531/0001683168-19-001531-index.htm,https://www.sec.gov/Archives/edgar/data/1094084/000168316819000873/telkonet_10k-123118.htm,1620598848,18:20:48,20210509
8,2018-12-31,TKOI,USD,2019-04-01,2019-04-01 08:31:29,Q4,2388605.0,1214730.0,1173875.0,0.4914479371850934,469389.0,0.0,0.0,16767.0,1513805.0,2728535.0,0.0,16768.0,-323162.0,-0.1352931941446995,-339930.0,-0.14231319117225327,2559.0,-337371.0,-0.14124185455527388,7623.0,-5688506.0,-2.3815180827302966,-0.04243,-0.04243,134055098,134055098,https://www.sec.gov/Archives/edgar/data/1094084/000168316819000873/0001683168-19-000873-index.htm,https://www.sec.gov/Archives/edgar/data/1094084/000168316819000873/telkonet_10k-123118.htm,1620598848,18:20:48,20210509
9,2018-09-30,TKOI,USD,2018-11-14,2018-11-14 08:31:31,Q3,1464016.0,949911.0,514105.0,0.35116077966361026,539651.0,0.0,0.0,16797.0,1804653.0,2754563.0,0.0,16796.0,-1273751.0,-0.8700389886449328,-1290547.0,-0.881511540857477,9539.0,-1281008.0,-0.8749959016841345,0.0,4062504.0,2.7749040994087495,0.03034148306633228,0.030313242449857357,133892730,134017468,https://www.sec.gov/Archives/edgar/data/1094084/000168316818003398/0001683168-18-003398-index.htm,https://www.sec.gov/Archives/edgar/data/1094084/000168316818003398/telkonet_10q-093018.htm,1620598848,18:20:48,20210509
10,2018-06-30,TKOI,USD,2018-08-14,2018-08-14 08:31:23,Q2,2974162.0,1443211.0,1530951.0,0.5147503733824855,431856.0,0.0,0.0,16628.0,1739587.0,3182798.0,0.0,16628.0,-192008.0,-0.06455868913663748,-208636.0,-0.07014950765963657,4054.0,-204582.0,-0.06878643463267972,2000.0,-206582.0,-0.06945889295875611,-0.0015434613106492592,-0.00154209760672695,133843329,133961689,https://www.sec.gov/Archives/edgar/data/1094084/000168316818002280/0001683168-18-002280-index.htm,https://www.sec.gov/Archives/edgar/data/1094084/000168316818002280/telkonet_10q-063018.htm,1620598848,18:20:48,20210509
11,2018-03-31,TKOI,USD,2018-05-15,2018-04-02 08:01:06,Q1,1605196.0,1054234.0,550962.0,0.34323658917664884,438780.0,0.0,0.0,16915.0,1732598.0,2786832.0,0.0,16915.0,-1164721.0,-0.7255942576482872,-1181636.0,-0.7361319116170237,-2530.0,-1184166.0,-0.7377080431299355,0.0,-1184166.0,-0.7377080431299355,-0.00886,-0.00886,133695111,133695111,https://www.sec.gov/Archives/edgar/data/1094084/000168316818001323/0001683168-18-001323-index.htm,https://www.sec.gov/Archives/edgar/data/1094084/000168316818000840/telkonet_10k-123117.htm,1620598848,18:20:48,20210509
12,2017-12-31,TKOI,USD,2018-04-02,2018-04-02 08:01:06,Q4,2208983.0,57784.0,2151199.0,0.9738413559543011,446928.0,0.0,0.0,16824.0,1580010.0,1637794.0,0.0,16824.0,-439109.0,-0.19878333151500036,-455933.0,-0.2063995060170223,-363.0,-456296.0,-0.20656383503177705,5461.0,6781362.0,3.0699023034581976,0.05094,0.05094,133116491,133116491,https://www.sec.gov/Archives/edgar/data/1094084/000168316818000840/0001683168-18-000840-index.htm,https://www.sec.gov/Archives/edgar/data/1094084/000168316818000840/telkonet_10k-123117.htm,1620598848,18:20:48,20210509
13,2017-09-30,TKOI,USD,2017-11-14,2017-11-14 08:30:59,Q3,2036236.0,55702.0,1980534.0,0.972644624689869,500656.0,0.0,0.0,14616.0,1704177.0,1759879.0,0.0,14616.0,-869046.0,-0.4267904113275671,-883662.0,-0.4339683612312129,8722.0,-874940.0,-0.4296849677542289,-3600.0,-871340.0,-0.4279169997976659,-0.006551042897248982,-0.006531534597448961,133007830,133405096,https://www.sec.gov/Archives/edgar/data/1094084/000168316817002964/0001683168-17-002964-index.htm,https://www.sec.gov/Archives/edgar/data/1094084/000168316817002964/telkonet_10q-093017.htm,1620598848,18:20:48,20210509
14,2017-06-30,TKOI,USD,2017-08-14,2017-08-14 08:31:06,Q2,2124123.0,32627.0,2091496.0,0.9846397783932475,444557.0,0.0,0.0,9880.0,1892506.0,1925133.0,0.0,9880.0,-857044.0,-0.4034813426529443,-866924.0,-0.4081326740494783,4428.0,-862496.0,-0.40604804900657826,6910.0,-869406.0,-0.40930115628897196,-0.006542060216893459,-0.006512882544839377,132894833,133490201,https://www.sec.gov/Archives/edgar/data/1094084/000168316817002068/0001683168-17-002068-index.htm,https://www.sec.gov/Archives/edgar/data/1094084/000168316817002068/telkonet_10q-063017.htm,1620598848,18:20:48,20210509
15,2017-03-31,TKOI,USD,2017-05-15,2017-04-03 08:31:08,Q1,1913227.0,30018.0,1883209.0,0.9843102778708434,378456.0,0.0,0.0,9909.0,2158058.0,2188076.0,0.0,9909.0,-1272985.0,-0.6653601480639778,-1282894.0,-0.6705393557586214,-10353.0,-1293247.0,-0.6759506320995888,991.0,-1294238.0,-0.6764686051367663,-0.00974764163066734,-0.009693180306411591,132774475,133520471,https://www.sec.gov/Archives/edgar/data/1094084/000168316817001207/0001683168-17-001207-index.htm,https://www.sec.gov/Archives/edgar/data/1094084/000168316817000761/telkonet_10k-123116.htm,1620598848,18:20:48,20210509
16,2016-12-31,TKOI,USD,2017-04-03,2017-04-03 08:31:08,Q4,-4175387.0,665023.0,3510364.0,-0.8407278175651742,337633.0,0.0,0.0,-171774.0,594104.0,-70919.0,0.0,-171351.0,-3352405.0,0.8028968332755743,-3181054.0,0.761858481620985,-14938.0,-3195992.0,0.7654361140655944,-137022.0,-431212.0,0.10327473836556947,-0.00325,-0.00325,132774475,132774475,https://www.sec.gov/Archives/edgar/data/1094084/000168316817000761/0001683168-17-000761-index.htm,https://www.sec.gov/Archives/edgar/data/1094084/000168316817000761/telkonet_10k-123116.htm,1620598848,18:20:48,20210509
17,2016-09-30,TKOI,USD,2016-11-14,2016-11-14 07:31:30,Q3,3537926.0,279296.0,3258630.0,0.9210565738231947,429622.0,0.0,0.0,68802.0,2246351.0,2525647.0,0.0,73538.0,-250290.0,-0.07074483751214694,-323828.0,-0.09153046163204091,-15482.0,-339310.0,-0.09590647175774733,53887.0,-393197.0,-0.11113771175541828,-0.00302,-0.00302,130399390,130399390,https://www.sec.gov/Archives/edgar/data/1094084/000168316816000556/0001683168-16-000556-index.htm,https://www.sec.gov/Archives/edgar/data/1094084/000168316816000556/telkonet_10q-093016.htm,1620598848,18:20:48,20210509
18,2016-06-30,TKOI,USD,2016-08-15,2016-08-15 08:01:10,Q2,4269369.0,232534.0,4036835.0,0.9455343400863219,464571.0,0.0,0.0,68427.0,2818991.0,3051525.0,0.0,73164.0,-533520.0,-0.12496460249746508,-606684.0,-0.1421015611440473,-13630.0,-620314.0,-0.1452940703883876,51312.0,-671626.0,-0.15731270827140967,-0.00519,-0.00519,129431540,129431540,https://www.sec.gov/Archives/edgar/data/1094084/000101968716007220/0001019687-16-007220-index.htm,https://www.sec.gov/Archives/edgar/data/1094084/000101968716007220/telkonet_10q-063016.htm,1620598848,18:20:48,20210509
19,2016-03-31,TKOI,USD,2016-05-05,2016-05-05 08:01:36,Q1,4624106.0,278035.0,4346071.0,0.939872701880104,426814.0,0.0,0.0,68834.0,2370362.0,2648397.0,0.0,73571.0,261826.0,0.056621971901163165,188255.0,0.04071165323632287,-16196.0,172059.0,0.03720913837182798,51937.0,120122.0,0.025977345675034267,0.0009454342112156161,0.0009287601271885354,127054848,129335871,https://www.sec.gov/Archives/edgar/data/1094084/000101968716006112/0001019687-16-006112-index.htm,https://www.sec.gov/Archives/edgar/data/1094084/000101968716005641/telkonet_10k-123115.htm,1620598848,18:20:48,20210509
20,2015-12-31,TKOI,USD,2016-03-30,2016-03-30 09:57:51,Q4,3696486.0,282997.0,3413489.0,0.9234416145496019,477071.0,0.0,0.0,67992.0,2141745.0,2424742.0,0.0,72730.0,-104336.0,-0.028225725729787696,-177066.0,-0.047901168839811645,-18655.0,-195721.0,-0.052947853718369284,42236.0,-237957.0,-0.0643738404527976,-0.00189,-0.00189,125859903,125859903,https://www.sec.gov/Archives/edgar/data/1094084/000101968716005641/0001019687-16-005641-index.htm,https://www.sec.gov/Archives/edgar/data/1094084/000101968716005641/telkonet_10k-123115.htm,1620598848,18:20:48,20210509
21,2015-09-30,TKOI,USD,2015-11-12,2015-11-12 08:01:30,Q3,4057420.0,253394.0,3804026.0,0.9375479984817938,373710.0,0.0,0.0,67494.0,1953284.0,2206678.0,0.0,72231.0,409246.0,0.10086360297923311,337015.0,0.08306140355201089,-16283.0,320732.0,0.07904826219617392,51312.0,269420.0,0.06640180213041785,0.002146786678591843,0.0021460968963943564,125499195,125539532,https://www.sec.gov/Archives/edgar/data/1094084/000101968715004018/0001019687-15-004018-index.htm,https://www.sec.gov/Archives/edgar/data/1094084/000101968715004018/tkoi_10q-093015.htm,1620598848,18:20:48,20210509
22,2015-06-30,TKOI,USD,2015-08-13,2015-08-13 08:00:59,Q2,4755474.0,236007.0,4519467.0,0.9503715087076493,395357.0,0.0,0.0,68719.0,2247577.0,2483584.0,0.0,73456.0,662753.0,0.1393663386657145,589297.0,0.1239197186232119,-14449.0,574848.0,0.12088132539469251,51337.0,523511.0,0.11008597670810523,0.00419,0.00419,125035612,125035612,https://www.sec.gov/Archives/edgar/data/1094084/000101968715003083/0001019687-15-003083-index.htm,https://www.sec.gov/Archives/edgar/data/1094084/000101968715003083/telkonet_10q-063015.htm,1620598848,18:20:48,20210509
23,2015-03-31,TKOI,USD,2015-05-13,2015-05-13 09:00:50,Q1,2574546.0,238264.0,2336282.0,0.9074539744094687,359529.0,0.0,0.0,69302.0,1918295.0,2156559.0,0.0,74039.0,-597798.0,-0.23219550165349542,-671837.0,-0.26095358171887395,-20054.0,-691891.0,-0.2687429162267833,52187.0,-744078.0,-0.2890132862259987,-0.00595,-0.00595,125035612,125035612,https://www.sec.gov/Archives/edgar/data/1094084/000101968715001893/0001019687-15-001893-index.htm,https://www.sec.gov/Archives/edgar/data/1094084/000101968715001178/telkonet_10k-123114.htm,1620598848,18:20:48,20210509
24,2014-12-31,TKOI,USD,2015-03-31,2015-03-31 08:01:33,Q4,3727893.0,269694.0,3458199.0,0.9276551124187309,349639.0,0.0,0.0,69525.0,1688856.0,1958550.0,0.0,78625.0,343828.0,0.09223118796596362,265203.0,0.07114018562228047,-15477.0,249726.0,0.06698851066809053,30523.0,219203.0,0.05880077566603977,0.00175,0.00175,125035612,125035612,https://www.sec.gov/Archives/edgar/data/1094084/000101968715001178/0001019687-15-001178-index.htm,https://www.sec.gov/Archives/edgar/data/1094084/000101968715001178/telkonet_10k-123114.htm,1620598848,18:20:48,20210509
25,2014-09-30,TKOI,USD,2014-11-14,2014-11-14 08:31:13,Q3,4082673.0,266136.0,3816537.0,0.934813295113275,347344.0,0.0,0.0,69525.0,1684837.0,1950973.0,0.0,69525.0,527053.0,0.12909508060038116,457528.0,0.11206579610955862,-6072.0,451456.0,0.11057853519005809,68706.0,382750.0,0.09374985456831836,0.00306,0.00306,125035612,125035612,https://www.sec.gov/Archives/edgar/data/1094084/000101968714004266/0001019687-14-004266-index.htm,https://www.sec.gov/Archives/edgar/data/1094084/000101968714004266/telkonet_10q-093014.htm,1620598848,18:20:48,20210509
26,2014-06-30,TKOI,USD,2014-08-14,2014-08-14 08:31:30,Q2,4353348.0,263083.0,4090265.0,0.9395676614872048,318815.0,0.0,0.0,69525.0,1833967.0,2097050.0,0.0,69525.0,347532.0,0.07983097147299044,278007.0,0.0638605046047318,-7610.0,270397.0,0.062112424736088176,51312.0,219085.0,0.05032563443124694,0.00175,0.00175,125035612,125035612,https://www.sec.gov/Archives/edgar/data/1094084/000101968714003142/0001019687-14-003142-index.htm,https://www.sec.gov/Archives/edgar/data/1094084/000101968714003142/telkonet_10q-063014.htm,1620598848,18:20:48,20210509
27,2014-03-31,TKOI,USD,2014-05-15,2014-05-15 08:33:35,Q1,2632617.0,254302.0,2378315.0,0.9034033435171163,296690.0,0.0,0.0,66661.0,1746070.0,2000372.0,0.0,66661.0,-649121.0,-0.2465687185032992,-715782.0,-0.2718899103059807,-11114.0,-726896.0,-0.27611156503205747,51312.0,-778208.0,-0.295602436662834,-0.00622,-0.00622,125035612,125035612,https://www.sec.gov/Archives/edgar/data/1094084/000101968714001881/0001019687-14-001881-index.htm,https://www.sec.gov/Archives/edgar/data/1094084/000101968714001081/telkonet_10k-123113.htm,1620598848,18:20:48,20210509
28,2013-12-31,TKOI,USD,2014-03-31,2014-03-31 08:30:56,Q4,3658931.0,269810.0,3389121.0,0.9262598830095456,278056.0,0.0,0.0,2838955.0,1745669.0,4789495.0,0.0,64939.0,-2353188.0,-0.6431353857178503,-2418127.0,-0.6608834656898422,-8163.0,-2426290.0,-0.6631144451753804,54607.0,-2480897.0,-0.6780387495692047,-0.02164,-0.02164,114670433,114670433,https://www.sec.gov/Archives/edgar/data/1094084/000101968714001081/0001019687-14-001081-index.htm,https://www.sec.gov/Archives/edgar/data/1094084/000101968714001081/telkonet_10k-123113.htm,1620598848,18:20:48,20210509
29,2013-09-30,TKOI,USD,2013-11-14,2013-11-14 08:33:21,Q3,3507785.0,263068.0,3244717.0,0.9250045256479517,306559.0,0.0,0.0,64731.0,1949754.0,2212822.0,0.0,64731.0,-109410.0,-0.031190623142524413,-174141.0,-0.04964414865791376,-11401.0,-185542.0,-0.052894347857693674,294936.0,-480478.0,-0.13697475757493688,-0.00432,-0.00432,111177407,111177407,https://www.sec.gov/Archives/edgar/data/1094084/000101968713004295/0001019687-13-004295-index.htm,https://www.sec.gov/Archives/edgar/data/1094084/000101968713004295/telkonet_10q-093013.htm,1620598848,18:20:48,20210509
30,2013-06-30,TKOI,USD,2013-08-14,2013-08-14 08:45:27,Q2,6723130.0,536680.0,6186450.0,0.9201740855821618,589433.0,0.0,0.0,128847.0,2158371.0,4521904.0,0.0,128847.0,-947554.0,-0.14093941363620813,-1076401.0,-0.16010414791919836,43325.0,-1033076.0,-0.15365997682626992,280.0,-1033356.0,-0.15370162409472968,-0.00956,-0.00956,108141250,108141250,https://www.sec.gov/Archives/edgar/data/1094084/000101968713003090/0001019687-13-003090-index.htm,https://www.sec.gov/Archives/edgar/data/1094084/000101968713003090/tkoi_10q-063013.htm,1620598848,18:20:48,20210509
31,2013-03-31,TKOI,USD,2013-05-15,2013-04-01 08:51:23,Q1,3127634.0,1695709.0,1431925.0,0.4578301041618041,302142.0,0.0,0.0,64118.0,1826853.0,3522562.0,0.0,3698.0,-391230.0,-0.1250881656869058,-394928.0,-0.12627052909643519,-16638.0,-411566.0,-0.13159020524780074,280.0,-411846.0,-0.13167972978935516,-0.00381,-0.00381,108141250,108141250,https://www.sec.gov/Archives/edgar/data/1094084/000101968713001865/0001019687-13-001865-index.htm,https://www.sec.gov/Archives/edgar/data/1094084/000101968713001105/tkoi_10k-123112.htm,1620598848,18:20:48,20210509
32,2012-12-31,TKOI,USD,2013-04-01,2013-04-01 08:51:23,Q4,4079086.0,2075818.0,2003268.0,0.49110707643820206,252699.0,0.0,0.0,63489.0,1617366.0,3693184.0,0.0,3069.0,388971.0,0.09535739133717701,385902.0,0.09460501690819953,31337.0,417239.0,0.10228737516198481,-31271.0,448510.0,0.10995355332052327,0.00415,0.00415,108141250,108141250,https://www.sec.gov/Archives/edgar/data/1094084/000101968713001105/0001019687-13-001105-index.htm,https://www.sec.gov/Archives/edgar/data/1094084/000101968713001105/tkoi_10k-123112.htm,1620598848,18:20:48,20210509
33,2012-09-30,TKOI,USD,2012-11-14,2012-11-14 08:35:58,Q3,3288778.0,1459112.0,1829666.0,0.5563361224138571,251089.0,0.0,0.0,63265.0,1324168.0,2783280.0,0.0,2845.0,508343.0,0.1545689614805256,505498.0,0.15370389853009234,7712.0,513210.0,0.15604884245759368,0.0,513210.0,0.15604884245759368,0.00489,0.00489,105011687,105011687,https://www.sec.gov/Archives/edgar/data/1094084/000101968712004007/0001019687-12-004007-index.htm,https://www.sec.gov/Archives/edgar/data/1094084/000101968712004007/telkonet_10q-093012.htm,1620598848,18:20:48,20210509
34,2012-06-30,TKOI,USD,2012-08-14,2012-08-14 07:31:23,Q2,-1928601.0,289909.0,1638692.0,-0.8496791197349789,-230564.0,0.0,0.0,-72598.0,1807906.0,-2024852.0,0.0,-72598.0,624462.0,-0.3237901463288674,697060.0,-0.3614329765462115,31764.0,728824.0,-0.3779029462288986,0.0,728824.0,-0.3779029462288986,0.00674,0.00674,108141250,108141250,https://www.sec.gov/Archives/edgar/data/1094084/000101968712002761/0001019687-12-002761-index.htm,https://www.sec.gov/Archives/edgar/data/1094084/000101968712002761/tkoi_10q-063012.htm,1620598848,18:20:48,20210509
35,2012-03-31,TKOI,USD,2012-05-21,2012-05-21 16:55:14,Q1,1928601.0,289909.0,1638692.0,0.8496791197349789,230564.0,0.0,0.0,72598.0,1734943.0,2024852.0,0.0,72598.0,-624462.0,-0.3237901463288674,-697060.0,-0.3614329765462115,-31764.0,-728824.0,-0.3779029462288986,0.0,-728824.0,-0.3779029462288986,-0.0069843290731159465,-0.006846134630872343,104351326,106457737,https://www.sec.gov/Archives/edgar/data/1094084/000101968712001923/0001019687-12-001923-index.htm,https://www.sec.gov/Archives/edgar/data/1094084/000101968712001464/telkonet_10k-123111.htm,1620598848,18:20:48,20210509
36,2011-12-31,TKOI,USD,2012-04-24,2012-04-23 21:55:14,Q4,2975608.0,296290.0,2679318.0,0.9004270723831903,186421.0,0.0,0.0,3165766.0,1396483.0,4812202.0,0.0,65767.0,-2862600.0,-0.9620218792260271,-2928367.0,-0.9841239168600165,-26300.0,-2954667.0,-0.992962446666362,60000.0,-3014667.0,-1.0131263929926253,-0.029391227285091297,-0.029045568194358686,102570300,103790946,https://www.sec.gov/Archives/edgar/data/1094084/000101968712001464/0001019687-12-001464-index.htm,https://www.sec.gov/Archives/edgar/data/1094084/000101968712001464/telkonet_10k-123111.htm,1620598848,18:20:48,20210509
37,2011-09-30,TKOI,USD,2011-11-07,2011-11-07 08:30:23,Q3,2794719.0,294846.0,2499873.0,0.89449887448434,197674.0,0.0,0.0,72463.0,1452728.0,1759140.0,-213974.0,72463.0,105226.0,0.03765172813438489,32763.0,0.0117231821875473,-23428.0,9335.0,0.0033402284809313566,0.0,9335.0,0.0033402284809313566,9.148987991088347e-05,9.02262141783203e-05,102033143,103462171,https://www.sec.gov/Archives/edgar/data/1094084/000101968711003401/0001019687-11-003401-index.htm,https://www.sec.gov/Archives/edgar/data/1094084/000101968711003401/tkoi_10q-093011.htm,1620598848,18:20:48,20210509
38,2011-06-30,TKOI,USD,2011-08-08,2011-08-08 08:39:48,Q2,5410635.0,555116.0,4855519.0,0.8974028002258515,391234.0,0.0,0.0,130346.0,1494620.0,3371341.0,213974.0,321703.0,634833.0,0.11733059058687197,313130.0,0.0578730592619905,789963.0,1103093.0,0.20387496107203684,0.0,1103093.0,0.20387496107203684,0.010861848599304976,0.010701003404659678,101556654,103083137,https://www.sec.gov/Archives/edgar/data/1094084/000101968711002466/0001019687-11-002466-index.htm,https://www.sec.gov/Archives/edgar/data/1094084/000101968711002466/telkonet_10q-063011.htm,1620598848,18:20:48,20210509
39,2011-03-31,TKOI,USD,2011-05-16,2011-05-16 08:31:19,Q1,2482699000.0,972139000.0,1510560000.0,0.6084346108811418,187111000.0,0.0,0.0,78945000.0,1352600.0,2324739000.0,0.0,191357000.0,349317000.0,0.14070050376626406,157960000.0,0.06362430564478416,824518000.0,982478000.0,0.3957298085672085,0.0,982478000.0,0.3957298085672085,0.00969,0.00969,101363617000,101363617000,https://www.sec.gov/Archives/edgar/data/1094084/000101968711001652/0001019687-11-001652-index.htm,https://www.sec.gov/Archives/edgar/data/1094084/000101968711001013/telkonet_10k-123110.htm,1620598848,18:20:48,20210509
40,2010-12-31,TKOI,USD,2011-03-30,2011-03-29 21:02:11,Q4,2386669000.0,1330643000.0,1056026000.0,0.4424685618324116,229560000.0,0.0,0.0,70440000.0,1597953.0,2928596000.0,0.0,119295000.0,-422632000.0,-0.17708027380420158,-541927000.0,-0.22706416348475636,1140712000.0,598785000.0,0.25088732455149837,0.0,598785000.0,0.25088732455149837,0.0061,0.0061,98233829000,98233829000,https://www.sec.gov/Archives/edgar/data/1094084/000101968711001013/0001019687-11-001013-index.htm,https://www.sec.gov/Archives/edgar/data/1094084/000101968711001013/telkonet_10k-123110.htm,1620598848,18:20:48,20210509
41,2010-09-30,TKOI,USD,2010-11-10,2010-11-10 08:31:09,Q3,3104666000.0,1544651000.0,1560015000.0,0.5024743402349883,251259000.0,0.0,0.0,55074000.0,1589990.0,3134641000.0,0.0,120555000.0,90580000.0,0.02917544109414668,-29975000.0,-0.009654822773206522,-2152381000.0,-2182356000.0,-0.702927786757094,0.0,-2182356000.0,-0.702927786757094,-0.02241,-0.02241,97387490000,97387490000,https://www.sec.gov/Archives/edgar/data/1094084/000101968710003995/0001019687-10-003995-index.htm,https://www.sec.gov/Archives/edgar/data/1094084/000101968710003995/telkonet_10q-093010.htm,1620598848,18:20:48,20210509
42,2010-06-30,TKOI,USD,2010-08-16,2010-08-16 08:32:20,Q2,3183401000.0,1338187000.0,1845214000.0,0.5796360559037331,264049000.0,0.0,0.0,77790000.0,1646684.0,2984871000.0,0.0,114010000.0,312540000.0,0.09817801778663762,198530000.0,0.06236411938049903,271756000.0,483565000.0,0.151902006690329,0.0,483565000.0,0.151902006690329,4.99991,4.99991,96714804,96714804,https://www.sec.gov/Archives/edgar/data/1094084/000101968710003016/0001019687-10-003016-index.htm,https://www.sec.gov/Archives/edgar/data/1094084/000101968710003016/telkonet_10q-063010.htm,1620598848,18:20:48,20210509
43,2010-03-31,TKOI,USD,2010-05-17,2010-05-17 16:33:32,Q1,2584040000.0,1205627000.0,1378413000.0,0.5334333059859755,265851000.0,0.0,0.0,80410000.0,2037000.0,3242627000.0,0.0,140110000.0,-518477000.0,-0.20064588783455364,-658587000.0,-0.25486718471850284,0.0,-671866000.0,-0.2600060370582499,0.0,-671866000.0,-0.2600060370582499,-0.00696,-0.00696,96600438000,96600438000,https://www.sec.gov/Archives/edgar/data/1094084/000101968710001878/0001019687-10-001878-index.htm,https://www.sec.gov/Archives/edgar/data/1094084/000101968710001234/telkonet_10k-123109.htm,1620598848,18:20:48,20210509
44,2009-12-31,TKOI,USD,2010-03-31,2010-03-31 16:50:25,Q4,2072714000.0,1291680000.0,781034000.0,0.37681706207416943,318198000.0,-5097353.0,0.0,1073317000.0,2197918.0,4489598000.0,0.0,140156000.0,-2276728000.0,-1.0984284373049056,-2416884000.0,-1.166047993114342,-685422000.0,-3102306000.0,-1.4967361633105194,0.0,-3102306000.0,-1.4967361633105194,-0.03283,-0.03283,94486950000,94486950000,https://www.sec.gov/Archives/edgar/data/1094084/000101968710001234/0001019687-10-001234-index.htm,https://www.sec.gov/Archives/edgar/data/1094084/000101968710001234/telkonet_10k-123109.htm,1620598848,18:20:48,20210509
45,2009-09-30,TKOI,USD,2009-11-16,2009-11-16 16:27:04,Q3,2437018000.0,1182247000.0,1254771000.0,0.5148796603061611,263672000.0,1797799.0,0.0,151969000.0,2147694.0,3329941000.0,0.0,134155000.0,-758768000.0,-0.31135100356255063,-892923000.0,-0.3663998378345995,-1246721000.0,-2139644000.0,-0.8779762808481513,0.0,-2139644000.0,-0.8779762808481513,-22.81385,-22.81385,93787069,93787069,https://www.sec.gov/Archives/edgar/data/1094084/000101968709004145/0001019687-09-004145-index.htm,https://www.sec.gov/Archives/edgar/data/1094084/000101968709004145/telkonet_10q-093009.htm,1620598848,18:20:48,20210509
46,2009-06-30,TKOI,USD,2009-08-14,2009-08-14 16:26:11,Q2,2074401000.0,493304000.0,1581097000.0,0.7621944840944446,222316000.0,83810.0,0.0,-68032000.0,2137185.0,1829273000.0,0.0,175824000.0,420952000.0,0.20292701362947665,245128000.0,0.11816808804083685,1302158000.0,1547286000.0,0.7458953211071534,0.0,7844137000.0,3.7813985820485048,0.08476,0.08476,92550245000,92550245000,https://www.sec.gov/Archives/edgar/data/1094084/000101968709002924/0001019687-09-002924-index.htm,https://www.sec.gov/Archives/edgar/data/1094084/000101968709002924/telkonet_10q-063009.htm,1620598848,18:20:48,20210509
47,2009-03-31,TKOI,USD,2009-05-14,2009-04-01 08:52:53,Q1,3933920000.0,2224865000.0,1709055000.0,0.43444071053808925,275962000.0,193657.0,0.0,426169000.0,2877614.0,5102479000.0,0.0,233182000.0,-935377000.0,-0.23777224752918208,-1168559000.0,-0.2970469658762761,-373791000.0,-1542350000.0,-0.39206440395330866,0.0,-1542350000.0,-0.39206440395330866,-0.01708,-0.01708,90325734000,90325734000,https://www.sec.gov/Archives/edgar/data/1094084/000101968709001748/0001019687-09-001748-index.htm,https://www.sec.gov/Archives/edgar/data/1094084/000101968709001164/telkonet_10k-123108.htm,1620598848,18:20:48,20210509
48,2008-12-31,TKOI,USD,2009-04-01,2009-04-01 08:52:53,Q4,4219586000.0,2723280000.0,1496306000.0,0.3546096702377911,368900000.0,0.0,0.0,3993803000.0,3022418.0,9707731000.0,0.0,1445969000.0,-4042175000.0,-0.9579553539138673,-5488144000.0,-1.3006356547775066,0.0,-14687125000.0,-3.4807028462033953,0.0,-11753910000.0,-2.785560005175863,-0.14849,-0.14849,79153788000,79153788000,https://www.sec.gov/Archives/edgar/data/1094084/000101968709001164/0001019687-09-001164-index.htm,https://www.sec.gov/Archives/edgar/data/1094084/000101968709001164/telkonet_10k-123108.htm,1620598848,18:20:48,20210509
49,2008-09-30,TKOI,USD,2008-11-10,2008-11-10 17:16:14,Q3,5727815000.0,3521364000.0,2206451000.0,0.38521687589421094,509418000.0,0.0,0.0,904577000.0,4525565.0,8046929000.0,0.0,110753000.0,-2208361000.0,-0.3855503363848169,-2319114000.0,-0.4048863310005648,0.0,-3683886000.0,-0.643157294710112,0.0,-2878757000.0,-0.5025925243744779,-0.03744,-0.03744,76880047000,76880047000,https://www.sec.gov/Archives/edgar/data/1094084/000101968708004923/0001019687-08-004923-index.htm,https://www.sec.gov/Archives/edgar/data/1094084/000101968708004923/telkonet_10q-093008.htm,1620598848,18:20:48,20210509
50,2008-06-30,TKOI,USD,2008-08-11,2008-08-11 16:29:44,Q2,5624537000.0,3736777000.0,1887760000.0,0.3356294038069267,492689000.0,0.0,0.0,976814000.0,5089632.0,8826409000.0,-1002709000.0,72151000.0,-3129721000.0,-0.5564406456922587,-3201872000.0,-0.569268546015432,0.0,-4921532000.0,-0.8750110453535997,0.0,-4231841000.0,-0.752389218881483,-0.05674,-0.05674,74583911000,74583911000,https://www.sec.gov/Archives/edgar/data/1094084/000101968708003510/0001019687-08-003510-index.htm,https://www.sec.gov/Archives/edgar/data/1094084/000101968708003510/telkonet_10q-063008.htm,1620598848,18:20:48,20210509
51,2008-03-31,TKOI,USD,2008-05-12,2008-04-01 16:05:39,Q1,4959021000.0,3842203000.0,1116818000.0,0.22520937096253474,665122000.0,0.0,0.0,693283000.0,4943915.0,8786118000.0,1002709000.0,84945000.0,-3742152000.0,-0.754615074225336,-3827097000.0,-0.7717444632720853,270950000.0,-5630469000.0,-1.1353993056290748,0.0,-5121031000.0,-1.0326697547761947,-0.07128,-0.07128,71848016000,71848016000,https://www.sec.gov/Archives/edgar/data/1094084/000101968708002114/0001019687-08-002114-index.htm,https://www.sec.gov/Archives/edgar/data/1094084/000101968708001465/telkonet_10k-123107.htm,1620598848,18:20:48,20210509
52,2007-12-31,TKOI,USD,2008-04-01,2008-04-01 16:05:39,Q4,4651080000.0,3989227000.0,661853000.0,0.14230092795651764,613034000.0,0.0,0.0,3537808000.0,8990837.0,12980064000.0,799456000.0,373728000.0,-7955256000.0,-1.7104104853066384,-8328984000.0,-1.7907634355891535,1075200000.0,-7253784000.0,-1.559591320725509,0.0,-5449136000.0,-1.171585094214677,-0.0833,-0.0833,65414875000,65414875000,https://www.sec.gov/Archives/edgar/data/1094084/000101968708001465/0001019687-08-001465-index.htm,https://www.sec.gov/Archives/edgar/data/1094084/000101968708001465/telkonet_10k-123107.htm,1620598848,18:20:48,20210509
53,2007-09-30,TKOI,USD,2007-11-09,2007-11-09 17:09:44,Q3,4588777000.0,3369019000.0,1219758000.0,0.26581330929788044,646848000.0,0.0,0.0,1101631000.0,6300901.0,9670659000.0,601626000.0,77613000.0,-5004269000.0,-1.0905452585732538,-5081882000.0,-1.1074589155236787,-991283000.0,-5872608000.0,-1.2797762889763438,0.0,-4955628000.0,-1.0799452664620661,-0.07704,-0.07704,64324325000,64324325000,https://www.sec.gov/Archives/edgar/data/1094084/000101968707003844/0001019687-07-003844-index.htm,https://www.sec.gov/Archives/edgar/data/1094084/000101968707003844/telkonet_10q-093007.htm,1620598848,18:20:48,20210509
54,2007-06-30,TKOI,USD,2007-08-09,2007-08-09 17:11:22,Q2,3596415000.0,2995889000.0,600526000.0,0.16697906109278268,615205000.0,0.0,0.0,547254000.0,5407166.0,8403055000.0,-206042000.0,-297096000.0,-5033544000.0,-1.3996004354336193,-4736448000.0,-1.3169915040394393,163695000.0,-4773310000.0,-1.3272411554283918,0.0,-4584870000.0,-1.274844532680461,-0.07312,-0.07312,62699631000,62699631000,https://www.sec.gov/Archives/edgar/data/1094084/000101968707002470/0001019687-07-002470-index.htm,https://www.sec.gov/Archives/edgar/data/1094084/000101968707002470/telkonet_10q-063007.htm,1620598848,18:20:48,20210509
55,2007-03-31,TKOI,USD,2007-05-10,2007-05-10 16:56:17,Q1,1316461000.0,1316461000.0,0.0,0.0,474603000.0,0.0,0.0,505333000.0,5240047.0,6556508000.0,133584000.0,321146000.0,-4989093000.0,-3.789776529650328,-5310239000.0,-4.033722989135265,-91237000.0,-5401476000.0,-4.103027738763245,0.0,-5401476000.0,-4.103027738763245,-0.09217,-0.09217,58606420000,58606420000,https://www.sec.gov/Archives/edgar/data/1094084/000101968707001358/0001019687-07-001358-index.htm,https://www.sec.gov/Archives/edgar/data/1094084/000101968707000763/telkonet_10k-123106.htm,1620598848,18:20:48,20210509
56,2006-12-31,TKOI,USD,2007-03-16,2007-03-16 17:27:36,Q4,941848000.0,1112199000.0,-170351000.0,-0.18086888754873398,513955000.0,0.0,0.0,447725000.0,4917180.0,6029379000.0,79226000.0,244226000.0,-4843305000.0,-5.142342501125447,-5087531000.0,-5.4016476119288885,-9894099000.0,-5134187000.0,-5.451184267525121,0.0,-5134187000.0,-5.451184267525121,-0.10102,-0.10102,50823652000,50823652000,https://www.sec.gov/Archives/edgar/data/1094084/000101968707000763/0001019687-07-000763-index.htm,https://www.sec.gov/Archives/edgar/data/1094084/000101968707000763/telkonet_10k-123106.htm,1620598848,18:20:48,20210509
57,2006-09-30,TKOI,USD,2006-11-09,2006-11-09 16:53:22,Q3,1143098000.0,1060048000.0,83050000.0,0.07265343828788083,447092000.0,0.0,0.0,372539000.0,4371200.0,5431248000.0,5703918000.0,610438000.0,-3677712000.0,-3.2173199498205753,-4288150000.0,-3.7513406549569677,-188540000.0,-10473785000.0,-9.162630850548247,0.0,-10473785000.0,-9.162630850548247,-0.21469,-0.21469,48784948000,48784948000,https://www.sec.gov/Archives/edgar/data/1094084/000101968706002646/0001019687-06-002646-index.htm,https://www.sec.gov/Archives/edgar/data/1094084/000101968706002646/telkonet_10q-093006.htm,1620598848,18:20:48,20210509
58,2006-06-30,TKOI,USD,2006-08-09,2006-08-09 16:35:02,Q2,1152470000.0,1012842000.0,139628000.0,0.12115543137782328,532130000.0,0.0,0.0,398029000.0,4936918.0,5690253000.0,-85856000.0,435248000.0,-4102535000.0,-3.5597759594609837,-4537783000.0,-3.9374413216829938,85856000.0,-7582022000.0,-6.578932206478259,0.0,-7582022000.0,-6.578932206478259,-0.16186,-0.16186,46844404000,46844404000,https://www.sec.gov/Archives/edgar/data/1094084/000101968706001845/0001019687-06-001845-index.htm,https://www.sec.gov/Archives/edgar/data/1094084/000101968706001845/telkonet_10q-063006.htm,1620598848,18:20:48,20210509
59,2006-03-31,TKOI,USD,2006-05-10,2006-05-10 17:04:25,Q1,1943912000.0,1295570000.0,648342000.0,0.3335243570696616,432569000.0,0.0,0.0,772852000.0,4297464.0,5593034000.0,-102684000.0,100225000.0,-3548897000.0,-1.8256469428657265,-3649122000.0,-1.8772053467440912,102684000.0,-4266691000.0,-2.1948992546987722,0.0,-4247122000.0,-2.184832440974694,-0.09195,-0.09195,46187202000,46187202000,https://www.sec.gov/Archives/edgar/data/1094084/000101968706001107/0001019687-06-001107-index.htm,https://www.sec.gov/Archives/edgar/data/1094084/000101968706000586/telkonet_10k-123105.htm,1620598848,18:20:48,20210509
60,2005-12-31,TKOI,USD,2006-03-16,2006-03-16 16:39:20,Q4,1147265000.0,798459000.0,348806000.0,0.30403263413422354,620995000.0,0.0,0.0,841831000.0,5027784.0,5826243000.0,735195000.0,121270000.0,-4557708000.0,-3.972672399140565,-4678978000.0,-4.0783759637049855,-80412000.0,-5146008000.0,-4.485457152445163,0.0,-5146008000.0,-4.485457152445163,-0.11501,-0.11501,44743223000,44743223000,https://www.sec.gov/Archives/edgar/data/1094084/000101968706000586/0001019687-06-000586-index.htm,https://www.sec.gov/Archives/edgar/data/1094084/000101968706000586/telkonet_10k-123105.htm,1620598848,18:20:48,20210509
