,date,symbol,reportedCurrency,fillingDate,acceptedDate,period,revenue,costOfRevenue,grossProfit,grossProfitRatio,researchAndDevelopmentExpenses,generalAndAdministrativeExpenses,sellingAndMarketingExpenses,otherExpenses,operatingExpenses,costAndExpenses,interestExpense,depreciationAndAmortization,ebitda,ebitdaratio,operatingIncome,operatingIncomeRatio,totalOtherIncomeExpensesNet,incomeBeforeTax,incomeBeforeTaxRatio,incomeTaxExpense,netIncome,netIncomeRatio,eps,epsdiluted,weightedAverageShsOut,weightedAverageShsOutDil,link,finalLink,timestamp,est_time,est_date
0,2020-12-31,FRPH,USD,2021-03-19,2021-03-19 16:31:42,Q4,5853000.0,737000.0,5116000.0,0.8740816675209294,0.0,1404000.0,0.0,0.0,3561000.0,4298000.0,958000.0,6050000.0,7605000.0,1.2993336750384419,1555000.0,0.2656757218520417,-576000.0,21000.0,0.0035879036391594054,146000.0,393000.0,0.06714505381855458,0.04,0.04,9384000.0,9412000.0,https://www.sec.gov/Archives/edgar/data/844059/000084405921000008/0000844059-21-000008-index.htm,https://www.sec.gov/Archives/edgar/data/844059/000084405921000008/frph10k20.htm,1620592256,16:30:56,20210509
1,2020-09-30,FRPH,USD,2020-11-12,2020-11-12 12:04:59,Q3,6098000.0,706000.0,5392000.0,0.884224335847819,0.0,1481000.0,0.0,892.0,3811000.0,4517000.0,46000.0,4572.0,1585572.0,0.2600150869137422,1581000.0,0.2592653328960315,5758000.0,7293000.0,1.1959658904558872,2022000.0,5455000.0,0.8945555919973762,0.5731848271514133,0.5715034049240441,9517000.0,9545000.0,https://www.sec.gov/Archives/edgar/data/844059/000084405920000034/0000844059-20-000034-index.htm,https://www.sec.gov/Archives/edgar/data/844059/000084405920000034/frphsepq20.htm,1620592256,16:30:56,20210509
2,2020-06-30,FRPH,USD,2020-08-14 00:00:00,2020-08-14 14:09:55,Q2,5849000.0,646000.0,5203000.0,0.8895537698751923,0.0,1718000.0,0.0,0.0,3999000.0,4645000.0,45000.0,0.0,1419000.0,0.24260557360232518,1204000.0,0.20584715335954865,4356000.0,5515000.0,0.9428962215763378,1538000.0,4149000.0,0.7093520259873483,0.4312889812889813,0.4299927453622137,9620000.0,9649000.0,https://www.sec.gov/Archives/edgar/data/844059/000084405920000028/0000844059-20-000028-index.htm,https://www.sec.gov/Archives/edgar/data/844059/000084405920000028/frphjunq20.htm,1620592256,16:30:56,20210509
3,2020-03-31,FRPH,USD,2020-05-14 00:00:00,2020-05-14 14:55:13,Q1,5783000.0,737000.0,5046000.0,0.8725574961092858,0.0,1859000.0,0.0,0.0,4252000.0,4989000.0,51000.0,0.0,1678000.0,0.29016081618537093,794000.0,0.13729897976828637,1357000.0,2100000.0,0.3631333218052914,601000.0,1618000.0,0.27978557841950547,0.17,0.16,9803000.0,9833000.0,https://www.sec.gov/Archives/edgar/data/844059/000084405920000022/0000844059-20-000022-index.htm,https://www.sec.gov/Archives/edgar/data/844059/000084405920000022/frphmarq20.htm,1620592256,16:30:56,20210509
4,2019-12-31,FRPH,USD,2020-03-12,2020-03-12 16:45:05,Q4,5796000.0,735000.0,5061000.0,0.8731884057971014,0.0,1270000.0,0.0,0.0,4125000.0,4860000.0,65000.0,0.0,1787000.0,0.3083160800552105,936000.0,0.16149068322981366,1889000.0,2760000.0,0.47619047619047616,433000.0,2453000.0,0.42322291235334714,0.25022952157502804,0.25022952157502804,9803000.0,9803000.0,https://www.sec.gov/Archives/edgar/data/844059/000084405920000010/0000844059-20-000010-index.htm,https://www.sec.gov/Archives/edgar/data/844059/000084405920000010/frph10k19.htm,1620592256,16:30:56,20210509
5,2019-09-30,FRPH,USD,2019-11-08 00:00:00,2019-11-08 14:28:06,Q3,5883000.0,740000.0,5143000.0,0.8742138364779874,0.0,1402000.0,0.0,0.0,3785000.0,4525000.0,129000.0,0.0,2165000.0,0.36800951895291517,1358000.0,0.23083460819309876,1399000.0,2628000.0,0.4467108618052014,726000.0,2001000.0,0.34013258541560426,0.20329167936604695,0.2024074448715355,9843000.0,9886000.0,https://www.sec.gov/Archives/edgar/data/844059/000084405919000013/0000844059-19-000013-index.html,https://www.sec.gov/Archives/edgar/data/844059/000084405919000013/frphsepq19.htm,1620592256,16:30:56,20210509
6,2019-06-30,FRPH,USD,2019-08-08,2019-08-08 10:12:32,Q2,6363000.0,713000.0,5650000.0,0.8879459374508879,0.0,1161000.0,0.0,0.0,3543000.0,4256000.0,272000.0,0.0,3366000.0,0.5289957567185289,2107000.0,0.3311331133113311,2248000.0,4083000.0,0.6416784535596417,1131000.0,9825000.0,1.544082979726544,0.9909228441754917,0.9864457831325302,9915000.0,9960000.0,https://www.sec.gov/Archives/edgar/data/844059/000084405919000010/frphjunq19.htm,https://www.sec.gov/Archives/edgar/data/844059/000084405919000010/frphjunq19.htm,1620592256,16:30:56,20210509
7,2019-03-31,FRPH,USD,2019-05-09 00:00:00,2019-05-09 15:49:51,Q1,5714000.0,753000.0,4961000.0,0.8682184109205461,0.0,1237000.0,0.0,0.0,3606000.0,4359000.0,588000.0,0.0,2642000.0,0.4623731186559328,1355000.0,0.23713685684284214,1546000.0,2313000.0,0.4047952397619881,672000.0,1898000.0,0.3321666083304165,0.19071543408360128,0.18987595038015206,9952000.0,9996000.0,https://www.sec.gov/Archives/edgar/data/844059/000084405919000005/0000844059-19-000005-index.html,https://www.sec.gov/Archives/edgar/data/844059/000084405919000005/frphmarq19.htm,1620592256,16:30:56,20210509
8,2018-12-31,FRPH,USD,2019-03-15 00:00:00,2019-03-15 15:50:48,Q4,5652000.0,676000.0,4976000.0,0.8803963198867657,0.0,1441000.0,0.0,0.0,4323000.0,4999000.0,685000.0,0.0,338000.0,0.05980184005661713,653000.0,0.11553432413305025,2663000.0,756000.0,0.1337579617834395,255000.0,706000.0,0.12491153573956122,0.07094051446945338,0.07094051446945338,9952000.0,9952000.0,https://www.sec.gov/Archives/edgar/data/844059/000084405919000003/0000844059-19-000003-index.html,https://www.sec.gov/Archives/edgar/data/844059/000084405919000003/frph10k18.htm,1620592256,16:30:56,20210509
9,2018-09-30,FRPH,USD,2018-11-08 00:00:00,2018-11-08 16:31:39,Q3,5742000.0,663000.0,5079000.0,0.8845350052246604,0.0,1072000.0,0.0,0.0,3411000.0,4074000.0,768000.0,0.0,5187000.0,0.9033437826541275,1668000.0,0.290491118077325,-16000.0,2538000.0,0.44200626959247646,508000.0,2224000.0,0.38732149076976663,0.22102961637845359,0.21943759250123335,10062000.0,10135000.0,https://www.sec.gov/Archives/edgar/data/844059/000084405918000020/0000844059-18-000020-index.html,https://www.sec.gov/Archives/edgar/data/844059/000084405918000020/frphsepq18.htm,1620592256,16:30:56,20210509
10,2018-06-30,FRPH,USD,2018-08-09 00:00:00,2018-08-08 18:01:49,Q2,5553000.0,611000.0,4942000.0,0.8899693859175221,0.0,2164000.0,0.0,0.0,5398000.0,6009000.0,807000.0,0.0,1880000.0,0.33855573563839364,-456000.0,-0.08211777417612101,-11000.0,-1058000.0,-0.1905276427156492,-179000.0,119982000.0,21.606699081577524,11.96,11.87,10033000.0,10109000.0,https://www.sec.gov/Archives/edgar/data/844059/000084405918000015/0000844059-18-000015-index.html,https://www.sec.gov/Archives/edgar/data/844059/000084405918000015/frphjunq18.htm,1620592256,16:30:56,20210509
11,2018-03-31,FRPH,USD,2018-05-10 00:00:00,2018-05-10 12:38:57,Q1,12622000.0,1473000.0,11149000.0,0.8832990017429885,0.0,1965000.0,0.0,0.0,8291000.0,9764000.0,1243000.0,0.0,7281000.0,0.5768499445412771,2858000.0,0.22643004278244336,-12000.0,1608000.0,0.12739660909523054,579000.0,1560000.0,0.12359372524164158,0.16,0.15,10015000.0,10085000.0,https://www.sec.gov/Archives/edgar/data/844059/000084405918000011/0000844059-18-000011-index.html,https://www.sec.gov/Archives/edgar/data/844059/000084405918000011/frphmarq18.htm,1620592256,16:30:56,20210509
12,2017-12-31,FRPH,USD,2018-03-16 00:00:00,2018-03-16 16:02:30,Q4,12455000.0,1432000.0,11023000.0,0.8850260939381774,0.0,1395000.0,0.0,0.0,7636000.0,9068000.0,2453000.0,0.0,8741000.0,0.7018065034122842,3387000.0,0.27193898032918506,-9000.0,925000.0,0.07426736250501806,-11286000.0,13203000.0,1.0600562023283822,1.3183225162256615,1.3183225162256615,10015000.0,10015000.0,https://www.sec.gov/Archives/edgar/data/844059/000084405918000005/0000844059-18-000005-index.html,https://www.sec.gov/Archives/edgar/data/844059/000084405918000005/frph10k17.htm,1620592256,16:30:56,20210509
13,2017-09-30,FRPH,USD,2017-11-09 00:00:00,2017-11-09 10:13:58,Q3,12054000.0,1401000.0,10653000.0,0.8837730214036834,0.0,1177000.0,0.0,0.0,7825000.0,9226000.0,1251000.0,0.0,67842000.0,5.6281732205077155,2828000.0,0.2346109175377468,60184000.0,61761000.0,5.123693379790941,16577000.0,25391000.0,2.1064376970300316,2.54,2.52,10004000.0,10066000.0,https://www.sec.gov/Archives/edgar/data/844059/000084405917000012/0000844059-17-000012-index.html,https://www.sec.gov/Archives/edgar/data/844059/000084405917000012/frphsepq17.htm,1620592256,16:30:56,20210509
14,2017-06-30,FRPH,USD,2017-08-08 00:00:00,2017-08-08 16:38:55,Q2,9360000.0,1129000.0,8231000.0,0.8793803418803419,0.0,1041000.0,0.0,0.0,4245000.0,5374000.0,371000.0,0.0,5442000.0,0.5814102564102565,3986000.0,0.42585470085470084,-806000.0,2809000.0,0.3001068376068376,1096000.0,1713000.0,0.1830128205128205,0.1719016557952835,0.17065152420800955,9965000.0,10038000.0,https://www.sec.gov/Archives/edgar/data/844059/000084405917000010/0000844059-17-000010-index.html,https://www.sec.gov/Archives/edgar/data/844059/000084405917000010/frphjunq17.htm,1620592256,16:30:56,20210509
15,2017-03-31,FRPH,USD,2017-05-05 00:00:00,2017-05-05 12:25:41,Q1,9322000.0,1062000.0,8260000.0,0.8860759493670886,0.0,1796000.0,0.0,0.0,4856000.0,5918000.0,248000.0,0.0,4769000.0,0.5115854966745333,3404000.0,0.3651576914825145,-771000.0,2385000.0,0.2558463848959451,942000.0,1443000.0,0.15479510834584853,0.15,0.14,9931000.0,10001000.0,https://www.sec.gov/Archives/edgar/data/844059/000084405917000005/0000844059-17-000005-index.html,https://www.sec.gov/Archives/edgar/data/844059/000084405917000005/frphmarq17.htm,1620592256,16:30:56,20210509
16,2016-12-31,FRPH,USD,2017-02-09,2017-02-09 16:29:09,Q4,9512000.0,1089000.0,8423000.0,0.8855130361648444,0.0,1330000.0,0.0,0.0,4419000.0,5508000.0,306000.0,0.0,5056000.0,0.5315391084945332,4004000.0,0.42094196804037004,-1119000.0,2579000.0,0.2711312026913373,897000.0,1682000.0,0.17682926829268292,0.17026014778823767,0.16950518996271288,9879000.0,9923000.0,https://www.sec.gov/Archives/edgar/data/844059/000084405917000003/frphdecq17.htm,https://www.sec.gov/Archives/edgar/data/844059/000084405917000003/frphdecq17.htm,1620592256,16:30:56,20210509
17,2016-09-30,FRPH,USD,2016-12-12 00:00:00,2016-12-12 16:31:50,Q3,9776000.0,1087000.0,8689000.0,0.8888093289689034,0.0,1075000.0,0.0,0.0,4381000.0,5468000.0,273000.0,0.0,5876000.0,0.601063829787234,4308000.0,0.440671031096563,-800000.0,3235000.0,0.3309124386252046,1278000.0,1957000.0,0.20018412438625205,0.19809697337787224,0.19809697337787224,9879000.0,9879000.0,https://www.sec.gov/Archives/edgar/data/844059/000084405916000041/0000844059-16-000041-index.html,https://www.sec.gov/Archives/edgar/data/844059/000084405916000041/frph10k16.htm,1620592256,16:30:56,20210509
18,2016-06-30,FRPH,USD,2016-08-05,2016-08-05 09:42:09,Q2,9243000.0,1128000.0,8115000.0,0.8779617007465109,0.0,1109000.0,0.0,0.0,6149000.0,7277000.0,392000.0,0.0,3891000.0,0.4209672184355729,1966000.0,0.21270150384074435,-295000.0,1279000.0,0.1383749864762523,505000.0,774000.0,0.08373904576436222,0.07846715328467153,0.07812657716765924,9864000.0,9907000.0,https://www.sec.gov/Archives/edgar/data/844059/000084405916000038/frphjunq16.htm,https://www.sec.gov/Archives/edgar/data/844059/000084405916000038/frphjunq16.htm,1620592256,16:30:56,20210509
19,2016-03-31,FRPH,USD,2016-05-05 00:00:00,2016-05-05 09:40:39,Q1,9615000.0,1142000.0,8473000.0,0.8812272490899636,0.0,1504000.0,0.0,0.0,4964000.0,6106000.0,415000.0,0.0,5422000.0,0.5639105564222568,3509000.0,0.36495059802392094,-86000.0,3009000.0,0.31294851794071765,1189000.0,1820000.0,0.1892875715028601,0.18471531513244696,0.18396846254927726,9853000.0,9893000.0,https://www.sec.gov/Archives/edgar/data/844059/000084405916000033/0000844059-16-000033-index.html,https://www.sec.gov/Archives/edgar/data/844059/000084405916000033/frphmarq16.htm,1620592256,16:30:56,20210509
20,2015-12-31,FRPH,USD,2016-02-05 00:00:00,2016-02-05 10:25:23,Q4,8823000.0,1118000.0,7705000.0,0.873285730477162,0.0,1236000.0,0.0,0.0,1105000.0,2223000.0,481000.0,0.0,8506000.0,0.9640711776039895,6600000.0,0.7480448826929615,6232000.0,12352000.0,1.3999773319732518,4879000.0,7473000.0,0.846990819449167,0.7623954295041828,0.7584492032883385,9802000.0,9853000.0,https://www.sec.gov/Archives/edgar/data/844059/000084405916000028/0000844059-16-000028-index.html,https://www.sec.gov/Archives/edgar/data/844059/000084405916000028/frphdecq16.htm,1620592256,16:30:56,20210509
21,2015-09-30,FRPH,USD,2015-12-11 00:00:00,2015-12-11 16:21:24,Q3,8899000.0,1120000.0,7779000.0,0.8741431621530509,0.0,1057000.0,0.0,0.0,3991000.0,5111000.0,490000.0,0.0,5768000.0,0.6481627149117879,3788000.0,0.4256658051466457,96000.0,3394000.0,0.3813911675469154,1323000.0,2071000.0,0.23272277784020676,0.21128341154866354,0.21128341154866354,9802000.0,9802000.0,https://www.sec.gov/Archives/edgar/data/844059/000084405915000024/0000844059-15-000024-index.html,https://www.sec.gov/Archives/edgar/data/844059/000084405915000024/frph10k15.htm,1620592256,16:30:56,20210509
22,2015-06-30,FRPH,USD,2015-08-06 00:00:00,2015-08-06 13:13:41,Q2,8497000.0,994000.0,7503000.0,0.8830175356008003,0.0,991000.0,0.0,0.0,3614000.0,4608000.0,459000.0,0.0,5626000.0,0.6621160409556314,3889000.0,0.4576909497469695,-75000.0,3355000.0,0.3948452394962928,1308000.0,2047000.0,0.2409085559609274,0.2093689270737445,0.20804959853643662,9777000.0,9839000.0,https://www.sec.gov/Archives/edgar/data/844059/000084405915000020/0000844059-15-000020-index.html,https://www.sec.gov/Archives/edgar/data/844059/000084405915000020/frph10qjun15.htm,1620592256,16:30:56,20210509
23,2015-03-31,FRPH,USD,2015-05-08 00:00:00,2015-05-08 16:57:51,Q1,8948000.0,1234000.0,7714000.0,0.8620920876173447,0.0,1922000.0,0.0,0.0,5555000.0,6789000.0,620000.0,0.0,3887000.0,0.4343987483236477,2159000.0,0.24128296826106393,-153000.0,1386000.0,0.1548949485918641,541000.0,1361000.0,0.15210102816271792,0.13960406195507233,0.13862293746180485,9749000.0,9818000.0,https://www.sec.gov/Archives/edgar/data/844059/000084405915000010/0000844059-15-000010-index.html,https://www.sec.gov/Archives/edgar/data/844059/000084405915000010/frphmarq15.htm,1620592256,16:30:56,20210509
24,2014-12-31,FRPH,USD,2015-02-05,2015-02-05 11:12:07,Q4,40019000.0,34603000.0,5416000.0,0.1353357155351208,0.0,0.0,0.0,0.0,318000.0,34921000.0,472000.0,0.0,9316000.0,0.23278942502311403,5098000.0,0.1273894899922537,-47000.0,4579000.0,0.1144206501911592,1786000.0,2793000.0,0.0697918488717859,0.29,0.29,9771000.0,9771000.0,https://www.sec.gov/Archives/edgar/data/844059/000084405915000005/frphdecq15.htm,https://www.sec.gov/Archives/edgar/data/844059/000084405915000005/frphdecq15.htm,1620592256,16:30:56,20210509
25,2014-09-30,FRPH,USD,2014-12-08 00:00:00,2014-12-08 15:46:05,Q3,40165000.0,35120000.0,5045000.0,0.1256068716544255,0.0,0.0,0.0,0.0,277000.0,35397000.0,380000.0,0.0,8885000.0,0.22121249844391883,4768000.0,0.11871031993028756,-88000.0,4329000.0,0.10778040582596789,1839000.0,2490000.0,0.06199427362131209,0.25483573840957935,0.25483573840957935,9771000.0,9771000.0,https://www.sec.gov/Archives/edgar/data/844059/000084405914000023/0000844059-14-000023-index.html,https://www.sec.gov/Archives/edgar/data/844059/000084405914000023/patr10k14.htm,1620592256,16:30:56,20210509
26,2014-06-30,FRPH,USD,2014-08-06 00:00:00,2014-08-06 11:42:03,Q2,41248000.0,35359000.0,5889000.0,0.14277055857253684,0.0,0.0,0.0,0.0,159000.0,35518000.0,438000.0,0.0,9773000.0,0.23693269976726145,5730000.0,0.13891582622187743,421000.0,5713000.0,0.13850368502715282,2228000.0,3485000.0,0.0844889449185415,0.36110247642731325,0.3586128833093229,9651000.0,9718000.0,https://www.sec.gov/Archives/edgar/data/844059/000084405914000012/0000844059-14-000012-index.html,https://www.sec.gov/Archives/edgar/data/844059/000084405914000012/patrjunq14.htm,1620592256,16:30:56,20210509
27,2014-03-31,FRPH,USD,2014-05-07 00:00:00,2014-05-07 12:50:19,Q1,39907000.0,35937000.0,3970000.0,0.09948129400856992,0.0,0.0,0.0,0.0,824000.0,36761000.0,346000.0,0.0,7283000.0,0.18249931089783747,3146000.0,0.07883328739318916,-9000.0,2791000.0,0.06993760493146566,1088000.0,1703000.0,0.042674217555817275,0.17704543091797484,0.17544040383228598,9619000.0,9707000.0,https://www.sec.gov/Archives/edgar/data/844059/000084405914000007/0000844059-14-000007-index.html,https://www.sec.gov/Archives/edgar/data/844059/000084405914000007/patrmarq14.htm,1620592256,16:30:56,20210509
28,2013-12-31,FRPH,USD,2014-02-03,2014-02-03 16:53:05,Q4,38820000.0,34342000.0,4478000.0,0.11535291087068521,0.0,0.0,0.0,0.0,354000.0,34696000.0,311000.0,0.0,7868000.0,0.20267903142709942,4124000.0,0.10623390005151984,24000.0,3838000.0,0.09886656362699639,1497000.0,2341000.0,0.06030396702730551,0.24466973244147158,0.24198883605540625,9568000.0,9674000.0,https://www.sec.gov/Archives/edgar/data/844059/000084405914000003/patrdecq14.htm,https://www.sec.gov/Archives/edgar/data/844059/000084405914000003/patrdecq14.htm,1620592256,16:30:56,20210509
29,2013-09-30,FRPH,USD,2013-12-04 00:00:00,2013-12-04 13:48:18,Q3,37141000.0,31368000.0,5773000.0,0.15543469481166367,0.0,0.0,0.0,0.0,125000.0,31493000.0,375000.0,0.0,9319000.0,0.2509086992811179,5648000.0,0.15206914191863438,6184000.0,11458000.0,0.3085000403866347,4469000.0,6989000.0,0.18817479335505236,0.7304556856187291,0.7304556856187291,9568000.0,9568000.0,https://www.sec.gov/Archives/edgar/data/844059/000084405913000021/0000844059-13-000021-index.html,https://www.sec.gov/Archives/edgar/data/844059/000084405913000021/patr10k13.htm,1620592256,16:30:56,20210509
30,2013-06-30,FRPH,USD,2013-08-07 00:00:00,2013-08-07 13:09:42,Q2,35708000.0,29434000.0,6274000.0,0.17570292371457377,0.0,0.0,0.0,0.0,204000.0,29638000.0,1137000.0,0.0,9683000.0,0.2711717262238154,6070000.0,0.16998991822560772,-11000.0,4922000.0,0.1378402598857399,1920000.0,3002000.0,0.084070796460177,0.31437846894962823,0.3118961038961039,9549000.0,9625000.0,https://www.sec.gov/Archives/edgar/data/844059/000084405913000018/0000844059-13-000018-index.html,https://www.sec.gov/Archives/edgar/data/844059/000084405913000018/patrjunq13.htm,1620592256,16:30:56,20210509
31,2013-03-31,FRPH,USD,2013-05-01 00:00:00,2013-05-01 13:11:06,Q1,33868000.0,28891000.0,4977000.0,0.1469528758710287,0.0,0.0,0.0,0.0,669000.0,29560000.0,580000.0,0.0,7769000.0,0.22939057517420575,4308000.0,0.12719971654659265,-11000.0,3722000.0,0.10989724813983702,1451000.0,2271000.0,0.06705444667532774,0.23837514432665058,0.23658714449421814,9527000.0,9599000.0,https://www.sec.gov/Archives/edgar/data/844059/000084405913000009/0000844059-13-000009-index.html,https://www.sec.gov/Archives/edgar/data/844059/000084405913000009/patrmarq13.htm,1620592256,16:30:56,20210509
32,2012-12-31,FRPH,USD,2013-02-06 00:00:00,2013-02-06 10:24:12,Q4,33057000.0,28386000.0,4671000.0,0.14130138851075416,0.0,0.0,0.0,0.0,263000.0,28649000.0,428000.0,0.0,7703000.0,0.2330217503100705,4408000.0,0.13334543364491636,1108000.0,5120000.0,0.15488398826269775,1997000.0,3123000.0,0.09447318268445412,0.33040626322471434,0.32704995287464655,9452000.0,9549000.0,https://www.sec.gov/Archives/edgar/data/844059/000084405913000005/0000844059-13-000005-index.html,https://www.sec.gov/Archives/edgar/data/844059/000084405913000005/patrdecq13.txt,1620592256,16:30:56,20210509
33,2012-09-30,FRPH,USD,2012-12-06 00:00:00,2012-12-06 17:04:52,Q3,32799000.0,30247000.0,2552000.0,0.07780725022104333,0.0,0.0,0.0,0.0,0.0,30247000.0,503000.0,0.0,6059000.0,0.18473124180615264,2552000.0,0.07780725022104333,0.0,2064000.0,0.06292874782767767,793000.0,1357000.0,0.04137321259794506,0.14356749894202286,0.14356749894202286,9452000.0,9452000.0,https://www.sec.gov/Archives/edgar/data/844059/000084405912000019/0000844059-12-000019-index.html,https://www.sec.gov/Archives/edgar/data/844059/000084405912000019/patr10k12.txt,1620592256,16:30:56,20210509
34,2012-06-30,FRPH,USD,2012-08-01 00:00:00,2012-08-01 14:29:59,Q2,33030000.0,28139000.0,4891000.0,0.14807750529821376,0.0,0.0,0.0,0.0,28000000.0,28139000.0,547000.0,0.0,8087000.0,0.2448380260369361,4891000.0,0.14807750529821376,0.0,4344000.0,0.13151680290644868,1668000.0,2684000.0,0.08125946109597336,0.29,0.28,9382000.0,9482000.0,https://www.sec.gov/Archives/edgar/data/844059/000084405912000014/0000844059-12-000014-index.html,https://www.sec.gov/Archives/edgar/data/844059/000084405912000014/patrjunq12.txt,1620592256,16:30:56,20210509
35,2012-03-31,FRPH,USD,2012-03-31,2012-03-31,Q1,31326000.0,27882000.0,3444000.0,0.10994062440145566,0.0,0.0,0.0,0.0,28000000.0,27882000.0,794000.0,0.0,6678000.0,0.21317755219306647,3444000.0,0.10994062440145566,-1000.0,2661000.0,0.08494541275617698,1022000.0,1643000.0,0.05244844538083381,0.18,0.17,9353000.0,9471000.0,updating...,,1620592256,16:30:56,20210509
36,2011-12-31,FRPH,USD,2012-02-01 00:00:00,2012-02-01 15:24:05,Q4,30359000.0,27145000.0,3214000.0,0.10586646463981027,0.0,0.0,0.0,0.0,0.0,27145000.0,804000.0,0.0,6299000.0,0.2074837774630258,3214000.0,0.10586646463981027,1032000.0,3451000.0,0.11367304588425178,1326000.0,2124000.0,0.06996277874765308,0.2286329386437029,0.22542984504351518,9290000.0,9422000.0,https://www.sec.gov/Archives/edgar/data/844059/000084405912000004/0000844059-12-000004-index.html,https://www.sec.gov/Archives/edgar/data/844059/000084405912000004/patrdecq12.txt,1620592256,16:30:56,20210509
37,2011-09-30,FRPH,USD,2011-12-08 00:00:00,2011-12-08 13:37:41,Q3,31306000.0,27750000.0,3556000.0,0.1135884494984987,0.0,0.0,0.0,0.0,0.0,27750000.0,813000.0,0.0,6649000.0,0.21238740177601736,3556000.0,0.1135884494984987,-23000.0,2752000.0,0.08790647160288763,1095000.0,1754000.0,0.05602759854341021,0.18880516684607104,0.18880516684607104,9290000.0,9290000.0,https://www.sec.gov/Archives/edgar/data/844059/000084405911000015/0000844059-11-000015-index.html,https://www.sec.gov/Archives/edgar/data/844059/000084405911000015/patr10k11.txt,1620592256,16:30:56,20210509
38,2011-06-30,FRPH,USD,2011-08-03 00:00:00,2011-08-03 12:01:58,Q2,31947000.0,27506000.0,4441000.0,0.13901148777663005,0.0,0.0,0.0,0.0,28000000.0,27506000.0,789000.0,0.0,7462000.0,0.2335743575296585,4441000.0,0.13901148777663005,-14000.0,3708000.0,0.11606723636022162,1349000.0,2379000.0,0.07446708611137196,0.26,0.25,9291000.0,9443000.0,https://www.sec.gov/Archives/edgar/data/844059/000084405911000008/0000844059-11-000008-index.html,https://www.sec.gov/Archives/edgar/data/844059/000084405911000008/patrjunq11.txt,1620592256,16:30:56,20210509
39,2011-03-31,FRPH,USD,2011-05-04 00:00:00,2011-05-04 13:16:53,Q1,28590000.0,25406000.0,3184000.0,0.11136761105281567,0.0,0.0,0.0,0.0,25000000.0,25406000.0,838000.0,0.0,6234000.0,0.2180482686253935,3184000.0,0.11136761105281567,-2000.0,2443000.0,0.08544945785239594,938000.0,1683000.0,0.05886673662119622,0.1815142364106989,0.1780387178673437,9272000.0,9453000.0,https://www.sec.gov/Archives/edgar/data/844059/000084405911000004/0000844059-11-000004-index.html,https://www.sec.gov/Archives/edgar/data/844059/000084405911000004/patrmarq11.txt,1620592256,16:30:56,20210509
40,2010-12-31,FRPH,USD,2010-12-31,2010-12-31,Q4,28263000.0,25075000.0,3188000.0,0.11279765063864416,0.0,0.0,0.0,0.0,0.0,25075000.0,906000.0,0.0,6498000.0,0.22991189894915615,3188000.0,0.11279765063864416,0.0,2384000.0,0.08435056434207268,916000.0,6395000.0,0.22626755829175954,0.69,0.68,9273000.0,9459999.0,,,1620592256,16:30:56,20210509
41,2010-09-30,FRPH,USD,2010-12-03 00:00:00,2010-12-03 13:03:25,Q3,27970000.0,24057000.0,3913000.0,0.1398998927422238,0.0,0.0,0.0,0.0,0.0,24057000.0,940000.0,0.0,6879000.0,0.24594208080085805,3913000.0,0.1398998927422238,0.0,3079000.0,0.11008223096174473,1183000.0,1994000.0,0.07129066857347158,0.21503289118947483,0.21503289118947483,9273000.0,9273000.0,https://www.sec.gov/Archives/edgar/data/844059/000084405910000012/0000844059-10-000012-index.html,https://www.sec.gov/Archives/edgar/data/844059/000084405910000012/patr10k10.txt,1620592256,16:30:56,20210509
42,2010-06-30,FRPH,USD,2010-08-04 00:00:00,2010-08-04 13:12:20,Q2,28358000.0,23877000.0,4481000.0,0.15801537485013048,0.0,0.0,0.0,0.0,24000000.0,23877000.0,966000.0,0.0,7458000.0,0.2629945694336695,4481000.0,0.15801537485013048,0.0,3621000.0,0.12768883560194655,1121000.0,2599000.0,0.09164962268143029,0.283333,0.276667,9183000.0,9426000.0,https://www.sec.gov/Archives/edgar/data/844059/000084405910000009/0000844059-10-000009-index.html,https://www.sec.gov/Archives/edgar/data/844059/000084405910000009/patrjunq10.txt,1620592256,16:30:56,20210509
43,2010-03-31,FRPH,USD,2010-05-05 00:00:00,2010-05-05 15:10:54,Q1,27510000.0,24443000.0,3067000.0,0.11148673209741912,0.0,0.0,0.0,0.0,24000000.0,24443000.0,996000.0,0.0,6042000.0,0.21962922573609597,3067000.0,0.11148673209741912,-1000.0,2189000.0,0.07957106506724827,841000.0,1442000.0,0.052417302798982185,0.156667,0.153333,9174000.0,9426000.0,https://www.sec.gov/Archives/edgar/data/844059/000084405910000006/0000844059-10-000006-index.html,https://www.sec.gov/Archives/edgar/data/844059/000084405910000006/patrmarq10.txt,1620592256,16:30:56,20210509
44,2009-12-31,FRPH,USD,2010-02-03 00:00:00,2010-02-03 17:16:17,Q4,27500000.0,21408000.0,6092000.0,0.22152727272727274,0.0,3050000.0,0.0,0.0,3050000.0,24458000.0,1026000.0,0.0,6077000.0,0.22098181818181817,3042000.0,0.11061818181818182,-1000.0,2130000.0,0.07745454545454546,818000.0,1336000.0,0.048581818181818184,0.146667,0.143333,9153000.0,9411000.0,https://www.sec.gov/Archives/edgar/data/844059/000084405910000002/0000844059-10-000002-index.html,https://www.sec.gov/Archives/edgar/data/844059/000084405910000002/patrdecq09.txt,1620592256,16:30:56,20210509
45,2009-09-30,FRPH,USD,2009-12-03 00:00:00,2009-12-03 11:24:58,Q3,27842000.0,19949000.0,7893000.0,0.2834925651892824,0.0,3641000.0,0.0,0.0,3641000.0,23590000.0,940000.0,0.0,8229000.0,0.29556066374542056,4252000.0,0.15271891387112996,-1000.0,3371000.0,0.12107607212125565,1315000.0,999000.0,0.035881043028518064,0.10914454277286136,0.10914454277286136,9153000.0,9153000.0,https://www.sec.gov/Archives/edgar/data/844059/000084405909000010/0000844059-09-000010-index.html,https://www.sec.gov/Archives/edgar/data/844059/000084405909000010/patr10k09.txt,1620592256,16:30:56,20210509
46,2009-06-30,FRPH,USD,2009-08-14 00:00:00,2009-08-13 19:39:55,Q2,28090000.0,20909000.0,7181000.0,0.25564257742969027,0.0,2894000.0,0.0,0.0,2894000.0,23803000.0,892000.0,0.0,5906000.0,0.21025275898896403,4287000.0,0.15261658953364188,0.0,3397000.0,0.12093271626913492,1184000.0,-402000.0,-0.014311142755428979,-0.04402102496714849,-0.042907460774895934,9132000.0,9369000.0,https://www.sec.gov/Archives/edgar/data/844059/000084405909000007/0000844059-09-000007-index.html,https://www.sec.gov/Archives/edgar/data/844059/000084405909000007/patrjunq09.txt,1620592256,16:30:56,20210509
47,2009-03-31,FRPH,USD,2009-05-06 00:00:00,2009-05-06 16:38:02,Q1,33231000.0,26575000.0,6656000.0,0.20029490535945352,0.0,3564000.0,0.0,0.0,3564000.0,30139000.0,784000.0,0.0,6997000.0,0.2105564081730914,3092000.0,0.09304565014594807,0.0,2311000.0,0.06954349854051939,902000.0,1409000.0,0.042400168517348256,0.153333,0.15,9117000.0,9306000.0,https://www.sec.gov/Archives/edgar/data/844059/000084405909000005/0000844059-09-000005-index.html,https://www.sec.gov/Archives/edgar/data/844059/000084405909000005/patrmarq09.txt,1620592256,16:30:56,20210509
48,2008-12-31,FRPH,USD,2009-02-06 00:00:00,2009-02-06 15:55:43,Q4,37932000.0,30768000.0,7164000.0,0.18886428345460296,0.0,3452000.0,0.0,0.0,3452000.0,34220000.0,866000.0,0.0,7733000.0,0.2038648107139091,3712000.0,0.09785932721712538,-5000.0,2866000.0,0.07555625856796372,1119000.0,1747000.0,0.046056100390171884,0.193333,0.186667,9099000.0,9324000.0,https://www.sec.gov/Archives/edgar/data/844059/000084405909000003/0000844059-09-000003-index.html,https://www.sec.gov/Archives/edgar/data/844059/000084405909000003/patrdecq08.txt,1620592256,16:30:56,20210509
49,2008-09-30,FRPH,USD,2008-12-05 00:00:00,2008-12-05 15:25:05,Q3,45700000.0,37508000.0,8192000.0,0.17925601750547046,0.0,3245000.0,0.0,0.0,3245000.0,40753000.0,450000.0,0.0,8870000.0,0.19409190371991247,4947000.0,0.10824945295404814,595000.0,5187000.0,0.11350109409190372,2024000.0,3163000.0,0.06921225382932167,0.34762061765029123,0.34762061765029123,9099000.0,9099000.0,https://www.sec.gov/Archives/edgar/data/844059/000084405908000010/0000844059-08-000010-index.html,https://www.sec.gov/Archives/edgar/data/844059/000084405908000010/patr10k08.txt,1620592256,16:30:56,20210509
50,2008-06-30,FRPH,USD,2008-08-08 00:00:00,2008-08-08 11:58:46,Q2,46061000.0,37433000.0,8628000.0,0.18731681900089012,0.0,3325000.0,0.0,0.0,3325000.0,40758000.0,1353000.0,0.0,9360000.0,0.20320878834588915,5303000.0,0.11512993638870193,-6000.0,4240000.0,0.09205184429343696,1466000.0,2774000.0,0.06022448492216843,0.306667,0.296667,9072000.0,9342000.0,https://www.sec.gov/Archives/edgar/data/844059/000084405908000008/0000844059-08-000008-index.html,https://www.sec.gov/Archives/edgar/data/844059/000084405908000008/patrjunq08.txt,1620592256,16:30:56,20210509
51,2008-03-31,FRPH,USD,2008-05-08 00:00:00,2008-05-08 14:01:32,Q1,41088000.0,35035000.0,6053000.0,0.14731795171339565,0.0,3655000.0,0.0,0.0,3655000.0,38690000.0,1368000.0,3597000.0,5995000.0,0.14590634735202493,2398000.0,0.05836253894080997,-4000.0,1192000.0,0.029010903426791277,566000.0,626000.0,0.015235591900311526,0.07,0.066667,9111000.0,9384000.0,https://www.sec.gov/Archives/edgar/data/844059/000084405908000006/0000844059-08-000006-index.html,https://www.sec.gov/Archives/edgar/data/844059/000084405908000006/patrmarq08.txt,1620592256,16:30:56,20210509
52,2007-12-31,FRPH,USD,2008-02-06,2008-02-06,Q4,39200000.0,32977000.0,6223000.0,0.15875,0.0,5387000.0,0.0,0.0,5387000.0,38364000.0,1380000.0,3549000.0,4385000.0,0.11186224489795918,836000.0,0.021326530612244897,-10000.0,-228000.0,-0.005816326530612245,-89000.0,-139000.0,-0.003545918367346939,-0.016667,-0.016667,9126000.0,9126000.0,https://www.sec.gov/Archives/edgar/data/844059/000084405908000002/0000844059-08-000002-index.htm,https://www.sec.gov/Archives/edgar/data/844059/000084405908000002/patrdecq07.txt,1620592256,16:30:56,20210509
53,2007-09-30,FRPH,USD,2007-12-07 00:00:00,2007-12-07 09:57:47,Q3,39371000.0,32640000.0,6731000.0,0.17096339945645272,0.0,2859000.0,0.0,0.0,2859000.0,35499000.0,1239000.0,3545000.0,7417000.0,0.1883873917350334,3872000.0,0.09834649869193061,-28000.0,2834000.0,0.07198191562317442,512000.0,2322000.0,0.05897741992837367,0.25443786982248523,0.25443786982248523,9126000.0,9126000.0,https://www.sec.gov/Archives/edgar/data/844059/000084405907000008/0000844059-07-000008-index.html,https://www.sec.gov/Archives/edgar/data/844059/000084405907000008/patr10k07.txt,1620592256,16:30:56,20210509
54,2007-06-30,FRPH,USD,2007-08-01 00:00:00,2007-08-01 17:11:18,Q2,39631000.0,31837000.0,7794000.0,0.1966642274986753,0.0,2933000.0,0.0,0.0,2933000.0,34770000.0,868000.0,3506000.0,8367000.0,0.2111226060407257,4861000.0,0.12265650627034393,-27000.0,3979000.0,0.10040120107996266,1553000.0,2426000.0,0.061214705659710836,0.266667,0.256667,9105000.0,9426000.0,https://www.sec.gov/Archives/edgar/data/844059/000084405907000006/0000844059-07-000006-index.html,https://www.sec.gov/Archives/edgar/data/844059/000084405907000006/patrjunq07.txt,1620592256,16:30:56,20210509
55,2007-03-31,FRPH,USD,2007-05-02 00:00:00,2007-05-02 11:25:16,Q1,38156000.0,29733000.0,8423000.0,0.22075165111646924,0.0,3205000.0,0.0,0.0,3205000.0,32938000.0,0.0,3552000.0,8770000.0,0.22984589579620504,5218000.0,0.13675437676905336,-101000.0,4261000.0,0.111673131355488,1664000.0,2597000.0,0.06806269000943495,0.286667,0.276667,9051000.0,9375000.0,https://www.sec.gov/Archives/edgar/data/844059/000084405907000004/0000844059-07-000004-index.html,https://www.sec.gov/Archives/edgar/data/844059/000084405907000004/patrmarq07.txt,1620592256,16:30:56,20210509
56,2006-12-31,FRPH,USD,2006-12-31,2006-12-31,Q4,37124000.0,29665000.0,7459000.0,0.20092123693567504,0.0,3058000.0,0.0,0.0,3058000.0,32723000.0,891000.0,3557000.0,7958000.0,0.2143626764357289,4401000.0,0.11854864777502425,0.0,3542000.0,0.0954099773731279,1382000.0,2160000.0,0.05818338541105484,0.24,0.23,8991000.0,9327000.0,,,1620592256,16:30:56,20210509
57,2006-09-30,FRPH,USD,2006-12-13,2006-12-13,Q3,38779000.0,30586000.0,8193000.0,0.21127414322184687,0.0,2888000.0,0.0,0.0,2888000.0,33474000.0,937000.0,3515000.0,8820000.0,0.2274426880528121,5305000.0,0.13680084581861315,0.0,4392000.0,0.11325717527527786,1761000.0,2631000.0,0.0678459991232368,0.29262595929262597,0.29262595929262597,8991000.0,8991000.0,https://www.sec.gov/Archives/edgar/data/844059/000084405906000009/0000844059-06-000009-index.htm,https://www.sec.gov/Archives/edgar/data/844059/000084405906000009/patr10k06.txt,1620592256,16:30:56,20210509
58,2006-06-30,FRPH,USD,2006-06-30,2006-06-30,Q2,37611000.0,30271000.0,7340000.0,0.1951556725426072,0.0,3286000.0,0.0,0.0,3286000.0,33557000.0,1036000.0,3352000.0,7406000.0,0.1969104783175135,4054000.0,0.10778761532530377,0.0,3046000.0,0.08098694530855335,1202000.0,1844000.0,0.049028209832229934,0.206667,0.196667,8955000.0,9315000.0,,,1620592256,16:30:56,20210509
59,2006-03-31,FRPH,USD,2006-05-04 00:00:00,2006-05-04 13:46:41,Q1,35561000.0,28724000.0,6837000.0,0.19226118500604594,0.0,3114000.0,0.0,0.0,3114000.0,31838000.0,1055000.0,3350000.0,7073000.0,0.19889766879446585,3723000.0,0.10469334383172577,0.0,2750000.0,0.07733190855150306,1045000.0,1705000.0,0.047945783301931895,0.19,0.186667,8916000.0,9210000.0,https://www.sec.gov/Archives/edgar/data/844059/000084405906000004/0000844059-06-000004-index.html,https://www.sec.gov/Archives/edgar/data/844059/000084405906000004/patrmarq06.txt,1620592256,16:30:56,20210509
60,2005-12-31,FRPH,USD,2005-12-31,2005-12-31,Q4,35423000.0,28641000.0,6782000.0,0.19145752759506535,0.0,2809000.0,0.0,0.0,2809000.0,31450000.0,927000.0,3293000.0,7266000.0,0.20512096660361911,3973000.0,0.11215876690285972,0.0,3061000.0,0.08641278265533693,1163000.0,1898000.0,0.05358100669056828,0.213333,0.206667,8895000.0,9198000.0,,,1620592256,16:30:56,20210509
61,2005-09-30,FRPH,USD,2005-12-29,2005-12-29,Q3,34587000.0,27986000.0,6601000.0,0.19085205424003238,0.0,2513000.0,0.0,0.0,2513000.0,30499000.0,0.0,3148000.0,7236000.0,0.20921155347384857,4088000.0,0.1181946974296701,0.0,3235000.0,0.09353225200219736,939000.0,2296000.0,0.0663833232139243,0.25812254075323215,0.25812254075323215,8895000.0,8895000.0,https://www.sec.gov/Archives/edgar/data/844059/000084405905000007/0000844059-05-000007-index.htm,https://www.sec.gov/Archives/edgar/data/844059/000084405905000007/patr10k05.txt,1620592256,16:30:56,20210509
62,2005-06-30,FRPH,USD,2005-06-30,2005-06-30,Q2,33061000.0,26254000.0,6807000.0,0.2058921387737818,0.0,2561000.0,0.0,0.0,2561000.0,28815000.0,785000.0,3112000.0,7358000.0,0.2225583013217991,4246000.0,0.12842926711230757,2000.0,3463000.0,0.10474577296512508,1351000.0,2112000.0,0.06388191524757267,0.236667,0.23,8874000.0,9120000.0,,,1620592256,16:30:56,20210509
63,2005-03-31,FRPH,USD,2005-03-31,2005-03-31,Q1,32014000.0,26345000.0,5669000.0,0.17707877803460986,0.0,2329000.0,0.0,0.0,2329000.0,28674000.0,812000.0,3124000.0,6464000.0,0.20191166364715438,3340000.0,0.10432935590679078,5000.0,2533000.0,0.07912163428500031,988000.0,1545000.0,0.04826013619041669,0.173333,0.17,8844000.0,9111000.0,,,1620592256,16:30:56,20210509
64,2004-12-31,FRPH,USD,2005-02-14,2005-02-14,Q4,31374000.0,25457000.0,5917000.0,0.18859565245107413,0.0,2400000.0,0.0,0.0,2400000.0,27857000.0,803000.0,3095000.0,6612000.0,0.2107477529164276,3517000.0,0.11209919041244343,0.0,2714000.0,0.08650474915535157,1058000.0,1656000.0,0.052782558806655194,0.186667,0.183333,8796000.0,9000000.0,https://www.sec.gov/Archives/edgar/data/844059/000084405905000004/0000844059-05-000004-index.htm,https://www.sec.gov/Archives/edgar/data/844059/000084405905000004/dec0410q.txt,1620592256,16:30:56,20210509
65,2004-09-30,FRPH,USD,2004-09-30,2004-09-30,Q3,30049000.0,23788000.0,6261000.0,0.20835967919065526,0.0,2402000.0,0.0,0.0,2402000.0,26190000.0,0.0,3057000.0,6916000.0,0.2301574095643782,3859000.0,0.1284235748277813,-3000.0,2895000.0,0.09634264035408832,1189000.0,1495000.0,0.049752071616359944,0.16996361982719418,0.16996361982719418,8796000.0,8796000.0,,,1620592256,16:30:56,20210509
66,2004-06-30,FRPH,USD,2004-06-30,2004-06-30,Q2,29670000.0,23681000.0,5989000.0,0.20185372430064039,0.0,2276000.0,0.0,0.0,2276000.0,25957000.0,915000.0,3021000.0,6734000.0,0.22696326255476912,3713000.0,0.1251432423323222,284000.0,3082000.0,0.10387596899224806,1169000.0,10954000.0,0.36919447253117627,1.246667,1.226667,8787000.0,8937000.0,,,1620592256,16:30:56,20210509
67,2004-03-31,FRPH,USD,2004-03-31,2004-03-31,Q1,28626000.0,23503000.0,5123000.0,0.17896318032557815,0.0,2155000.0,0.0,0.0,2155000.0,25658000.0,969000.0,3096000.0,6064000.0,0.2118353943967023,2968000.0,0.10368196744218543,95000.0,2094000.0,0.07315028295954726,774000.0,6975000.0,0.24365961014462376,0.793333,0.78,8793000.0,8937000.0,,,1620592256,16:30:56,20210509
68,2003-12-31,FRPH,USD,2003-12-31,2003-12-31,Q4,27888000.0,22524000.0,5364000.0,0.1923407917383821,0.0,2219000.0,0.0,0.0,2219000.0,24743000.0,985000.0,3056000.0,6201000.0,0.22235370051635112,3145000.0,0.11277251864601262,0.0,2160000.0,0.0774526678141136,842000.0,1318000.0,0.04726047045324154,0.15,0.146667,8799000.0,8949000.0,,,1620592256,16:30:56,20210509
69,2003-09-30,FRPH,USD,2003-09-30,2003-09-30,Q3,27157000.0,22453000.0,4704000.0,0.17321500902161505,0.0,2175000.0,0.0,0.0,2175000.0,24628000.0,869000.0,2993000.0,5522000.0,0.20333615642375816,2529000.0,0.0931251611002688,0.0,1660000.0,0.06112604485031484,228000.0,1669000.0,0.06145745111757558,0.1896806455279009,0.1896806455279009,8799000.0,8799000.0,,,1620592256,16:30:56,20210509
70,2003-06-30,FRPH,USD,2003-06-30,2003-06-30,Q2,27031000.0,21913000.0,5118000.0,0.18933816728940844,0.0,2018000.0,0.0,0.0,2018000.0,23931000.0,0.0,2970000.0,6070000.0,0.224556990122452,3100000.0,0.114683141578188,5000.0,2206000.0,0.08161000332951056,860000.0,1346000.0,0.049794680182013246,0.15,0.146667,9045000.0,9162000.0,,,1620592256,16:30:56,20210509
71,2003-03-31,FRPH,USD,2003-05-09,2003-05-09,Q1,25073000.0,21158000.0,3915000.0,0.1561440593467076,0.0,2010000.0,0.0,0.0,2010000.0,23168000.0,0.0,0.0,4903000.0,0.1955489969289674,1905000.0,0.07597814382004547,0.0,1019000.0,0.0406413273242133,397000.0,622000.0,0.024807561919195947,0.06791134403319139,0.06738164879211353,9159000.0,9231000.0,https://www.sec.gov/Archives/edgar/data/844059/000084405903000005/0000844059-03-000005-index.htm,https://www.sec.gov/Archives/edgar/data/844059/000084405903000005/patmarch.txt,1620592256,16:30:56,20210509
72,2002-12-31,FRPH,USD,2002-12-31,2002-12-31,Q4,24042000.0,19713000.0,4329000.0,0.180059895183429,0.0,1977000.0,0.0,0.0,1977000.0,21690000.0,839000.0,0.0,5322000.0,0.22136261542300972,2352000.0,0.09782879960069878,25000.0,1538000.0,0.06397138341236171,600000.0,938000.0,0.03901505698361201,0.09979785083519524,0.09907055344317701,9399000.0,9468000.0,,,1620592256,16:30:56,20210509
73,2002-09-30,FRPH,USD,2002-09-30,2002-09-30,Q3,25574000.0,20523000.0,5051000.0,0.19750527879878002,0.0,2265000.0,0.0,0.0,2265000.0,22788000.0,761000.0,2904000.0,5690000.0,0.22249159302416516,2786000.0,0.10893876593415187,-21000.0,2025000.0,0.07918198170016423,717000.0,1308000.0,0.051145694846328305,0.13916374082349187,0.13916374082349187,9399000.0,9399000.0,,,1620592256,16:30:56,20210509
74,2002-06-30,FRPH,USD,2002-06-30,2002-06-30,Q2,24876000.0,19418000.0,5458000.0,0.21940826499437208,0.0,2126000.0,0.0,0.0,2126000.0,21544000.0,803000.0,2698000.0,6030000.0,0.24240231548480462,3332000.0,0.1339443640456665,100000.0,2629000.0,0.10568419360025727,1052000.0,1577000.0,0.06339443640456666,0.16714361420243773,0.16540801342563458,9435000.0,9534000.0,,,1620592256,16:30:56,20210509
75,2002-03-31,FRPH,USD,2002-03-31,2002-03-31,Q1,23008000.0,18042000.0,4966000.0,0.21583796940194716,0.0,1794000.0,0.0,0.0,1794000.0,19836000.0,806000.0,2655000.0,5827000.0,0.253259735744089,3172000.0,0.13786509040333797,0.0,2373000.0,0.10313803894297635,949000.0,1424000.0,0.061891515994436715,0.15121588616332166,0.14983164983164984,9417000.0,9504000.0,,,1620592256,16:30:56,20210509
76,2001-12-31,FRPH,USD,2001-12-31,2001-12-31,Q4,23492000.0,18425000.0,5067000.0,0.21569044781202112,0.0,2044000.0,0.0,0.0,2044000.0,20469000.0,794000.0,2829000.0,5852000.0,0.24910607866507747,3023000.0,0.1286821045462285,0.0,2243000.0,0.09547931210624894,897000.0,1346000.0,0.057296100800272434,0.14288747346072186,0.14279652026310205,9420000.0,9426000.0,,,1620592256,16:30:56,20210509
77,2001-09-30,FRPH,USD,2001-12-21 00:00:00,2001-12-21 00:00:00,Q3,27514000.0,23520000.0,3994000.0,0.14516246274623829,0.0,3865000.0,0.0,0.0,3865000.0,27385000.0,750000.0,2772000.0,2901000.0,0.10543723195464128,129000.0,0.004688522206876499,0.0,-2221000.0,-0.0807225412517264,-888000.0,-1333000.0,-0.04844806280439049,-0.14150743099787685,-0.14150743099787685,9420000.0,9420000.0,https://www.sec.gov/Archives/edgar/data/844059/000084405901500007/0000844059-01-500007-index.html,https://www.sec.gov/Archives/edgar/data/844059/000084405901500007/pattext.txt,1620592256,16:30:56,20210509
78,2001-06-30,FRPH,USD,2001-08-14 00:00:00,2001-08-14 00:00:00,Q2,31652000.0,26414000.0,5238000.0,0.16548717300644508,0.0,2463000.0,0.0,0.0,2463000.0,28877000.0,853000.0,2942000.0,5717000.0,0.1806204979148237,2775000.0,0.08767218501200556,1000.0,1929000.0,0.06094401617591305,772000.0,1157000.0,0.03655377227347403,0.12282377919320595,0.12262851086380498,9420000.0,9435000.0,https://www.sec.gov/Archives/edgar/data/844059/000084405901500005/0000844059-01-500005-index.html,https://www.sec.gov/Archives/edgar/data/844059/000084405901500005/junepatriot.txt,1620592256,16:30:56,20210509
79,2001-03-31,FRPH,USD,2001-05-09 00:00:00,2001-05-09 00:00:00,Q1,31392000.0,25840000.0,5552000.0,0.17686034658511723,0.0,3440000.0,0.0,0.0,3440000.0,29280000.0,868000.0,2876000.0,4988000.0,0.1588939857288481,2112000.0,0.0672782874617737,-1000.0,1250000.0,0.039819062181447505,500000.0,750000.0,0.0238914373088685,0.07951653944020357,0.07944073721004132,9432000.0,9441000.0,https://www.sec.gov/Archives/edgar/data/844059/000084405901500003/0000844059-01-500003-index.html,https://www.sec.gov/Archives/edgar/data/844059/000084405901500003/patriotmarch.txt,1620592256,16:30:56,20210509
80,2000-12-31,FRPH,USD,2000-12-31,2000-12-31,Q4,30700000.0,23692000.0,7008000.0,0.22827361563517914,0.0,2542000.0,0.0,0.0,2542000.0,26234000.0,923000.0,2881000.0,7347000.0,0.23931596091205212,4466000.0,0.14547231270358307,0.0,3548000.0,0.1155700325732899,1419000.0,2129000.0,0.0693485342019544,0.22,0.22,9615000.0,9615000.0,,,1620592256,16:30:56,20210509
81,2000-09-30,FRPH,USD,2000-12-15 00:00:00,2000-12-15 00:00:00,Q3,27888000.0,23760000.0,4128000.0,0.14802065404475043,0.0,2939000.0,0.0,0.0,2939000.0,26699000.0,900000.0,2840000.0,4029000.0,0.1444707401032702,1189000.0,0.042634825014343083,3000.0,297000.0,0.010649741824440619,167000.0,130000.0,0.004661503155479059,0.013520540821632865,0.013520540821632865,9615000.0,9615000.0,https://www.sec.gov/Archives/edgar/data/844059/000084405900000006/0000844059-00-000006-index.html,https://www.sec.gov/Archives/edgar/data/844059/000084405900000006/0000844059-00-000006-0001.txt,1620592256,16:30:56,20210509
82,2000-06-30,FRPH,USD,2000-08-09 00:00:00,2000-08-09 00:00:00,Q2,24258000.0,19573000.0,4685000.0,0.19313216258553878,0.0,2334000.0,0.0,0.0,2334000.0,21907000.0,0.0,2840000.0,5191000.0,0.21399126061505483,2351000.0,0.09691648116085415,7000.0,1418000.0,0.05845494269931569,553000.0,865000.0,0.03565833951686042,0.08806760333944207,0.08777270421106037,9822000.0,9855000.0,https://www.sec.gov/Archives/edgar/data/844059/000084405900000005/0000844059-00-000005-index.html,https://www.sec.gov/Archives/edgar/data/844059/000084405900000005/0000844059-00-000005-0001.txt,1620592256,16:30:56,20210509
83,2000-03-31,FRPH,USD,2000-05-10 00:00:00,2000-05-10 00:00:00,Q1,21566000.0,17747000.0,3819000.0,0.17708429936010386,0.0,2164000.0,0.0,0.0,2164000.0,19911000.0,849000.0,2822000.0,4477000.0,0.20759528888064546,1655000.0,0.07674116665121024,-1000.0,818000.0,0.037930075118241674,319000.0,499000.0,0.023138273207827135,0.049800399201596804,0.04948923931369632,10020000.0,10083000.0,https://www.sec.gov/Archives/edgar/data/844059/000084405900000004/0000844059-00-000004-index.html,https://www.sec.gov/Archives/edgar/data/844059/0000844059-00-000004.txt,1620592256,16:30:56,20210509
84,1999-12-31,FRPH,USD,1999-12-31,1999-12-31,Q4,20150000.0,16543000.0,3607000.0,0.1790074441687345,0.0,1962000.0,0.0,0.0,1962000.0,18505000.0,0.0,2642000.0,4287000.0,0.21275434243176178,1645000.0,0.08163771712158809,0.0,902000.0,0.04476426799007444,352000.0,550000.0,0.02729528535980149,0.054466230936819175,0.05412853065643145,10098000.0,10161000.0,,,1620592256,16:30:56,20210509
85,1999-09-30,FRPH,USD,1999-09-30,1999-09-30,Q3,22119000.0,16425000.0,5694000.0,0.25742574257425743,0.0,1914000.0,0.0,0.0,-43686000.0,-27261000.0,657000.0,17365000.0,66745000.0,3.017541480175415,49380000.0,2.232469822324698,0.0,3093000.0,0.1398345313983453,1236000.0,1857000.0,0.08395497083954971,0.18389780154486038,0.18389780154486038,10098000.0,10098000.0,,,1620592256,16:30:56,20210509
86,1999-06-30,FRPH,USD,1999-06-30,1999-06-30,Q2,19900000.0,15500000.0,4400000.0,0.22110552763819097,0.0,1900000.0,0.0,0.0,17400000.0,32900000.0,0.0,-2500000.0,-15500000.0,-0.7788944723618091,-13000000.0,-0.6532663316582915,0.0,1800000.0,0.09045226130653267,700000.0,1100000.0,0.05527638190954774,0.10686874574953852,0.10618785597065354,10293000.0,10359000.0,,,1620592256,16:30:56,20210509
87,1999-03-31,FRPH,USD,1999-03-31,1999-03-31,Q1,21000000.0,15500000.0,5500000.0,0.2619047619047619,0.0,1700000.0,0.0,0.0,17200000.0,32700000.0,500000.0,-2500000.0,-14200000.0,-0.6761904761904762,-11700000.0,-0.5571428571428572,0.0,3300000.0,0.15714285714285714,1300000.0,2000000.0,0.09523809523809523,0.1929570670525808,0.19140587616039811,10365000.0,10449000.0,,,1620592256,16:30:56,20210509
88,1998-12-31,FRPH,USD,1998-12-31,1998-12-31,Q4,19000000.0,14600000.0,4400000.0,0.23157894736842105,0.0,2100000.0,0.0,0.0,16700000.0,31300000.0,600000.0,-2300000.0,-14600000.0,-0.7684210526315789,-12300000.0,-0.6473684210526316,0.0,1800000.0,0.09473684210526316,700000.0,1100000.0,0.05789473684210526,0.103333,0.1,10317000.0,10473000.0,,,1620592256,16:30:56,20210509
89,1998-09-30,FRPH,USD,1998-09-30,1998-09-30,Q3,19474000.0,15081000.0,4393000.0,0.2255828283865667,0.0,1868000.0,0.0,0.0,-40532000.0,-25451000.0,600000.0,15946000.0,60871000.0,3.1257574201499434,44925000.0,2.3069220499127043,0.0,1943000.0,0.09977405771798295,763000.0,1180000.0,0.060593611995481154,0.11437433362411553,0.11437433362411553,10317000.0,10317000.0,,,1620592256,16:30:56,20210509
90,1998-06-30,FRPH,USD,1998-06-30,1998-06-30,Q2,19000000.0,14700000.0,4300000.0,0.22631578947368422,0.0,1800000.0,0.0,0.0,16500000.0,31200000.0,0.0,-2300000.0,-14500000.0,-0.7631578947368421,-12200000.0,-0.6421052631578947,0.0,2000000.0,0.10526315789473684,800000.0,1200000.0,0.06315789473684211,0.11560693641618497,0.1142204454597373,10380000.0,10506000.0,,,1620592256,16:30:56,20210509
91,1998-03-31,FRPH,USD,1998-05-08,1998-05-08,Q1,17800000.0,14100000.0,3700000.0,0.20786516853932585,0.0,1700000.0,0.0,0.0,15800000.0,29900000.0,0.0,-2300000.0,-14400000.0,-0.8089887640449438,-12100000.0,-0.6797752808988764,0.0,1500000.0,0.08426966292134831,600000.0,900000.0,0.05056179775280899,0.093333,0.09,10323000.0,10467000.0,https://www.sec.gov/Archives/edgar/data/844059/0000844059-98-000004-index.html,https://www.sec.gov/Archives/edgar/data/844059/,1620592256,16:30:56,20210509
92,1997-12-31,FRPH,USD,1997-12-31,1997-12-31,Q4,17700000.0,13700000.0,4000000.0,0.22598870056497175,0.0,1500000.0,0.0,0.0,15200000.0,28900000.0,0.0,-2200000.0,-13400000.0,-0.7570621468926554,-11200000.0,-0.632768361581921,0.0,1900000.0,0.10734463276836158,700000.0,1200000.0,0.06779661016949153,0.113333,0.11,10317000.0,10473000.0,,,1620592256,16:30:56,20210509
93,1997-09-30,FRPH,USD,1997-09-30,1997-09-30,Q3,18644000.0,14436000.0,4208000.0,0.22570263891868697,0.0,1431000.0,0.0,0.0,-38069000.0,-23633000.0,0.0,14456000.0,56733000.0,3.0429628835013944,42277000.0,2.2675927912465137,0.0,2284000.0,0.12250590002145462,924000.0,1360000.0,0.07294571980261746,0.13182126587186196,0.13182126587186196,10317000.0,10317000.0,,,1620592256,16:30:56,20210509
94,1997-06-30,FRPH,USD,1997-06-30,1997-06-30,Q2,17500000.0,13500000.0,4000000.0,0.22857142857142856,0.0,1500000.0,0.0,0.0,15000000.0,28500000.0,500000.0,-2100000.0,-13100000.0,-0.7485714285714286,-11000000.0,-0.6285714285714286,0.0,2000000.0,0.11428571428571428,800000.0,1200000.0,0.06857142857142857,0.12,0.116667,10632000.0,10632000.0,,,1620592256,16:30:56,20210509
95,1997-03-31,FRPH,USD,1997-03-31,1997-03-31,Q1,16200000.0,13000000.0,3200000.0,0.19753086419753085,0.0,1500000.0,0.0,0.0,14500000.0,27500000.0,500000.0,-2000000.0,-13300000.0,-0.8209876543209876,-11300000.0,-0.6975308641975309,0.0,1300000.0,0.08024691358024691,500000.0,800000.0,0.04938271604938271,0.073333,0.073333,10734000.0,10734000.0,,,1620592256,16:30:56,20210509
96,1996-12-31,FRPH,USD,1996-12-31,1996-12-31,Q4,16400000.0,13000000.0,3400000.0,0.2073170731707317,0.0,1500000.0,0.0,0.0,14500000.0,27500000.0,500000.0,-2000000.0,-13100000.0,-0.7987804878048781,-11100000.0,-0.676829268292683,0.0,1300000.0,0.07926829268292683,500000.0,800000.0,0.04878048780487805,0.076667,0.076667,10770000.0,10770000.0,,,1620592256,16:30:56,20210509
97,1996-09-30,FRPH,USD,1996-12-23 00:00:00,1996-12-23 00:00:00,Q3,16403000.0,13088000.0,3315000.0,0.2020971773456075,0.0,1198000.0,0.0,0.0,-35502000.0,-22414000.0,534000.0,13367000.0,52184000.0,3.181369261720417,38817000.0,2.366457355361824,0.0,1727000.0,0.10528561848442358,662000.0,1065000.0,0.06492714747302322,0.0988857938718663,0.0988857938718663,10770000.0,10770000.0,https://www.sec.gov/Archives/edgar/data/844059/000084405996000008/0000844059-96-000008-index.html,https://www.sec.gov/Archives/edgar/data/844059/0000844059-96-000008.txt,1620592256,16:30:56,20210509
98,1996-06-30,FRPH,USD,1996-08-13 00:00:00,1996-08-13 00:00:00,Q2,16700000.0,12700000.0,4000000.0,0.23952095808383234,0.0,1500000.0,0.0,0.0,14200000.0,26900000.0,600000.0,-2000000.0,-12200000.0,-0.7305389221556886,-10200000.0,-0.6107784431137725,0.0,2000000.0,0.11976047904191617,800000.0,1200000.0,0.0718562874251497,0.11,0.11,10950000.0,10950000.0,https://www.sec.gov/Archives/edgar/data/844059/000084405996000005/0000844059-96-000005-index.html,https://www.sec.gov/Archives/edgar/data/844059/0000844059-96-000005.txt,1620592256,16:30:56,20210509
99,1996-03-31,FRPH,USD,1996-03-31,1996-03-31,Q1,15900000.0,12600000.0,3300000.0,0.20754716981132076,0.0,0.0,0.0,0.0,14100000.0,26700000.0,600000.0,-1900000.0,-12700000.0,-0.7987421383647799,-10800000.0,-0.6792452830188679,0.0,1300000.0,0.08176100628930817,500000.0,800000.0,0.050314465408805034,0.07,0.07,11154000.0,11154000.0,,,1620592256,16:30:56,20210509
100,1995-12-31,FRPH,USD,1995-12-31,1995-12-31,Q4,15300000.0,11500000.0,3800000.0,0.24836601307189543,0.0,0.0,0.0,0.0,13000000.0,24500000.0,500000.0,-1800000.0,-11000000.0,-0.7189542483660131,-9200000.0,-0.6013071895424836,0.0,1800000.0,0.11764705882352941,700000.0,1100000.0,0.0718954248366013,0.1,0.1,11298000.0,11298000.0,,,1620592256,16:30:56,20210509
101,1995-09-30,FRPH,USD,1995-09-30,1995-09-30,Q3,14900000.0,10800000.0,4100000.0,0.2751677852348993,0.0,0.0,0.0,0.0,12300000.0,23100000.0,500000.0,-1700000.0,-9900000.0,-0.6644295302013423,-8200000.0,-0.5503355704697986,0.0,1900000.0,0.12751677852348994,800000.0,1100000.0,0.0738255033557047,0.0,0.0,0.0,0.0,,,1620592256,16:30:56,20210509
102,1995-06-30,FRPH,USD,1995-06-30,1995-06-30,Q2,15400000.0,11400000.0,4000000.0,0.2597402597402597,0.0,0.0,0.0,0.0,12800000.0,24200000.0,600000.0,-1900000.0,-10700000.0,-0.6948051948051948,-8800000.0,-0.5714285714285714,0.0,2100000.0,0.13636363636363635,800000.0,1300000.0,0.08441558441558442,0.113333,0.113333,11436000.0,11436000.0,,,1620592256,16:30:56,20210509
103,1995-03-31,FRPH,USD,1995-03-31,1995-03-31,Q1,14500000.0,10400000.0,4100000.0,0.2827586206896552,0.0,0.0,0.0,0.0,11800000.0,22200000.0,400000.0,-1600000.0,-9300000.0,-0.6413793103448275,-7700000.0,-0.5310344827586206,0.0,2300000.0,0.15862068965517243,900000.0,1400000.0,0.09655172413793103,0.12,0.12,11610000.0,11610000.0,,,1620592256,16:30:56,20210509
104,1994-12-31,FRPH,USD,1994-12-31,1994-12-31,Q4,13500000.0,8400000.0,5100000.0,0.37777777777777777,0.0,0.0,0.0,0.0,5500000.0,13900000.0,400000.0,2100000.0,1700000.0,0.1259259259259259,-400000.0,-0.02962962962962963,0.0,1300000.0,0.0962962962962963,500000.0,800000.0,0.05925925925925926,0.066667,0.066667,12000000.0,12000000.0,,,1620592256,16:30:56,20210509
105,1994-09-30,FRPH,USD,1994-09-30,1994-09-30,Q3,13500000.0,8500000.0,5000000.0,0.37037037037037035,0.0,0.0,0.0,0.0,5300000.0,13800000.0,300000.0,1900000.0,1600000.0,0.11851851851851852,-300000.0,-0.022222222222222223,0.0,1500000.0,0.1111111111111111,600000.0,900000.0,0.06666666666666667,0.075,0.075,12000000.0,12000000.0,,,1620592256,16:30:56,20210509
106,1994-06-30,FRPH,USD,1994-06-30,1994-06-30,Q2,15100000.0,9600000.0,5500000.0,0.36423841059602646,0.0,0.0,0.0,0.0,4600000.0,14200000.0,300000.0,1700000.0,2600000.0,0.17218543046357615,900000.0,0.059602649006622516,0.0,2300000.0,0.152317880794702,900000.0,1400000.0,0.09271523178807947,0.116667,0.116667,12000000.0,12000000.0,,,1620592256,16:30:56,20210509
107,1994-03-31,FRPH,USD,1994-03-31,1994-03-31,Q1,13000000.0,10400000.0,2600000.0,0.2,0.0,0.0,0.0,0.0,1200000.0,11600000.0,300000.0,-1700000.0,-300000.0,-0.023076923076923078,1400000.0,0.1076923076923077,0.0,1000000.0,0.07692307692307693,400000.0,600000.0,0.046153846153846156,0.053333,0.053333,11250000.0,11250000.0,,,1620592256,16:30:56,20210509
108,1993-12-31,FRPH,USD,1993-12-31,1993-12-31,Q4,12300000.0,8000000.0,4300000.0,0.34959349593495936,0.0,0.0,0.0,0.0,2700000.0,10700000.0,200000.0,1600000.0,3200000.0,0.2601626016260163,1600000.0,0.13008130081300814,0.0,1300000.0,0.10569105691056911,500000.0,800000.0,0.06504065040650407,0.066667,0.066667,12000000.0,12000000.0,,,1620592256,16:30:56,20210509
109,1993-09-30,FRPH,USD,1993-09-30,1993-09-30,Q3,12300000.0,8100000.0,4200000.0,0.34146341463414637,0.0,0.0,0.0,0.0,2800000.0,10900000.0,200000.0,1600000.0,3000000.0,0.24390243902439024,1400000.0,0.11382113821138211,0.0,1100000.0,0.08943089430894309,400000.0,700000.0,0.056910569105691054,0.05666666747619049,0.05666666747619049,12352941.0,12352941.0,,,1620592256,16:30:56,20210509
110,1993-06-30,FRPH,USD,1993-06-30,1993-06-30,Q2,12100000.0,8200000.0,3900000.0,0.32231404958677684,0.0,0.0,0.0,0.0,2600000.0,10800000.0,0.0,1500000.0,2800000.0,0.23140495867768596,1300000.0,0.10743801652892562,0.0,1100000.0,0.09090909090909091,400000.0,700000.0,0.05785123966942149,0.056667,0.056667,12352941.0,12352941.0,,,1620592256,16:30:56,20210509
111,1993-03-31,FRPH,USD,1993-03-31,1993-03-31,Q1,11300000.0,7600000.0,3700000.0,0.3274336283185841,0.0,0.0,0.0,0.0,2600000.0,10200000.0,200000.0,1500000.0,2600000.0,0.23008849557522124,1100000.0,0.09734513274336283,0.0,800000.0,0.07079646017699115,300000.0,500000.0,0.04424778761061947,0.04,0.04,12500000.0,12500000.0,,,1620592256,16:30:56,20210509
112,1992-12-31,FRPH,USD,1992-12-31,1992-12-31,Q4,10900000.0,6900000.0,4000000.0,0.3669724770642202,0.0,0.0,0.0,0.0,2400000.0,9300000.0,200000.0,1400000.0,3000000.0,0.27522935779816515,1600000.0,0.14678899082568808,0.0,1500000.0,0.13761467889908258,600000.0,900000.0,0.08256880733944955,0.066667,0.066667,13500000.0,13500000.0,,,1620592256,16:30:56,20210509
113,1992-09-30,FRPH,USD,1992-09-30,1992-09-30,Q3,10800000.0,6800000.0,4000000.0,0.37037037037037035,0.0,0.0,0.0,0.0,2400000.0,9200000.0,200000.0,1400000.0,3000000.0,0.2777777777777778,1600000.0,0.14814814814814814,0.0,1300000.0,0.12037037037037036,500000.0,800000.0,0.07407407407407407,0.06095238095238095,0.06095238095238095,13125000.0,13125000.0,,,1620592256,16:30:56,20210509
114,1992-06-30,FRPH,USD,1992-06-30,1992-06-30,Q2,11000000.0,7100000.0,3900000.0,0.35454545454545455,0.0,0.0,0.0,0.0,2500000.0,9600000.0,300000.0,1500000.0,2900000.0,0.2636363636363636,1400000.0,0.12727272727272726,0.0,1100000.0,0.1,400000.0,700000.0,0.06363636363636363,0.053333,0.053333,13125000.0,13125000.0,,,1620592256,16:30:56,20210509
115,1992-03-31,FRPH,USD,1992-03-31,1992-03-31,Q1,10600000.0,7000000.0,3600000.0,0.33962264150943394,0.0,0.0,0.0,0.0,2300000.0,9300000.0,0.0,1300000.0,2600000.0,0.24528301886792453,1300000.0,0.12264150943396226,0.0,1000000.0,0.09433962264150944,400000.0,600000.0,0.05660377358490566,0.046667,0.046667,12857143.0,12857143.0,,,1620592256,16:30:56,20210509
116,1991-12-31,FRPH,USD,1991-12-31,1991-12-31,Q4,10600000.0,6900000.0,3700000.0,0.3490566037735849,0.0,0.0,0.0,0.0,2300000.0,9200000.0,300000.0,1300000.0,2700000.0,0.25471698113207547,1400000.0,0.1320754716981132,0.0,1200000.0,0.11320754716981132,500000.0,700000.0,0.0660377358490566,0.056667,0.056667,12352941.0,12352941.0,,,1620592256,16:30:56,20210509
117,1991-09-30,FRPH,USD,1991-09-30,1991-09-30,Q3,10700000.0,6900000.0,3800000.0,0.35514018691588783,0.0,0.0,0.0,0.0,2200000.0,9100000.0,300000.0,1300000.0,2900000.0,0.27102803738317754,1600000.0,0.14953271028037382,0.0,1500000.0,0.14018691588785046,600000.0,900000.0,0.08411214953271028,0.07714285493877557,0.07714285493877557,11666667.0,11666667.0,,,1620592256,16:30:56,20210509
118,1991-06-30,FRPH,USD,1991-06-30,1991-06-30,Q2,11000000.0,7200000.0,3800000.0,0.34545454545454546,0.0,0.0,0.0,0.0,2200000.0,9400000.0,400000.0,1200000.0,2800000.0,0.2545454545454545,1600000.0,0.14545454545454545,0.0,1200000.0,0.10909090909090909,500000.0,700000.0,0.06363636363636363,0.06,0.06,11666667.0,11666667.0,,,1620592256,16:30:56,20210509
119,1991-03-31,FRPH,USD,1991-03-31,1991-03-31,Q1,10400000.0,7000000.0,3400000.0,0.3269230769230769,0.0,0.0,0.0,0.0,2200000.0,9200000.0,500000.0,1200000.0,2400000.0,0.23076923076923078,1200000.0,0.11538461538461539,0.0,800000.0,0.07692307692307693,300000.0,500000.0,0.04807692307692308,0.036667,0.036667,13636364.0,13636364.0,,,1620592256,16:30:56,20210509
120,1990-12-31,FRPH,USD,1990-12-31,1990-12-31,Q4,10700000.0,7400000.0,3300000.0,0.308411214953271,0.0,0.0,0.0,0.0,2000000.0,9400000.0,400000.0,1100000.0,2400000.0,0.22429906542056074,1300000.0,0.12149532710280374,0.0,800000.0,0.07476635514018691,300000.0,500000.0,0.04672897196261682,0.04,0.04,12500000.0,12500000.0,,,1620592256,16:30:56,20210509
121,1990-09-30,FRPH,USD,1990-09-30,1990-09-30,Q3,10800000.0,7400000.0,3400000.0,0.3148148148148148,0.0,0.0,0.0,0.0,2200000.0,9600000.0,400000.0,1300000.0,2500000.0,0.23148148148148148,1200000.0,0.1111111111111111,0.0,800000.0,0.07407407407407407,300000.0,500000.0,0.046296296296296294,0.0380952380952381,0.0380952380952381,13125000.0,13125000.0,,,1620592256,16:30:56,20210509
122,1990-06-30,FRPH,USD,1990-06-30,1990-06-30,Q2,10600000.0,6800000.0,3800000.0,0.3584905660377358,0.0,0.0,0.0,0.0,2200000.0,9000000.0,500000.0,1200000.0,2800000.0,0.2641509433962264,1600000.0,0.1509433962264151,0.0,1200000.0,0.11320754716981132,500000.0,700000.0,0.0660377358490566,0.053333,0.053333,13125000.0,13125000.0,,,1620592256,16:30:56,20210509
123,1990-03-31,FRPH,USD,1990-03-31,1990-03-31,Q1,10300000.0,6800000.0,3500000.0,0.33980582524271846,0.0,0.0,0.0,0.0,2200000.0,9000000.0,500000.0,1200000.0,2500000.0,0.24271844660194175,1300000.0,0.1262135922330097,0.0,800000.0,0.07766990291262135,300000.0,500000.0,0.04854368932038835,0.036667,0.036667,13636364.0,13636364.0,,,1620592256,16:30:56,20210509
124,1989-12-31,FRPH,USD,1989-12-31,1989-12-31,Q4,9900000.0,6500000.0,3400000.0,0.3434343434343434,0.0,0.0,0.0,0.0,2100000.0,8600000.0,500000.0,1100000.0,2400000.0,0.24242424242424243,1300000.0,0.13131313131313133,0.0,800000.0,0.08080808080808081,300000.0,500000.0,0.050505050505050504,0.036667,0.036667,13636364.0,13636364.0,,,1620592256,16:30:56,20210509
125,1989-09-30,FRPH,USD,1989-09-30,1989-09-30,Q3,7700000.0,5300000.0,2400000.0,0.3116883116883117,0.0,0.0,0.0,0.0,1700000.0,7000000.0,200000.0,900000.0,1600000.0,0.2077922077922078,700000.0,0.09090909090909091,0.0,400000.0,0.05194805194805195,100000.0,300000.0,0.03896103896103896,0.024,0.024,12500000.0,12500000.0,,,1620592256,16:30:56,20210509
126,1989-06-30,FRPH,USD,1989-06-30,1989-06-30,Q2,8300000.0,5700000.0,2600000.0,0.3132530120481928,0.0,0.0,0.0,0.0,1500000.0,7200000.0,300000.0,700000.0,1800000.0,0.21686746987951808,1100000.0,0.13253012048192772,0.0,800000.0,0.0963855421686747,300000.0,500000.0,0.060240963855421686,0.04,0.04,12500000.0,12500000.0,,,1620592256,16:30:56,20210509
127,1989-03-31,FRPH,USD,1989-03-31,1989-03-31,Q1,8500000.0,0.0,0.0,0.0,0.0,0.0,0.0,0.0,0.0,0.0,0.0,0.0,8500000.0,1.0,8500000.0,1.0,0.0,0.0,0.0,0.0,500000.0,0.058823529411764705,0.036667,0.036667,13636364.0,13636364.0,,,1620592256,16:30:56,20210509
128,1988-12-31,FRPH,USD,1988-12-31,1988-12-31,Q4,7800000.0,0.0,0.0,0.0,0.0,0.0,0.0,0.0,0.0,0.0,0.0,0.0,7800000.0,1.0,7800000.0,1.0,0.0,0.0,0.0,0.0,800000.0,0.10256410256410256,0.056667,0.056667,14117647.0,14117647.0,,,1620592256,16:30:56,20210509
129,1988-09-30,FRPH,USD,1988-09-30,1988-09-30,Q3,7600000.0,0.0,0.0,0.0,0.0,0.0,0.0,0.0,0.0,0.0,0.0,0.0,-17700000.0,-2.3289473684210527,-17700000.0,-2.3289473684210527,0.0,0.0,0.0,0.0,700000.0,0.09210526315789473,0.05333333333333334,0.05333333333333334,13125000.0,13125000.0,,,1620592256,16:30:56,20210509
130,1988-06-30,FRPH,USD,1988-06-30,1988-06-30,Q2,7800000.0,0.0,0.0,0.0,0.0,0.0,0.0,0.0,0.0,0.0,0.0,0.0,7800000.0,1.0,7800000.0,1.0,0.0,0.0,0.0,0.0,700000.0,0.08974358974358974,0.053333,0.053333,13125000.0,13125000.0,,,1620592256,16:30:56,20210509
131,1988-03-31,FRPH,USD,1988-03-31,1988-03-31,Q1,7900000.0,0.0,0.0,0.0,0.0,0.0,0.0,0.0,0.0,0.0,0.0,0.0,7900000.0,1.0,7900000.0,1.0,0.0,0.0,0.0,0.0,800000.0,0.10126582278481013,0.063333,0.063333,12631579.0,12631579.0,,,1620592256,16:30:56,20210509
132,1987-12-31,FRPH,USD,1987-12-31,1987-12-31,Q4,7700000.0,0.0,0.0,0.0,0.0,0.0,0.0,0.0,0.0,0.0,0.0,0.0,7700000.0,1.0,7700000.0,1.0,0.0,0.0,0.0,0.0,800000.0,0.1038961038961039,0.056667,0.056667,14117647.0,14117647.0,,,1620592256,16:30:56,20210509
133,1987-09-30,FRPH,USD,1987-09-30,1987-09-30,Q3,7600000.0,0.0,0.0,0.0,0.0,0.0,0.0,0.0,0.0,0.0,0.0,0.0,-18300000.0,-2.4078947368421053,-18300000.0,-2.4078947368421053,0.0,0.0,0.0,0.0,400000.0,0.05263157894736842,0.02857142857142857,0.02857142857142857,14000000.0,14000000.0,,,1620592256,16:30:56,20210509
134,1987-06-30,FRPH,USD,1987-06-30,1987-06-30,Q2,8100000.0,0.0,0.0,0.0,0.0,0.0,0.0,0.0,0.0,0.0,0.0,0.0,8100000.0,1.0,8100000.0,1.0,0.0,0.0,0.0,0.0,700000.0,0.08641975308641975,0.05,0.05,14000000.0,14000000.0,,,1620592256,16:30:56,20210509
135,1987-03-31,FRPH,USD,1987-03-31,1987-03-31,Q1,7600000.0,0.0,0.0,0.0,0.0,0.0,0.0,0.0,0.0,0.0,0.0,0.0,7600000.0,1.0,7600000.0,1.0,0.0,0.0,0.0,0.0,600000.0,0.07894736842105263,0.043333,0.043333,13846154.0,13846154.0,,,1620592256,16:30:56,20210509
136,1986-12-31,FRPH,USD,1986-12-31,1986-12-31,Q4,7800000.0,0.0,0.0,0.0,0.0,0.0,0.0,0.0,0.0,0.0,0.0,0.0,7800000.0,1.0,7800000.0,1.0,0.0,0.0,0.0,0.0,700000.0,0.08974358974358974,0.05,0.05,14000000.0,14000000.0,,,1620592256,16:30:56,20210509
137,1986-09-30,FRPH,USD,1986-09-30,1986-09-30,Q3,7600000.0,0.0,0.0,0.0,0.0,0.0,0.0,0.0,0.0,0.0,0.0,0.0,-16800000.0,-2.210526315789474,-16800000.0,-2.210526315789474,0.0,0.0,0.0,0.0,700000.0,0.09210526315789473,0.05,0.05,14000000.0,14000000.0,,,1620592256,16:30:56,20210509
138,1986-06-30,FRPH,USD,1986-06-30,1986-06-30,Q2,7600000.0,0.0,0.0,0.0,0.0,0.0,0.0,0.0,0.0,0.0,0.0,0.0,7600000.0,1.0,7600000.0,1.0,0.0,0.0,0.0,0.0,700000.0,0.09210526315789473,0.05,0.05,14000000.0,14000000.0,,,1620592256,16:30:56,20210509
139,1986-03-31,FRPH,USD,1986-03-31,1986-03-31,Q1,7500000.0,0.0,0.0,0.0,0.0,0.0,0.0,0.0,0.0,0.0,0.0,0.0,7500000.0,1.0,7500000.0,1.0,0.0,0.0,0.0,0.0,700000.0,0.09333333333333334,0.05,0.05,14000000.0,14000000.0,,,1620592256,16:30:56,20210509
140,1985-12-31,FRPH,USD,1985-12-31,1985-12-31,Q4,7500000.0,0.0,0.0,0.0,0.0,0.0,0.0,0.0,0.0,0.0,0.0,0.0,7500000.0,1.0,7500000.0,1.0,0.0,0.0,0.0,0.0,600000.0,0.08,0.046667,0.046667,12857143.0,12857143.0,,,1620592256,16:30:56,20210509
141,1985-09-30,FRPH,USD,1985-09-30,1985-09-30,Q3,7400000.0,0.0,0.0,0.0,0.0,0.0,0.0,0.0,0.0,0.0,0.0,0.0,-17000000.0,-2.2972972972972974,-17000000.0,-2.2972972972972974,0.0,0.0,0.0,0.0,700000.0,0.0945945945945946,0.05444444383950618,0.05444444383950618,12857143.0,12857143.0,,,1620592256,16:30:56,20210509
