,date,symbol,reportedCurrency,fillingDate,acceptedDate,period,revenue,costOfRevenue,grossProfit,grossProfitRatio,researchAndDevelopmentExpenses,generalAndAdministrativeExpenses,sellingAndMarketingExpenses,otherExpenses,operatingExpenses,costAndExpenses,interestExpense,depreciationAndAmortization,ebitda,ebitdaratio,operatingIncome,operatingIncomeRatio,totalOtherIncomeExpensesNet,incomeBeforeTax,incomeBeforeTaxRatio,incomeTaxExpense,netIncome,netIncomeRatio,eps,epsdiluted,weightedAverageShsOut,weightedAverageShsOutDil,link,finalLink,timestamp,est_time,est_date
0,2021-03-31,GIB,CAD,2021-03-31,2021-03-31,Q1,3078540000,2593743000.0,484797000.0,0.15747627121947416,0.0,0.0,0.0,0.0,0.0,2593743000,26231000.0,124747000.0,609544000.0,0.19799775218122875,484797000.0,0.14917688254822092,681000.0,459247000.0,0.14917688254822092,118034000.0,341213000.0,0.11083598069214627,1.36,1.34,250199106,253965697,,,1620592540,16:35:40,20210509
1,2020-12-31,GIB,CAD,2020-12-31,2020-12-31,Q3,3019441000,2526474000.0,492967000.0,0.16326432607890004,0.0,0.0,0.0,0.0,1943000000.0,2526474000,27178000.0,132417000.0,625384000.0,0.2071191323162135,492967000.0,0.16326432607890004,-1980000.0,463809000.0,0.15360757173264852,120358000.0,343451000.0,0.11374655110002149,1.34,1.32,256902859,260419887,,,1620592540,16:35:40,20210509
2,2020-09-30,GIB,CAD,2020-09-30,2020-09-30,Q2,2925560000,1588891000.0,1336669000.0,0.45689338109626876,0.0,0.0,0.0,0.0,1861000000.0,2452610000,26510000.0,152459000.0,625409000.0,0.21377411504122287,472950000.0,0.16166135714188054,-104944000.0,337582000.0,0.11539055770519148,85668000.0,251914000.0,0.0861079588181408,0.9766512111187984,0.9766512111187984,257936505,257936505,,,1620592540,16:35:40,20210509
3,2020-06-30,GIB,CAD,2020-07-29 00:00:00,2020-07-29 07:21:03,Q1,3052667000,2606135000.0,446532000.0,0.1462760268316197,0.0,0.0,0.0,0.0,1895000000.0,2606135000,30700000.0,150158000.0,596690000.0,0.19546514572339532,446532000.0,0.1462760268316197,-58197000.0,357635000.0,0.1171549337022348,96728000.0,260907000.0,0.08546854275294358,1.01,1.0,257936505,261402229,https://www.sec.gov/Archives/edgar/data/1061574/000119312520201785/0001193125-20-201785-index.htm,https://www.sec.gov/Archives/edgar/data/1061574/000119312520201785/d71861d6k.htm,1620592540,16:35:40,20210509
4,2020-03-31,GIB,CAD,2020-04-29 00:00:00,2020-04-29 07:26:06,Q4,3131141000,2645600000.0,485541000.0,0.15506839200150999,0.0,0.0,0.0,0.0,1996000000.0,2645600000,26628000.0,130694000.0,616235000.0,0.19680844778309248,485541000.0,0.15506839200150999,-33835000.0,425078000.0,0.13575817888750458,110230000.0,314848000.0,0.10055375979555056,1.19,1.18,263638028,267776875,https://www.sec.gov/Archives/edgar/data/1061574/000119312520124463/0001193125-20-124463-index.html,https://www.sec.gov/Archives/edgar/data/1061574/000119312520124463/d885658d6k.htm,1620592540,16:35:40,20210509
5,2019-12-31,GIB,CAD,2020-01-29 00:00:00,2020-01-29 17:25:33,Q3,3054747000,2579774000.0,474973000.0,0.15548685373944224,0.0,0.0,0.0,0.0,1970000000.0,2579774000,26722000.0,132381000.0,607354000.0,0.19882301218398774,474973000.0,0.15548685373944224,-52279000.0,395972000.0,0.12962513753184798,105779000.0,290193000.0,0.09499739258275726,1.08,1.06,268203274,273121586,https://www.sec.gov/Archives/edgar/data/1061574/000119312520018604/0001193125-20-018604-index.html,https://www.sec.gov/Archives/edgar/data/1061574/000119312520018604/d877780d6k.htm,1620592540,16:35:40,20210509
6,2019-09-30,GIB,CAD,2019-11-06 00:00:00,2019-11-06 06:59:07,Q2,2959230000,2053443000.0,905787000.0,0.306088746058941,0.0,0.0,0.0,0.0,1915000000.0,2501977000,14319000.0,97155000.0,554408000.0,0.18734873598875385,457253000.0,0.1545175603112972,-27087000.0,412342000.0,0.13934097721366706,88253000.0,324089000.0,0.10951801651105186,1.1897964541606694,1.1897964541606694,272390289,272390289,https://www.sec.gov/Archives/edgar/data/1061574/000119312519285277/0001193125-19-285277-index.html,https://www.sec.gov/Archives/edgar/data/1061574/000119312519285277/d826268d6k.htm,1620592540,16:35:40,20210509
7,2019-06-30,GIB,CAD,2019-06-30,2019-06-30,Q1,3119797000,2644362000.0,475435000.0,0.1523929281296187,0.0,0.0,0.0,0.0,2005000000.0,2644362000,19415000.0,101480000.0,576915000.0,0.18492068554460434,475435000.0,0.1523929281296187,-38324000.0,417696000.0,0.13388563422556019,108333000.0,309363000.0,0.09916125953066818,1.14,1.12,272390289,277341191,,,1620592540,16:35:40,20210509
8,2019-03-31,GIB,CAD,2019-05-01 00:00:00,2019-05-01 07:09:17,Q4,3068263000,2610879000.0,457384000.0,0.1490693594388747,0.0,0.0,0.0,0.0,1971000000.0,2610879000,18781000.0,97966000.0,555350000.0,0.1809981738853547,457384000.0,0.1490693594388747,-11817000.0,426786000.0,0.13909694182017643,108505000.0,318281000.0,0.10373328492375002,1.16,1.14,273390984,278079000,https://www.sec.gov/Archives/edgar/data/1061574/000162828019005320/0001628280-19-005320-index.html,https://www.sec.gov/Archives/edgar/data/1061574/000162828019005320/cgi_form-6xkxq2fy2019xmdaf.htm,1620592540,16:35:40,20210509
9,2018-12-31,GIB,CAD,2019-01-30 00:00:00,2019-01-30 17:12:02,Q3,2963946000,2526789000.0,437157000.0,0.14749155348984092,0.0,0.0,0.0,0.0,1914000000.0,2526789000,14610000.0,95700000.0,532857000.0,0.17977959112615413,437157000.0,0.14749155348984092,-2423000.0,420124000.0,0.14174482261147808,108650000.0,311474000.0,0.10508760955833878,1.12,1.11,276971263,281568097,https://www.sec.gov/Archives/edgar/data/1061574/000119312519022681/0001193125-19-022681-index.html,https://www.sec.gov/Archives/edgar/data/1061574/000119312519022681/d655762d6k.htm,1620592540,16:35:40,20210509
10,2018-09-30,GIB,CAD,2018-10-09 00:00:00,2018-10-09 17:08:07,Q2,2798960000,1912924000.0,886036000.0,0.31655900763140593,0.0,0.0,0.0,0.0,1803000000.0,2361559000,15526000.0,101471000.0,538872000.0,0.19252579529539543,437401000.0,0.15627268699802785,-23840000.0,392779000.0,0.1403303369823077,99294000.0,293485000.0,0.10485501757795752,1.0374707307390105,1.0374707307390105,282885089,282885089,https://www.sec.gov/Archives/edgar/data/1061574/000162828018012405/0001628280-18-012405-index.html,https://www.sec.gov/Archives/edgar/data/1061574/000162828018012405/checklistrechangeofauditor.htm,1620592540,16:35:40,20210509
11,2018-06-30,GIB,CAD,2018-08-01 00:00:00,2018-08-01 07:04:32,Q1,2940712000,2503708000.0,437004000.0,0.14860482767438635,0.0,0.0,0.0,0.0,1947000000.0,2503708000,18656000.0,100810000.0,537814000.0,0.18288564130047416,437004000.0,0.14860482767438635,-30213000.0,388135000.0,0.13198674334650928,99855000.0,288280000.0,0.09803068100514434,1.02,1.0,282885089,287540464,https://www.sec.gov/Archives/edgar/data/1061574/000162828018010126/0001628280-18-010126-index.html,https://www.sec.gov/Archives/edgar/data/1061574/000162828018010126/a6kq32018pressrelease.htm,1620592540,16:35:40,20210509
12,2018-03-31,GIB,CAD,2018-05-02 00:00:00,2018-05-02 07:27:33,Q4,2950258000,2525892000.0,424366000.0,0.1438403014244856,0.0,0.0,0.0,0.0,2007000000.0,2525892000,17313000.0,97104000.0,521470000.0,0.17675403303711065,424366000.0,0.1438403014244856,-38666000.0,368387000.0,0.12486602866596752,94015000.0,274372000.0,0.09299932412690687,0.96,0.94,286459356,290997492,https://www.sec.gov/Archives/edgar/data/1061574/000162828018005615/0001628280-18-005615-index.html,https://www.sec.gov/Archives/edgar/data/1061574/000162828018005615/a6kq22018pressrelease.htm,1620592540,16:35:40,20210509
13,2017-12-31,GIB,CAD,2018-01-31 00:00:00,2018-01-31 08:22:59,Q3,2816895000,2410632000.0,406263000.0,0.14422369310890182,0.0,0.0,0.0,0.0,1909000000.0,2410632000,17134000.0,93290000.0,499553000.0,0.17734171845240948,406263000.0,0.14422369310890182,-48450000.0,340679000.0,0.12094132014150333,55414000.0,285265000.0,0.10126930538766976,0.99,0.98,286799266,291572272,https://www.sec.gov/Archives/edgar/data/1061574/000162828018000733/0001628280-18-000733-index.html,https://www.sec.gov/Archives/edgar/data/1061574/000162828018000733/form6-kncib2018.htm,1620592540,16:35:40,20210509
14,2017-09-30,GIB,CAD,2017-11-08 00:00:00,2017-11-08 07:06:06,Q2,2608099000,1808208000.0,799891000.0,0.3066950295981863,0.0,0.0,0.0,0.0,1776000000.0,2215161000,14383000.0,100210000.0,493148000.0,0.1890833131717776,392938000.0,0.15066069194459258,-88713000.0,287650000.0,0.11029105873665072,79188000.0,208462000.0,0.07992871436245326,0.7049958970721412,0.7049958970721412,295692501,295692501,https://www.sec.gov/Archives/edgar/data/1061574/000162828017011133/0001628280-17-011133-index.html,https://www.sec.gov/Archives/edgar/data/1061574/000162828017011133/a6kyear-end2017pressrelease.htm,1620592540,16:35:40,20210509
15,2017-06-30,GIB,CAD,2017-08-02 00:00:00,2017-08-02 11:00:33,Q1,2836817000,2436842000.0,399975000.0,0.1409942904318467,0.0,0.0,0.0,0.0,1814000000.0,2436842000,16852000.0,94691000.0,494666000.0,0.1743736025270576,399975000.0,0.1409942904318467,-3854000.0,379269000.0,0.13369526479854005,102625000.0,276644000.0,0.09751915615282904,0.94,0.92,295692501,300832642,https://www.sec.gov/Archives/edgar/data/1061574/000162828017007837/0001628280-17-007837-index.html,https://www.sec.gov/Archives/edgar/data/1061574/000162828017007837/a6kq32017pressrelease.htm,1620592540,16:35:40,20210509
16,2017-03-31,GIB,CAD,2017-05-03 00:00:00,2017-05-03 11:15:12,Q4,2724431000,2328952000.0,395479000.0,0.14516021877595725,0.0,0.0,0.0,0.0,1761000000.0,2328952000,17845000.0,92984000.0,488463000.0,0.1792899141141765,395479000.0,0.14516021877595725,-1692000.0,375942000.0,0.13798918012605202,101504000.0,274438000.0,0.10073222628871864,0.92,0.9,298489002,303619463,https://www.sec.gov/Archives/edgar/data/1061574/000162828017004755/0001628280-17-004755-index.html,https://www.sec.gov/Archives/edgar/data/1061574/000162828017004755/a6kq22017pressrelease.htm,1620592540,16:35:40,20210509
17,2016-12-31,GIB,CAD,2017-02-01 00:00:00,2017-02-01 10:09:26,Q3,2675719000,2276704000.0,399015000.0,0.149124403571526,0.0,0.0,0.0,0.0,1708000000.0,2276704000,18520000.0,89319000.0,488334000.0,0.1825057115489332,399015000.0,0.149124403571526,-5459000.0,375036000.0,0.14016270019385443,99385000.0,275651000.0,0.10301941272607475,0.91,0.89,303179061,309283481,https://www.sec.gov/Archives/edgar/data/1061574/000162828017000688/0001628280-17-000688-index.html,https://www.sec.gov/Archives/edgar/data/1061574/000162828017000688/cgi-form6xkncib2017.htm,1620592540,16:35:40,20210509
18,2016-09-30,GIB,CAD,2016-11-09 00:00:00,2016-11-09 12:17:26,Q2,2582429000,1759253000.0,823176000.0,0.3187603608850427,0.0,0.0,0.0,0.0,4908000000.0,2187093000,15691000.0,98385000.0,493721000.0,0.19118473344281683,395336000.0,0.15308688060736617,-257000.0,377456000.0,0.14616316653817008,103021000.0,274435000.0,0.10627010461855872,0.9089008031191034,0.9089008031191034,301941641,301941641,https://www.sec.gov/Archives/edgar/data/1061574/000162828016021070/0001628280-16-021070-index.html,https://www.sec.gov/Archives/edgar/data/1061574/000162828016021070/cgi_form-6xkxfy2016xpressr.htm,1620592540,16:35:40,20210509
19,2016-06-30,GIB,CAD,2016-09-09 00:00:00,2016-09-08 21:48:02,Q1,2667109000,2277982000.0,389127000.0,0.1458984240989026,0.0,0.0,0.0,0.0,1768000000.0,2277982000,18059000.0,98854000.0,487981000.0,0.18296252609098465,389127000.0,0.1458984240989026,1365000.0,372433000.0,0.13963921234565216,98600000.0,273833000.0,0.10267034455659667,0.91,0.89,301941641,308985991,https://www.sec.gov/Archives/edgar/data/1061574/000119312516705750/0001193125-16-705750-index.html,https://www.sec.gov/Archives/edgar/data/1061574/000119312516705750/d251260d6k.htm,1620592540,16:35:40,20210509
20,2016-03-31,GIB,CAD,2016-04-27 00:00:00,2016-04-27 11:26:42,Q4,2750049000,2357827000.0,392222000.0,0.14262364052422338,0.0,0.0,0.0,0.0,1719000000.0,2357827000,22631000.0,100962000.0,493184000.0,0.17933644091432552,392222000.0,0.14262364052422338,-1606000.0,367985000.0,0.13381034301570627,85250000.0,282735000.0,0.1028108953695007,0.92,0.9,306358432,313610579,https://www.sec.gov/Archives/edgar/data/1061574/000162828016014825/0001628280-16-014825-index.html,https://www.sec.gov/Archives/edgar/data/1061574/000162828016014825/cgi-formx6xkxq2x2016xpress.htm,1620592540,16:35:40,20210509
21,2015-12-31,GIB,CAD,2016-01-27 00:00:00,2016-01-27 10:21:28,Q3,2683677000,2298027000.0,385650000.0,0.14370209231587855,0.0,0.0,0.0,0.0,1722000000.0,2298027000,20113000.0,101859000.0,487509000.0,0.18165710702144855,385650000.0,0.14370209231587855,-30626000.0,334911000.0,0.12479556966058136,97198000.0,237713000.0,0.08857735114918822,0.77,0.75,307714593,316244857,https://www.sec.gov/Archives/edgar/data/1061574/000162828016010397/0001628280-16-010397-index.html,https://www.sec.gov/Archives/edgar/data/1061574/000162828016010397/cgi-form6xkxq1x2016.htm,1620592540,16:35:40,20210509
22,2015-09-30,GIB,CAD,2015-11-12 00:00:00,2015-11-12 08:51:05,Q2,2585275000,1754630000.0,830645000.0,0.32129850789567843,0.0,0.0,0.0,0.0,1684000000.0,2197483000,23936000.0,107565000.0,495357000.0,0.1916070824186982,387792000.0,0.15000029010453433,-44731000.0,319077000.0,0.12342091266886501,86188000.0,232889000.0,0.09008287319530804,0.744597362466811,0.744597362466811,312771723,312771723,https://www.sec.gov/Archives/edgar/data/1061574/000162828015008651/0001628280-15-008651-index.html,https://www.sec.gov/Archives/edgar/data/1061574/000162828015008651/cgi-form6kxfy2015.htm,1620592540,16:35:40,20210509
23,2015-06-30,GIB,CAD,2015-07-29 00:00:00,2015-07-29 14:07:43,Q1,2559358000,2189462000.0,369896000.0,0.14452686962902414,0.0,0.0,0.0,0.0,1781000000.0,2189462000,20822000.0,102378000.0,472274000.0,0.18452830748961263,369896000.0,0.14452686962902414,1283000.0,350357000.0,0.13689253320559297,93120000.0,257237000.0,0.10050840874938168,0.82,0.8,312771723,322661908,https://www.sec.gov/Archives/edgar/data/1061574/000162828015005526/0001628280-15-005526-index.html,https://www.sec.gov/Archives/edgar/data/1061574/000162828015005526/cgi-form6xkx2015xq3xpressx.htm,1620592540,16:35:40,20210509
24,2015-03-31,GIB,CAD,2015-04-29 00:00:00,2015-04-29 14:51:33,Q4,2601208000,2231436000.0,369772000.0,0.14215395308641215,0.0,0.0,0.0,0.0,1803000000.0,2231436000,0.0,108210000.0,477982000.0,0.18375385590079685,369772000.0,0.14215395308641215,-6656000.0,338645000.0,0.13018758976598566,87471000.0,251174000.0,0.09656052111172962,0.8,0.78,312711663,322915371,https://www.sec.gov/Archives/edgar/data/1061574/000162828015003033/0001628280-15-003033-index.html,https://www.sec.gov/Archives/edgar/data/1061574/000162828015003033/cgi-form6kxq22015xpressrel.htm,1620592540,16:35:40,20210509
25,2014-12-31,GIB,CAD,2014-12-31,2014-12-31,Q3,2541255000,2195385000.0,345870000.0,0.13610204406877704,0.0,0.0,0.0,0.0,1934000000.0,2195385000,0.0,105891000.0,451761000.0,0.1777708258321184,345870000.0,0.13610204406877704,-1821000.0,320469000.0,0.12610658906721287,84213000.0,236256000.0,0.09296823813430766,0.76,0.74,311130412,320079669,,,1620592540,16:35:40,20210509
26,2014-09-30,GIB,CAD,2014-11-13 00:00:00,2014-11-13 11:03:01,Q2,2483669000,1637415000.0,846254000.0,0.34072736745516413,0.0,0.0,0.0,0.0,1890000000.0,2105340000,0.0,107877000.0,486206000.0,0.19576119040017007,378329000.0,0.15232665866506367,-72364000.0,283178000.0,0.11401599810602782,69470000.0,213708000.0,0.08604528220145277,0.6926364228846584,0.6926364228846584,308542827,308542827,https://www.sec.gov/Archives/edgar/data/1061574/000144530514005093/0001445305-14-005093-index.html,https://www.sec.gov/Archives/edgar/data/1061574/000144530514005093/cgi-form6xk2014xq4mdafsxsi.htm,1620592540,16:35:40,20210509
27,2014-06-30,GIB,CAD,2014-07-09 00:00:00,2014-07-09 12:32:40,Q1,2667047000,2320363000.0,346684000.0,0.12998796046713837,0.0,0.0,0.0,0.0,2128000000.0,2320363000,0.0,108436000.0,455120000.0,0.1706456616625054,346684000.0,0.12998796046713837,-18944000.0,303634000.0,0.11384651264113456,78540000.0,225094000.0,0.08439821270491296,0.73,0.71,308542827,318519083,https://www.sec.gov/Archives/edgar/data/1061574/000144530514002760/0001445305-14-002760-index.html,https://www.sec.gov/Archives/edgar/data/1061574/000144530514002760/fbappointedascfo.htm,1620592540,16:35:40,20210509
28,2014-03-31,GIB,CAD,2014-04-30 00:00:00,2014-04-30 13:01:32,Q4,2704266000,2362774000.0,341492000.0,0.12627899770214912,0.0,0.0,0.0,0.0,2168000000.0,2362774000,0.0,117455000.0,458947000.0,0.1697122250547838,341492000.0,0.12627899770214912,-25992000.0,290483000.0,0.10741657810289372,59632000.0,230851000.0,0.08536549289160164,0.75,0.73,307600215,316695250,https://www.sec.gov/Archives/edgar/data/1061574/000144530514001570/0001445305-14-001570-index.html,https://www.sec.gov/Archives/edgar/data/1061574/000144530514001570/cgi-form6xk2014xq2xpressxr.htm,1620592540,16:35:40,20210509
29,2013-12-31,GIB,CAD,2013-12-31,2013-12-31,Q3,2644710000,2341314000.0,303396000.0,0.11471805982508479,0.0,0.0,0.0,0.0,2254000000.0,2341314000,0.0,110464000.0,413860000.0,0.15648596632523037,303396000.0,0.11471805982508479,-23083000.0,252955000.0,0.09564564734885866,63165000.0,189790000.0,0.07176212136680392,0.62,0.6,308482085,318679293,,,1620592540,16:35:40,20210509
30,2013-09-30,GIB,CAD,2013-11-14 00:00:00,2013-11-14 12:57:05,Q2,2458207000,1677535000.0,780672000.0,0.31757781179534517,0.0,0.0,0.0,0.0,1984000000.0,2149606000,0.0,117292000.0,425893000.0,0.17325351363819239,308601000.0,0.12553906160058936,-45393000.0,235600000.0,0.095842213450698,94578000.0,141022000.0,0.057367829478965765,0.45707848386189837,0.45707848386189837,308529071,308529071,https://www.sec.gov/Archives/edgar/data/1061574/000119312513441684/0001193125-13-441684-index.html,https://www.sec.gov/Archives/edgar/data/1061574/000119312513441684/d627118d6k.htm,1620592540,16:35:40,20210509
31,2013-06-30,GIB,CAD,2013-07-31 00:00:00,2013-07-31 11:35:47,Q1,2567263000,2275783000.0,291480000.0,0.11353725738266784,0.0,0.0,0.0,0.0,2225000000.0,2275783000,0.0,104432000.0,395912000.0,0.15421559847978178,291480000.0,0.11353725738266784,-53793000.0,211553000.0,0.08240410117701225,33388000.0,178165000.0,0.06939881110739336,0.58,0.56,308529071,317653145,https://www.sec.gov/Archives/edgar/data/1061574/000119312513311927/0001193125-13-311927-index.html,https://www.sec.gov/Archives/edgar/data/1061574/000119312513311927/d575496d6k.htm,1620592540,16:35:40,20210509
32,2013-03-31,GIB,CAD,2013-04-30 00:00:00,2013-04-30 13:11:32,Q4,2526225000,2265999000.0,260226000.0,0.10300982691565479,0.0,0.0,0.0,0.0,2330000000.0,2265999000,0.0,100212000.0,360438000.0,0.1426785025086839,260226000.0,0.10300982691565479,-80002000.0,149933000.0,0.05935061207928827,35745000.0,114188000.0,0.04520104107908045,0.37,0.36,307382435,315760249,https://www.sec.gov/Archives/edgar/data/1061574/000119312513185975/0001193125-13-185975-index.html,https://www.sec.gov/Archives/edgar/data/1061574/000119312513185975/d531449d6k.htm,1620592540,16:35:40,20210509
33,2012-12-31,GIB,CAD,2013-01-30 00:00:00,2013-01-30 15:22:25,Q3,2532929000,2320922000.0,212007000.0,0.08370033269783717,0.0,0.0,0.0,0.0,2342000000.0,2320922000,0.0,114008000.0,326015000.0,0.128710674480019,212007000.0,0.08370033269783717,-155935000.0,30536000.0,0.012055608349069397,8091000.0,22445000.0,0.008861282728414417,0.0731970917120849,0.07124006422886119,306637866,315061479,https://www.sec.gov/Archives/edgar/data/1061574/000119312513029815/0001193125-13-029815-index.html,https://www.sec.gov/Archives/edgar/data/1061574/000119312513029815/d467170d6k.htm,1620592540,16:35:40,20210509
34,2012-09-30,GIB,CAD,2012-11-05 00:00:00,2012-11-05 17:29:10,Q2,1609661000,3969135000.0,-2359474000.0,-1.465820442937985,0.0,0.0,0.0,0.0,1463000000.0,1495374000,17500000.0,78543000.0,192830000.0,0.11979541033795314,114287000.0,0.07100066411499067,-250158000.0,-150062000.0,-0.09322584072049954,17906000.0,-167968000.0,-0.10434992212646017,-0.6520373979285545,-0.6520373979285545,257604856,257604856,https://www.sec.gov/Archives/edgar/data/1061574/000119312512452209/0001193125-12-452209-index.html,https://www.sec.gov/Archives/edgar/data/1061574/000119312512452209/d433155d6k.htm,1620592540,16:35:40,20210509
35,2012-06-30,GIB,CAD,2012-07-16 00:00:00,2012-07-16 12:54:07,Q1,1064863000,0.0,1064863000.0,1.0,0.0,928268000.0,0.0,0.0,928268000.0,928268000,9432000.0,52154000.0,188749000.0,0.177251909400552,136595000.0,0.12827471702932677,-6995000.0,120772000.0,0.11341552857034191,33544000.0,87228000.0,0.08191476274412765,0.34,0.33,257604856,267418867,https://www.sec.gov/Archives/edgar/data/1061574/000119312512303151/0001193125-12-303151-index.html,https://www.sec.gov/Archives/edgar/data/1061574/000119312512303151/d380870d6k.htm,1620592540,16:35:40,20210509
36,2012-03-31,GIB,CAD,2012-03-31,2012-03-31,Q4,1065791000,909919000.0,155872000.0,0.14625006216040481,0.0,0.0,0.0,0.0,908000000.0,909919000,9480000.0,50353000.0,206225000.0,0.1934947846247529,155872000.0,0.14625006216040481,518000.0,147457000.0,0.13835451791204842,41731000.0,105726000.0,0.09919956164013395,0.41,0.4,257415349,266933964,,,1620592540,16:35:40,20210509
37,2011-12-31,GIB,CAD,2012-02-01 00:00:00,2012-02-01 16:22:03,Q3,1032139000,893298000.0,138841000.0,0.1345177345299422,0.0,0.0,0.0,0.0,905000000.0,893298000,5286000.0,0.0,189646000.0,0.18374075584780733,138841000.0,0.1345177345299422,10747000.0,144759000.0,0.14025145837915243,38216000.0,106543000.0,0.10322543765907499,0.41,0.4,259293329,268913505,https://www.sec.gov/Archives/edgar/data/1061574/000119312512034389/0001193125-12-034389-index.html,https://www.sec.gov/Archives/edgar/data/1061574/000119312512034389/d288673d6k.htm,1620592540,16:35:40,20210509
38,2011-09-30,GIB,CAD,2011-11-10 00:00:00,2011-11-10 15:24:59,Q2,1031565000,866962000.0,164603000.0,0.15956629005443185,0.0,0.0,0.0,0.0,62241000.0,929203000,4132000.0,65848000.0,168210000.0,0.16306291896293496,102362000.0,0.099229811015302,-149000.0,98773000.0,0.09575063132231125,25681000.0,73092000.0,0.07085544779049309,0.2778230456337314,0.2778230456337314,263088326,263088326,https://www.sec.gov/Archives/edgar/data/1061574/000119312511306757/0001193125-11-306757-index.html,https://www.sec.gov/Archives/edgar/data/1061574/000119312511306757/d254004d6k.htm,1620592540,16:35:40,20210509
39,2011-06-30,GIB,CAD,2011-07-26 00:00:00,2011-07-26 13:52:56,Q1,1037913000,846584000.0,191329000.0,0.18434011328502486,0.0,0.0,0.0,0.0,47307000.0,893891000,4249000.0,50221000.0,194243000.0,0.18714767037314303,144022000.0,0.1387611485741098,2188000.0,142398000.0,0.13719647022438297,23960000.0,118438000.0,0.1141116837345712,0.45,0.43,263088326,273914231,https://www.sec.gov/Archives/edgar/data/1061574/000095012311068250/0000950123-11-068250-index.html,https://www.sec.gov/Archives/edgar/data/1061574/000095012311068250/m72557e6vk.htm,1620592540,16:35:40,20210509
40,2011-03-31,GIB,CAD,2011-04-28 00:00:00,2011-04-28 11:44:45,Q4,1133071000,928036000.0,205035000.0,0.18095512108243877,0.0,0.0,0.0,0.0,51604000.0,979640000,5190000.0,57330000.0,210761000.0,0.18600864376548337,153431000.0,0.1354116379291324,2746000.0,153022000.0,0.13505067202320067,36061000.0,116873000.0,0.10314711081653312,0.44,0.42,266442676,276258156,https://www.sec.gov/Archives/edgar/data/1061574/000095012311040709/0000950123-11-040709-index.html,https://www.sec.gov/Archives/edgar/data/1061574/000095012311040709/m70423e6vk.htm,1620592540,16:35:40,20210509
41,2010-12-31,GIB,CAD,2010-12-31,2010-12-31,Q3,1120688000,911610000.0,209078000.0,0.18656218323030138,0.0,0.0,0.0,0.0,50220000.0,961830000,5824000.0,55635000.0,214493000.0,0.19139403652042317,158858000.0,0.14175042473908883,-955000.0,152365000.0,0.1359566623359936,25791000.0,126406000.0,0.11279321274074497,0.47,0.45,269903334,278457599,,,1620592540,16:35:40,20210509
42,2010-09-30,GIB,CAD,2010-11-09 00:00:00,2010-11-09 13:19:19,Q2,1007056000,804172000.0,202884000.0,0.2014624807359273,0.0,0.0,0.0,0.0,59481000.0,863653000,5206000.0,66776000.0,210179000.0,0.2087063678683211,143403000.0,0.1423982380324431,-18752000.0,120094000.0,0.11925255397912331,36018000.0,84374000.0,0.08378282836307017,0.29920211150859927,0.29920211150859927,281996673,281996673,https://www.sec.gov/Archives/edgar/data/1061574/000095012310103080/0000950123-10-103080-index.html,https://www.sec.gov/Archives/edgar/data/1061574/000095012310103080/m65921e6vk.htm,1620592540,16:35:40,20210509
43,2010-06-30,GIB,CAD,2010-07-12 00:00:00,2010-07-12 08:35:02,Q1,901614000,731936000.0,169678000.0,0.18819361722422234,0.0,0.0,0.0,0.0,44332000.0,776268000,4363000.0,50350000.0,175696000.0,0.19486831393478807,125346000.0,0.1390240169296395,-1611000.0,120158000.0,0.13326989155004249,34278000.0,85824000.0,0.09518929386633304,0.30434401614376494,0.2957142520459564,281996673,290226120,https://www.sec.gov/Archives/edgar/data/1061574/000095012310064748/0000950123-10-064748-index.html,https://www.sec.gov/Archives/edgar/data/1061574/000095012310064748/n634736ke6vk.htm,1620592540,16:35:40,20210509
44,2010-03-31,GIB,CAD,2010-04-28 00:00:00,2010-04-28 16:33:32,Q4,910441000,739330000.0,171111000.0,0.18794298587168196,0.0,0.0,0.0,0.0,47189000.0,786519000,3825000.0,52733000.0,176655000.0,0.19403234256805219,123922000.0,0.13611205997972411,168000.0,120878000.0,0.13276862531454536,39287000.0,81716000.0,0.08975430588033712,0.28439723593562116,0.2769194325521084,287330500,295089439,https://www.sec.gov/Archives/edgar/data/1061574/000090873710000117/0000908737-10-000117-index.html,https://www.sec.gov/Archives/edgar/data/1061574/000090873710000117/cgi_6k.htm,1620592540,16:35:40,20210509
45,2009-12-31,GIB,CAD,2010-01-27 00:00:00,2010-01-27 14:37:45,Q3,913006000,750385000.0,162621000.0,0.17811602552447628,0.0,0.0,0.0,0.0,44306000.0,794691000,3729000.0,49881000.0,168196000.0,0.1842222285505243,118315000.0,0.12958841453396802,1649000.0,116606000.0,0.12771657579468262,5387000.0,110852000.0,0.12141431710196866,0.38,0.37,295477129,301953549,https://www.sec.gov/Archives/edgar/data/1061574/000090873710000033/0000908737-10-000033-index.html,https://www.sec.gov/Archives/edgar/data/1061574/000090873710000033/cgi_6k.htm,1620592540,16:35:40,20210509
46,2009-09-30,GIB,CAD,2009-10-29 00:00:00,2009-10-29 16:53:12,Q2,926051000,745553000.0,180498000.0,0.19491151135304643,0.0,0.0,0.0,0.0,58322000.0,803875000,3497000.0,62045000.0,184221000.0,0.198931808291336,122176000.0,0.13193225859050958,0.0,122359000.0,0.13212987189690417,39719000.0,82550000.0,0.08914195870421823,0.26832665093790337,0.26832665093790337,307647413,307647413,https://www.sec.gov/Archives/edgar/data/1061574/000090873709000215/0000908737-09-000215-index.html,https://www.sec.gov/Archives/edgar/data/1061574/000090873709000215/cgi_6k.htm,1620592540,16:35:40,20210509
47,2009-06-30,GIB,CAD,2009-07-29 00:00:00,2009-07-29 15:13:44,Q1,950419000,791890000.0,158529000.0,0.16679906441264328,0.0,0.0,0.0,0.0,47524000.0,839414000,3503000.0,52659000.0,163664000.0,0.17220194461600621,111005000.0,0.1167958553017143,3315000.0,111053000.0,0.11684635934256365,34375000.0,76530000.0,0.08052238012918513,0.24875879583619318,0.24568204653934494,307647413,311500173,https://www.sec.gov/Archives/edgar/data/1061574/000090873709000168/0000908737-09-000168-index.html,https://www.sec.gov/Archives/edgar/data/1061574/000090873709000168/cgi_6k.htm,1620592540,16:35:40,20210509
48,2009-03-31,GIB,CAD,2009-05-06 00:00:00,2009-05-06 14:38:25,Q4,948319000,795886000.0,152433000.0,0.16074021505421698,0.0,0.0,0.0,0.0,46673000.0,842559000,6110000.0,52398299.0,158158299.0,0.16677752844770588,105760000.0,0.11152365396032347,2048000.0,101698000.0,0.10724028517829971,25258000.0,77517000.0,0.08174148150569586,0.251270717447639,0.24892104830104905,308499935,311411994,https://www.sec.gov/Archives/edgar/data/1061574/000090873709000122/0000908737-09-000122-index.html,https://www.sec.gov/Archives/edgar/data/1061574/000090873709000122/cgi_6k.htm,1620592540,16:35:40,20210509
49,2008-12-31,GIB,CAD,2009-01-27 00:00:00,2009-01-27 15:54:10,Q3,1000371540,837077465.0,163294075.0,0.16323342725243864,0.0,0.0,0.0,0.0,45483244.0,882560709,0.0,50984701.0,168795532.0,0.16873284100025476,117810831.0,0.1177670758206496,-3013599.0,105591306.0,0.10555208917678725,25739437.0,79582322.0,0.07955276496570464,0.26,0.26,306085854,306085854,https://www.sec.gov/Archives/edgar/data/1061574/000090873709000018/0000908737-09-000018-index.html,https://www.sec.gov/Archives/edgar/data/1061574/000090873709000018/cgi_6k.htm,1620592540,16:35:40,20210509
50,2008-09-30,GIB,CAD,2008-11-10 00:00:00,2008-11-10 17:11:40,Q2,929198347,781528487.0,147669860.0,0.1589217850814795,0.0,0.0,0.0,0.0,42547711.0,824076198,0.0,48060980.0,153183129.0,0.16485514583034444,105122149.0,0.11313208782537794,-1768164.0,98703065.0,0.10622389215249002,22665306.0,73493163.0,0.07909308409477832,0.2330271667606979,0.2330271667606979,315384528,315384528,https://www.sec.gov/Archives/edgar/data/1061574/000090873708000270/0000908737-08-000270-index.html,https://www.sec.gov/Archives/edgar/data/1061574/000090873708000270/cgi_6k.htm,1620592540,16:35:40,20210509
51,2008-06-30,GIB,CAD,2008-07-29 00:00:00,2008-07-29 15:41:02,Q1,950468146,798882556.0,151585590.0,0.15948518699752406,0.0,0.0,0.0,0.0,40625890.0,839508446,0.0,45031661.0,155991361.0,0.16412055643998405,110959700.0,0.1167421553967575,3187462.0,106000407.0,0.11152441819970262,24325260.0,81675148.0,0.08593149422600428,0.25,0.24,315384528,320745197,https://www.sec.gov/Archives/edgar/data/1061574/000090873708000198/0000908737-08-000198-index.html,https://www.sec.gov/Archives/edgar/data/1061574/000090873708000198/cgi_6k.htm,1620592540,16:35:40,20210509
52,2008-03-31,GIB,CAD,2008-04-29 00:00:00,2008-04-29 13:01:57,Q4,949137949,799813805.0,149324144.0,0.15732607062790616,0.0,0.0,0.0,0.0,41519391.0,841333196,0.0,47037645.0,154842398.0,0.16314003476853922,107804753.0,0.11358175396272138,1801255.0,100353873.0,0.10573159897961261,31568769.0,68785104.0,0.072471134541055,0.21372806883703213,0.21038913336034218,321834677,326942285,https://www.sec.gov/Archives/edgar/data/1061574/000090873708000137/0000908737-08-000137-index.html,https://www.sec.gov/Archives/edgar/data/1061574/000090873708000137/cgi_6k.htm,1620592540,16:35:40,20210509
53,2007-12-31,GIB,CAD,2007-12-31,2007-12-31,Q3,914661833,767903466.0,146758367.0,0.16045095761637623,0.0,0.0,0.0,0.0,40272122.0,808175588,0.0,46761347.0,153247592.0,0.1675456288553805,106486245.0,0.11642143703617291,2453074.0,100364485.0,0.10972851536924248,27776343.0,72588142.0,0.07936063294771807,0.2240881136892959,0.22010746935091813,323926784,329785001,,,1620592540,16:35:40,20210509
54,2007-09-30,GIB,CAD,2007-11-14 00:00:00,2007-11-14 17:13:33,Q2,922845623,767780418.0,155065205.0,0.1680294093999295,0.0,0.0,0.0,0.0,53538361.0,821318779,0.0,59104893.0,160631737.0,0.17406133051573242,101526844.0,0.11001498134645214,4128609.0,97127471.0,0.10524779939277017,31550457.0,65577014.0,0.07105957092457273,0.1994249172569387,0.1994249172569387,328830594,328830594,https://www.sec.gov/Archives/edgar/data/1061574/000090873707000379/0000908737-07-000379-index.html,https://www.sec.gov/Archives/edgar/data/1061574/000090873707000379/cgi_6k.htm,1620592540,16:35:40,20210509
55,2007-06-30,GIB,CAD,2007-08-01 00:00:00,2007-08-01 17:15:58,Q1,933317747,788767269.0,144550478.0,0.15487809855178936,0.0,0.0,0.0,0.0,39992561.0,828759830,0.0,45127464.0,149685381.0,0.1603798722151589,104557917.0,0.11202821047396198,1934113.0,97063762.0,0.10399862459703126,32631243.0,64432519.0,0.06903599466216943,0.2002,0.19019,328830594,335529373,https://www.sec.gov/Archives/edgar/data/1061574/000090873707000296/0000908737-07-000296-index.html,https://www.sec.gov/Archives/edgar/data/1061574/000090873707000296/cgi_6k.htm,1620592540,16:35:40,20210509
56,2007-03-31,GIB,CAD,2007-04-18 00:00:00,2007-04-18 13:23:32,Q4,951342251,0.0,0.0,0.0,0.0,805518911.0,0.0,0.0,849302352.0,849302352,0.0,49465109.0,151505008.0,0.15925394655892353,102039899.0,0.10725887438799352,1969557.0,92383533.0,0.09710861985041806,29672509.0,62711024.0,0.06591846828423896,0.19057800349592333,0.18837913980243812,329056989,332897921,https://www.sec.gov/Archives/edgar/data/1061574/000090873707000170/0000908737-07-000170-index.html,https://www.sec.gov/Archives/edgar/data/1061574/000090873707000170/cgi_6k.htm,1620592540,16:35:40,20210509
57,2006-12-31,GIB,CAD,2006-12-31,2006-12-31,Q3,904059879,764037745.0,140022134.0,0.15488148213687072,0.0,0.0,0.0,0.0,40333178.0,804370923,0.0,47256524.0,146945480.0,0.16253954346756272,99688956.0,0.11026808988611252,-21081081.0,66120690.0,0.07313751172448611,22439422.0,43681267.0,0.04831678522037366,0.13218671363121146,0.1317333445697491,330451267,331588537,,,1620592540,16:35:40,20210509
58,2006-09-30,GIB,CAD,2006-09-30,2006-09-30,Q2,845820101,713572489.0,132247612.0,0.1563543025799998,0.0,0.0,0.0,0.0,41125909.0,754698398,0.0,51841124.0,142962827.0,0.16902273524946648,91121703.0,0.10773177758753691,-19483738.0,58199121.0,0.06880791900215197,18667878.0,39532358.0,0.046738494336161444,0.12964898471829397,0.12964898471829397,304918377,304918377,,,1620592540,16:35:40,20210509
59,2006-06-30,GIB,CAD,2006-06-30,2006-06-30,Q1,866504183,746394869.0,120109314.0,0.13861365744843726,0.0,0.0,0.0,0.0,42467373.0,788862242,0.0,48688072.0,126330013.0,0.1457927330051908,77641941.0,0.08960365399644009,-12826547.0,51668712.0,0.05962892391484277,15724484.0,35944228.0,0.04148188630267697,0.10967,0.10967,304918377,304918377,,,1620592540,16:35:40,20210509
60,2006-03-31,GIB,CAD,2006-03-31,2006-03-31,Q4,866835591,0.0,0.0,0.0,0.0,759705745.0,0.0,0.0,804008641.0,804008641,0.0,50423662.0,113250612.0,0.13064831806150423,62826950.0,0.07247850763432717,-30176319.0,20532461.0,0.023686684318433807,6383699.0,14148762.0,0.016322313189376186,0.03996,0.03996,344825024,344825024,,,1620592540,16:35:40,20210509
61,2005-12-31,GIB,CAD,2006-01-04 00:00:00,2006-01-04 11:24:03,Q3,898462612,776847308.0,121615304.0,0.13535933757920246,0.0,0.0,0.0,0.0,42870101.0,819717409,0.0,48806838.0,127552041.0,0.14196699929011625,78745203.0,0.08764438491737707,12948017.0,87105477.0,0.0969494732853725,30196534.0,56907780.0,0.06333906301712641,0.13058,0.13058,430487345,430487345,https://www.sec.gov/Archives/edgar/data/1061574/000090873706000002/0000908737-06-000002-index.html,https://www.sec.gov/Archives/edgar/data/1061574/000090873706000002/cgi6k0104.htm,1620592540,16:35:40,20210509
62,2005-09-30,GIB,CAD,2005-09-30,2005-09-30,Q2,864109299,737711904.0,126397395.0,0.14627477698281313,0.0,0.0,0.0,0.0,36969656.0,774681560,0.0,63386300.0,152814039.0,0.17684572909566618,89427739.0,0.1034912355456552,7476801.0,86129831.0,0.09967469520311226,29713996.0,55791843.0,0.06456572457276612,0.1277895041662583,0.1277895041662583,436591748,436591748,,,1620592540,16:35:40,20210509
63,2005-06-30,GIB,CAD,2005-06-30,2005-06-30,Q1,951179575,811309685.0,139869890.0,0.1470488787566743,5787406.0,0.0,0.0,0.0,60695962.0,872005647,0.0,61716832.0,140890760.0,0.14812214612577232,79173928.0,0.08323762418889198,11000368.0,86444090.0,0.09088093591580748,29823248.0,57758684.0,0.06072321727471913,0.12972,0.12972,436591748,436591748,,,1620592540,16:35:40,20210509
64,2005-03-31,GIB,CAD,2005-03-31,2005-03-31,Q4,929696493,798129383.0,131567110.0,0.1415161947911102,5234583.0,0.0,0.0,0.0,51200726.0,849330109,0.0,53103322.0,133469706.0,0.1435626648104394,80366384.0,0.08644367770030945,4290206.0,80374849.0,0.08645278282231833,26783555.0,49593712.0,0.053343980937228294,0.11006,0.11006,442492713,442492713,,,1620592540,16:35:40,20210509
65,2004-12-31,GIB,CAD,2005-01-10 00:00:00,2005-01-10 14:20:19,Q3,950274778,812870170.0,137404608.0,0.1445946069295759,5501560.0,0.0,0.0,0.0,50789537.0,863659707,0.0,52726182.0,139341253.0,0.14663259114723132,86615071.0,0.09114739547470131,2392609.0,81063115.0,0.08530492114145115,27967363.0,53342933.0,0.056134219527817455,0.11982,0.11982,444562252,444562252,https://www.sec.gov/Archives/edgar/data/1061574/000090873705000012/0000908737-05-000012-index.html,https://www.sec.gov/Archives/edgar/data/1061574/000090873705000012/cgi6k_0107.htm,1620592540,16:35:40,20210509
66,2004-09-30,GIB,CAD,2004-10-05 00:00:00,2004-10-05 15:10:06,Q2,959211929,807312624.0,151899305.0,0.15835844030667803,7314747.0,0.0,0.0,0.0,62374457.0,869687081,0.0,63506342.0,153031190.0,0.1595384558650542,89524848.0,0.09333166664569285,0.0,84725700.0,0.08832844696617613,26265661.0,58473187.0,0.060959611981639565,0.13628782696186653,0.13628782696186653,429041891,429041891,https://www.sec.gov/Archives/edgar/data/1061574/000090873704000761/0000908737-04-000761-index.html,https://www.sec.gov/Archives/edgar/data/1061574/000090873704000761/cgi6k_1004.htm,1620592540,16:35:40,20210509
67,2004-06-30,GIB,CAD,2004-07-02 00:00:00,2004-07-02 14:42:12,Q1,867114076,733587725.0,133526351.0,0.1539893708287582,5774516.0,0.0,0.0,0.0,49022015.0,782609740,0.0,50536149.0,135040485.0,0.15573554707235546,84504336.0,0.09745469291632165,0.0,80764510.0,0.0931417355978892,29075384.0,60899266.0,0.07023212710480783,0.14068,0.14068,429041891,429041891,https://www.sec.gov/Archives/edgar/data/1061574/000090873704000550/0000908737-04-000550-index.html,https://www.sec.gov/Archives/edgar/data/1061574/000090873704000550/cgi6kjune30_2.htm,1620592540,16:35:40,20210509
68,2004-03-31,GIB,CAD,2004-04-02 00:00:00,2004-04-02 14:29:23,Q4,725727964,604547482.0,121180482.0,0.1669778319304229,6983211.0,0.0,0.0,0.0,39340241.0,643887723,0.0,39095694.0,120935935.0,0.16664086406900533,81840241.0,0.11276986014004553,215110.0,79889822.0,0.1100823255585615,28760493.0,51486097.0,0.07094407209586318,0.13026,0.13026,402327306,402327306,https://www.sec.gov/Archives/edgar/data/1061574/000090873704000318/0000908737-04-000318-index.html,https://www.sec.gov/Archives/edgar/data/1061574/000090873704000318/cgi6k_apr02.htm,1620592540,16:35:40,20210509
69,2003-12-31,GIB,CAD,2004-01-06 00:00:00,2004-01-06 10:21:29,Q3,700470179,579629009.0,120841170.0,0.17251436766732078,6636610.0,0.0,0.0,0.0,40632487.0,620261496,0.0,41047276.0,121255959.0,0.17310652563840265,80208683.0,0.11450692035813276,37357.0,78750483.0,0.11242517577611252,29295375.0,48740178.0,0.06958208851886041,0.1212048838506469,0.12045851940397392,402130479,404622091,https://www.sec.gov/Archives/edgar/data/1061574/000090873704000002/0000908737-04-000002-index.html,https://www.sec.gov/Archives/edgar/data/1061574/000090873704000002/cgi6k_jan06.htm,1620592540,16:35:40,20210509
70,2003-09-30,GIB,CAD,2003-10-06 00:00:00,2003-10-06 13:02:57,Q2,660572782,543347629.0,117225153.0,0.1774598593739819,6091850.0,0.0,0.0,0.0,38444698.0,581792327,0.0,2317424.0,81097879.0,0.12276902895463228,78780455.0,0.11926082506984068,0.0,76109806.0,0.11521789585329903,29610467.0,48469895.0,0.07337555576124237,0.12079559937214064,0.12079559937214064,401255470,401255470,https://www.sec.gov/Archives/edgar/data/1061574/000090873703000437/0000908737-03-000437-index.html,https://www.sec.gov/Archives/edgar/data/1061574/000090873703000437/cgi6k_oct06.htm,1620592540,16:35:40,20210509
71,2003-06-30,GIB,CAD,2003-07-03 00:00:00,2003-07-03 15:15:53,Q1,734038903,614075375.0,119963528.0,0.16342938706615118,5245171.0,0.0,0.0,0.0,39405646.0,653481021,0.0,16721599.0,97279481.0,0.13252632878505624,80557882.0,0.1097460661427641,0.0,77291639.0,0.1052963796388868,30224233.0,47067405.0,0.06412113146542589,0.12071,0.12071,401255470,401255470,https://www.sec.gov/Archives/edgar/data/1061574/000090873703000310/0000908737-03-000310-index.html,https://www.sec.gov/Archives/edgar/data/1061574/000090873703000310/cgi6k_july03.htm,1620592540,16:35:40,20210509
72,2003-03-31,GIB,CAD,2003-04-15 00:00:00,2003-04-15 14:37:20,Q4,736099603,618776260.0,117323343.0,0.15938514641475768,5705891.0,0.0,0.0,0.0,39099456.0,657875716,0.0,15481122.0,93705009.0,0.12729936087195526,78223887.0,0.10626807388727799,0.0,74310269.0,0.100951377635779,29500514.0,44808286.0,0.06087258547264832,0.11014,0.11014,396892718,396892718,https://www.sec.gov/Archives/edgar/data/1061574/000090873703000201/0000908737-03-000201-index.html,https://www.sec.gov/Archives/edgar/data/1061574/000090873703000201/cgi6k_apr15.htm,1620592540,16:35:40,20210509
73,2002-12-31,GIB,CAD,2003-01-03 00:00:00,2003-01-03 11:11:52,Q3,588983318,501301542.0,87681776.0,0.14886971043210429,4992131.0,0.0,0.0,0.0,26948379.0,528249921,0.0,9592383.0,70325780.0,0.11940198958232634,60733397.0,0.10311564885442137,0.0,61394397.0,0.10423792172667275,24373623.0,37020774.0,0.06285538633880289,0.10038,0.10038,380796242,380796242,https://www.sec.gov/Archives/edgar/data/1061574/000090873703000002/0000908737-03-000002-index.html,https://www.sec.gov/Archives/edgar/data/1061574/000090873703000002/cgi6k_jan3.htm,1620592540,16:35:40,20210509
74,2002-09-30,GIB,CAD,2002-10-02 00:00:00,2002-10-02 14:55:25,Q2,571860008,479329192.0,92530816.0,0.16180676162967494,4615131.0,0.0,0.0,0.0,32426076.0,511755268,0.0,8687150.0,68791890.0,0.120294983103627,60104740.0,0.10510394005380422,0.0,60828525.0,0.10636960820662948,25305911.0,35524129.0,0.062120324035668535,0.09345919501228367,0.09345919501228367,380103092,380103092,https://www.sec.gov/Archives/edgar/data/1061574/000090873702000338/0000908737-02-000338-index.html,https://www.sec.gov/Archives/edgar/data/1061574/000090873702000338/cgi6k_oct2.txt,1620592540,16:35:40,20210509
75,2002-06-30,GIB,CAD,2002-07-10 00:00:00,2002-07-10 16:35:03,Q1,553355054,469272617.0,84082437.0,0.15195024675784383,4412790.0,0.0,0.0,0.0,21686619.0,490959236,0.0,9683285.0,72079103.0,0.13025832596805018,62395818.0,0.11275910023584966,0.0,62729201.0,0.11336157598372636,26252462.0,36476739.0,0.06591922986213478,0.10038,0.10038,380103092,380103092,https://www.sec.gov/Archives/edgar/data/1061574/000090873702000250/0000908737-02-000250-index.html,https://www.sec.gov/Archives/edgar/data/1061574/000090873702000250/cgi6k-july09.txt,1620592540,16:35:40,20210509
76,2002-03-31,GIB,CAD,2002-04-24 00:00:00,2002-04-24 00:00:00,Q4,539198534,454716380.0,84482154.0,0.15668097866156291,4276609.0,0.0,0.0,0.0,27396431.0,482112811,0.0,11266731.0,68352454.0,0.1267667652820436,57085723.0,0.1058714358448163,0.0,56864245.0,0.10546068176068149,23677502.0,33186743.0,0.06154828121250048,0.09014,0.09014,379617757,379617757,https://www.sec.gov/Archives/edgar/data/1061574/000090873702000160/0000908737-02-000160-index.html,https://www.sec.gov/Archives/edgar/data/1061574/000090873702000160/cgi6k2ndq_financials.txt,1620592540,16:35:40,20210509
77,2001-12-31,GIB,CAD,2002-01-16 00:00:00,2002-01-16 00:00:00,Q3,520783190,439535180.0,81248010.0,0.15601119920940612,4304362.0,0.0,0.0,0.0,28688316.0,468223496,0.0,11144540.0,63704234.0,0.12232390603851864,52559694.0,0.10092432898995837,0.0,52144222.0,0.100126545943236,21532951.0,30611270.0,0.05877929738861195,0.08286610290728168,0.08120890761988708,369406415,376944733,https://www.sec.gov/Archives/edgar/data/1061574/000090873702000011/0000908737-02-000011-index.html,https://www.sec.gov/Archives/edgar/data/1061574/000090873702000011/cgi6k_jan16.txt,1620592540,16:35:40,20210509
78,2001-09-30,GIB,CAD,2001-10-03 00:00:00,2001-10-03 00:00:00,Q2,469017982,393778673.0,75239309.0,0.16041881524278104,3704335.0,0.0,0.0,0.0,5083552.0,398862225,0.0,29966876.0,100122633.0,0.21347290901950963,70155757.0,0.14958010074760844,-1252.0,42327124.0,0.0902462711973376,22506968.0,19820156.0,0.042258840301777595,0.06832891497753511,0.06832891497753511,290069819,290069819,https://www.sec.gov/Archives/edgar/data/1061574/000090873701500228/0000908737-01-500228-index.html,https://www.sec.gov/Archives/edgar/data/1061574/000090873701500228/cgi6k_firemans.txt,1620592540,16:35:40,20210509
79,2001-06-30,GIB,CAD,2001-07-09 00:00:00,2001-07-09 00:00:00,Q1,404136157,339293495.0,64842662.0,0.16044756421039555,3361573.0,0.0,0.0,0.0,27944024.0,367237519,0.0,24584203.0,61482841.0,0.15213397746047255,36898638.0,0.09130249140266854,0.0,36759455.0,0.09095809509565857,19419062.0,17340393.0,0.04290730413413616,0.06025,0.06025,290069819,290069819,https://www.sec.gov/Archives/edgar/data/1061574/000090873701500107/0000908737-01-500107-index.html,https://www.sec.gov/Archives/edgar/data/1061574/000090873701500107/july9_6k.txt,1620592540,16:35:40,20210509
80,2001-03-31,GIB,CAD,2001-06-04 00:00:00,2001-06-04 00:00:00,Q4,373982343,316583636.0,57398707.0,0.15347972457619477,3028535.0,0.0,0.0,0.0,24671291.0,341254927,0.0,21642209.0,54369625.0,0.145380192454701,32727416.0,0.08751059137570032,0.0,32371118.0,0.08655787794772975,17165379.0,15205739.0,0.04065897570998425,0.04724,0.04724,288261784,288261784,https://www.sec.gov/Archives/edgar/data/1061574/000090873701500063/0000908737-01-500063-index.html,https://www.sec.gov/Archives/edgar/data/1061574/000090873701500063/cgi6k.txt,1620592540,16:35:40,20210509
81,2000-12-31,GIB,CAD,2000-12-31,2000-12-31,Q3,334179664,289455609.0,44724055.0,0.13383236569416146,2489502.0,0.0,0.0,0.0,20878824.0,310334433,0.0,18389322.0,42234553.0,0.12638277414750168,23845231.0,0.07135452443330005,7499.0,23495801.0,0.07030888929255731,13074385.0,10421416.0,0.031185069358379627,0.04506,0.04506,275663540,275663540,,,1620592540,16:35:40,20210509
82,2000-09-30,GIB,CAD,2000-09-30,2000-09-30,Q2,320101949,292710752.0,27391197.0,0.0855702287523404,2248901.0,0.0,0.0,0.0,18332321.0,311043073,0.0,16083421.0,25142297.0,0.07854465453442147,9058876.0,0.028299971394425968,985.0,8971737.0,0.02802774874700935,6552975.0,2418762.0,0.007556223907902541,0.008948434211397375,0.008948434211397375,270300026,270300026,,,1620592540,16:35:40,20210509
83,2000-06-30,GIB,CAD,2000-06-30,2000-06-30,Q1,330701495,299538257.0,31163238.0,0.09423373789102465,2299837.0,0.0,0.0,0.0,18733166.0,318271423,0.0,16725045.0,29155117.0,0.08816143090009315,12430072.0,0.03758698460071975,13320.0,12228799.0,0.036978360197615676,5352967.0,6875832.0,0.02079165683844278,0.02963,0.02963,270300026,270300026,,,1620592540,16:35:40,20210509
84,2000-03-31,GIB,CAD,2000-03-31,2000-03-31,Q4,380533565,319972452.0,60561113.0,0.15914788751946232,2650428.0,0.0,0.0,0.0,18906771.0,338879223,0.0,16637852.0,58292194.0,0.15318542005617822,41654342.0,0.1094629904723385,14499.0,42011019.0,0.110400298065691,18599391.0,23411628.0,0.061523161563947715,0.10163,0.08711,270154613,270154613,,,1620592540,16:35:40,20210509
85,1999-12-31,GIB,CAD,1999-12-31,1999-12-31,Q3,404658565,341579861.0,63078704.0,0.1558813020552277,2748843.0,0.0,0.0,0.0,20833333.0,362413194,0.0,18084491.0,60329862.0,0.1490883110308069,42245371.0,0.10439757033191674,0.0,42534722.0,0.10511262006773538,19531250.0,23003472.0,0.05684662080487534,0.08708,0.08708,264164814,264164814,,,1620592540,16:35:40,20210509
86,1999-09-30,GIB,CAD,1999-09-30,1999-09-30,Q2,394137373,334637263.0,59500110.0,0.15096287253124813,2937672.0,0.0,0.0,0.0,19833327.0,354470590,0.0,16895654.0,56562437.0,0.14350944841762062,39666783.0,0.1006420241198492,0.0,39375121.0,0.0999020232471078,16897656.0,22477465.0,0.05702951950207472,0.09195081199269377,0.09195081199269377,244450968,244450968,,,1620592540,16:35:40,20210509
87,1999-06-30,GIB,CAD,1999-06-30,1999-06-30,Q1,342329129,283514227.0,58814902.0,0.1718080555160703,2346729.0,0.0,0.0,0.0,20093869.0,303608096,0.0,17621656.0,56342689.0,0.1645863124899313,38721033.0,0.11311054105477539,1026694.0,39747727.0,0.11610968402282822,18040481.0,21707246.0,0.06341045549763893,0.0888,0.0888,244450968,244450968,,,1620592540,16:35:40,20210509
88,1999-03-31,GIB,CAD,1999-03-31,1999-03-31,Q4,338716981,283773585.0,54943396.0,0.16221033807572818,2264151.0,0.0,0.0,0.0,17358491.0,301132076,0.0,15169344.0,52754249.0,0.15574728153354672,37584905.0,0.11096256493854378,1962264.0,39396227.0,0.11631016219998726,18113208.0,21283019.0,0.06283422501336004,0.07564,0.07564,281372541,281372541,,,1620592540,16:35:40,20210509
89,1998-12-31,GIB,CAD,1998-12-31,1998-12-31,Q3,334365325,283746130.0,50619195.0,0.15138888878504372,2012384.0,0.0,0.0,0.0,17182663.0,300928793,0.0,15170279.0,48606811.0,0.14537036996883573,33436532.0,0.09999999850462962,1547988.0,34674923.0,0.10370370492215364,16408669.0,18266254.0,0.054629630031164264,0.0768,0.0768,237841849,237841849,,,1620592540,16:35:40,20210509
90,1998-09-30,GIB,CAD,1998-09-30,1998-09-30,Q2,324533435,279964881.0,44568554.0,0.13733116281223845,1767865.0,0.0,0.0,0.0,16382479.0,296347360,0.0,14614614.0,42800689.0,0.13188375798629193,28186075.0,0.08685106667052657,0.0,30216297.0,0.09310688434921967,14027238.0,16189059.0,0.04988410208026794,0.08409900779220779,0.08409900779220779,192500000,192500000,,,1620592540,16:35:40,20210509
91,1998-06-30,GIB,CAD,1998-06-30,1998-06-30,Q1,157800000,132700000.0,25100000.0,0.1590621039290241,1600000.0,0.0,0.0,0.0,10500000.0,143200000,0.0,8800000.0,23400000.0,0.1482889733840304,14600000.0,0.09252217997465145,0.0,14400000.0,0.09125475285171103,6700000.0,7700000.0,0.048795944233206594,0.04,0.04,192500000,192500000,,,1620592540,16:35:40,20210509
92,1998-03-31,GIB,CAD,1998-03-31,1998-03-31,Q4,142900000,122000000.0,20900000.0,0.1462561231630511,1400000.0,0.0,0.0,0.0,9900000.0,131900000,0.0,8500000.0,19500000.0,0.1364590622813156,11000000.0,0.07697690692792163,0.0,10800000.0,0.07557732680195942,4700000.0,6100000.0,0.042687193841847444,0.03,0.03,203333333,203333333,,,1620592540,16:35:40,20210509
93,1997-12-31,GIB,CAD,1997-12-31,1997-12-31,Q3,115800000,99100000.0,16700000.0,0.14421416234887738,1200000.0,0.0,0.0,0.0,8000000.0,107100000,0.0,6800000.0,15500000.0,0.13385146804835923,8700000.0,0.07512953367875648,0.0,8800000.0,0.07599309153713299,3800000.0,5000000.0,0.04317789291882556,0.03,0.03,166666667,166666667,,,1620592540,16:35:40,20210509
94,1997-09-30,GIB,CAD,1997-09-30,1997-09-30,Q2,72400000,62800000.0,9600000.0,0.13259668508287292,1000000.0,0.0,0.0,0.0,4700000.0,67500000,0.0,3700000.0,8600000.0,0.11878453038674033,4900000.0,0.06767955801104972,0.0,4300000.0,0.05939226519337017,1400000.0,2900000.0,0.04005524861878453,0.024166666666666666,0.024166666666666666,120000000,120000000,,,1620592540,16:35:40,20210509
95,1997-06-30,GIB,CAD,1997-06-30,1997-06-30,Q1,70800000,61700000.0,9100000.0,0.1285310734463277,900000.0,0.0,0.0,0.0,4200000.0,65900000,0.0,3300000.0,8200000.0,0.11581920903954802,4900000.0,0.0692090395480226,0.0,4300000.0,0.06073446327683616,1900000.0,2400000.0,0.03389830508474576,0.02,0.02,120000000,120000000,,,1620592540,16:35:40,20210509
96,1997-03-31,GIB,CAD,1997-03-31,1997-03-31,Q4,46600000,41100000.0,5500000.0,0.11802575107296137,700000.0,0.0,0.0,0.0,2100000.0,43200000,0.0,1400000.0,4800000.0,0.10300429184549356,3400000.0,0.07296137339055794,-200000.0,3000000.0,0.06437768240343347,1500000.0,1500000.0,0.032188841201716736,0.01,0.01,150000000,150000000,,,1620592540,16:35:40,20210509
97,1996-12-31,GIB,CAD,1996-12-31,1996-12-31,Q3,42100000,38100000.0,4000000.0,0.09501187648456057,500000.0,0.0,0.0,0.0,1800000.0,39900000,0.0,1300000.0,3500000.0,0.0831353919239905,2200000.0,0.052256532066508314,-100000.0,2000000.0,0.047505938242280284,1000000.0,1000000.0,0.023752969121140142,0.01,0.01,100000000,100000000,,,1620592540,16:35:40,20210509
98,1996-09-30,GIB,CAD,1996-09-30,1996-09-30,Q2,38500000,35800000.0,2700000.0,0.07012987012987013,200000.0,0.0,0.0,0.0,1300000.0,37100000,0.0,1100000.0,2500000.0,0.06493506493506493,1400000.0,0.03636363636363636,-200000.0,1000000.0,0.025974025974025976,400000.0,600000.0,0.015584415584415584,0.006666666666666667,0.006666666666666667,90000000,90000000,,,1620592540,16:35:40,20210509
99,1996-06-30,GIB,CAD,1996-06-30,1996-06-30,Q1,32400000,29000000.0,3400000.0,0.10493827160493827,800000.0,0.0,0.0,0.0,1500000.0,30500000,0.0,700000.0,2600000.0,0.08024691358024691,1900000.0,0.05864197530864197,-100000.0,1700000.0,0.05246913580246913,800000.0,900000.0,0.027777777777777776,0.01,0.01,90000000,90000000,,,1620592540,16:35:40,20210509
100,1996-03-31,GIB,CAD,1996-03-31,1996-03-31,Q4,26400000,23600000.0,2800000.0,0.10606060606060606,700000.0,0.0,0.0,0.0,1000000.0,24600000,0.0,300000.0,2100000.0,0.07954545454545454,1800000.0,0.06818181818181818,0.0,1700000.0,0.06439393939393939,800000.0,900000.0,0.03409090909090909,0.01,0.01,90000000,90000000,,,1620592540,16:35:40,20210509
101,1995-12-31,GIB,CAD,1995-12-31,1995-12-31,Q3,24700000,22800000.0,1900000.0,0.07692307692307693,400000.0,0.0,0.0,0.0,700000.0,23500000,0.0,300000.0,1500000.0,0.06072874493927125,1200000.0,0.048582995951417005,0.0,900000.0,0.03643724696356275,400000.0,500000.0,0.020242914979757085,0.01,0.01,50000000,50000000,,,1620592540,16:35:40,20210509
102,1995-09-30,GIB,CAD,1995-09-30,1995-09-30,Q2,22600000,21300000.0,1300000.0,0.05752212389380531,200000.0,0.0,0.0,0.0,600000.0,21900000,0.0,400000.0,1100000.0,0.048672566371681415,700000.0,0.030973451327433628,0.0,400000.0,0.017699115044247787,200000.0,200000.0,0.008849557522123894,0.002857142857142857,0.002857142857142857,70000000,70000000,,,1620592540,16:35:40,20210509
103,1995-06-30,GIB,CAD,1995-06-30,1995-06-30,Q1,24900000,22900000.0,2000000.0,0.08032128514056225,700000.0,0.0,0.0,0.0,1100000.0,24000000,0.0,500000.0,1400000.0,0.05622489959839357,900000.0,0.03614457831325301,0.0,400000.0,0.01606425702811245,200000.0,200000.0,0.008032128514056224,0.002857,0.002857,70000000,70000000,,,1620592540,16:35:40,20210509
104,1995-03-31,GIB,CAD,1995-03-31,1995-03-31,Q4,24800000,22600000.0,2200000.0,0.08870967741935484,700000.0,0.0,0.0,0.0,1200000.0,23800000,0.0,400000.0,1400000.0,0.056451612903225805,1000000.0,0.04032258064516129,0.0,500000.0,0.020161290322580645,200000.0,300000.0,0.012096774193548387,0.01,0.01,30000000,30000000,,,1620592540,16:35:40,20210509
105,1994-12-31,GIB,CAD,1994-12-31,1994-12-31,Q3,24400000,22500000.0,1900000.0,0.0778688524590164,400000.0,0.0,0.0,0.0,800000.0,23300000,0.0,400000.0,1500000.0,0.06147540983606557,1100000.0,0.045081967213114756,0.0,700000.0,0.028688524590163935,300000.0,400000.0,0.01639344262295082,0.01,0.01,40000000,40000000,,,1620592540,16:35:40,20210509
106,1994-09-30,GIB,CAD,1994-09-30,1994-09-30,Q2,21700000,20400000.0,1300000.0,0.059907834101382486,400000.0,0.0,0.0,0.0,900000.0,21300000,0.0,500000.0,900000.0,0.041474654377880185,400000.0,0.018433179723502304,0.0,200000.0,0.009216589861751152,100000.0,100000.0,0.004608294930875576,0.0025,0.0025,40000000,40000000,,,1620592540,16:35:40,20210509
107,1994-06-30,GIB,CAD,1994-06-30,1994-06-30,Q1,23000000,21000000.0,2000000.0,0.08695652173913043,700000.0,0.0,0.0,0.0,1100000.0,22100000,0.0,400000.0,1300000.0,0.05652173913043478,900000.0,0.0391304347826087,0.0,700000.0,0.030434782608695653,300000.0,400000.0,0.017391304347826087,0.01,0.01,40000000,40000000,,,1620592540,16:35:40,20210509
108,1994-03-31,GIB,CAD,1994-03-31,1994-03-31,Q4,24000000,22100000.0,1900000.0,0.07916666666666666,500000.0,0.0,0.0,0.0,900000.0,23000000,0.0,400000.0,1400000.0,0.058333333333333334,1000000.0,0.041666666666666664,0.0,900000.0,0.0375,400000.0,500000.0,0.020833333333333332,0.01,0.01,50000000,50000000,,,1620592540,16:35:40,20210509
109,1993-12-31,GIB,CAD,1993-12-31,1993-12-31,Q3,22600000,21100000.0,1500000.0,0.06637168141592921,300000.0,0.0,0.0,0.0,700000.0,21800000,0.0,400000.0,1200000.0,0.05309734513274336,800000.0,0.035398230088495575,0.0,600000.0,0.02654867256637168,300000.0,300000.0,0.01327433628318584,0.01,0.01,30000000,30000000,,,1620592540,16:35:40,20210509
