,date,symbol,reportedCurrency,fillingDate,acceptedDate,period,revenue,costOfRevenue,grossProfit,grossProfitRatio,researchAndDevelopmentExpenses,generalAndAdministrativeExpenses,sellingAndMarketingExpenses,otherExpenses,operatingExpenses,costAndExpenses,interestExpense,depreciationAndAmortization,ebitda,ebitdaratio,operatingIncome,operatingIncomeRatio,totalOtherIncomeExpensesNet,incomeBeforeTax,incomeBeforeTaxRatio,incomeTaxExpense,netIncome,netIncomeRatio,eps,epsdiluted,weightedAverageShsOut,weightedAverageShsOutDil,link,finalLink,timestamp,est_time,est_date
0,2020-12-31,FXC.TO,CAD,2020-12-31,2020-12-31,Q4,16344697.0,587691.0,15757006.0,0.9640439342497448,0.0,1136924.0,0.0,0.0,1140740.0,1728431.0,0.0,3816.0,14620082.0,0.8944847371597039,14616266.0,0.8942512669399745,0.0,14616266.0,0.8942512669399745,1583045.0,13033221.0,0.7973975289967138,0.302995102177571,0.302995102177571,43014626.0,43014626.0,https://www.sedar.com/ModifyCompanyDocumentSearchForm.do?lang=EN&company_search=FAX CAPITAL CORP&document_selection=0&industry_group=A&FromDate=13&FromMonth=05&FromYear=2000&ToDate=13&ToMonth=11&ToYear=2020&Variable=Issuer,https://www.sedar.com/ModifyCompanyDocumentSearchForm.do?lang=EN&company_search=FAX CAPITAL CORP&document_selection=0&industry_group=A&FromDate=13&FromMonth=05&FromYear=2000&ToDate=13&ToMonth=11&ToYear=2020&Variable=Issuer,1620592352,16:32:32,20210509
1,2020-09-30,FXC.TO,CAD,2020-09-30,2020-09-30,Q3,11493495.0,529458.0,10964037.0,0.953934116645981,0.0,619660.0,0.0,0.0,623145.0,1152603.0,0.0,3485.0,10344377.0,0.9000201418280515,10340892.0,0.8997169268355709,0.0,10340892.0,0.8997169268355709,0.0,10340892.0,0.8997169268355709,0.24040408952991943,0.2391596036639236,43014626.0,43238456.0,https://www.sedar.com/ModifyCompanyDocumentSearchForm.do?lang=EN&company_search=FAX CAPITAL CORP&document_selection=0&industry_group=A&FromDate=13&FromMonth=05&FromYear=2000&ToDate=13&ToMonth=11&ToYear=2020&Variable=Issuer,https://www.sedar.com/ModifyCompanyDocumentSearchForm.do?lang=EN&company_search=FAX CAPITAL CORP&document_selection=0&industry_group=A&FromDate=13&FromMonth=05&FromYear=2000&ToDate=13&ToMonth=11&ToYear=2020&Variable=Issuer,1620592352,16:32:32,20210509
2,2020-06-30,FXC.TO,CAD,2020-06-30,2020-06-30,Q2,6134509.0,533713.0,5600796.0,0.9129982529979171,0.0,466179.0,0.0,0.0,469664.0,1003377.0,0.0,3485.0,5134617.0,0.8370053740242291,5131132.0,0.83643727639816,0.0,5131132.0,0.83643727639816,0.0,5131132.0,0.83643727639816,0.11924298755514963,0.11872045730378687,43030891.0,43220285.0,https://www.sedar.com/ModifyCompanyDocumentSearchForm.do?lang=EN&company_search=FAX CAPITAL CORP&document_selection=0&industry_group=A&FromDate=13&FromMonth=05&FromYear=2000&ToDate=13&ToMonth=11&ToYear=2020&Variable=Issuer,https://www.sedar.com/ModifyCompanyDocumentSearchForm.do?lang=EN&company_search=FAX CAPITAL CORP&document_selection=0&industry_group=A&FromDate=13&FromMonth=05&FromYear=2000&ToDate=13&ToMonth=11&ToYear=2020&Variable=Issuer,1620592352,16:32:32,20210509
3,2020-03-31,FXC.TO,CAD,2020-03-31,2020-03-31,Q1,-8106558.0,519564.0,-8626122.0,1.0640918130728232,0.0,554026.0,0.0,0.0,557457.0,1077021.0,0.0,3431.0,-9180148.0,1.1324347522092606,-9183579.0,1.1328579897904882,0.0,-9183579.0,1.1328579897904882,0.0,-9183579.0,1.1328579897904882,-0.21,-0.21,43031071.0,43031071.0,https://www.sedar.com/ModifyCompanyDocumentSearchForm.do?lang=EN&company_search=FAX CAPITAL CORP&document_selection=0&industry_group=A&FromDate=13&FromMonth=05&FromYear=2000&ToDate=13&ToMonth=11&ToYear=2020&Variable=Issuer,https://www.sedar.com/ModifyCompanyDocumentSearchForm.do?lang=EN&company_search=FAX CAPITAL CORP&document_selection=0&industry_group=A&FromDate=13&FromMonth=05&FromYear=2000&ToDate=13&ToMonth=11&ToYear=2020&Variable=Issuer,1620592352,16:32:32,20210509
4,2019-12-31,FXC.TO,CAD,2019-12-31,2019-12-31,Q4,484698.0,410580.0,74118.0,0.15291583625267693,0.0,697195.0,0.0,0.0,698936.0,1109516.0,0.0,1741.0,-623077.0,-1.2854952981031487,-624818.0,-1.2890872254475982,0.0,-624818.0,-1.2890872254475982,0.0,-624818.0,-1.2890872254475982,-0.014525710394413286,-0.014525710394413286,43014626.0,43014626.0,https://www.sedar.com/ModifyCompanyDocumentSearchForm.do?lang=EN&company_search=FAX CAPITAL CORP&document_selection=0&industry_group=A&FromDate=13&FromMonth=05&FromYear=2000&ToDate=13&ToMonth=11&ToYear=2020&Variable=Issuer,https://www.sedar.com/ModifyCompanyDocumentSearchForm.do?lang=EN&company_search=FAX CAPITAL CORP&document_selection=0&industry_group=A&FromDate=13&FromMonth=05&FromYear=2000&ToDate=13&ToMonth=11&ToYear=2020&Variable=Issuer,1620592352,16:32:32,20210509
5,2019-09-30,FXC.TO,CAD,2019-09-30,2019-09-30,Q3,17568.0,408321.0,-390753.0,-22.24231557377049,0.0,215508.0,0.0,0.0,217249.0,625570.0,0.0,1741.0,-606261.0,-34.509392076502735,-608002.0,-34.6084927140255,0.0,-608002.0,-34.6084927140255,0.0,-608002.0,-34.6084927140255,-0.76,-0.76,799407.0,799407.0,https://www.sedar.com/ModifyCompanyDocumentSearchForm.do?lang=EN&company_search=FAX CAPITAL CORP&document_selection=0&industry_group=A&FromDate=13&FromMonth=05&FromYear=2000&ToDate=13&ToMonth=11&ToYear=2020&Variable=Issuer,https://www.sedar.com/ModifyCompanyDocumentSearchForm.do?lang=EN&company_search=FAX CAPITAL CORP&document_selection=0&industry_group=A&FromDate=13&FromMonth=05&FromYear=2000&ToDate=13&ToMonth=11&ToYear=2020&Variable=Issuer,1620592352,16:32:32,20210509
6,2019-06-30,FXC.TO,CAD,2019-06-30,2019-06-30,Q2,21016.0,280291.0,-259275.0,-12.33702893033879,0.0,473164.0,0.0,0.0,474676.0,754967.0,0.0,1512.0,-732439.0,-34.851494099733536,-733951.0,-34.92343928435478,0.0,-733951.0,-34.92343928435478,-41821.0,-692130.0,-32.93347925390179,-0.865,-0.865,799407.0,799407.0,https://www.sedar.com/ModifyCompanyDocumentSearchForm.do?lang=EN&company_search=FAX CAPITAL CORP&document_selection=0&industry_group=A&FromDate=13&FromMonth=05&FromYear=2000&ToDate=13&ToMonth=11&ToYear=2020&Variable=Issuer,https://www.sedar.com/ModifyCompanyDocumentSearchForm.do?lang=EN&company_search=FAX CAPITAL CORP&document_selection=0&industry_group=A&FromDate=13&FromMonth=05&FromYear=2000&ToDate=13&ToMonth=11&ToYear=2020&Variable=Issuer,1620592352,16:32:32,20210509
7,2019-03-31,FXC.TO,CAD,2019-03-31,2019-03-31,Q1,21130.0,0.0,0.0,0.0,0.0,271326.0,0.0,0.0,271326.0,271326.0,0.0,0.0,-250196.0,-11.840795078088027,-250196.0,-11.840795078088027,0.0,-250197.0,-11.840842404164695,-193307.0,-56890.0,-2.692380501656413,-0.05,-0.05,799407.0,799407.0,https://www.sedar.com/ModifyCompanyDocumentSearchForm.do?lang=EN&company_search=FAX CAPITAL CORP&document_selection=0&industry_group=A&FromDate=13&FromMonth=05&FromYear=2000&ToDate=13&ToMonth=11&ToYear=2020&Variable=Issuer,https://www.sedar.com/ModifyCompanyDocumentSearchForm.do?lang=EN&company_search=FAX CAPITAL CORP&document_selection=0&industry_group=A&FromDate=13&FromMonth=05&FromYear=2000&ToDate=13&ToMonth=11&ToYear=2020&Variable=Issuer,1620592352,16:32:32,20210509
8,2018-12-31,FXC.TO,CAD,2018-12-31,2018-12-31,Q4,-47010.0,0.0,-47010.0,1.0,0.0,476817.0,0.0,0.0,476817.0,476817.0,0.0,0.0,-523827.0,11.142884492661135,-523827.0,11.142884492661135,0.0,-468664.0,9.96945330780685,366850.0,-835514.0,17.7731121038077,-0.019423951285778934,-0.019423951285778934,43014626.0,43014626.0,https://www.sedar.com/ModifyCompanyDocumentSearchForm.do?lang=EN&company_search=FAX CAPITAL CORP&document_selection=0&industry_group=A&FromDate=13&FromMonth=05&FromYear=2000&ToDate=13&ToMonth=11&ToYear=2020&Variable=Issuer,https://www.sedar.com/ModifyCompanyDocumentSearchForm.do?lang=EN&company_search=FAX CAPITAL CORP&document_selection=0&industry_group=A&FromDate=13&FromMonth=05&FromYear=2000&ToDate=13&ToMonth=11&ToYear=2020&Variable=Issuer,1620592352,16:32:32,20210509
9,2018-09-30,FXC.TO,CAD,2018-09-30,2018-09-30,Q3,0.0,0.0,0.0,0.0,0.0,138489.0,0.0,0.0,138489.0,138489.0,0.0,0.0,-138489.0,0.0,-138489.0,0.0,0.0,-135647.0,0.0,0.0,-135647.0,0.0,-0.2775,-0.2775,499074.0,499074.0,https://www.sedar.com/ModifyCompanyDocumentSearchForm.do?lang=EN&company_search=FAX CAPITAL CORP&document_selection=0&industry_group=A&FromDate=13&FromMonth=05&FromYear=2000&ToDate=13&ToMonth=11&ToYear=2020&Variable=Issuer,https://www.sedar.com/ModifyCompanyDocumentSearchForm.do?lang=EN&company_search=FAX CAPITAL CORP&document_selection=0&industry_group=A&FromDate=13&FromMonth=05&FromYear=2000&ToDate=13&ToMonth=11&ToYear=2020&Variable=Issuer,1620592352,16:32:32,20210509
10,2018-06-30,FXC.TO,CAD,2018-06-30,2018-06-30,Q2,0.0,0.0,0.0,0.0,0.0,57055.0,0.0,0.0,57055.0,57055.0,0.0,0.0,-57055.0,0.0,-57055.0,0.0,0.0,-56552.0,0.0,0.0,-56552.0,0.0,-0.111,-0.111,499074.0,499074.0,https://www.sedar.com/ModifyCompanyDocumentSearchForm.do?lang=EN&company_search=FAX CAPITAL CORP&document_selection=0&industry_group=A&FromDate=13&FromMonth=05&FromYear=2000&ToDate=13&ToMonth=11&ToYear=2020&Variable=Issuer,https://www.sedar.com/ModifyCompanyDocumentSearchForm.do?lang=EN&company_search=FAX CAPITAL CORP&document_selection=0&industry_group=A&FromDate=13&FromMonth=05&FromYear=2000&ToDate=13&ToMonth=11&ToYear=2020&Variable=Issuer,1620592352,16:32:32,20210509
11,2018-03-31,FXC.TO,CAD,2018-03-31,2018-03-31,Q1,0.0,0.0,0.0,0.0,0.0,32712.0,0.0,0.0,32712.0,32712.0,0.0,0.0,25877.0,0.0,-32712.0,0.0,-58589.0,-91220.0,0.0,0.0,-91220.0,0.0,-0.185,-0.185,499074.0,499074.0,https://www.sedar.com/ModifyCompanyDocumentSearchForm.do?lang=EN&company_search=FAX CAPITAL CORP&document_selection=0&industry_group=A&FromDate=13&FromMonth=05&FromYear=2000&ToDate=13&ToMonth=11&ToYear=2020&Variable=Issuer,https://www.sedar.com/ModifyCompanyDocumentSearchForm.do?lang=EN&company_search=FAX CAPITAL CORP&document_selection=0&industry_group=A&FromDate=13&FromMonth=05&FromYear=2000&ToDate=13&ToMonth=11&ToYear=2020&Variable=Issuer,1620592352,16:32:32,20210509
12,2017-12-31,FXC.TO,CAD,2017-12-31,2017-12-31,Q4,235923.0,0.0,0.0,0.0,0.0,34086.0,0.0,0.0,28940.0,35801.0,0.0,1715.0,201837.0,0.8555206571635661,200122.0,0.8482513362410617,0.0,-958341.0,-4.062092292824354,-82644.0,-875697.0,-3.7117915591103876,-0.0203581219095105,-0.0203581219095105,43014626.0,43014626.0,https://www.sedar.com/ModifyCompanyDocumentSearchForm.do?lang=EN&company_search=FAX CAPITAL CORP&document_selection=0&industry_group=A&FromDate=13&FromMonth=05&FromYear=2000&ToDate=13&ToMonth=11&ToYear=2020&Variable=Issuer,https://www.sedar.com/ModifyCompanyDocumentSearchForm.do?lang=EN&company_search=FAX CAPITAL CORP&document_selection=0&industry_group=A&FromDate=13&FromMonth=05&FromYear=2000&ToDate=13&ToMonth=11&ToYear=2020&Variable=Issuer,1620592352,16:32:32,20210509
13,2017-09-30,FXC.TO,CAD,2017-09-30,2017-09-30,Q3,-83240.0,0.0,0.0,0.0,0.0,31350.0,0.0,0.0,33065.0,33065.0,0.0,1716.0,-114589.0,1.3766098029793368,-116305.0,1.3972248918789043,0.0,-116305.0,1.3972248918789043,-25635.0,-90670.0,1.0892599711677078,-0.185,-0.185,499074.0,499074.0,https://www.sedar.com/ModifyCompanyDocumentSearchForm.do?lang=EN&company_search=FAX CAPITAL CORP&document_selection=0&industry_group=A&FromDate=13&FromMonth=05&FromYear=2000&ToDate=13&ToMonth=11&ToYear=2020&Variable=Issuer,https://www.sedar.com/ModifyCompanyDocumentSearchForm.do?lang=EN&company_search=FAX CAPITAL CORP&document_selection=0&industry_group=A&FromDate=13&FromMonth=05&FromYear=2000&ToDate=13&ToMonth=11&ToYear=2020&Variable=Issuer,1620592352,16:32:32,20210509
14,2017-06-30,FXC.TO,CAD,2017-06-30,2017-06-30,Q2,-40801.0,0.0,0.0,0.0,0.0,45687.0,0.0,0.0,47402.0,47402.0,0.0,1715.0,-86488.0,2.119751966863557,-88203.0,2.1617852503615107,0.0,-88192.0,2.161515649126247,-14664.0,-73528.0,1.8021126933163403,-0.148,-0.148,499074.0,499074.0,https://www.sedar.com/ModifyCompanyDocumentSearchForm.do?lang=EN&company_search=FAX CAPITAL CORP&document_selection=0&industry_group=A&FromDate=13&FromMonth=05&FromYear=2000&ToDate=13&ToMonth=11&ToYear=2020&Variable=Issuer,https://www.sedar.com/ModifyCompanyDocumentSearchForm.do?lang=EN&company_search=FAX CAPITAL CORP&document_selection=0&industry_group=A&FromDate=13&FromMonth=05&FromYear=2000&ToDate=13&ToMonth=11&ToYear=2020&Variable=Issuer,1620592352,16:32:32,20210509
15,2017-03-31,FXC.TO,CAD,2017-03-31,2017-03-31,Q1,-111882.0,0.0,0.0,0.0,0.0,31972.0,0.0,0.0,33687.0,33687.0,0.0,1715.0,-143854.0,1.2857653599327863,-145569.0,1.3010940097602832,0.0,-145489.0,1.3003789707012745,-25978.0,-119511.0,1.0681879122647076,-0.2405,-0.2405,499074.0,499074.0,https://www.sedar.com/ModifyCompanyDocumentSearchForm.do?lang=EN&company_search=FAX CAPITAL CORP&document_selection=0&industry_group=A&FromDate=13&FromMonth=05&FromYear=2000&ToDate=13&ToMonth=11&ToYear=2020&Variable=Issuer,https://www.sedar.com/ModifyCompanyDocumentSearchForm.do?lang=EN&company_search=FAX CAPITAL CORP&document_selection=0&industry_group=A&FromDate=13&FromMonth=05&FromYear=2000&ToDate=13&ToMonth=11&ToYear=2020&Variable=Issuer,1620592352,16:32:32,20210509
16,2016-12-31,FXC.TO,CAD,2016-12-31,2016-12-31,Q4,-77748.0,0.0,0.0,0.0,0.0,117428.0,0.0,0.0,119572.0,119572.0,0.0,2144.0,-195176.0,2.5103668261562997,-197320.0,2.537943098214745,0.0,-197615.0,2.5417374080362194,-111405.0,-86210.0,1.1088388125739568,-0.002004202012589857,-0.002004202012589857,43014626.0,43014626.0,https://www.sedar.com/ModifyCompanyDocumentSearchForm.do?lang=EN&company_search=FAX CAPITAL CORP&document_selection=0&industry_group=A&FromDate=13&FromMonth=05&FromYear=2000&ToDate=13&ToMonth=11&ToYear=2020&Variable=Issuer,https://www.sedar.com/ModifyCompanyDocumentSearchForm.do?lang=EN&company_search=FAX CAPITAL CORP&document_selection=0&industry_group=A&FromDate=13&FromMonth=05&FromYear=2000&ToDate=13&ToMonth=11&ToYear=2020&Variable=Issuer,1620592352,16:32:32,20210509
17,2016-09-30,FXC.TO,CAD,2016-09-30,2016-09-30,Q3,-72255.0,0.0,0.0,0.0,0.0,33428.0,0.0,0.0,35572.0,35572.0,0.0,2144.0,-105683.0,1.4626392637187737,-107827.0,1.4923119507300533,0.0,-107827.0,1.4923119507300533,18157.0,-125984.0,1.7436025188568265,-0.259,-0.259,499074.0,499074.0,https://www.sedar.com/ModifyCompanyDocumentSearchForm.do?lang=EN&company_search=FAX CAPITAL CORP&document_selection=0&industry_group=A&FromDate=13&FromMonth=05&FromYear=2000&ToDate=13&ToMonth=11&ToYear=2020&Variable=Issuer,https://www.sedar.com/ModifyCompanyDocumentSearchForm.do?lang=EN&company_search=FAX CAPITAL CORP&document_selection=0&industry_group=A&FromDate=13&FromMonth=05&FromYear=2000&ToDate=13&ToMonth=11&ToYear=2020&Variable=Issuer,1620592352,16:32:32,20210509
18,2016-06-30,FXC.TO,CAD,2016-06-30,2016-06-30,Q2,-69142.0,0.0,0.0,0.0,0.0,53559.0,0.0,0.0,55703.0,55703.0,0.0,2144.0,-122701.0,1.7746232391310637,-124845.0,1.8056318879986115,0.0,-124661.0,1.8029706979838593,0.0,-124661.0,1.8029706979838593,-0.259,-0.259,499074.0,499074.0,https://www.sedar.com/ModifyCompanyDocumentSearchForm.do?lang=EN&company_search=FAX CAPITAL CORP&document_selection=0&industry_group=A&FromDate=13&FromMonth=05&FromYear=2000&ToDate=13&ToMonth=11&ToYear=2020&Variable=Issuer,https://www.sedar.com/ModifyCompanyDocumentSearchForm.do?lang=EN&company_search=FAX CAPITAL CORP&document_selection=0&industry_group=A&FromDate=13&FromMonth=05&FromYear=2000&ToDate=13&ToMonth=11&ToYear=2020&Variable=Issuer,1620592352,16:32:32,20210509
19,2016-03-31,FXC.TO,CAD,2016-03-31,2016-03-31,Q1,22189.0,0.0,0.0,0.0,0.0,43560.0,0.0,0.0,45704.0,45704.0,0.0,2144.0,-21371.0,-0.96313488665555,-23515.0,-1.0597593402136194,0.0,-23405.0,-1.0548019288836812,0.0,-23405.0,-1.0548019288836812,-0.0555,-0.0555,499074.0,499074.0,https://www.sedar.com/ModifyCompanyDocumentSearchForm.do?lang=EN&company_search=FAX CAPITAL CORP&document_selection=0&industry_group=A&FromDate=13&FromMonth=05&FromYear=2000&ToDate=13&ToMonth=11&ToYear=2020&Variable=Issuer,https://www.sedar.com/ModifyCompanyDocumentSearchForm.do?lang=EN&company_search=FAX CAPITAL CORP&document_selection=0&industry_group=A&FromDate=13&FromMonth=05&FromYear=2000&ToDate=13&ToMonth=11&ToYear=2020&Variable=Issuer,1620592352,16:32:32,20210509
20,2015-12-31,FXC.TO,CAD,2015-12-31,2015-12-31,Q4,19975.0,0.0,0.0,0.0,0.0,28813.0,0.0,0.0,31493.0,31493.0,0.0,2680.0,-8838.0,-0.44245306633291615,-11518.0,-0.5766207759699624,0.0,-11536.0,-0.5775219023779725,76581.0,-88117.0,-4.411364205256571,-0.002048535770135488,-0.002048535770135488,43014626.0,43014626.0,https://www.sedar.com/ModifyCompanyDocumentSearchForm.do?lang=EN&company_search=FAX CAPITAL CORP&document_selection=0&industry_group=A&FromDate=13&FromMonth=05&FromYear=2000&ToDate=13&ToMonth=11&ToYear=2020&Variable=Issuer,https://www.sedar.com/ModifyCompanyDocumentSearchForm.do?lang=EN&company_search=FAX CAPITAL CORP&document_selection=0&industry_group=A&FromDate=13&FromMonth=05&FromYear=2000&ToDate=13&ToMonth=11&ToYear=2020&Variable=Issuer,1620592352,16:32:32,20210509
21,2015-09-30,FXC.TO,CAD,2015-09-30,2015-09-30,Q3,20029.0,0.0,20029.0,1.0,0.0,24951.0,0.0,0.0,27631.0,27631.0,0.0,2680.0,-4922.0,-0.2457436716760697,-7602.0,-0.3795496530031454,0.0,-7602.0,-0.3795496530031454,48793.0,-56395.0,-2.815667282440461,-0.111,-0.111,499074.0,499074.0,https://www.sedar.com/ModifyCompanyDocumentSearchForm.do?lang=EN&company_search=FAX CAPITAL CORP&document_selection=0&industry_group=A&FromDate=13&FromMonth=05&FromYear=2000&ToDate=13&ToMonth=11&ToYear=2020&Variable=Issuer,https://www.sedar.com/ModifyCompanyDocumentSearchForm.do?lang=EN&company_search=FAX CAPITAL CORP&document_selection=0&industry_group=A&FromDate=13&FromMonth=05&FromYear=2000&ToDate=13&ToMonth=11&ToYear=2020&Variable=Issuer,1620592352,16:32:32,20210509
22,2015-06-30,FXC.TO,CAD,2015-06-30,2015-06-30,Q2,-27252.0,0.0,-27252.0,1.0,0.0,38810.0,0.0,0.0,41074.0,41074.0,0.0,2264.0,-66062.0,2.4241156612358727,-68326.0,2.5071921326875093,0.0,-68319.0,2.5069352708058124,-38164.0,-30155.0,1.1065242917950977,-0.0555,-0.0555,499074.0,499074.0,https://www.sedar.com/ModifyCompanyDocumentSearchForm.do?lang=EN&company_search=FAX CAPITAL CORP&document_selection=0&industry_group=A&FromDate=13&FromMonth=05&FromYear=2000&ToDate=13&ToMonth=11&ToYear=2020&Variable=Issuer,https://www.sedar.com/ModifyCompanyDocumentSearchForm.do?lang=EN&company_search=FAX CAPITAL CORP&document_selection=0&industry_group=A&FromDate=13&FromMonth=05&FromYear=2000&ToDate=13&ToMonth=11&ToYear=2020&Variable=Issuer,1620592352,16:32:32,20210509
23,2015-03-31,FXC.TO,CAD,2015-03-31,2015-03-31,Q1,4508.0,0.0,4508.0,1.0,0.0,38057.0,0.0,0.0,38057.0,38057.0,0.0,0.0,-33549.0,-7.442102928127773,-33549.0,-7.442102928127773,0.0,-33538.0,-7.4396628216503995,-57961.0,24423.0,5.417701863354037,0.0555,0.0555,488503.0,488503.0,https://www.sedar.com/ModifyCompanyDocumentSearchForm.do?lang=EN&company_search=FAX CAPITAL CORP&document_selection=0&industry_group=A&FromDate=13&FromMonth=05&FromYear=2000&ToDate=13&ToMonth=11&ToYear=2020&Variable=Issuer,https://www.sedar.com/ModifyCompanyDocumentSearchForm.do?lang=EN&company_search=FAX CAPITAL CORP&document_selection=0&industry_group=A&FromDate=13&FromMonth=05&FromYear=2000&ToDate=13&ToMonth=11&ToYear=2020&Variable=Issuer,1620592352,16:32:32,20210509
24,2014-12-31,FXC.TO,CAD,2014-12-31,2014-12-31,Q4,91527.0,0.0,91527.0,1.0,0.0,64051.0,0.0,0.0,73102.0,73102.0,0.0,0.0,17348.0,0.18953969866815257,18425.0,0.2013067182361489,0.0,17348.0,0.18953969866815257,0.0,20751.0,0.22671998426693762,0.00048241730615070327,0.00048241730615070327,43014626.0,43014626.0,https://www.sedar.com/ModifyCompanyDocumentSearchForm.do?lang=EN&company_search=FAX CAPITAL CORP&document_selection=0&industry_group=A&FromDate=13&FromMonth=05&FromYear=2000&ToDate=13&ToMonth=11&ToYear=2020&Variable=Issuer,https://www.sedar.com/ModifyCompanyDocumentSearchForm.do?lang=EN&company_search=FAX CAPITAL CORP&document_selection=0&industry_group=A&FromDate=13&FromMonth=05&FromYear=2000&ToDate=13&ToMonth=11&ToYear=2020&Variable=Issuer,1620592352,16:32:32,20210509
25,2014-09-30,FXC.TO,CAD,2014-09-30,2014-09-30,Q3,-225530.0,0.0,-225530.0,1.0,0.0,23807.0,0.0,0.0,23807.0,23807.0,0.0,0.0,-249010.0,1.1041103179177936,-249337.0,1.1055602358887953,0.0,-249010.0,1.1041103179177936,0.0,-249010.0,1.1041103179177936,-0.555001,-0.555001,465608.0,465608.0,https://www.sedar.com/ModifyCompanyDocumentSearchForm.do?lang=EN&company_search=FAX CAPITAL CORP&document_selection=0&industry_group=A&FromDate=13&FromMonth=05&FromYear=2000&ToDate=13&ToMonth=11&ToYear=2020&Variable=Issuer,https://www.sedar.com/ModifyCompanyDocumentSearchForm.do?lang=EN&company_search=FAX CAPITAL CORP&document_selection=0&industry_group=A&FromDate=13&FromMonth=05&FromYear=2000&ToDate=13&ToMonth=11&ToYear=2020&Variable=Issuer,1620592352,16:32:32,20210509
26,2014-06-30,FXC.TO,CAD,2014-06-30,2014-06-30,Q2,36523.0,0.0,36523.0,1.0,0.0,27701.0,0.0,0.0,27701.0,27701.0,0.0,0.0,9193.0,0.25170440544314543,8822.0,0.24154642280206992,0.0,9193.0,0.25170440544314543,0.0,9193.0,0.25170440544314543,0.0185,0.013746295393577985,447182.0,668762.0,https://www.sedar.com/ModifyCompanyDocumentSearchForm.do?lang=EN&company_search=FAX CAPITAL CORP&document_selection=0&industry_group=A&FromDate=13&FromMonth=05&FromYear=2000&ToDate=13&ToMonth=11&ToYear=2020&Variable=Issuer,https://www.sedar.com/ModifyCompanyDocumentSearchForm.do?lang=EN&company_search=FAX CAPITAL CORP&document_selection=0&industry_group=A&FromDate=13&FromMonth=05&FromYear=2000&ToDate=13&ToMonth=11&ToYear=2020&Variable=Issuer,1620592352,16:32:32,20210509
27,2014-03-31,FXC.TO,CAD,2014-03-31,2014-03-31,Q1,106444.0,0.0,106444.0,1.0,0.0,23449.0,0.0,0.0,23449.0,23449.0,0.0,0.0,82995.0,0.7797057607756191,82995.0,0.7797057607756191,0.0,83373.0,0.783256923828492,0.0,83373.0,0.783256923828492,0.185,0.111,447182.0,723398.0,https://www.sedar.com/ModifyCompanyDocumentSearchForm.do?lang=EN&company_search=FAX CAPITAL CORP&document_selection=0&industry_group=A&FromDate=13&FromMonth=05&FromYear=2000&ToDate=13&ToMonth=11&ToYear=2020&Variable=Issuer,https://www.sedar.com/ModifyCompanyDocumentSearchForm.do?lang=EN&company_search=FAX CAPITAL CORP&document_selection=0&industry_group=A&FromDate=13&FromMonth=05&FromYear=2000&ToDate=13&ToMonth=11&ToYear=2020&Variable=Issuer,1620592352,16:32:32,20210509
28,2013-12-31,FXC.TO,CAD,2013-12-31,2013-12-31,Q4,47814.0,0.0,47814.0,1.0,0.0,57786.0,0.0,0.0,57786.0,57786.0,0.0,0.0,-9972.0,-0.20855816288116452,-9972.0,-0.20855816288116452,0.0,15965.0,0.3338980214999791,0.0,15965.0,0.3338980214999791,0.00037115282601782936,0.00037115282601782936,43014626.0,43014626.0,https://www.sedar.com/ModifyCompanyDocumentSearchForm.do?lang=EN&company_search=FAX CAPITAL CORP&document_selection=0&industry_group=A&FromDate=13&FromMonth=05&FromYear=2000&ToDate=13&ToMonth=11&ToYear=2020&Variable=Issuer,https://www.sedar.com/ModifyCompanyDocumentSearchForm.do?lang=EN&company_search=FAX CAPITAL CORP&document_selection=0&industry_group=A&FromDate=13&FromMonth=05&FromYear=2000&ToDate=13&ToMonth=11&ToYear=2020&Variable=Issuer,1620592352,16:32:32,20210509
29,2013-09-30,FXC.TO,CAD,2013-09-30,2013-09-30,Q3,-392169.0,0.0,-392169.0,1.0,0.0,19551.0,0.0,0.0,19551.0,19551.0,0.0,0.0,-411720.0,1.0498535070339572,-411720.0,1.0498535070339572,0.0,-411720.0,1.0498535070339572,0.0,-411720.0,1.0498535070339572,-0.9206989547879835,-0.5691472743911374,447182.0,723398.0,https://www.sedar.com/ModifyCompanyDocumentSearchForm.do?lang=EN&company_search=FAX CAPITAL CORP&document_selection=0&industry_group=A&FromDate=13&FromMonth=05&FromYear=2000&ToDate=13&ToMonth=11&ToYear=2020&Variable=Issuer,https://www.sedar.com/ModifyCompanyDocumentSearchForm.do?lang=EN&company_search=FAX CAPITAL CORP&document_selection=0&industry_group=A&FromDate=13&FromMonth=05&FromYear=2000&ToDate=13&ToMonth=11&ToYear=2020&Variable=Issuer,1620592352,16:32:32,20210509
30,2013-06-30,FXC.TO,CAD,2013-06-30,2013-06-30,Q2,-31800.0,0.0,-31800.0,1.0,0.0,29278.0,0.0,0.0,29278.0,29278.0,21216.0,0.0,-61078.0,1.920691823899371,-61078.0,1.920691823899371,0.0,-82294.0,2.5878616352201256,0.0,-82294.0,2.5878616352201256,-0.1840279796592886,-0.11376033663349913,447182.0,723398.0,https://www.sedar.com/ModifyCompanyDocumentSearchForm.do?lang=EN&company_search=FAX CAPITAL CORP&document_selection=0&industry_group=A&FromDate=13&FromMonth=05&FromYear=2000&ToDate=13&ToMonth=11&ToYear=2020&Variable=Issuer,https://www.sedar.com/ModifyCompanyDocumentSearchForm.do?lang=EN&company_search=FAX CAPITAL CORP&document_selection=0&industry_group=A&FromDate=13&FromMonth=05&FromYear=2000&ToDate=13&ToMonth=11&ToYear=2020&Variable=Issuer,1620592352,16:32:32,20210509
31,2013-03-31,FXC.TO,CAD,2013-03-31,2013-03-31,Q1,60530.0,0.0,60530.0,1.0,0.0,21983.0,0.0,0.0,21983.0,21983.0,0.0,0.0,38547.0,0.6368247150173467,38547.0,0.6368247150173467,0.0,38547.0,0.6368247150173467,0.0,38547.0,0.6368247150173467,0.0925,0.0555,447182.0,723398.0,https://www.sedar.com/ModifyCompanyDocumentSearchForm.do?lang=EN&company_search=FAX CAPITAL CORP&document_selection=0&industry_group=A&FromDate=13&FromMonth=05&FromYear=2000&ToDate=13&ToMonth=11&ToYear=2020&Variable=Issuer,https://www.sedar.com/ModifyCompanyDocumentSearchForm.do?lang=EN&company_search=FAX CAPITAL CORP&document_selection=0&industry_group=A&FromDate=13&FromMonth=05&FromYear=2000&ToDate=13&ToMonth=11&ToYear=2020&Variable=Issuer,1620592352,16:32:32,20210509
32,2012-12-31,FXC.TO,CAD,2012-12-31,2012-12-31,Q4,308855.0,0.0,308855.0,1.0,0.0,58055.0,0.0,0.0,58055.0,58055.0,0.0,0.0,250800.0,0.8120315358339674,250800.0,0.8120315358339674,0.0,250800.0,0.8120315358339674,0.0,250800.0,0.8120315358339674,0.005830574930489922,0.005830574930489922,43014626.0,43014626.0,https://www.sedar.com/ModifyCompanyDocumentSearchForm.do?lang=EN&company_search=FAX CAPITAL CORP&document_selection=0&industry_group=A&FromDate=13&FromMonth=05&FromYear=2000&ToDate=13&ToMonth=11&ToYear=2020&Variable=Issuer,https://www.sedar.com/ModifyCompanyDocumentSearchForm.do?lang=EN&company_search=FAX CAPITAL CORP&document_selection=0&industry_group=A&FromDate=13&FromMonth=05&FromYear=2000&ToDate=13&ToMonth=11&ToYear=2020&Variable=Issuer,1620592352,16:32:32,20210509
33,2012-09-30,FXC.TO,CAD,2012-09-30,2012-09-30,Q3,71098.0,0.0,71098.0,1.0,0.0,24616.0,0.0,0.0,24616.0,24616.0,0.0,0.0,46482.0,0.6537736645193958,46482.0,0.6537736645193958,0.0,46482.0,0.6537736645193958,0.0,46482.0,0.6537736645193958,0.185,0.06437843138341191,445796.0,722012.0,https://www.sedar.com/ModifyCompanyDocumentSearchForm.do?lang=EN&company_search=FAX CAPITAL CORP&document_selection=0&industry_group=A&FromDate=13&FromMonth=05&FromYear=2000&ToDate=13&ToMonth=11&ToYear=2020&Variable=Issuer,https://www.sedar.com/ModifyCompanyDocumentSearchForm.do?lang=EN&company_search=FAX CAPITAL CORP&document_selection=0&industry_group=A&FromDate=13&FromMonth=05&FromYear=2000&ToDate=13&ToMonth=11&ToYear=2020&Variable=Issuer,1620592352,16:32:32,20210509
34,2012-06-30,FXC.TO,CAD,2012-06-30,2012-06-30,Q2,142593.0,0.0,142593.0,1.0,0.0,37347.0,0.0,0.0,37347.0,37347.0,0.0,0.0,105246.0,0.7380867223496245,105246.0,0.7380867223496245,0.0,105246.0,0.7380867223496245,0.0,105246.0,0.7380867223496245,0.23649723607927733,0.14592449628138363,445020.0,721236.0,https://www.sedar.com/ModifyCompanyDocumentSearchForm.do?lang=EN&company_search=FAX CAPITAL CORP&document_selection=0&industry_group=A&FromDate=13&FromMonth=05&FromYear=2000&ToDate=13&ToMonth=11&ToYear=2020&Variable=Issuer,https://www.sedar.com/ModifyCompanyDocumentSearchForm.do?lang=EN&company_search=FAX CAPITAL CORP&document_selection=0&industry_group=A&FromDate=13&FromMonth=05&FromYear=2000&ToDate=13&ToMonth=11&ToYear=2020&Variable=Issuer,1620592352,16:32:32,20210509
35,2012-03-31,FXC.TO,CAD,2012-03-31,2012-03-31,Q1,0.0,0.0,0.0,0.0,0.0,91558.0,0.0,0.0,91558.0,91558.0,0.0,0.0,-91558.0,0.0,-91558.0,0.0,3264902.0,0.0,0.0,0.0,3173344.0,0.0,7.122507,4.403004,445020.0,721236.0,https://www.sedar.com/ModifyCompanyDocumentSearchForm.do?lang=EN&company_search=FAX CAPITAL CORP&document_selection=0&industry_group=A&FromDate=13&FromMonth=05&FromYear=2000&ToDate=13&ToMonth=11&ToYear=2020&Variable=Issuer,https://www.sedar.com/ModifyCompanyDocumentSearchForm.do?lang=EN&company_search=FAX CAPITAL CORP&document_selection=0&industry_group=A&FromDate=13&FromMonth=05&FromYear=2000&ToDate=13&ToMonth=11&ToYear=2020&Variable=Issuer,1620592352,16:32:32,20210509
36,2011-12-31,FXC.TO,CAD,2011-12-31,2011-12-31,Q4,32.0,0.0,32.0,1.0,0.0,8912.0,0.0,0.0,8912.0,8912.0,0.0,0.0,-8880.0,-277.5,-8880.0,-277.5,0.0,0.0,0.0,0.0,-8880.0,-277.5,-0.0002064414090221312,-0.0002064414090221312,43014626.0,43014626.0,https://www.sedar.com/ModifyCompanyDocumentSearchForm.do?lang=EN&company_search=FAX CAPITAL CORP&document_selection=0&industry_group=A&FromDate=13&FromMonth=05&FromYear=2000&ToDate=13&ToMonth=11&ToYear=2020&Variable=Issuer,https://www.sedar.com/ModifyCompanyDocumentSearchForm.do?lang=EN&company_search=FAX CAPITAL CORP&document_selection=0&industry_group=A&FromDate=13&FromMonth=05&FromYear=2000&ToDate=13&ToMonth=11&ToYear=2020&Variable=Issuer,1620592352,16:32:32,20210509
37,2011-09-30,FXC.TO,CAD,2011-09-30,2011-09-30,Q3,1713.0,0.0,1713.0,1.0,0.0,10389.0,0.0,0.0,10389.0,10389.0,0.0,0.0,-8676.0,-5.064798598949212,-8676.0,-5.064798598949212,0.0,0.0,0.0,0.0,-8676.0,-5.064798598949212,-0.019495752999865175,-0.01202934961649169,445020.0,721236.0,https://www.sedar.com/ModifyCompanyDocumentSearchForm.do?lang=EN&company_search=FAX CAPITAL CORP&document_selection=0&industry_group=A&FromDate=13&FromMonth=05&FromYear=2000&ToDate=13&ToMonth=11&ToYear=2020&Variable=Issuer,https://www.sedar.com/ModifyCompanyDocumentSearchForm.do?lang=EN&company_search=FAX CAPITAL CORP&document_selection=0&industry_group=A&FromDate=13&FromMonth=05&FromYear=2000&ToDate=13&ToMonth=11&ToYear=2020&Variable=Issuer,1620592352,16:32:32,20210509
38,2011-06-30,FXC.TO,CAD,2011-06-30,2011-06-30,Q2,0.0,0.0,0.0,0.0,0.0,24645.0,0.0,0.0,24645.0,24645.0,0.0,0.0,-24645.0,0.0,-24645.0,0.0,0.0,-24645.0,0.0,0.0,-24645.0,0.0,-0.05537953350411218,-0.03445455689300843,445020.0,715290.0,https://www.sedar.com/ModifyCompanyDocumentSearchForm.do?lang=EN&company_search=FAX CAPITAL CORP&document_selection=0&industry_group=A&FromDate=13&FromMonth=05&FromYear=2000&ToDate=13&ToMonth=11&ToYear=2020&Variable=Issuer,https://www.sedar.com/ModifyCompanyDocumentSearchForm.do?lang=EN&company_search=FAX CAPITAL CORP&document_selection=0&industry_group=A&FromDate=13&FromMonth=05&FromYear=2000&ToDate=13&ToMonth=11&ToYear=2020&Variable=Issuer,1620592352,16:32:32,20210509
39,2011-03-31,FXC.TO,CAD,2011-03-31,2011-03-31,Q1,0.0,0.0,0.0,0.0,0.0,23394.0,0.0,0.0,23394.0,23394.0,0.0,0.0,-23394.0,0.0,-23394.0,0.0,0.0,-23394.0,0.0,0.0,-23394.0,0.0,-0.052568423891061075,-0.03270561590403892,445020.0,715290.0,https://www.sedar.com/ModifyCompanyDocumentSearchForm.do?lang=EN&company_search=FAX CAPITAL CORP&document_selection=0&industry_group=A&FromDate=13&FromMonth=05&FromYear=2000&ToDate=13&ToMonth=11&ToYear=2020&Variable=Issuer,https://www.sedar.com/ModifyCompanyDocumentSearchForm.do?lang=EN&company_search=FAX CAPITAL CORP&document_selection=0&industry_group=A&FromDate=13&FromMonth=05&FromYear=2000&ToDate=13&ToMonth=11&ToYear=2020&Variable=Issuer,1620592352,16:32:32,20210509
40,2010-12-31,FXC.TO,CAD,2010-12-31,2010-12-31,Q4,0.0,0.0,0.0,0.0,0.0,31727.0,0.0,0.0,31425.0,31425.0,0.0,0.0,-31425.0,0.0,-31425.0,0.0,0.0,-31425.0,0.0,0.0,-31425.0,0.0,-0.0007305654592928461,-0.0007305654592928461,43014626.0,43014626.0,https://www.sedar.com/ModifyCompanyDocumentSearchForm.do?lang=EN&company_search=FAX CAPITAL CORP&document_selection=0&industry_group=A&FromDate=13&FromMonth=05&FromYear=2000&ToDate=13&ToMonth=11&ToYear=2020&Variable=Issuer,https://www.sedar.com/ModifyCompanyDocumentSearchForm.do?lang=EN&company_search=FAX CAPITAL CORP&document_selection=0&industry_group=A&FromDate=13&FromMonth=05&FromYear=2000&ToDate=13&ToMonth=11&ToYear=2020&Variable=Issuer,1620592352,16:32:32,20210509
41,2010-09-30,FXC.TO,CAD,2010-09-30,2010-09-30,Q3,0.0,0.0,0.0,0.0,0.0,18792.0,0.0,0.0,18792.0,18792.0,0.0,0.0,-18792.0,0.0,-18792.0,0.0,0.0,-18792.0,0.0,0.0,-18792.0,0.0,-0.042227315626263986,-0.042227315626263986,445020.0,445020.0,https://www.sedar.com/ModifyCompanyDocumentSearchForm.do?lang=EN&company_search=FAX CAPITAL CORP&document_selection=0&industry_group=A&FromDate=13&FromMonth=05&FromYear=2000&ToDate=13&ToMonth=11&ToYear=2020&Variable=Issuer,https://www.sedar.com/ModifyCompanyDocumentSearchForm.do?lang=EN&company_search=FAX CAPITAL CORP&document_selection=0&industry_group=A&FromDate=13&FromMonth=05&FromYear=2000&ToDate=13&ToMonth=11&ToYear=2020&Variable=Issuer,1620592352,16:32:32,20210509
42,2010-06-30,FXC.TO,CAD,2010-06-30,2010-06-30,Q2,0.0,0.0,0.0,0.0,0.0,45605.0,0.0,0.0,45605.0,45605.0,0.0,0.0,-45605.0,0.0,-45605.0,0.0,0.0,-45605.0,0.0,0.0,-45605.0,0.0,-0.185,-0.185,445020.0,445020.0,https://www.sedar.com/ModifyCompanyDocumentSearchForm.do?lang=EN&company_search=FAX CAPITAL CORP&document_selection=0&industry_group=A&FromDate=13&FromMonth=05&FromYear=2000&ToDate=13&ToMonth=11&ToYear=2020&Variable=Issuer,https://www.sedar.com/ModifyCompanyDocumentSearchForm.do?lang=EN&company_search=FAX CAPITAL CORP&document_selection=0&industry_group=A&FromDate=13&FromMonth=05&FromYear=2000&ToDate=13&ToMonth=11&ToYear=2020&Variable=Issuer,1620592352,16:32:32,20210509
43,2010-03-31,FXC.TO,CAD,2010-03-31,2010-03-31,Q1,0.0,0.0,0.0,0.0,0.0,24440.0,0.0,0.0,24440.0,24440.0,0.0,0.0,-24440.0,0.0,-24440.0,0.0,0.0,-24440.0,0.0,0.0,-24440.0,0.0,-0.054918880050334816,-0.054918880050334816,445020.0,445020.0,https://www.sedar.com/ModifyCompanyDocumentSearchForm.do?lang=EN&company_search=FAX CAPITAL CORP&document_selection=0&industry_group=A&FromDate=13&FromMonth=05&FromYear=2000&ToDate=13&ToMonth=11&ToYear=2020&Variable=Issuer,https://www.sedar.com/ModifyCompanyDocumentSearchForm.do?lang=EN&company_search=FAX CAPITAL CORP&document_selection=0&industry_group=A&FromDate=13&FromMonth=05&FromYear=2000&ToDate=13&ToMonth=11&ToYear=2020&Variable=Issuer,1620592352,16:32:32,20210509
44,2009-12-31,FXC.TO,CAD,2009-12-31,2009-12-31,Q4,0.0,0.0,0.0,0.0,0.0,16913.0,0.0,0.0,16913.0,16913.0,0.0,0.0,-16913.0,0.0,-16913.0,0.0,4.0,0.0,0.0,0.0,-16909.0,0.0,-0.0003930988496796415,-0.0003930988496796415,43014626.0,43014626.0,https://www.sedar.com/ModifyCompanyDocumentSearchForm.do?lang=EN&company_search=FAX CAPITAL CORP&document_selection=0&industry_group=A&FromDate=13&FromMonth=05&FromYear=2000&ToDate=13&ToMonth=11&ToYear=2020&Variable=Issuer,https://www.sedar.com/ModifyCompanyDocumentSearchForm.do?lang=EN&company_search=FAX CAPITAL CORP&document_selection=0&industry_group=A&FromDate=13&FromMonth=05&FromYear=2000&ToDate=13&ToMonth=11&ToYear=2020&Variable=Issuer,1620592352,16:32:32,20210509
45,2009-09-30,FXC.TO,CAD,2009-09-30,2009-09-30,Q3,0.0,0.0,0.0,0.0,0.0,56927.0,0.0,0.0,56927.0,56927.0,0.0,0.0,-56927.0,0.0,-56927.0,0.0,272.0,0.0,0.0,0.0,-56655.0,0.0,-0.185,-0.185,399985.0,399985.0,https://www.sedar.com/ModifyCompanyDocumentSearchForm.do?lang=EN&company_search=FAX CAPITAL CORP&document_selection=0&industry_group=A&FromDate=13&FromMonth=05&FromYear=2000&ToDate=13&ToMonth=11&ToYear=2020&Variable=Issuer,https://www.sedar.com/ModifyCompanyDocumentSearchForm.do?lang=EN&company_search=FAX CAPITAL CORP&document_selection=0&industry_group=A&FromDate=13&FromMonth=05&FromYear=2000&ToDate=13&ToMonth=11&ToYear=2020&Variable=Issuer,1620592352,16:32:32,20210509
46,2009-06-30,FXC.TO,CAD,2009-06-30,2009-06-30,Q2,0.0,0.0,0.0,0.0,0.0,17194.0,0.0,0.0,17194.0,17194.0,0.0,0.0,-17194.0,0.0,-17194.0,0.0,0.0,-17194.0,0.0,0.0,-17194.0,0.0,0.185,0.185,155796.0,155796.0,https://www.sedar.com/ModifyCompanyDocumentSearchForm.do?lang=EN&company_search=FAX CAPITAL CORP&document_selection=0&industry_group=A&FromDate=13&FromMonth=05&FromYear=2000&ToDate=13&ToMonth=11&ToYear=2020&Variable=Issuer,https://www.sedar.com/ModifyCompanyDocumentSearchForm.do?lang=EN&company_search=FAX CAPITAL CORP&document_selection=0&industry_group=A&FromDate=13&FromMonth=05&FromYear=2000&ToDate=13&ToMonth=11&ToYear=2020&Variable=Issuer,1620592352,16:32:32,20210509
47,2009-03-31,FXC.TO,CAD,2009-03-31,2009-03-31,Q1,0.0,0.0,0.0,0.0,0.0,2440.0,0.0,0.0,2440.0,2440.0,0.0,0.0,-2440.0,0.0,-2440.0,0.0,0.0,-2440.0,0.0,0.0,-2440.0,0.0,-0.015990772537814245,-0.015990772537814245,152588.0,152588.0,https://www.sedar.com/ModifyCompanyDocumentSearchForm.do?lang=EN&company_search=FAX CAPITAL CORP&document_selection=0&industry_group=A&FromDate=13&FromMonth=05&FromYear=2000&ToDate=13&ToMonth=11&ToYear=2020&Variable=Issuer,https://www.sedar.com/ModifyCompanyDocumentSearchForm.do?lang=EN&company_search=FAX CAPITAL CORP&document_selection=0&industry_group=A&FromDate=13&FromMonth=05&FromYear=2000&ToDate=13&ToMonth=11&ToYear=2020&Variable=Issuer,1620592352,16:32:32,20210509
48,2008-12-31,FXC.TO,CAD,2008-12-31,2008-12-31,Q4,0.0,0.0,0.0,0.0,0.0,4608.0,0.0,0.0,4608.0,4608.0,0.0,0.0,-4608.0,0.0,-4608.0,0.0,0.0,0.0,0.0,0.0,-4608.0,0.0,-0.00010712635278986269,-0.00010712635278986269,43014626.0,43014626.0,https://www.sedar.com/ModifyCompanyDocumentSearchForm.do?lang=EN&company_search=FAX CAPITAL CORP&document_selection=0&industry_group=A&FromDate=13&FromMonth=05&FromYear=2000&ToDate=13&ToMonth=11&ToYear=2020&Variable=Issuer,https://www.sedar.com/ModifyCompanyDocumentSearchForm.do?lang=EN&company_search=FAX CAPITAL CORP&document_selection=0&industry_group=A&FromDate=13&FromMonth=05&FromYear=2000&ToDate=13&ToMonth=11&ToYear=2020&Variable=Issuer,1620592352,16:32:32,20210509
49,2008-09-30,FXC.TO,CAD,2008-09-30,2008-09-30,Q3,0.0,0.0,0.0,0.0,0.0,17629.0,0.0,0.0,17629.0,17629.0,0.0,0.0,-17629.0,0.0,-17629.0,0.0,0.0,0.0,0.0,0.0,-17629.0,0.0,-0.185,-0.185,82841.0,82841.0,https://www.sedar.com/ModifyCompanyDocumentSearchForm.do?lang=EN&company_search=FAX CAPITAL CORP&document_selection=0&industry_group=A&FromDate=13&FromMonth=05&FromYear=2000&ToDate=13&ToMonth=11&ToYear=2020&Variable=Issuer,https://www.sedar.com/ModifyCompanyDocumentSearchForm.do?lang=EN&company_search=FAX CAPITAL CORP&document_selection=0&industry_group=A&FromDate=13&FromMonth=05&FromYear=2000&ToDate=13&ToMonth=11&ToYear=2020&Variable=Issuer,1620592352,16:32:32,20210509
50,2008-06-30,FXC.TO,CAD,2008-06-30,2008-06-30,Q2,0.0,0.0,0.0,0.0,0.0,5391.0,0.0,0.0,5391.0,5391.0,0.0,0.0,-5391.0,0.0,-5391.0,0.0,0.0,-5391.0,0.0,0.0,-5391.0,0.0,-0.06507647179536703,-0.06507647179536703,82841.0,82841.0,https://www.sedar.com/ModifyCompanyDocumentSearchForm.do?lang=EN&company_search=FAX CAPITAL CORP&document_selection=0&industry_group=A&FromDate=13&FromMonth=05&FromYear=2000&ToDate=13&ToMonth=11&ToYear=2020&Variable=Issuer,https://www.sedar.com/ModifyCompanyDocumentSearchForm.do?lang=EN&company_search=FAX CAPITAL CORP&document_selection=0&industry_group=A&FromDate=13&FromMonth=05&FromYear=2000&ToDate=13&ToMonth=11&ToYear=2020&Variable=Issuer,1620592352,16:32:32,20210509
51,2008-03-31,FXC.TO,CAD,2008-03-31,2008-03-31,Q1,0.0,0.0,0.0,0.0,0.0,7238.0,0.0,0.0,7238.0,7238.0,0.0,0.0,-8382.0,0.0,-7238.0,0.0,1144.0,-6094.0,0.0,0.0,-6094.0,0.0,-0.07356260788739875,-0.07356260788739875,82841.0,82841.0,https://www.sedar.com/ModifyCompanyDocumentSearchForm.do?lang=EN&company_search=FAX CAPITAL CORP&document_selection=0&industry_group=A&FromDate=13&FromMonth=05&FromYear=2000&ToDate=13&ToMonth=11&ToYear=2020&Variable=Issuer,https://www.sedar.com/ModifyCompanyDocumentSearchForm.do?lang=EN&company_search=FAX CAPITAL CORP&document_selection=0&industry_group=A&FromDate=13&FromMonth=05&FromYear=2000&ToDate=13&ToMonth=11&ToYear=2020&Variable=Issuer,1620592352,16:32:32,20210509
