,date,symbol,reportedCurrency,fillingDate,acceptedDate,period,revenue,costOfRevenue,grossProfit,grossProfitRatio,researchAndDevelopmentExpenses,generalAndAdministrativeExpenses,sellingAndMarketingExpenses,otherExpenses,operatingExpenses,costAndExpenses,interestExpense,depreciationAndAmortization,ebitda,ebitdaratio,operatingIncome,operatingIncomeRatio,totalOtherIncomeExpensesNet,incomeBeforeTax,incomeBeforeTaxRatio,incomeTaxExpense,netIncome,netIncomeRatio,eps,epsdiluted,weightedAverageShsOut,weightedAverageShsOutDil,link,finalLink,timestamp,est_time,est_date
0,2020-09-30,SW1.AX,AUD,2020-09-30,2020-09-30,Q3,5770043.5,3387335.5,2382708.0,0.41294454712516465,0.0,2768470.75,0.0,1855403.25,425240.5,0.0,248891.25,1228109.5,-1471669.0,-0.25505336311589333,-2699778.5,-0.46789569264079206,-2016852.0,-4931136.25,-0.8546098915892055,480636.5,-5411772.75,-0.9379084837055388,-0.03751936519393646,-0.03751936519393646,144239454.0,144239454.0,,,1620598485,18:14:45,20210509
1,2020-06-30,SW1.AX,AUD,2020-06-30,2020-06-30,Q2,5770043.5,3387335.5,2382708.0,0.41294454712516465,0.0,2768470.75,0.0,1855403.25,425240.5,0.0,248891.25,1228109.5,-1471669.0,-0.25505336311589333,-2699778.5,-0.46789569264079206,-2016852.0,-4931136.25,-0.8546098915892055,480636.5,-5411772.75,-0.9379084837055388,-0.03751936519393646,-0.03751936519393646,144239454.0,144239454.0,,,1620598485,18:14:45,20210509
2,2020-03-31,SW1.AX,AUD,2020-03-31,2020-03-31,Q1,5770043.5,3387335.5,2382708.0,0.41294454712516465,0.0,2768470.75,0.0,1855403.25,425240.5,0.0,248891.25,1228109.5,-1471669.0,-0.25505336311589333,-2699778.5,-0.46789569264079206,-2016852.0,-4931136.25,-0.8546098915892055,480636.5,-5411772.75,-0.9379084837055388,-0.03751936519393646,-0.03751936519393646,144239454.0,144239454.0,,,1620598485,18:14:45,20210509
3,2020-01-31,SW1.AX,AUD,2020-01-31,2020-01-31,Q1,5770043.5,3387335.5,2382708.0,0.41294454712516465,0.0,2768470.75,0.0,1855403.25,425240.5,0.0,248891.25,1228109.5,-1471669.0,-0.25505336311589333,-2699778.5,-0.46789569264079206,-2016852.0,-4931136.25,-0.8546098915892055,480636.5,-5411772.75,-0.9379084837055388,-0.03751936519393646,-0.03751936519393646,144239454.0,144239454.0,,,1620598485,18:14:45,20210509
4,2019-06-30,SW1.AX,AUD,2019-06-30,2019-06-30,Q2,6178295.75,3129922.5,3048373.25,0.49340034426160323,0.0,2644272.25,0.0,-675864.0,153721.5,0.0,55686.0,1034405.25,244794.75,0.03962172739950171,-789610.5,-0.12780393363331627,-966480.25,-1771867.5,-0.28678903887046847,-45493.0,-1726374.5,-0.27942568142679153,-0.01191675,-0.01191675,144239454.0,144239454.0,,,1620598485,18:14:45,20210509
5,2019-03-31,SW1.AX,AUD,2019-03-31,2019-03-31,Q1,6178295.75,3129922.5,3048373.25,0.49340034426160323,0.0,2644272.25,0.0,-675864.0,153721.5,0.0,55686.0,1034405.25,244794.75,0.03962172739950171,-789610.5,-0.12780393363331627,-966480.25,-1771867.5,-0.28678903887046847,-45493.0,-1726374.5,-0.27942568142679153,-0.01191675,-0.01191675,144239454.0,144239454.0,,,1620598485,18:14:45,20210509
6,2019-01-31,SW1.AX,AUD,2019-01-31,2019-01-31,Q1,6178295.75,3129922.5,3048373.25,0.49340034426160323,0.0,2644272.25,0.0,-675864.0,153721.5,0.0,55686.0,1034405.25,244794.75,0.03962172739950171,-789610.5,-0.12780393363331627,-966480.25,-1771867.5,-0.28678903887046847,-45493.0,-1726374.5,-0.27942568142679153,-0.01191675,-0.01191675,144239454.0,144239454.0,,,1620598485,18:14:45,20210509
7,2018-06-30,SW1.AX,AUD,2018-06-30,2018-06-30,Q2,5569951.0,3254446.5,2315504.5,0.41571362117907323,0.0,1987023.25,0.0,-1420833.25,131899.75,0.0,28214.0,645292.5,196581.5,0.03529321891700663,-448711.0,-0.08055923651752053,-1420833.25,-1889889.75,-0.3393009651251869,42313.25,-1932203.0,-0.34689766570657443,-0.0158125,-0.0158125,122182678.0,122182678.0,,,1620598485,18:14:45,20210509
8,2018-03-31,SW1.AX,AUD,2018-03-31,2018-03-31,Q1,5569951.0,3254446.5,2315504.5,0.41571362117907323,0.0,1987023.25,0.0,-1420833.25,131899.75,0.0,28214.0,645292.5,196581.5,0.03529321891700663,-448711.0,-0.08055923651752053,-1420833.25,-1889889.75,-0.3393009651251869,42313.25,-1932203.0,-0.34689766570657443,-0.0158125,-0.0158125,122182678.0,122182678.0,,,1620598485,18:14:45,20210509
9,2018-01-31,SW1.AX,AUD,2018-01-31,2018-01-31,Q1,5569951.0,3254446.5,2315504.5,0.41571362117907323,0.0,1987023.25,0.0,-1420833.25,131899.75,0.0,28214.0,645292.5,196581.5,0.03529321891700663,-448711.0,-0.08055923651752053,-1420833.25,-1889889.75,-0.3393009651251869,42313.25,-1932203.0,-0.34689766570657443,-0.0158125,-0.0158125,122182678.0,122182678.0,,,1620598485,18:14:45,20210509
10,2017-06-30,SW1.AX,AUD,2017-06-30,2017-06-30,Q2,4251285.75,2902579.25,1348706.5,0.31724672941591847,0.0,1039117.0,0.0,-482291.75,119119.75,0.0,1478.25,280481.25,190469.75,0.044802857582556053,-90011.5,-0.021172771084606582,-503129.25,-591488.75,-0.13913173208834528,-250439.25,-341049.5,-0.08022267145886394,-0.00366675,-0.00366675,94571093.0,94571093.0,,,1620598485,18:14:45,20210509
11,2017-03-31,SW1.AX,AUD,2017-03-31,2017-03-31,Q1,4251285.75,2902579.25,1348706.5,0.31724672941591847,0.0,1039117.0,0.0,-482291.75,119119.75,0.0,1478.25,280481.25,190469.75,0.044802857582556053,-90011.5,-0.021172771084606582,-503129.25,-591488.75,-0.13913173208834528,-250439.25,-341049.5,-0.08022267145886394,-0.00366675,-0.00366675,94571093.0,94571093.0,,,1620598485,18:14:45,20210509
12,2017-01-31,SW1.AX,AUD,2017-01-31,2017-01-31,Q1,4251285.75,2902579.25,1348706.5,0.31724672941591847,0.0,1039117.0,0.0,-482291.75,119119.75,0.0,1478.25,280481.25,190469.75,0.044802857582556053,-90011.5,-0.021172771084606582,-503129.25,-591488.75,-0.13913173208834528,-250439.25,-341049.5,-0.08022267145886394,-0.00366675,-0.00366675,94571093.0,94571093.0,,,1620598485,18:14:45,20210509
13,2016-06-30,SW1.AX,AUD,2016-06-30,2016-06-30,Q2,424769.0,417631.75,7137.25,0.016802662152840722,0.0,705961.25,0.0,-401504.25,169735.5,0.0,0.0,42556.25,-885080.25,-2.083674302974087,-927636.5,-2.183861110391766,-414920.0,-1336251.0,-3.145829851048452,-23770.0,-1312481.0,-3.089870023471581,-0.05110425,-0.05110425,25722709.0,25722709.0,,,1620598485,18:14:45,20210509
14,2016-03-31,SW1.AX,AUD,2016-03-31,2016-03-31,Q1,424769.0,417631.75,7137.25,0.016802662152840722,0.0,705961.25,0.0,-401504.25,169735.5,0.0,0.0,42556.25,-885080.25,-2.083674302974087,-927636.5,-2.183861110391766,-414920.0,-1336251.0,-3.145829851048452,-23770.0,-1312481.0,-3.089870023471581,-0.05110425,-0.05110425,25722709.0,25722709.0,,,1620598485,18:14:45,20210509
15,2016-01-31,SW1.AX,AUD,2016-01-31,2016-01-31,Q1,424769.0,417631.75,7137.25,0.016802662152840722,0.0,705961.25,0.0,-401504.25,169735.5,0.0,0.0,42556.25,-885080.25,-2.083674302974087,-927636.5,-2.183861110391766,-414920.0,-1336251.0,-3.145829851048452,-23770.0,-1312481.0,-3.089870023471581,-0.05110425,-0.05110425,25722709.0,25722709.0,,,1620598485,18:14:45,20210509
16,2015-09-30,SW1.AX,AUD,2015-09-30,2015-09-30,Q3,0.0,0.0,0.0,0.0,0.0,261452.5,0.0,39306.25,68027.5,0.0,20906.25,0.0,-288666.25,0.0,-329480.0,0.0,244.75,-348634.0,0.0,0.0,-348634.0,0.0,-0.04766675,-0.04766675,7328957.0,7328957.0,,,1620598485,18:14:45,20210509
17,2015-06-30,SW1.AX,AUD,2015-06-30,2015-06-30,Q2,0.0,0.0,0.0,0.0,0.0,261452.5,0.0,39306.25,68027.5,0.0,20906.25,0.0,-288666.25,0.0,-329480.0,0.0,244.75,-348634.0,0.0,0.0,-348634.0,0.0,-0.04766675,-0.04766675,7328957.0,7328957.0,,,1620598485,18:14:45,20210509
18,2015-03-31,SW1.AX,AUD,2015-03-31,2015-03-31,Q1,0.0,0.0,0.0,0.0,0.0,261452.5,0.0,39306.25,68027.5,0.0,20906.25,0.0,-288666.25,0.0,-329480.0,0.0,244.75,-348634.0,0.0,0.0,-348634.0,0.0,-0.04766675,-0.04766675,7328957.0,7328957.0,,,1620598485,18:14:45,20210509
19,2015-01-31,SW1.AX,AUD,2015-01-31,2015-01-31,Q1,0.0,0.0,0.0,0.0,0.0,261452.5,0.0,39306.25,68027.5,0.0,20906.25,0.0,-288666.25,0.0,-329480.0,0.0,244.75,-348634.0,0.0,0.0,-348634.0,0.0,-0.04766675,-0.04766675,7328957.0,7328957.0,,,1620598485,18:14:45,20210509
20,2014-09-30,SW1.AX,AUD,2014-09-30,2014-09-30,Q3,70500.0,0.0,70500.0,1.0,0.0,113078.75,0.0,0.0,56201.75,0.0,4847.25,0.0,-106459.25,-0.66222521763022,-106880.5,-1.5160354609929079,-35649.0,-146955.5,-2.0844751773049643,0.0,-146955.5,-2.0844751773049643,-0.033,-0.033,4458175.0,4458175.0,,,1620598485,18:14:45,20210509
21,2014-06-30,SW1.AX,AUD,2014-06-30,2014-06-30,Q2,70500.0,0.0,70500.0,1.0,0.0,113078.75,0.0,0.0,56201.75,0.0,4847.25,0.0,-106459.25,-0.66222521763022,-106880.5,-1.5160354609929079,-35649.0,-146955.5,-2.0844751773049643,0.0,-146955.5,-2.0844751773049643,-0.033,-0.033,4458175.0,4458175.0,,,1620598485,18:14:45,20210509
22,2014-03-31,SW1.AX,AUD,2014-03-31,2014-03-31,Q1,70500.0,0.0,70500.0,1.0,0.0,113078.75,0.0,0.0,56201.75,0.0,4847.25,0.0,-106459.25,-0.66222521763022,-106880.5,-1.5160354609929079,-35649.0,-146955.5,-2.0844751773049643,0.0,-146955.5,-2.0844751773049643,-0.033,-0.033,4458175.0,4458175.0,,,1620598485,18:14:45,20210509
23,2014-01-31,SW1.AX,AUD,2014-01-31,2014-01-31,Q1,70500.0,0.0,70500.0,1.0,0.0,113078.75,0.0,0.0,56201.75,0.0,4847.25,0.0,-106459.25,-0.66222521763022,-106880.5,-1.5160354609929079,-35649.0,-146955.5,-2.0844751773049643,0.0,-146955.5,-2.0844751773049643,-0.033,-0.033,4458175.0,4458175.0,,,1620598485,18:14:45,20210509
24,2013-09-30,SW1.AX,AUD,2013-09-30,2013-09-30,Q3,12004.25,0.0,12004.25,1.0,0.0,57711.5,0.0,623025.0,38391.0,0.0,76178.0,0.0,546060.0,0.021983390103651614,-84098.25,-7.00570631234771,491208.25,338065.25,28.162130078930378,0.0,479841.75,39.97265551783743,0.11930425,0.11930425,4119791.0,4119791.0,,,1620598485,18:14:45,20210509
25,2013-06-30,SW1.AX,AUD,2013-06-30,2013-06-30,Q2,12004.25,0.0,12004.25,1.0,0.0,57711.5,0.0,623025.0,38391.0,0.0,76178.0,0.0,546060.0,0.021983390103651614,-84098.25,-7.00570631234771,491208.25,338065.25,28.162130078930378,0.0,479841.75,39.97265551783743,0.11930425,0.11930425,4119791.0,4119791.0,,,1620598485,18:14:45,20210509
26,2013-03-31,SW1.AX,AUD,2013-03-31,2013-03-31,Q1,12004.25,0.0,12004.25,1.0,0.0,57711.5,0.0,623025.0,38391.0,0.0,76178.0,0.0,546060.0,0.021983390103651614,-84098.25,-7.00570631234771,491208.25,338065.25,28.162130078930378,0.0,479841.75,39.97265551783743,0.11930425,0.11930425,4119791.0,4119791.0,,,1620598485,18:14:45,20210509
27,2013-01-31,SW1.AX,AUD,2013-01-31,2013-01-31,Q1,12004.25,0.0,12004.25,1.0,0.0,57711.5,0.0,623025.0,38391.0,0.0,76178.0,0.0,546060.0,0.021983390103651614,-84098.25,-7.00570631234771,491208.25,338065.25,28.162130078930378,0.0,479841.75,39.97265551783743,0.11930425,0.11930425,4119791.0,4119791.0,,,1620598485,18:14:45,20210509
28,2012-09-30,SW1.AX,AUD,2012-09-30,2012-09-30,Q3,140541.25,0.0,140541.25,1.0,0.0,223070.0,0.0,-27274.75,140885.0,0.0,149112.75,199.25,-223413.75,-1.589666734855425,-223613.0,-1.591084468083214,-76645.5,-328475.75,-2.337219499613103,0.0,-328475.75,-2.337219499613103,-0.08612075,-0.08612075,4026983.0,4026983.0,,,1620598485,18:14:45,20210509
29,2012-06-30,SW1.AX,AUD,2012-06-30,2012-06-30,Q2,140541.25,0.0,140541.25,1.0,0.0,223070.0,0.0,-27274.75,140885.0,0.0,149112.75,199.25,-223413.75,-1.589666734855425,-223613.0,-1.591084468083214,-76645.5,-328475.75,-2.337219499613103,0.0,-328475.75,-2.337219499613103,-0.08612075,-0.08612075,4026983.0,4026983.0,,,1620598485,18:14:45,20210509
30,2012-03-31,SW1.AX,AUD,2012-03-31,2012-03-31,Q1,140541.25,0.0,140541.25,1.0,0.0,223070.0,0.0,-27274.75,140885.0,0.0,149112.75,199.25,-223413.75,-1.589666734855425,-223613.0,-1.591084468083214,-76645.5,-328475.75,-2.337219499613103,0.0,-328475.75,-2.337219499613103,-0.08612075,-0.08612075,4026983.0,4026983.0,,,1620598485,18:14:45,20210509
31,2012-01-31,SW1.AX,AUD,2012-01-31,2012-01-31,Q1,140541.25,0.0,140541.25,1.0,0.0,223070.0,0.0,-27274.75,140885.0,0.0,149112.75,199.25,-223413.75,-1.589666734855425,-223613.0,-1.591084468083214,-76645.5,-328475.75,-2.337219499613103,0.0,-328475.75,-2.337219499613103,-0.08612075,-0.08612075,4026983.0,4026983.0,,,1620598485,18:14:45,20210509
32,2011-09-30,SW1.AX,AUD,2011-09-30,2011-09-30,Q3,382553.75,0.0,382553.75,1.0,0.0,202679.25,5454.25,647126.25,175602.75,0.0,59287.0,273.75,-383736.25,-1.0030910689020824,-384010.0,-1.0038066546204292,429867.0,8008.25,0.02093365964913427,0.0,8008.25,0.02093365964913427,0.00229175,0.00229175,3494508.0,3494508.0,,,1620598485,18:14:45,20210509
33,2011-06-30,SW1.AX,AUD,2011-06-30,2011-06-30,Q2,382553.75,0.0,382553.75,1.0,0.0,202679.25,5454.25,647126.25,175602.75,0.0,59287.0,273.75,-383736.25,-1.0030910689020824,-384010.0,-1.0038066546204292,429867.0,8008.25,0.02093365964913427,0.0,8008.25,0.02093365964913427,0.00229175,0.00229175,3494508.0,3494508.0,,,1620598485,18:14:45,20210509
34,2011-03-31,SW1.AX,AUD,2011-03-31,2011-03-31,Q1,382553.75,0.0,382553.75,1.0,0.0,202679.25,5454.25,647126.25,175602.75,0.0,59287.0,273.75,-383736.25,-1.0030910689020824,-384010.0,-1.0038066546204292,429867.0,8008.25,0.02093365964913427,0.0,8008.25,0.02093365964913427,0.00229175,0.00229175,3494508.0,3494508.0,,,1620598485,18:14:45,20210509
35,2011-01-31,SW1.AX,AUD,2011-01-31,2011-01-31,Q1,382553.75,0.0,382553.75,1.0,0.0,202679.25,5454.25,647126.25,175602.75,0.0,59287.0,273.75,-383736.25,-1.0030910689020824,-384010.0,-1.0038066546204292,429867.0,8008.25,0.02093365964913427,0.0,8008.25,0.02093365964913427,0.00229175,0.00229175,3494508.0,3494508.0,,,1620598485,18:14:45,20210509
36,2010-09-30,SW1.AX,AUD,2010-09-30,2010-09-30,Q3,49562.5,0.0,49562.5,1.0,0.0,53725.5,785.75,313835.25,156571.25,0.0,41194.5,94357.25,-161447.0,-3.2574426229508195,-255804.25,-5.161245901639345,313835.25,16836.5,0.33970239596469104,0.0,26727.5,0.5392686002522068,0.00916675,0.00916675,3290372.0,3290372.0,,,1620598485,18:14:45,20210509
37,2010-06-30,SW1.AX,AUD,2010-06-30,2010-06-30,Q2,49562.5,0.0,49562.5,1.0,0.0,53725.5,785.75,313835.25,156571.25,0.0,41194.5,94357.25,-161447.0,-3.2574426229508195,-255804.25,-5.161245901639345,313835.25,16836.5,0.33970239596469104,0.0,26727.5,0.5392686002522068,0.00916675,0.00916675,3290372.0,3290372.0,,,1620598485,18:14:45,20210509
38,2010-03-31,SW1.AX,AUD,2010-03-31,2010-03-31,Q1,49562.5,0.0,49562.5,1.0,0.0,53725.5,785.75,313835.25,156571.25,0.0,41194.5,94357.25,-161447.0,-3.2574426229508195,-255804.25,-5.161245901639345,313835.25,16836.5,0.33970239596469104,0.0,26727.5,0.5392686002522068,0.00916675,0.00916675,3290372.0,3290372.0,,,1620598485,18:14:45,20210509
39,2010-01-31,SW1.AX,AUD,2010-01-31,2010-01-31,Q1,49562.5,0.0,49562.5,1.0,0.0,53725.5,785.75,313835.25,156571.25,0.0,41194.5,94357.25,-161447.0,-3.2574426229508195,-255804.25,-5.161245901639345,313835.25,16836.5,0.33970239596469104,0.0,26727.5,0.5392686002522068,0.00916675,0.00916675,3290372.0,3290372.0,,,1620598485,18:14:45,20210509
40,2009-09-30,SW1.AX,AUD,2009-09-30,2009-09-30,Q3,78945.0,609.5,78945.0,1.0,0.0,137502.5,453.5,-46613.5,150195.25,0.0,28062.5,23632.0,-242508.25,-3.071863322566344,-266140.25,-3.3712109696624233,-229244.5,-530863.5,-6.724472734182026,0.0,-497948.75,-6.307540059535119,-0.165,-0.165,2293410.0,2293410.0,,,1620598485,18:14:45,20210509
41,2009-06-30,SW1.AX,AUD,2009-06-30,2009-06-30,Q2,78945.0,609.5,78945.0,1.0,0.0,137502.5,453.5,-46613.5,150195.25,0.0,28062.5,23632.0,-242508.25,-3.071863322566344,-266140.25,-3.3712109696624233,-229244.5,-530863.5,-6.724472734182026,0.0,-497948.75,-6.307540059535119,-0.165,-0.165,2293410.0,2293410.0,,,1620598485,18:14:45,20210509
42,2009-03-31,SW1.AX,AUD,2009-03-31,2009-03-31,Q1,78945.0,609.5,78945.0,1.0,0.0,137502.5,453.5,-46613.5,150195.25,0.0,28062.5,23632.0,-242508.25,-3.071863322566344,-266140.25,-3.3712109696624233,-229244.5,-530863.5,-6.724472734182026,0.0,-497948.75,-6.307540059535119,-0.165,-0.165,2293410.0,2293410.0,,,1620598485,18:14:45,20210509
43,2009-01-31,SW1.AX,AUD,2009-01-31,2009-01-31,Q1,78945.0,609.5,78945.0,1.0,0.0,137502.5,453.5,-46613.5,150195.25,0.0,28062.5,23632.0,-242508.25,-3.071863322566344,-266140.25,-3.3712109696624233,-229244.5,-530863.5,-6.724472734182026,0.0,-497948.75,-6.307540059535119,-0.165,-0.165,2293410.0,2293410.0,,,1620598485,18:14:45,20210509
44,2008-09-30,SW1.AX,AUD,2008-09-30,2008-09-30,Q3,172584.25,49928.75,122655.5,0.7106992671695128,0.0,328313.0,8087.5,0.0,89787.75,0.0,16926.5,39387.0,-303532.75,-1.7587511606650086,-342919.75,-1.986970131979019,0.0,-361701.5,-2.0957966906018366,0.0,-350727.5,-2.0322103552322996,-0.15354175,-0.15354175,2280634.0,2280634.0,,,1620598485,18:14:45,20210509
45,2008-06-30,SW1.AX,AUD,2008-06-30,2008-06-30,Q2,172584.25,49928.75,122655.5,0.7106992671695128,0.0,328313.0,8087.5,0.0,89787.75,0.0,16926.5,39387.0,-303532.75,-1.7587511606650086,-342919.75,-1.986970131979019,0.0,-361701.5,-2.0957966906018366,0.0,-350727.5,-2.0322103552322996,-0.15354175,-0.15354175,2280634.0,2280634.0,,,1620598485,18:14:45,20210509
46,2008-03-31,SW1.AX,AUD,2008-03-31,2008-03-31,Q1,172584.25,49928.75,122655.5,0.7106992671695128,0.0,328313.0,8087.5,0.0,89787.75,0.0,16926.5,39387.0,-303532.75,-1.7587511606650086,-342919.75,-1.986970131979019,0.0,-361701.5,-2.0957966906018366,0.0,-350727.5,-2.0322103552322996,-0.15354175,-0.15354175,2280634.0,2280634.0,,,1620598485,18:14:45,20210509
47,2008-01-31,SW1.AX,AUD,2008-01-31,2008-01-31,Q1,172584.25,49928.75,122655.5,0.7106992671695128,0.0,328313.0,8087.5,0.0,89787.75,0.0,16926.5,39387.0,-303532.75,-1.7587511606650086,-342919.75,-1.986970131979019,0.0,-361701.5,-2.0957966906018366,0.0,-350727.5,-2.0322103552322996,-0.15354175,-0.15354175,2280634.0,2280634.0,,,1620598485,18:14:45,20210509
48,2007-09-30,SW1.AX,AUD,2007-09-30,2007-09-30,Q3,321070.25,43459.25,277611.0,0.8646425509682071,0.0,167769.25,12484.25,20956.75,118790.5,0.0,13434.25,20588.0,-21433.0,-0.06675486128035843,-42021.0,-0.13087789977427058,20956.75,-32930.0,-0.10256322409192381,0.0,-231857.75,-0.7221402481232689,-0.103125,-0.103125,2169775.0,2169775.0,,,1620598485,18:14:45,20210509
49,2007-06-30,SW1.AX,AUD,2007-06-30,2007-06-30,Q2,321070.25,43459.25,277611.0,0.8646425509682071,0.0,167769.25,12484.25,20956.75,118790.5,0.0,13434.25,20588.0,-21433.0,-0.06675486128035843,-42021.0,-0.13087789977427058,20956.75,-32930.0,-0.10256322409192381,0.0,-231857.75,-0.7221402481232689,-0.103125,-0.103125,2169775.0,2169775.0,,,1620598485,18:14:45,20210509
50,2007-03-31,SW1.AX,AUD,2007-03-31,2007-03-31,Q1,321070.25,43459.25,277611.0,0.8646425509682071,0.0,167769.25,12484.25,20956.75,118790.5,0.0,13434.25,20588.0,-21433.0,-0.06675486128035843,-42021.0,-0.13087789977427058,20956.75,-32930.0,-0.10256322409192381,0.0,-231857.75,-0.7221402481232689,-0.103125,-0.103125,2169775.0,2169775.0,,,1620598485,18:14:45,20210509
51,2007-01-31,SW1.AX,AUD,2007-01-31,2007-01-31,Q1,321070.25,43459.25,277611.0,0.8646425509682071,0.0,167769.25,12484.25,20956.75,118790.5,0.0,13434.25,20588.0,-21433.0,-0.06675486128035843,-42021.0,-0.13087789977427058,20956.75,-32930.0,-0.10256322409192381,0.0,-231857.75,-0.7221402481232689,-0.103125,-0.103125,2169775.0,2169775.0,,,1620598485,18:14:45,20210509
52,2006-09-30,SW1.AX,AUD,2006-09-30,2006-09-30,Q3,284426.75,110467.5,173959.25,0.6116135349435311,-93425.0,370154.25,0.0,497786.0,0.0,0.0,12037.5,62458.0,-186541.5,-0.6558507594661894,-248999.5,-0.875443325917833,497786.0,235505.75,0.8280014098533278,0.0,248044.5,0.8720856951745924,0.12375,0.12375,2108975.0,2108975.0,,,1620598485,18:14:45,20210509
53,2006-06-30,SW1.AX,AUD,2006-06-30,2006-06-30,Q2,284426.75,110467.5,173959.25,0.6116135349435311,-93425.0,370154.25,0.0,497786.0,0.0,0.0,12037.5,62458.0,-186541.5,-0.6558507594661894,-248999.5,-0.875443325917833,497786.0,235505.75,0.8280014098533278,0.0,248044.5,0.8720856951745924,0.12375,0.12375,2108975.0,2108975.0,,,1620598485,18:14:45,20210509
54,2006-03-31,SW1.AX,AUD,2006-03-31,2006-03-31,Q1,284426.75,110467.5,173959.25,0.6116135349435311,-93425.0,370154.25,0.0,497786.0,0.0,0.0,12037.5,62458.0,-186541.5,-0.6558507594661894,-248999.5,-0.875443325917833,497786.0,235505.75,0.8280014098533278,0.0,248044.5,0.8720856951745924,0.12375,0.12375,2108975.0,2108975.0,,,1620598485,18:14:45,20210509
55,2006-01-31,SW1.AX,AUD,2006-01-31,2006-01-31,Q1,284426.75,110467.5,173959.25,0.6116135349435311,-93425.0,370154.25,0.0,497786.0,0.0,0.0,12037.5,62458.0,-186541.5,-0.6558507594661894,-248999.5,-0.875443325917833,497786.0,235505.75,0.8280014098533278,0.0,248044.5,0.8720856951745924,0.12375,0.12375,2108975.0,2108975.0,,,1620598485,18:14:45,20210509
56,2005-09-30,SW1.AX,AUD,2005-09-30,2005-09-30,Q3,63025.0,9855.25,53169.75,0.8436295120983737,0.0,189656.75,2049.25,22475.0,2717.5,0.0,1448.25,75284.75,-141253.75,-2.241233637445458,-216538.5,-3.4357556525188415,22475.0,-217941.75,-3.4580206267354225,-217941.75,-217941.75,-3.4580206267354225,-0.07104175,-0.07104175,2009768.0,2009768.0,,,1620598485,18:14:45,20210509
57,2005-06-30,SW1.AX,AUD,2005-06-30,2005-06-30,Q2,63025.0,9855.25,53169.75,0.8436295120983737,0.0,189656.75,2049.25,22475.0,2717.5,0.0,1448.25,75284.75,-141253.75,-2.241233637445458,-216538.5,-3.4357556525188415,22475.0,-217941.75,-3.4580206267354225,-217941.75,-217941.75,-3.4580206267354225,-0.07104175,-0.07104175,2009768.0,2009768.0,,,1620598485,18:14:45,20210509
58,2005-03-31,SW1.AX,AUD,2005-03-31,2005-03-31,Q1,63025.0,9855.25,53169.75,0.8436295120983737,0.0,189656.75,2049.25,22475.0,2717.5,0.0,1448.25,75284.75,-141253.75,-2.241233637445458,-216538.5,-3.4357556525188415,22475.0,-217941.75,-3.4580206267354225,-217941.75,-217941.75,-3.4580206267354225,-0.07104175,-0.07104175,2009768.0,2009768.0,,,1620598485,18:14:45,20210509
59,2005-01-31,SW1.AX,AUD,2005-01-31,2005-01-31,Q1,63025.0,9855.25,53169.75,0.8436295120983737,0.0,189656.75,2049.25,22475.0,2717.5,0.0,1448.25,75284.75,-141253.75,-2.241233637445458,-216538.5,-3.4357556525188415,22475.0,-217941.75,-3.4580206267354225,-217941.75,-217941.75,-3.4580206267354225,-0.07104175,-0.07104175,2009768.0,2009768.0,,,1620598485,18:14:45,20210509
60,2004-09-30,SW1.AX,AUD,2004-09-30,2004-09-30,Q3,74076.75,12044.5,62032.25,0.8374051237399049,0.0,150158.5,8196.25,362.5,0.0,0.0,996.0,19367.0,-96322.5,-1.3003067764177019,-115689.5,-1.5617518317150794,362.5,-114766.25,-1.5492884069562987,-114766.25,-114766.25,-1.5492884069562987,-0.16729175,-0.16729175,681941.0,681941.0,,,1620598485,18:14:45,20210509
61,2004-06-30,SW1.AX,AUD,2004-06-30,2004-06-30,Q2,74076.75,12044.5,62032.25,0.8374051237399049,0.0,150158.5,8196.25,362.5,0.0,0.0,996.0,19367.0,-96322.5,-1.3003067764177019,-115689.5,-1.5617518317150794,362.5,-114766.25,-1.5492884069562987,-114766.25,-114766.25,-1.5492884069562987,-0.16729175,-0.16729175,681941.0,681941.0,,,1620598485,18:14:45,20210509
62,2004-03-31,SW1.AX,AUD,2004-03-31,2004-03-31,Q1,74076.75,12044.5,62032.25,0.8374051237399049,0.0,150158.5,8196.25,362.5,0.0,0.0,996.0,19367.0,-96322.5,-1.3003067764177019,-115689.5,-1.5617518317150794,362.5,-114766.25,-1.5492884069562987,-114766.25,-114766.25,-1.5492884069562987,-0.16729175,-0.16729175,681941.0,681941.0,,,1620598485,18:14:45,20210509
63,2004-01-31,SW1.AX,AUD,2004-01-31,2004-01-31,Q1,74076.75,12044.5,62032.25,0.8374051237399049,0.0,150158.5,8196.25,362.5,0.0,0.0,996.0,19367.0,-96322.5,-1.3003067764177019,-115689.5,-1.5617518317150794,362.5,-114766.25,-1.5492884069562987,-114766.25,-114766.25,-1.5492884069562987,-0.16729175,-0.16729175,681941.0,681941.0,,,1620598485,18:14:45,20210509
64,2003-09-30,SW1.AX,AUD,2003-09-30,2003-09-30,Q3,247427.0,74519.75,172907.25,0.6988212684953542,0.0,308896.0,26782.0,59064.0,603750.0,0.0,191.5,71211.0,-162770.75,-0.6578536295553841,-233981.75,-0.9456597299405481,-132336.0,-368621.5,-1.489819219406128,-368621.5,0.0,0.0,-0.9052085,-0.9052085,407379.0,407379.0,,,1620598485,18:14:45,20210509
65,2003-06-30,SW1.AX,AUD,2003-06-30,2003-06-30,Q2,247427.0,74519.75,172907.25,0.6988212684953542,0.0,308896.0,26782.0,59064.0,603750.0,0.0,191.5,71211.0,-162770.75,-0.6578536295553841,-233981.75,-0.9456597299405481,-132336.0,-368621.5,-1.489819219406128,-368621.5,0.0,0.0,-0.9052085,-0.9052085,407379.0,407379.0,,,1620598485,18:14:45,20210509
66,2003-03-31,SW1.AX,AUD,2003-03-31,2003-03-31,Q1,247427.0,74519.75,172907.25,0.6988212684953542,0.0,308896.0,26782.0,59064.0,603750.0,0.0,191.5,71211.0,-162770.75,-0.6578536295553841,-233981.75,-0.9456597299405481,-132336.0,-368621.5,-1.489819219406128,-368621.5,0.0,0.0,-0.9052085,-0.9052085,407379.0,407379.0,,,1620598485,18:14:45,20210509
67,2003-01-31,SW1.AX,AUD,2003-01-31,2003-01-31,Q1,247427.0,74519.75,172907.25,0.6988212684953542,0.0,308896.0,26782.0,59064.0,603750.0,0.0,191.5,71211.0,-162770.75,-0.6578536295553841,-233981.75,-0.9456597299405481,-132336.0,-368621.5,-1.489819219406128,-368621.5,0.0,0.0,-0.9052085,-0.9052085,407379.0,407379.0,,,1620598485,18:14:45,20210509
68,2002-09-30,SW1.AX,AUD,2002-09-30,2002-09-30,Q3,521401.75,196196.5,325205.25,0.623713384161062,0.0,319479.5,73938.75,500.0,109000.0,0.0,2731.25,74485.25,-177213.0,-0.3398780307124017,-251698.25,-0.4827338036360637,-15125.0,-503527.25,-0.9657183735957925,-503527.25,-468545.25,-0.8986261553590873,-1.2352085,-1.2352085,379046.0,379046.0,,,1620598485,18:14:45,20210509
69,2002-06-30,SW1.AX,AUD,2002-06-30,2002-06-30,Q2,521401.75,196196.5,325205.25,0.623713384161062,0.0,319479.5,73938.75,500.0,109000.0,0.0,2731.25,74485.25,-177213.0,-0.3398780307124017,-251698.25,-0.4827338036360637,-15125.0,-503527.25,-0.9657183735957925,-503527.25,-468545.25,-0.8986261553590873,-1.2352085,-1.2352085,379046.0,379046.0,,,1620598485,18:14:45,20210509
70,2002-03-31,SW1.AX,AUD,2002-03-31,2002-03-31,Q1,521401.75,196196.5,325205.25,0.623713384161062,0.0,319479.5,73938.75,500.0,109000.0,0.0,2731.25,74485.25,-177213.0,-0.3398780307124017,-251698.25,-0.4827338036360637,-15125.0,-503527.25,-0.9657183735957925,-503527.25,-468545.25,-0.8986261553590873,-1.2352085,-1.2352085,379046.0,379046.0,,,1620598485,18:14:45,20210509
71,2002-01-31,SW1.AX,AUD,2002-01-31,2002-01-31,Q1,521401.75,196196.5,325205.25,0.623713384161062,0.0,319479.5,73938.75,500.0,109000.0,0.0,2731.25,74485.25,-177213.0,-0.3398780307124017,-251698.25,-0.4827338036360637,-15125.0,-503527.25,-0.9657183735957925,-503527.25,-468545.25,-0.8986261553590873,-1.2352085,-1.2352085,379046.0,379046.0,,,1620598485,18:14:45,20210509
72,2001-09-30,SW1.AX,AUD,2001-09-30,2001-09-30,Q3,488676.25,199939.5,288736.75,0.590854886031396,0.0,175285.5,0.0,-320181.25,0.0,0.0,3757.25,63205.0,113451.25,0.2321603515620004,50246.25,0.1028211418091221,-320181.25,-269607.0,-0.5517088256284196,-269607.0,-267248.0,-0.546881498742777,-0.6875,-0.6875,371798.0,371798.0,,,1620598485,18:14:45,20210509
73,2001-06-30,SW1.AX,AUD,2001-06-30,2001-06-30,Q2,488676.25,199939.5,288736.75,0.590854886031396,0.0,175285.5,0.0,-320181.25,0.0,0.0,3757.25,63205.0,113451.25,0.2321603515620004,50246.25,0.1028211418091221,-320181.25,-269607.0,-0.5517088256284196,-269607.0,-267248.0,-0.546881498742777,-0.6875,-0.6875,371798.0,371798.0,,,1620598485,18:14:45,20210509
74,2001-03-31,SW1.AX,AUD,2001-03-31,2001-03-31,Q1,488676.25,199939.5,288736.75,0.590854886031396,0.0,175285.5,0.0,-320181.25,0.0,0.0,3757.25,63205.0,113451.25,0.2321603515620004,50246.25,0.1028211418091221,-320181.25,-269607.0,-0.5517088256284196,-269607.0,-267248.0,-0.546881498742777,-0.6875,-0.6875,371798.0,371798.0,,,1620598485,18:14:45,20210509
75,2001-01-31,SW1.AX,AUD,2001-01-31,2001-01-31,Q1,488676.25,199939.5,288736.75,0.590854886031396,0.0,175285.5,0.0,-320181.25,0.0,0.0,3757.25,63205.0,113451.25,0.2321603515620004,50246.25,0.1028211418091221,-320181.25,-269607.0,-0.5517088256284196,-269607.0,-267248.0,-0.546881498742777,-0.6875,-0.6875,371798.0,371798.0,,,1620598485,18:14:45,20210509
76,2000-09-30,SW1.AX,AUD,2000-09-30,2000-09-30,Q3,0.0,0.0,0.0,0.0,0.0,0.0,0.0,0.0,0.0,0.0,6334.25,0.0,-109278.75,0.0,0.0,0.0,0.0,-115613.0,0.0,-115613.0,-106058.0,0.0,-0.350625,-0.350625,303241.0,303241.0,,,1620598485,18:14:45,20210509
77,2000-06-30,SW1.AX,AUD,2000-06-30,2000-06-30,Q2,0.0,0.0,0.0,0.0,0.0,0.0,0.0,0.0,0.0,0.0,6334.25,0.0,-109278.75,0.0,0.0,0.0,0.0,-115613.0,0.0,-115613.0,-106058.0,0.0,-0.350625,-0.350625,303241.0,303241.0,,,1620598485,18:14:45,20210509
78,2000-03-31,SW1.AX,AUD,2000-03-31,2000-03-31,Q1,0.0,0.0,0.0,0.0,0.0,0.0,0.0,0.0,0.0,0.0,6334.25,0.0,-109278.75,0.0,0.0,0.0,0.0,-115613.0,0.0,-115613.0,-106058.0,0.0,-0.350625,-0.350625,303241.0,303241.0,,,1620598485,18:14:45,20210509
79,2000-01-31,SW1.AX,AUD,2000-01-31,2000-01-31,Q1,0.0,0.0,0.0,0.0,0.0,0.0,0.0,0.0,0.0,0.0,6334.25,0.0,-109278.75,0.0,0.0,0.0,0.0,-115613.0,0.0,-115613.0,-106058.0,0.0,-0.350625,-0.350625,303241.0,303241.0,,,1620598485,18:14:45,20210509
80,1999-09-30,SW1.AX,AUD,1999-09-30,1999-09-30,Q3,0.0,0.0,0.0,0.0,0.0,0.0,0.0,0.0,0.0,0.0,10564.0,0.0,-444560.25,0.0,0.0,0.0,0.0,-455124.25,0.0,-455124.25,-448833.75,0.0,-1.71875025,-1.71875025,261236.0,261236.0,,,1620598485,18:14:45,20210509
81,1999-06-30,SW1.AX,AUD,1999-06-30,1999-06-30,Q2,0.0,0.0,0.0,0.0,0.0,0.0,0.0,0.0,0.0,0.0,10564.0,0.0,-444560.25,0.0,0.0,0.0,0.0,-455124.25,0.0,-455124.25,-448833.75,0.0,-1.71875025,-1.71875025,261236.0,261236.0,,,1620598485,18:14:45,20210509
82,1999-03-31,SW1.AX,AUD,1999-03-31,1999-03-31,Q1,0.0,0.0,0.0,0.0,0.0,0.0,0.0,0.0,0.0,0.0,10564.0,0.0,-444560.25,0.0,0.0,0.0,0.0,-455124.25,0.0,-455124.25,-448833.75,0.0,-1.71875025,-1.71875025,261236.0,261236.0,,,1620598485,18:14:45,20210509
83,1999-01-31,SW1.AX,AUD,1999-01-31,1999-01-31,Q1,0.0,0.0,0.0,0.0,0.0,0.0,0.0,0.0,0.0,0.0,10564.0,0.0,-444560.25,0.0,0.0,0.0,0.0,-455124.25,0.0,-455124.25,-448833.75,0.0,-1.71875025,-1.71875025,261236.0,261236.0,,,1620598485,18:14:45,20210509
84,1998-09-30,SW1.AX,AUD,1998-09-30,1998-09-30,Q3,0.0,0.0,0.0,0.0,0.0,0.0,0.0,0.0,0.0,0.0,4184.75,0.0,13371.0,0.0,0.0,0.0,0.0,9186.25,0.0,9186.25,0.0,0.0,-0.22916675,-0.22916675,250864.0,250864.0,,,1620598485,18:14:45,20210509
85,1998-06-30,SW1.AX,AUD,1998-06-30,1998-06-30,Q2,0.0,0.0,0.0,0.0,0.0,0.0,0.0,0.0,0.0,0.0,4184.75,0.0,13371.0,0.0,0.0,0.0,0.0,9186.25,0.0,9186.25,0.0,0.0,-0.22916675,-0.22916675,250864.0,250864.0,,,1620598485,18:14:45,20210509
86,1998-03-31,SW1.AX,AUD,1998-03-31,1998-03-31,Q1,0.0,0.0,0.0,0.0,0.0,0.0,0.0,0.0,0.0,0.0,4184.75,0.0,13371.0,0.0,0.0,0.0,0.0,9186.25,0.0,9186.25,0.0,0.0,-0.22916675,-0.22916675,250864.0,250864.0,,,1620598485,18:14:45,20210509
87,1998-01-31,SW1.AX,AUD,1998-01-31,1998-01-31,Q1,0.0,0.0,0.0,0.0,0.0,0.0,0.0,0.0,0.0,0.0,4184.75,0.0,13371.0,0.0,0.0,0.0,0.0,9186.25,0.0,9186.25,0.0,0.0,-0.22916675,-0.22916675,250864.0,250864.0,,,1620598485,18:14:45,20210509
88,1997-09-30,SW1.AX,AUD,1997-09-30,1997-09-30,Q3,0.0,0.0,0.0,0.0,0.0,0.0,0.0,0.0,0.0,0.0,0.0,0.0,-107900.0,0.0,0.0,0.0,0.0,-107900.0,0.0,-107900.0,0.0,0.0,-0.6875,-0.6875,157091.0,157091.0,,,1620598485,18:14:45,20210509
89,1997-06-30,SW1.AX,AUD,1997-06-30,1997-06-30,Q2,0.0,0.0,0.0,0.0,0.0,0.0,0.0,0.0,0.0,0.0,0.0,0.0,-107900.0,0.0,0.0,0.0,0.0,-107900.0,0.0,-107900.0,0.0,0.0,-0.6875,-0.6875,157091.0,157091.0,,,1620598485,18:14:45,20210509
90,1997-03-31,SW1.AX,AUD,1997-03-31,1997-03-31,Q1,0.0,0.0,0.0,0.0,0.0,0.0,0.0,0.0,0.0,0.0,0.0,0.0,-107900.0,0.0,0.0,0.0,0.0,-107900.0,0.0,-107900.0,0.0,0.0,-0.6875,-0.6875,157091.0,157091.0,,,1620598485,18:14:45,20210509
91,1997-01-31,SW1.AX,AUD,1997-01-31,1997-01-31,Q1,0.0,0.0,0.0,0.0,0.0,0.0,0.0,0.0,0.0,0.0,0.0,0.0,-107900.0,0.0,0.0,0.0,0.0,-107900.0,0.0,-107900.0,0.0,0.0,-0.6875,-0.6875,157091.0,157091.0,,,1620598485,18:14:45,20210509
92,1996-09-30,SW1.AX,AUD,1996-09-30,1996-09-30,Q3,0.0,0.0,0.0,0.0,0.0,0.0,0.0,0.0,0.0,0.0,0.0,0.0,58716.5,0.0,0.0,0.0,0.0,58716.5,0.0,58716.5,0.0,0.0,0.34145825,0.34145825,171958.0,171958.0,,,1620598485,18:14:45,20210509
93,1996-06-30,SW1.AX,AUD,1996-06-30,1996-06-30,Q2,0.0,0.0,0.0,0.0,0.0,0.0,0.0,0.0,0.0,0.0,0.0,0.0,58716.5,0.0,0.0,0.0,0.0,58716.5,0.0,58716.5,0.0,0.0,0.34145825,0.34145825,171958.0,171958.0,,,1620598485,18:14:45,20210509
94,1996-03-31,SW1.AX,AUD,1996-03-31,1996-03-31,Q1,0.0,0.0,0.0,0.0,0.0,0.0,0.0,0.0,0.0,0.0,0.0,0.0,58716.5,0.0,0.0,0.0,0.0,58716.5,0.0,58716.5,0.0,0.0,0.34145825,0.34145825,171958.0,171958.0,,,1620598485,18:14:45,20210509
95,1996-01-31,SW1.AX,AUD,1996-01-31,1996-01-31,Q1,0.0,0.0,0.0,0.0,0.0,0.0,0.0,0.0,0.0,0.0,0.0,0.0,58716.5,0.0,0.0,0.0,0.0,58716.5,0.0,58716.5,0.0,0.0,0.34145825,0.34145825,171958.0,171958.0,,,1620598485,18:14:45,20210509
96,1995-09-30,SW1.AX,AUD,1995-09-30,1995-09-30,Q3,0.0,0.0,0.0,0.0,0.0,0.0,0.0,0.0,0.0,0.0,0.0,0.0,41000.0,0.0,0.0,0.0,0.0,41000.0,0.0,41000.0,0.0,0.0,0.23833325,0.23833325,172027.0,172027.0,,,1620598485,18:14:45,20210509
97,1995-06-30,SW1.AX,AUD,1995-06-30,1995-06-30,Q2,0.0,0.0,0.0,0.0,0.0,0.0,0.0,0.0,0.0,0.0,0.0,0.0,41000.0,0.0,0.0,0.0,0.0,41000.0,0.0,41000.0,0.0,0.0,0.23833325,0.23833325,172027.0,172027.0,,,1620598485,18:14:45,20210509
98,1995-03-31,SW1.AX,AUD,1995-03-31,1995-03-31,Q1,0.0,0.0,0.0,0.0,0.0,0.0,0.0,0.0,0.0,0.0,0.0,0.0,41000.0,0.0,0.0,0.0,0.0,41000.0,0.0,41000.0,0.0,0.0,0.23833325,0.23833325,172027.0,172027.0,,,1620598485,18:14:45,20210509
99,1995-01-31,SW1.AX,AUD,1995-01-31,1995-01-31,Q1,0.0,0.0,0.0,0.0,0.0,0.0,0.0,0.0,0.0,0.0,0.0,0.0,41000.0,0.0,0.0,0.0,0.0,41000.0,0.0,41000.0,0.0,0.0,0.23833325,0.23833325,172027.0,172027.0,,,1620598485,18:14:45,20210509
100,1994-09-30,SW1.AX,AUD,1994-09-30,1994-09-30,Q3,0.0,0.0,0.0,0.0,0.0,0.0,0.0,0.0,0.0,0.0,7250.0,0.0,-215750.0,0.0,0.0,0.0,0.0,-223000.0,0.0,-223000.0,128500.0,0.0,-0.20625,-0.20625,1081212.0,1081212.0,,,1620598485,18:14:45,20210509
101,1994-06-30,SW1.AX,AUD,1994-06-30,1994-06-30,Q2,0.0,0.0,0.0,0.0,0.0,0.0,0.0,0.0,0.0,0.0,7250.0,0.0,-215750.0,0.0,0.0,0.0,0.0,-223000.0,0.0,-223000.0,128500.0,0.0,-0.20625,-0.20625,1081212.0,1081212.0,,,1620598485,18:14:45,20210509
102,1994-03-31,SW1.AX,AUD,1994-03-31,1994-03-31,Q1,0.0,0.0,0.0,0.0,0.0,0.0,0.0,0.0,0.0,0.0,7250.0,0.0,-215750.0,0.0,0.0,0.0,0.0,-223000.0,0.0,-223000.0,128500.0,0.0,-0.20625,-0.20625,1081212.0,1081212.0,,,1620598485,18:14:45,20210509
103,1994-01-31,SW1.AX,AUD,1994-01-31,1994-01-31,Q1,0.0,0.0,0.0,0.0,0.0,0.0,0.0,0.0,0.0,0.0,7250.0,0.0,-215750.0,0.0,0.0,0.0,0.0,-223000.0,0.0,-223000.0,128500.0,0.0,-0.20625,-0.20625,1081212.0,1081212.0,,,1620598485,18:14:45,20210509
104,1993-09-30,SW1.AX,AUD,1993-09-30,1993-09-30,Q3,0.0,0.0,0.0,0.0,0.0,0.0,0.0,0.0,0.0,0.0,3750.0,0.0,-70750.0,0.0,0.0,0.0,0.0,-74500.0,0.0,-74500.0,0.0,0.0,-0.20625,-0.20625,501818.0,501818.0,,,1620598485,18:14:45,20210509
105,1993-06-30,SW1.AX,AUD,1993-06-30,1993-06-30,Q2,0.0,0.0,0.0,0.0,0.0,0.0,0.0,0.0,0.0,0.0,3750.0,0.0,-70750.0,0.0,0.0,0.0,0.0,-74500.0,0.0,-74500.0,0.0,0.0,-0.20625,-0.20625,501818.0,501818.0,,,1620598485,18:14:45,20210509
106,1993-03-31,SW1.AX,AUD,1993-03-31,1993-03-31,Q1,0.0,0.0,0.0,0.0,0.0,0.0,0.0,0.0,0.0,0.0,3750.0,0.0,-70750.0,0.0,0.0,0.0,0.0,-74500.0,0.0,-74500.0,0.0,0.0,-0.20625,-0.20625,501818.0,501818.0,,,1620598485,18:14:45,20210509
107,1993-01-31,SW1.AX,AUD,1993-01-31,1993-01-31,Q1,0.0,0.0,0.0,0.0,0.0,0.0,0.0,0.0,0.0,0.0,3750.0,0.0,-70750.0,0.0,0.0,0.0,0.0,-74500.0,0.0,-74500.0,0.0,0.0,-0.20625,-0.20625,501818.0,501818.0,,,1620598485,18:14:45,20210509
108,1992-09-30,SW1.AX,AUD,1992-09-30,1992-09-30,Q3,0.0,0.0,0.0,0.0,0.0,0.0,0.0,0.0,0.0,0.0,15750.0,0.0,-82250.0,0.0,0.0,0.0,0.0,-98000.0,0.0,-98000.0,0.0,0.0,-0.20625,-0.20625,482781.0,482781.0,,,1620598485,18:14:45,20210509
109,1992-06-30,SW1.AX,AUD,1992-06-30,1992-06-30,Q2,0.0,0.0,0.0,0.0,0.0,0.0,0.0,0.0,0.0,0.0,15750.0,0.0,-82250.0,0.0,0.0,0.0,0.0,-98000.0,0.0,-98000.0,0.0,0.0,-0.20625,-0.20625,482781.0,482781.0,,,1620598485,18:14:45,20210509
110,1992-03-31,SW1.AX,AUD,1992-03-31,1992-03-31,Q1,0.0,0.0,0.0,0.0,0.0,0.0,0.0,0.0,0.0,0.0,15750.0,0.0,-82250.0,0.0,0.0,0.0,0.0,-98000.0,0.0,-98000.0,0.0,0.0,-0.20625,-0.20625,482781.0,482781.0,,,1620598485,18:14:45,20210509
111,1992-01-31,SW1.AX,AUD,1992-01-31,1992-01-31,Q1,0.0,0.0,0.0,0.0,0.0,0.0,0.0,0.0,0.0,0.0,15750.0,0.0,-82250.0,0.0,0.0,0.0,0.0,-98000.0,0.0,-98000.0,0.0,0.0,-0.20625,-0.20625,482781.0,482781.0,,,1620598485,18:14:45,20210509
112,1991-09-30,SW1.AX,AUD,1991-09-30,1991-09-30,Q3,0.0,0.0,0.0,0.0,0.0,0.0,0.0,0.0,0.0,0.0,13750.0,0.0,-201000.0,0.0,0.0,0.0,0.0,-214750.0,0.0,-214750.0,-71000.0,0.0,-0.0004922370269094335,-0.0004922370269094335,144239454.0,144239454.0,,,1620598485,18:14:45,20210509
113,1991-06-30,SW1.AX,AUD,1991-06-30,1991-06-30,Q2,0.0,0.0,0.0,0.0,0.0,0.0,0.0,0.0,0.0,0.0,13750.0,0.0,-201000.0,0.0,0.0,0.0,0.0,-214750.0,0.0,-214750.0,-71000.0,0.0,-0.0004922370269094335,-0.0004922370269094335,144239454.0,144239454.0,,,1620598485,18:14:45,20210509
114,1991-03-31,SW1.AX,AUD,1991-03-31,1991-03-31,Q1,0.0,0.0,0.0,0.0,0.0,0.0,0.0,0.0,0.0,0.0,13750.0,0.0,-201000.0,0.0,0.0,0.0,0.0,-214750.0,0.0,-214750.0,-71000.0,0.0,-0.0004922370269094335,-0.0004922370269094335,144239454.0,144239454.0,,,1620598485,18:14:45,20210509
115,1991-01-31,SW1.AX,AUD,1991-01-31,1991-01-31,Q1,0.0,0.0,0.0,0.0,0.0,0.0,0.0,0.0,0.0,0.0,13750.0,0.0,-201000.0,0.0,0.0,0.0,0.0,-214750.0,0.0,-214750.0,-71000.0,0.0,-0.0004922370269094335,-0.0004922370269094335,144239454.0,144239454.0,,,1620598485,18:14:45,20210509
116,1990-09-30,SW1.AX,AUD,1990-09-30,1990-09-30,Q3,0.0,0.0,0.0,0.0,0.0,0.0,0.0,0.0,0.0,0.0,11250.0,0.0,-445750.0,0.0,0.0,0.0,0.0,-457000.0,0.0,-457000.0,-900000.0,0.0,-0.0062396242847674675,-0.0062396242847674675,144239454.0,144239454.0,,,1620598485,18:14:45,20210509
117,1990-06-30,SW1.AX,AUD,1990-06-30,1990-06-30,Q2,0.0,0.0,0.0,0.0,0.0,0.0,0.0,0.0,0.0,0.0,11250.0,0.0,-445750.0,0.0,0.0,0.0,0.0,-457000.0,0.0,-457000.0,-900000.0,0.0,-0.0062396242847674675,-0.0062396242847674675,144239454.0,144239454.0,,,1620598485,18:14:45,20210509
118,1990-03-31,SW1.AX,AUD,1990-03-31,1990-03-31,Q1,0.0,0.0,0.0,0.0,0.0,0.0,0.0,0.0,0.0,0.0,11250.0,0.0,-445750.0,0.0,0.0,0.0,0.0,-457000.0,0.0,-457000.0,-900000.0,0.0,-0.0062396242847674675,-0.0062396242847674675,144239454.0,144239454.0,,,1620598485,18:14:45,20210509
119,1990-01-31,SW1.AX,AUD,1990-01-31,1990-01-31,Q1,0.0,0.0,0.0,0.0,0.0,0.0,0.0,0.0,0.0,0.0,11250.0,0.0,-445750.0,0.0,0.0,0.0,0.0,-457000.0,0.0,-457000.0,-900000.0,0.0,-0.0062396242847674675,-0.0062396242847674675,144239454.0,144239454.0,,,1620598485,18:14:45,20210509
120,1989-09-30,SW1.AX,AUD,1989-09-30,1989-09-30,Q3,0.0,0.0,0.0,0.0,0.0,0.0,0.0,0.0,0.0,0.0,4750.0,0.0,-414500.0,0.0,0.0,0.0,0.0,-419250.0,0.0,-419250.0,0.0,0.0,0.0,0.0,144239454.0,144239454.0,,,1620598485,18:14:45,20210509
121,1989-06-30,SW1.AX,AUD,1989-06-30,1989-06-30,Q2,0.0,0.0,0.0,0.0,0.0,0.0,0.0,0.0,0.0,0.0,4750.0,0.0,-414500.0,0.0,0.0,0.0,0.0,-419250.0,0.0,-419250.0,0.0,0.0,0.0,0.0,144239454.0,144239454.0,,,1620598485,18:14:45,20210509
122,1989-03-31,SW1.AX,AUD,1989-03-31,1989-03-31,Q1,0.0,0.0,0.0,0.0,0.0,0.0,0.0,0.0,0.0,0.0,4750.0,0.0,-414500.0,0.0,0.0,0.0,0.0,-419250.0,0.0,-419250.0,0.0,0.0,0.0,0.0,144239454.0,144239454.0,,,1620598485,18:14:45,20210509
123,1989-01-31,SW1.AX,AUD,1989-01-31,1989-01-31,Q1,0.0,0.0,0.0,0.0,0.0,0.0,0.0,0.0,0.0,0.0,4750.0,0.0,-414500.0,0.0,0.0,0.0,0.0,-419250.0,0.0,-419250.0,0.0,0.0,0.0,0.0,144239454.0,144239454.0,,,1620598485,18:14:45,20210509
