,date,symbol,reportedCurrency,fillingDate,acceptedDate,period,revenue,costOfRevenue,grossProfit,grossProfitRatio,researchAndDevelopmentExpenses,generalAndAdministrativeExpenses,sellingAndMarketingExpenses,otherExpenses,operatingExpenses,costAndExpenses,interestExpense,depreciationAndAmortization,ebitda,ebitdaratio,operatingIncome,operatingIncomeRatio,totalOtherIncomeExpensesNet,incomeBeforeTax,incomeBeforeTaxRatio,incomeTaxExpense,netIncome,netIncomeRatio,eps,epsdiluted,weightedAverageShsOut,weightedAverageShsOutDil,link,finalLink,timestamp,est_time,est_date
0,2016-03-31,VSCP,USD,2016-05-11 00:00:00,2016-05-11 16:16:20,Q1,3855502.0,2240411.0,1615091.0,0.41890550179976566,306271.0,1145882.0,269803.0,104934.0,2096693.0,4337104.0,13002.0,115385.0,-366217.0,-0.09498555570714268,-481602.0,-0.12491291665780488,-23557.0,-505159.0,-0.1310228862545007,0.0,-505159.0,-0.1310228862545007,-0.16774,-0.16774,3011534.0,3011534.0,https://www.sec.gov/Archives/edgar/data/1307752/000114420416100840/0001144204-16-100840-index.html,https://www.sec.gov/Archives/edgar/data/1307752/000114420416100840/v438816_10q.htm,1620599646,18:34:06,20210509
1,2015-12-31,VSCP,USD,2016-03-25 00:00:00,2016-03-25 17:22:28,Q4,3658909.0,2209891.0,1449018.0,0.39602460733513734,310359.0,495153.0,213920.0,109624.0,1342976.0,3552867.0,11407.0,120076.0,226118.0,0.0617992959103383,106042.0,0.028981863172874756,-23720.0,82322.0,0.02249905641271756,0.0,82322.0,0.02249905641271756,0.02733557050991289,0.027463562122956503,3011534.0,2997499.0,https://www.sec.gov/Archives/edgar/data/1307752/000114420416090445/0001144204-16-090445-index.html,https://www.sec.gov/Archives/edgar/data/1307752/000114420416090445/v434446_10k.htm,1620599646,18:34:06,20210509
2,2015-09-30,VSCP,USD,2015-11-13 00:00:00,2015-11-13 10:15:42,Q3,3224407.0,1858293.0,1366114.0,0.4236791447233553,324669.0,396768.0,277191.0,101460.0,1377279.0,3235572.0,4332.0,108428.0,97263.0,0.030164616315496152,-11165.0,-0.003462652202404969,-13614.0,-24779.0,-0.007684823907155642,0.0,-24779.0,-0.007684823907155642,-0.008228032623905292,-0.008273654658809828,3011534.0,2994928.0,https://www.sec.gov/Archives/edgar/data/1307752/000114420415065038/0001144204-15-065038-index.html,https://www.sec.gov/Archives/edgar/data/1307752/000114420415065038/v423726_10q.htm,1620599646,18:34:06,20210509
3,2015-06-30,VSCP,USD,2015-08-12 00:00:00,2015-08-12 15:13:28,Q2,3019126.0,2009765.0,1009361.0,0.3343222508765782,298456.0,418405.0,360979.0,106019.0,1544838.0,3554603.0,0.0,106019.0,-429458.0,-0.14224580226197914,-535477.0,-0.1773615940507286,-11517.0,-546994.0,-0.1811762741932599,0.0,-546994.0,-0.1811762741932599,-0.1816330149352456,-0.18264011689095697,3011534.0,2994928.0,https://www.sec.gov/Archives/edgar/data/1307752/000114420415048491/0001144204-15-048491-index.html,https://www.sec.gov/Archives/edgar/data/1307752/000114420415048491/v417080_10q.htm,1620599646,18:34:06,20210509
4,2015-03-31,VSCP,USD,2015-05-14 00:00:00,2015-05-14 10:07:15,Q1,2814442.0,1839865.0,974577.0,0.3462771661309773,349837.0,518989.0,280397.0,96972.0,1526592.0,3366457.0,0.0,96972.0,-455043.0,-0.1616814274374814,-552015.0,-0.1961365698777946,-655.0,-552670.0,-0.19636929807045234,0.0,-552670.0,-0.19636929807045234,-0.18351776868532782,-0.18453532104945428,3011534.0,2994928.0,https://www.sec.gov/Archives/edgar/data/1307752/000114420415030436/0001144204-15-030436-index.html,https://www.sec.gov/Archives/edgar/data/1307752/000114420415030436/v409523_10q.htm,1620599646,18:34:06,20210509
5,2014-12-31,VSCP,USD,2015-03-31,2015-03-31 11:13:53,Q4,2709510.0,1974507.0,735003.0,0.2712678676218209,345609.0,394456.0,502985.0,78114.0,1824149.0,3798656.0,0.0,78114.0,-1011032.0,-0.37314200722639884,-1089146.0,-0.4019715741960724,150.0,-1088996.0,-0.4019162136327233,0.0,-1088996.0,-0.4019162136327233,-0.3616084028936748,-0.36377459788395317,3011534.0,2993601.0,https://www.sec.gov/Archives/edgar/data/1307752/000114420415019803/0001144204-15-019803-index.htm,https://www.sec.gov/Archives/edgar/data/1307752/000114420415019803/v404973_10k.htm,1620599646,18:34:06,20210509
6,2014-09-30,VSCP,USD,2014-11-13 00:00:00,2014-11-13 14:54:13,Q3,2741242.0,1812618.0,928624.0,0.3387603137555896,307470.0,412623.0,545172.0,74107.0,1884544.0,3697162.0,0.0,74107.0,-881813.0,-0.32168374773186753,-955920.0,-0.34871784395540417,397.0,-955523.0,-0.3485730190913462,0.0,-955523.0,-0.3485730190913462,-0.31728780083505614,-0.3192361635919836,3011534.0,2993154.0,https://www.sec.gov/Archives/edgar/data/1307752/000114420414067624/0001144204-14-067624-index.html,https://www.sec.gov/Archives/edgar/data/1307752/000114420414067624/v392938_10q.htm,1620599646,18:34:06,20210509
7,2014-06-30,VSCP,USD,2014-08-14 00:00:00,2014-08-14 11:56:20,Q2,2648746.0,1708378.0,940368.0,0.35502384902138595,306289.0,324834.0,482807.0,75526.0,1672263.0,3380641.0,0.0,75526.0,-656369.0,-0.24780367766482705,-731895.0,-0.2763175480019602,364.0,-731531.0,-0.2761801244815471,0.0,-731531.0,-0.2761801244815471,-0.24446,-0.24446,2992421.0,2992421.0,https://www.sec.gov/Archives/edgar/data/1307752/000114420414049836/0001144204-14-049836-index.html,https://www.sec.gov/Archives/edgar/data/1307752/000114420414049836/v385693_10q.htm,1620599646,18:34:06,20210509
8,2014-03-31,VSCP,USD,2014-05-15 00:00:00,2014-05-15 12:19:09,Q1,2352986.0,1595111.0,757875.0,0.3220907391714188,285896.0,341925.0,345077.0,86502.0,1404477.0,2999588.0,0.0,86502.0,-560100.0,-0.23803796537675959,-646602.0,-0.27480061504828335,229.0,-646373.0,-0.27470329190228926,0.0,-646373.0,-0.27470329190228926,-0.2160033631631378,-0.21603447872486206,2992421.0,2991990.0,https://www.sec.gov/Archives/edgar/data/1307752/000114420414030981/0001144204-14-030981-index.html,https://www.sec.gov/Archives/edgar/data/1307752/000114420414030981/v377467_10q.htm,1620599646,18:34:06,20210509
9,2013-12-31,VSCP,USD,2014-03-31,2014-03-31 12:42:12,Q4,2706910.0,1659510.0,1047400.0,0.3869356572623397,330961.0,817325.0,420475.0,90797.0,2080033.0,3739543.0,0.0,90797.0,-941836.0,-0.3479376854051298,-1032633.0,-0.38148035952432846,18075.0,-1014558.0,-0.37480300416341883,0.0,-1014558.0,-0.37480300416341883,-0.3390425344562146,-0.34025794404057774,2992421.0,2981732.0,https://www.sec.gov/Archives/edgar/data/1307752/000114420414019171/0001144204-14-019171-index.htm,https://www.sec.gov/Archives/edgar/data/1307752/000114420414019171/v372241_10k.htm,1620599646,18:34:06,20210509
10,2013-09-30,VSCP,USD,2013-11-14 00:00:00,2013-11-14 16:27:56,Q3,2227877.0,1411748.0,816129.0,0.3663258788523783,376596.0,399730.0,347977.0,88863.0,1561143.0,2972891.0,0.0,88863.0,-656151.0,-0.29451850349009395,-745014.0,-0.33440535541234995,-6308.0,-751322.0,-0.33723675050283297,0.0,-751322.0,-0.33723675050283297,-0.251074965721735,-0.25212553759255185,2992421.0,2979952.0,https://www.sec.gov/Archives/edgar/data/1307752/000114420413061908/0001144204-13-061908-index.html,https://www.sec.gov/Archives/edgar/data/1307752/000114420413061908/v359313_10q.htm,1620599646,18:34:06,20210509
11,2013-06-30,VSCP,USD,2013-08-13 00:00:00,2013-08-13 13:34:13,Q2,3706677.0,1936594.0,1770083.0,0.4775390464289173,349753.0,338098.0,430153.0,90554.0,1638711.0,3575305.0,0.0,90554.0,221926.0,0.05987195539293011,131372.0,0.035441987526833335,2915.0,134287.0,0.03622840619778848,0.0,134287.0,0.03622840619778848,0.00451,0.00451,29799523.0,29799523.0,https://www.sec.gov/Archives/edgar/data/1307752/000114420413045044/0001144204-13-045044-index.html,https://www.sec.gov/Archives/edgar/data/1307752/000114420413045044/v351665_10q.htm,1620599646,18:34:06,20210509
12,2013-03-31,VSCP,USD,2013-05-15 00:00:00,2013-05-15 12:06:44,Q1,2532587.0,1747295.0,785292.0,0.31007503394750113,453411.0,637720.0,357652.0,96313.0,1902748.0,3650043.0,0.0,96313.0,-1021143.0,-0.40320154845618333,-1117456.0,-0.44123104161870846,4508.0,-1112948.0,-0.4394510435376949,0.0,-1112948.0,-0.4394510435376949,-0.03735,-0.03735,29799523.0,29799523.0,https://www.sec.gov/Archives/edgar/data/1307752/000114420413029166/0001144204-13-029166-index.html,https://www.sec.gov/Archives/edgar/data/1307752/000114420413029166/v343435_10q.htm,1620599646,18:34:06,20210509
13,2012-12-31,VSCP,USD,2013-03-27 00:00:00,2013-03-27 10:54:20,Q4,3915367.0,1858136.0,2057231.0,0.525424819691232,279019.0,818180.0,157386.0,158905.0,1570876.0,3429012.0,0.0,158905.0,645260.0,0.16480192022867843,486355.0,0.12421696356944317,972700.0,1459055.0,0.37264833666933395,0.0,1459055.0,0.37264833666933395,0.05039763234700007,0.04366620702658256,28950864.0,33413825.0,https://www.sec.gov/Archives/edgar/data/1307752/000114420413017728/0001144204-13-017728-index.html,https://www.sec.gov/Archives/edgar/data/1307752/000114420413017728/v0336240_10k.htm,1620599646,18:34:06,20210509
14,2012-09-30,VSCP,USD,2012-11-14 00:00:00,2012-11-14 10:13:03,Q3,3328217.0,1866160.0,1462057.0,0.4392913683212363,414913.0,369061.0,314991.0,101393.0,1515349.0,3381509.0,0.0,101393.0,48101.0,0.014452483116335263,-53292.0,-0.01601217709061639,-25957.0,-79249.0,-0.02381124788437773,0.0,-79249.0,-0.02381124788437773,-0.00268,-0.00268,29608684.0,29608684.0,https://www.sec.gov/Archives/edgar/data/1307752/000114420412062012/0001144204-12-062012-index.html,https://www.sec.gov/Archives/edgar/data/1307752/000114420412062012/v326083_10q.htm,1620599646,18:34:06,20210509
15,2012-06-30,VSCP,USD,2012-08-14 00:00:00,2012-08-14 12:13:40,Q2,3335860.0,1991924.0,1343936.0,0.4028754204313131,375441.0,407179.0,310510.0,106991.0,1510631.0,3502555.0,0.0,106991.0,-59704.0,-0.01789763359373595,-166695.0,-0.049970622268320615,103728.0,-62967.0,-0.01887579214955064,0.0,-62967.0,-0.01887579214955064,-0.00213,-0.00213,29538381.0,29538381.0,https://www.sec.gov/Archives/edgar/data/1307752/000114420412045365/0001144204-12-045365-index.html,https://www.sec.gov/Archives/edgar/data/1307752/000114420412045365/v318861_10q.htm,1620599646,18:34:06,20210509
16,2012-03-31,VSCP,USD,2012-05-15,2012-05-15,Q1,3702159.0,2291245.0,1410914.0,0.3811057277658793,381235.0,464414.0,336213.0,111619.0,1629694.0,3920939.0,0.0,111619.0,-107161.0,-0.028945542317334292,-218780.0,-0.05909524685460565,-394764.0,-613544.0,-0.16572599934254578,0.0,-613544.0,-0.16572599934254578,-0.02077107746697424,-0.02088967139243287,29538381.0,29370687.0,https://www.sec.gov/Archives/edgar/data/1307752/000114420412029162/0001144204-12-029162-index.htm,https://www.sec.gov/Archives/edgar/data/1307752/000114420412029162/v311795_10q.htm,1620599646,18:34:06,20210509
17,2011-12-31,VSCP,USD,2012-03-21 00:00:00,2012-03-21 12:39:10,Q4,2612410.0,705703.0,1906707.0,0.7298651436795909,49372.0,414627.0,305940.0,147920.0,1223799.0,1929502.0,0.0,147920.0,830828.0,0.31803124318158327,682908.0,0.26140919687185393,-1986144.0,-1303236.0,-0.49886350151775566,16000.0,-1319236.0,-0.5049881144230806,-0.05044,-0.05044,26153573.0,26153573.0,https://www.sec.gov/Archives/edgar/data/1307752/000114420412016319/0001144204-12-016319-index.html,https://www.sec.gov/Archives/edgar/data/1307752/000114420412016319/v305317_10k.htm,1620599646,18:34:06,20210509
18,2011-09-30,VSCP,USD,2011-11-14 00:00:00,2011-11-14 10:20:34,Q3,3268808.0,1772182.0,1496626.0,0.4578506905269444,352454.0,491633.0,259683.0,113614.0,1477067.0,3249249.0,0.0,113614.0,133173.0,0.0407405390588863,19559.0,0.005983526716772597,543366.0,562925.0,0.1722110934628158,0.0,562925.0,0.1722110934628158,0.01953963960008171,0.016818231671204758,28809385.0,33471117.0,https://www.sec.gov/Archives/edgar/data/1307752/000114420411063636/0001144204-11-063636-index.html,https://www.sec.gov/Archives/edgar/data/1307752/000114420411063636/v239358_10q.htm,1620599646,18:34:06,20210509
19,2011-06-30,VSCP,USD,2011-08-12 00:00:00,2011-08-12 12:09:56,Q2,-1710005098.0,630021857.0,1079983241.0,-0.6315672639006367,-99223082.0,-387494045.0,618831.0,250448.0,-485229017.0,-1115250874.0,-29990000.0,-254858552.0,-279017776.0,0.16316780360850128,-24159224.0,0.014128159049500096,-42507.0,4271269.0,-0.002497810681965581,8700000.0,1925269.0,-0.0011258849475079167,0.06744714354137922,0.0524042971290105,28544856.0,36738762.0,https://www.sec.gov/Archives/edgar/data/1307752/000114420411045924/0001144204-11-045924-index.html,https://www.sec.gov/Archives/edgar/data/1307752/000114420411045924/v230510_10q.htm,1620599646,18:34:06,20210509
20,2011-03-31,VSCP,USD,2011-05-16 00:00:00,2011-05-16 15:31:07,Q1,3658977000.0,4118474000.0,1599740000.0,0.43720963537076074,346454000.0,487292000.0,308512000.0,137224000.0,1587994000.0,5706468000.0,0.0,137224000.0,148970000.0,0.040713565567643634,11746000.0,0.0032101868910353903,0.0,0.0,0.0,0.0,0.0,0.0,-0.01,-0.01,28038723000000.0,28038723000000.0,https://www.sec.gov/Archives/edgar/data/1307752/000114420411029917/0001144204-11-029917-index.html,https://www.sec.gov/Archives/edgar/data/1307752/000114420411029917/v222823_10q.htm,1620599646,18:34:06,20210509
21,2010-12-31,VSCP,USD,2011-03-28,2011-03-28 16:03:44,Q4,3509930000.0,1832940000.0,1676990000.0,0.477784457239888,341227000.0,397242000.0,279932000.0,130557000.0,1428890000.0,3261830000.0,0.0,130557000.0,378657000.0,0.10788163866515857,248100000.0,0.07068517035952283,-353672000.0,-1590857000.0,-0.4532446516027385,-16000000.0,-1606857000.0,-0.4578031470713091,-0.06144,-0.06144,26153573000.0,26153573000.0,https://www.sec.gov/Archives/edgar/data/1307752/000114420411017577/0001144204-11-017577-index.htm,https://www.sec.gov/Archives/edgar/data/1307752/000114420411017577/v216000_10k.htm,1620599646,18:34:06,20210509
22,2010-09-30,VSCP,USD,2010-11-12 00:00:00,2010-11-12 14:54:27,Q3,3590591000.0,1696279000.0,1894312000.0,0.5275766579930713,270280000.0,567989000.0,263198000.0,129412000.0,1494077000.0,3190356000.0,0.0,381425000.0,781660000.0,0.21769675242877845,400235000.0,0.11146772216607238,228464000.0,628699000.0,0.17509624460151546,0.0,628699000.0,0.17509624460151546,0.0242,0.0242,25975864000.0,25975864000.0,https://www.sec.gov/Archives/edgar/data/1307752/000114420410059700/0001144204-10-059700-index.html,https://www.sec.gov/Archives/edgar/data/1307752/000114420410059700/v202247_10q.htm,1620599646,18:34:06,20210509
23,2010-06-30,VSCP,USD,2010-08-12 00:00:00,2010-08-12 15:08:02,Q2,3221592000.0,1574421000.0,1647171000.0,0.5112910014675974,268115000.0,483918000.0,338809000.0,127093000.0,1556744000.0,3131165000.0,0.0,-124920000.0,-34493000.0,-0.01070681824389929,90427000.0,0.02806904164152382,125208000.0,341024000.0,0.1058557384051115,0.0,341024000.0,0.1058557384051115,0.01322,0.01322,25804026000.0,25804026000.0,https://www.sec.gov/Archives/edgar/data/1307752/000114420410043140/0001144204-10-043140-index.html,https://www.sec.gov/Archives/edgar/data/1307752/000114420410043140/v193515_10q.htm,1620599646,18:34:06,20210509
24,2010-03-31,VSCP,USD,2010-05-14 00:00:00,2010-05-14 11:05:52,Q1,3071007000.0,1465388000.0,1605619000.0,0.5228314360729233,251122000.0,491066000.0,302515000.0,124920000.0,1472138000.0,2937526000.0,0.0,124920000.0,258401000.0,0.08414210713293718,133481000.0,0.04346489604224282,0.0,8092000.0,0.0026349663156091797,0.0,8092000.0,0.0026349663156091797,0.31708,0.31708,25520675.0,25520675.0,https://www.sec.gov/Archives/edgar/data/1307752/000114420410027179/0001144204-10-027179-index.html,https://www.sec.gov/Archives/edgar/data/1307752/000114420410027179/v185001_10q.htm,1620599646,18:34:06,20210509
25,2009-12-31,VSCP,USD,2010-03-23 00:00:00,2010-03-23 14:21:52,Q4,2919459000.0,1413555000.0,1505904000.0,0.5158161152460096,225821000.0,344279000.0,362522000.0,118241000.0,1413385000.0,2826940000.0,0.0,118241000.0,-521196000.0,-0.17852485683135128,-639437000.0,-0.21902585376263206,281397000.0,373916000.0,0.1280771540206593,0.0,373916000.0,0.1280771540206593,0.01551,0.01551,24102126000.0,24102126000.0,https://www.sec.gov/Archives/edgar/data/1307752/000114420410015142/0001144204-10-015142-index.html,https://www.sec.gov/Archives/edgar/data/1307752/000114420410015142/v178262_10k.htm,1620599646,18:34:06,20210509
26,2009-09-30,VSCP,USD,2009-11-13 00:00:00,2009-11-13 15:26:29,Q3,2797681000.0,1201352000.0,1596329000.0,0.570590070847963,255755000.0,560315000.0,238112000.0,114708000.0,1407002000.0,2608354000.0,0.0,114708000.0,912154000.0,0.3260393161336121,797446000.0,0.2850382155792601,-405234000.0,-215907000.0,-0.07717355910126994,0.0,-215907000.0,-0.07717355910126994,-0.00907,-0.00907,23802742000.0,23802742000.0,https://www.sec.gov/Archives/edgar/data/1307752/000114420409058890/0001144204-09-058890-index.html,https://www.sec.gov/Archives/edgar/data/1307752/000114420409058890/v166033_10q.htm,1620599646,18:34:06,20210509
27,2009-06-30,VSCP,USD,2009-08-12 00:00:00,2009-08-12 17:04:10,Q2,2541315000.0,1147980000.0,1393335000.0,0.5482732364937051,258180000.0,502290000.0,357222000.0,119126000.0,1594040000.0,2742020000.0,0.0,119126000.0,-293997000.0,-0.1156869573429504,-413123000.0,-0.1625626890015602,-212418000.0,-413123000.0,-0.1625626890015602,0.0,-413123000.0,-0.1625626890015602,-0.01748,-0.01748,23636886000.0,23636886000.0,https://www.sec.gov/Archives/edgar/data/1307752/000114420409042414/0001144204-09-042414-index.html,https://www.sec.gov/Archives/edgar/data/1307752/000114420409042414/v157470_10q.htm,1620599646,18:34:06,20210509
28,2009-03-31,VSCP,USD,2009-05-15,2009-05-15 16:43:27,Q1,2134370000.0,1014584000.0,1119786000.0,0.524644742945225,235555000.0,562225000.0,282454000.0,117510000.0,1480198000.0,2494782000.0,0.0,117510000.0,-638603000.0,-0.29919976386474695,-756113000.0,-0.3542558225612242,-395701000.0,-756113000.0,-0.3542558225612242,0.0,-756113000.0,-0.3542558225612242,-0.03213,-0.03213,23533785000.0,23533785000.0,https://www.sec.gov/Archives/edgar/data/1307752/000114420409027612/0001144204-09-027612-index.htm,https://www.sec.gov/Archives/edgar/data/1307752/000114420409027612/v149847_10q.htm,1620599646,18:34:06,20210509
29,2008-12-31,VSCP,USD,2009-03-19,2009-03-19 13:46:24,Q4,1947501000.0,973978000.0,973523000.0,0.4998831836286605,243553000.0,362591000.0,282854000.0,115585000.0,1287437000.0,2261415000.0,0.0,115585000.0,-188949000.0,-0.09702125955262668,-304534000.0,-0.15637167837141033,9380000.0,-304534000.0,-0.15637167837141033,0.0,-304534000.0,-0.15637167837141033,-0.01302,-0.01302,23389705000.0,23389705000.0,https://www.sec.gov/Archives/edgar/data/1307752/000114420409015060/0001144204-09-015060-index.htm,https://www.sec.gov/Archives/edgar/data/1307752/000114420409015060/v143407_10k.htm,1620599646,18:34:06,20210509
30,2008-09-30,VSCP,USD,2008-11-14,2008-11-14 13:08:01,Q3,1815615000.0,1005700000.0,809915000.0,0.4460830076861009,232986000.0,486830000.0,263917000.0,116233000.0,1363883000.0,2369583000.0,0.0,116233000.0,-432352000.0,-0.23812977971651478,-548585000.0,-0.3021483078736406,5383000.0,-548585000.0,-0.3021483078736406,0.0,-548585000.0,-0.3021483078736406,-0.02349,-0.02349,23355232000.0,23355232000.0,https://www.sec.gov/Archives/edgar/data/1307752/000114420408064012/0001144204-08-064012-index.htm,https://www.sec.gov/Archives/edgar/data/1307752/000114420408064012/v132122_10q.htm,1620599646,18:34:06,20210509
31,2008-06-30,VSCP,USD,2008-08-12,2008-08-12 17:10:31,Q2,1733299000.0,1021536000.0,711763000.0,0.4106406338433242,212825000.0,480426000.0,384237000.0,116765000.0,1578490000.0,2600026000.0,0.0,116765000.0,-734345000.0,-0.42366896882765176,-851110000.0,-0.49103472626477024,15617000.0,-851110000.0,-0.49103472626477024,0.0,-851110000.0,-0.49103472626477024,-0.03652,-0.03652,23302346000.0,23302346000.0,https://www.sec.gov/Archives/edgar/data/1307752/000114420408045886/0001144204-08-045886-index.htm,https://www.sec.gov/Archives/edgar/data/1307752/000114420408045886/v123015_10q.htm,1620599646,18:34:06,20210509
32,2008-03-31,VSCP,USD,2008-05-06,2008-05-06 17:29:30,Q1,1634103000.0,1029984000.0,604119000.0,0.3696945663767829,251829000.0,608630000.0,288874000.0,117567000.0,1555774000.0,2585758000.0,0.0,117567000.0,-806946000.0,-0.4938158732956246,-924513000.0,-0.5657617665471516,27142000.0,-924513000.0,-0.5657617665471516,0.0,-924513000.0,-0.5657617665471516,-0.03977,-0.03977,23246067000.0,23246067000.0,https://www.sec.gov/Archives/edgar/data/1307752/000114420408026375/0001144204-08-026375-index.htm,https://www.sec.gov/Archives/edgar/data/1307752/000114420408026375/v112903_10q.htm,1620599646,18:34:06,20210509
33,2007-12-31,VSCP,USD,2008-03-18,2008-03-18 16:53:03,Q4,1462336000.0,948975000.0,513361000.0,0.3510554345923235,315706000.0,830372000.0,193546000.0,122642000.0,1655812000.0,2604787000.0,0.0,122642000.0,-984834000.0,-0.6734662895531534,-1107476000.0,-0.7573334719243731,34975000.0,-1107476000.0,-0.7573334719243731,0.0,-1107476000.0,-0.7573334719243731,-0.04803,-0.04803,23058820000.0,23058820000.0,https://www.sec.gov/Archives/edgar/data/1307752/000114420408016147/0001144204-08-016147-index.htm,https://www.sec.gov/Archives/edgar/data/1307752/000114420408016147/v107328_10ksb.htm,1620599646,18:34:06,20210509
34,2007-09-30,VSCP,USD,2007-11-13,2007-11-13 16:24:22,Q3,1370021000.0,963076000.0,406945000.0,0.2970355928850726,336687000.0,628015000.0,150504000.0,126673000.0,1392383000.0,2355459000.0,0.0,126673000.0,-842357000.0,-0.61484969938417,-969030000.0,-0.7073103259001139,16408000.0,-969030000.0,-0.7073103259001139,0.0,-969030000.0,-0.7073103259001139,-0.04208,-0.04208,23028715000.0,23028715000.0,https://www.sec.gov/Archives/edgar/data/1307752/000114420407060469/0001144204-07-060469-index.htm,https://www.sec.gov/Archives/edgar/data/1307752/000114420407060469/v093807_10qsb.htm,1620599646,18:34:06,20210509
35,2007-06-30,VSCP,USD,2007-08-14,2007-08-14 14:51:28,Q2,1536287000.0,967839000.0,568448000.0,0.37001419656613643,380964000.0,747731000.0,193163000.0,118493000.0,1633514000.0,2601353000.0,0.0,118493000.0,-904659000.0,-0.5888606751212502,-1023152000.0,-0.6659901437687099,41914000.0,-1023152000.0,-0.6659901437687099,0.0,-1023152000.0,-0.6659901437687099,-0.04451,-0.04451,22986880000.0,22986880000.0,https://www.sec.gov/Archives/edgar/data/1307752/000114420407043293/0001144204-07-043293-index.htm,https://www.sec.gov/Archives/edgar/data/1307752/000114420407043293/v084475_10qsb.htm,1620599646,18:34:06,20210509
36,2007-03-31,VSCP,USD,2007-05-15,2007-05-15 10:52:29,Q1,1278405000.0,800519000.0,477886000.0,0.3738142450944732,406955000.0,798105000.0,212116000.0,117712000.0,1747004000.0,2547523000.0,0.0,117712000.0,-1104014000.0,-0.8635870479229978,-1221726000.0,-0.955664284792378,47392000.0,-1221726000.0,-0.955664284792378,0.0,-1221726000.0,-0.955664284792378,-0.05318,-0.05318,22972266000.0,22972266000.0,https://www.sec.gov/Archives/edgar/data/1307752/000114420407025382/0001144204-07-025382-index.htm,https://www.sec.gov/Archives/edgar/data/1307752/000114420407025382/v075050_10qsb.htm,1620599646,18:34:06,20210509
37,2006-12-31,VSCP,USD,2007-04-02,2007-04-02 15:36:32,Q4,1177569000.0,617707000.0,559862000.0,0.4754388065582569,315646000.0,266930000.0,202680000.0,123772000.0,1111708000.0,1729415000.0,-12090000.0,123772000.0,-397041000.0,-0.33717005118171417,-520813000.0,-0.4422781170360293,31033000.0,-520813000.0,-0.4422781170360293,0.0,-520813000.0,-0.4422781170360293,-0.02336,-0.02336,22295652000.0,22295652000.0,https://www.sec.gov/Archives/edgar/data/1307752/000114420407016382/0001144204-07-016382-index.htm,https://www.sec.gov/Archives/edgar/data/1307752/000114420407016382/v070204_10ksb.htm,1620599646,18:34:06,20210509
38,2006-09-30,VSCP,USD,2006-11-14,2006-11-14 17:15:59,Q3,1275705000.0,695095000.0,580610000.0,0.455128732739936,251526000.0,909802000.0,150774000.0,121412000.0,1584288000.0,2279383000.0,12090000.0,121412000.0,-829215000.0,-0.6500052911919292,-950627000.0,-0.7451777644518129,53051000.0,-950627000.0,-0.7451777644518129,0.0,-950627000.0,-0.7451777644518129,-0.04305,-0.04305,22079452000.0,22079452000.0,https://www.sec.gov/Archives/edgar/data/1307752/000114420406047673/0001144204-06-047673-index.htm,https://www.sec.gov/Archives/edgar/data/1307752/000114420406047673/v057723_10qsb.htm,1620599646,18:34:06,20210509
39,2006-06-30,VSCP,USD,2006-09-25,2006-09-25 15:20:31,Q2,1261911000.0,686549000.0,575362000.0,0.4559449913662691,304290000.0,1904793000.0,202140000.0,-758053000.0,1855310000.0,2541859000.0,0.0,118703000.0,-1119905000.0,-0.8874674996889638,-1238608000.0,-0.9815335629850283,41340000.0,-1238608000.0,-0.9815335629850283,0.0,-1238608000.0,-0.9815335629850283,-0.05659,-0.05659,21889075000.0,21889075000.0,https://www.sec.gov/Archives/edgar/data/1307752/000114420406039634/0001144204-06-039634-index.htm,https://www.sec.gov/Archives/edgar/data/1307752/000114420406039634/v050477_10qsb.htm,1620599646,18:34:06,20210509
40,2006-03-31,VSCP,USD,2006-05-02,2006-05-02 16:00:31,Q1,1024353000.0,640747000.0,383606000.0,0.3744861390555795,239299000.0,0.0,186582000.0,981253000.0,1407134000.0,2047881000.0,0.0,104497000.0,-889636000.0,-0.8684857661372594,-994133000.0,-0.9704984512175002,29395000.0,-994133000.0,-0.9704984512175002,0.0,-994133000.0,-0.9704984512175002,-0.04542,-0.04542,21889075000.0,21889075000.0,https://www.sec.gov/Archives/edgar/data/1307752/000114420406018034/0001144204-06-018034-index.htm,https://www.sec.gov/Archives/edgar/data/1307752/000114420406018034/v041870_10qsb.htm,1620599646,18:34:06,20210509
41,2005-12-31,VSCP,USD,2006-03-30,2006-03-30 16:18:26,Q4,3405204000.0,2195951000.0,1209253000.0,0.3551191059331541,853085000.0,1182855000.0,443063000.0,406596000.0,3328662000.0,5524613000.0,0.0,399432000.0,-1553773000.0,-0.45629366111398906,-1953205000.0,-0.573594122407938,6812000.0,-1953205000.0,-0.573594122407938,-24993000.0,-1928212000.0,-0.5662544740344484,-0.10689,-0.10689,18039072000.0,18039072000.0,https://www.sec.gov/Archives/edgar/data/1307752/000114420406012444/0001144204-06-012444-index.htm,https://www.sec.gov/Archives/edgar/data/1307752/000114420406012444/v039174_10ksb.htm,1620599646,18:34:06,20210509
