,date,symbol,reportedCurrency,fillingDate,acceptedDate,period,revenue,costOfRevenue,grossProfit,grossProfitRatio,researchAndDevelopmentExpenses,generalAndAdministrativeExpenses,sellingAndMarketingExpenses,otherExpenses,operatingExpenses,costAndExpenses,interestExpense,depreciationAndAmortization,ebitda,ebitdaratio,operatingIncome,operatingIncomeRatio,totalOtherIncomeExpensesNet,incomeBeforeTax,incomeBeforeTaxRatio,incomeTaxExpense,netIncome,netIncomeRatio,eps,epsdiluted,weightedAverageShsOut,weightedAverageShsOutDil,link,finalLink,timestamp,est_time,est_date
0,2021-03-31,INSW,USD,2021-05-06,2021-05-06 08:01:34,Q1,14698000,0.0,14698.0,0.001,0.0,8140000.0,0.0,50461000.0,58601.0,58601000,6085000.0,16754000,16742155.0,1.1390770853177303,-11845.0,-0.000805891958089536,292.0,-6085.0,-0.0004140019050210913,0.0,-6085.0,-0.0004140019050210913,-0.2178432565322189,-0.2178432565322189,27932928,27932928,https://www.sec.gov/Archives/edgar/data/1679049/000155837021006080/0001558370-21-006080-index.htm,https://www.sec.gov/Archives/edgar/data/1679049/000155837021006080/insw-20210331x10q.htm,1620593661,16:54:21,20210509
1,2020-12-31,INSW,USD,2021-03-12,2021-03-12,Q4,56703000,61467000.0,-4764000.0,-0.08401671869213269,0.0,7497000.0,0.0,14392000.0,7506000.0,68973000,7823000.0,18182000,5912000.0,0.1042625610637885,-12270000.0,-0.2163906671604677,-97354000.0,-116889000.0,-2.0614253214115656,0.0,-116889000.0,-2.0614253214115656,-4.184631127821616,-4.184631127821616,27932928,27932928,https://www.sec.gov/Archives/edgar/data/1679049/000155837021002852/0001558370-21-002852-index.htm,https://www.sec.gov/ix?doc=/Archives/edgar/data/1679049/000155837021002852/insw-20201231x10k.htm,1620593661,16:54:21,20210509
2,2020-09-30,INSW,USD,2020-11-06,2020-11-06,Q3,99883000,62808000.0,37075000.0,0.37118428561416855,0.0,7422000.0,0.0,-208000.0,7409000.0,70217000,7999000.0,19014000,48680000.0,0.48737022316109846,29666000.0,0.2970074987735651,-7686000.0,13981000.0,0.1399737693100928,0.0,13981000.0,0.1399737693100928,0.5,0.5,27932928,28026005,https://www.sec.gov/Archives/edgar/data/1679049/000155837020013024/0001558370-20-013024-index.htm,https://www.sec.gov/ix?doc=/Archives/edgar/data/1679049/000155837020013024/insw-20200930x10q.htm,1620593661,16:54:21,20210509
3,2020-06-30,INSW,USD,2020-08-07 00:00:00,2020-08-07 08:23:17,Q2,139725000,61134000.0,78591000.0,0.5624691358024692,0.0,6694000.0,0.0,143000.0,6565000.0,67699000,8881000.0,18880000,90906000.0,0.6506065485775631,72026000.0,0.5154839864018608,1214000.0,64359000.0,0.4606119162640902,1000.0,64358000.0,0.4606047593487207,2.26,2.24,28469969,28639780,https://www.sec.gov/Archives/edgar/data/1679049/000155837020009825/0001558370-20-009825-index.htm,https://www.sec.gov/Archives/edgar/data/1679049/000155837020009825/tmb-20200630x10q.htm,1620593661,16:54:21,20210509
4,2020-03-31,INSW,USD,2020-05-07,2020-05-07 08:16:35,Q1,125337000,67064000.0,58273000.0,0.46493054724462846,0.0,7434000.0,0.0,-13432000.0,7496000.0,74560000,12009000.0,18267000,69044000.0,0.5508668629375204,50777000.0,0.40512378627221013,-5749000.0,33019000.0,0.2634417610123108,0.0,33019000.0,0.2634417610123108,1.13,1.12,29154639,29348393,https://www.sec.gov/Archives/edgar/data/1679049/000155837020005556/0001558370-20-005556-index.htm,https://www.sec.gov/Archives/edgar/data/1679049/000155837020005556/insw-20200331x10q.htm,1620593661,16:54:21,20210509
5,2019-12-31,INSW,USD,2020-03-03 00:00:00,2020-03-03 08:18:07,Q4,124022000,69856000.0,54166000.0,0.4367450936124236,0.0,7279000.0,0.0,-1211000.0,7265000.0,77121000,14281000.0,18945000,65846000.0,0.530921933205399,46901000.0,0.3781667768621696,-19495000.0,15892000.0,0.12813855606263405,1000.0,15891000.0,0.12813049297705245,0.5432801381930177,0.5387953138946364,29250103,29493575,https://www.sec.gov/Archives/edgar/data/1679049/000155837020001928/0001558370-20-001928-index.html,https://www.sec.gov/Archives/edgar/data/1679049/000155837020001928/insw-20191231x10k.htm,1620593661,16:54:21,20210509
6,2019-09-30,INSW,USD,2019-11-07 00:00:00,2019-11-07 08:16:54,Q3,71278000,69162000.0,2116000.0,0.02968657930918376,0.0,6449000.0,0.0,284000.0,6431000.0,75593000,17010000.0,18961000,14646000.0,0.2054771458233957,-4315000.0,-0.06053761328881282,10230000.0,-11095000.0,-0.15565812733241674,0.0,-11095000.0,-0.15565812733241674,-0.38,-0.38,29249233,29249233,https://www.sec.gov/Archives/edgar/data/1679049/000155837019010289/0001558370-19-010289-index.html,https://www.sec.gov/Archives/edgar/data/1679049/000155837019010289/insw-20190930x10q.htm,1620593661,16:54:21,20210509
7,2019-06-30,INSW,USD,2019-08-08 00:00:00,2019-08-08 08:16:43,Q2,69010000,69120000.0,-110000.0,-0.0015939718881321549,0.0,6297000.0,0.0,839000.0,6276000.0,75396000,17443000.0,18818000,12432000.0,0.18014780466599042,-6386000.0,-0.09253731343283582,7306000.0,-16523000.0,-0.23942906825097812,0.0,-16523000.0,-0.23942906825097812,-0.57,-0.57,29220345,29220345,https://www.sec.gov/Archives/edgar/data/1679049/000155837019007594/0001558370-19-007594-index.html,https://www.sec.gov/Archives/edgar/data/1679049/000155837019007594/insw-20190630x10q.htm,1620593661,16:54:21,20210509
8,2019-03-31,INSW,USD,2019-05-09 00:00:00,2019-05-09 08:16:32,Q1,101874000,74497000.0,27377000.0,0.2687339262225887,0.0,6773000.0,0.0,1036000.0,8071000.0,82568000,17533000.0,18929000,38235000.0,0.3753165675245892,19306000.0,0.18950860867345937,9124000.0,10897000.0,0.10696546714568977,0.0,10897000.0,0.10696546714568977,0.37342493375793956,0.37288882968171816,29181233,29223187,https://www.sec.gov/Archives/edgar/data/1679049/000114420419024653/0001144204-19-024653-index.html,https://www.sec.gov/Archives/edgar/data/1679049/000114420419024653/tv519874_10q.htm,1620593661,16:54:21,20210509
9,2018-12-31,INSW,USD,2019-03-12 00:00:00,2019-03-12 08:17:25,Q4,100548000,73406000.0,27142000.0,0.26994072482794285,0.0,6777000.0,0.0,2644000.0,6777000.0,80183000,18204000.0,18683000,39048000.0,0.38835183196085454,20365000.0,0.20254008035962923,3381000.0,6842000.0,0.06804710188168835,-116000.0,6958000.0,0.06920077972709551,0.23865523298417,0.23810385016800215,29155028,29222543,https://www.sec.gov/Archives/edgar/data/1679049/000114420419013398/0001144204-19-013398-index.html,https://www.sec.gov/Archives/edgar/data/1679049/000114420419013398/tv511411_10k.htm,1620593661,16:54:21,20210509
10,2018-09-30,INSW,USD,2018-11-07 00:00:00,2018-11-07 16:17:23,Q3,60926000,74162000.0,-13236000.0,-0.21724715228309752,0.0,5434000.0,0.0,220000.0,5434000.0,79596000,17320000.0,19317000,647000.0,0.01061943997636477,-18670000.0,-0.3064373174014378,-11793000.0,-47783000.0,-0.784279289630043,3000.0,-47786000.0,-0.7843285296917573,-1.64,-1.64,29154366,29154366,https://www.sec.gov/Archives/edgar/data/1679049/000114420418057978/0001144204-18-057978-index.html,https://www.sec.gov/Archives/edgar/data/1679049/000114420418057978/tv503926_10q.htm,1620593661,16:54:21,20210509
11,2018-06-30,INSW,USD,2018-08-08 00:00:00,2018-08-08 08:17:01,Q2,56909000,65952000.0,-9043000.0,-0.15890280974889737,0.0,6064000.0,0.0,-4863000.0,6064000.0,72016000,13086000.0,16804000,1697000.0,0.029819536452933632,-15107000.0,-0.26545889050940974,9397000.0,-18796000.0,-0.3302816777662584,0.0,-18796000.0,-0.3302816777662584,-0.65,-0.65,29130230,29130230,https://www.sec.gov/Archives/edgar/data/1679049/000114420418042558/0001144204-18-042558-index.html,https://www.sec.gov/Archives/edgar/data/1679049/000114420418042558/tv498187_10-q.htm,1620593661,16:54:21,20210509
12,2018-03-31,INSW,USD,2018-05-07 00:00:00,2018-05-07 08:16:16,Q1,51978000,66082000.0,-14104000.0,-0.2713455692793105,0.0,6029000.0,0.0,679000.0,6029000.0,72111000,11621000.0,17624000,-2509000.0,-0.0482704221016584,-20133000.0,-0.38733695024818193,2446000.0,-29308000.0,-0.563853938204625,8000.0,-29316000.0,-0.5640078494747778,-1.01,-1.01,29106180,29106180,https://www.sec.gov/Archives/edgar/data/1679049/000114420418025525/0001144204-18-025525-index.html,https://www.sec.gov/Archives/edgar/data/1679049/000114420418025525/tv490119_10q.htm,1620593661,16:54:21,20210509
13,2017-12-31,INSW,USD,2018-03-12 00:00:00,2018-03-12 08:17:16,Q4,69426000,69336000.0,90000.0,0.0012963443090484833,0.0,6709000.0,0.0,140000.0,6709000.0,76045000,11367000.0,20610000,13991000.0,0.20152392475441477,-6619000.0,-0.0953389220176879,-73397000.0,-90707000.0,-1.306527813787342,13000.0,-90720000.0,-1.306715063520871,-3.12,-3.12,29061657,29061657,https://www.sec.gov/Archives/edgar/data/1679049/000114420418013984/0001144204-18-013984-index.html,https://www.sec.gov/Archives/edgar/data/1679049/000114420418013984/tv487515_10k.htm,1620593661,16:54:21,20210509
14,2017-09-30,INSW,USD,2017-11-09 00:00:00,2017-11-09 08:16:22,Q3,59968000,71060000.0,-11092000.0,-0.18496531483457845,0.0,6060000.0,0.0,190000.0,6060000.0,77120000,11030000.0,20528000,3376000.0,0.05629669156883671,-17152000.0,-0.28601921024546423,6389000.0,-21793000.0,-0.3634104855923159,23000.0,-21816000.0,-0.3637940234791889,-0.75,-0.75,29202437,29202437,https://www.sec.gov/Archives/edgar/data/1679049/000114420417057442/0001144204-17-057442-index.html,https://www.sec.gov/Archives/edgar/data/1679049/000114420417057442/tv477435_10q.htm,1620593661,16:54:21,20210509
15,2017-06-30,INSW,USD,2017-08-09 00:00:00,2017-08-09 08:16:29,Q2,71957000,68185000.0,3772000.0,0.0524201953944717,0.0,5478000.0,0.0,-6760000.0,5478000.0,73663000,9076000.0,19099000,17393000.0,0.2417138012979974,-1706000.0,-0.023708603749461484,-833000.0,-11615000.0,-0.1614158455744403,4000.0,-11619000.0,-0.1614714343288353,-0.4,-0.4,29194240,29194240,https://www.sec.gov/Archives/edgar/data/1679049/000114420417041409/0001144204-17-041409-index.html,https://www.sec.gov/Archives/edgar/data/1679049/000114420417041409/v471049_10q.htm,1620593661,16:54:21,20210509
16,2017-03-31,INSW,USD,2017-05-10 00:00:00,2017-05-10 08:02:24,Q1,88750000,68313000.0,20437000.0,0.23027605633802817,0.0,7093000.0,0.0,86000.0,7093000.0,75406000,8965000.0,18616000,31960000.0,0.360112676056338,13344000.0,0.1503549295774648,13692000.0,18071000.0,0.2036169014084507,4000.0,18067000.0,0.2035718309859155,0.6191515461396756,0.6188273114554742,29180255,29195544,https://www.sec.gov/Archives/edgar/data/1679049/000114420417025806/0001144204-17-025806-index.html,https://www.sec.gov/Archives/edgar/data/1679049/000114420417025806/v464149_10q.htm,1620593661,16:54:21,20210509
17,2016-12-31,INSW,USD,2017-03-31 00:00:00,2017-03-31 07:47:08,Q4,85810000,70992000.0,14818000.0,0.17268383638270599,0.0,13593000.0,0.0,37000.0,13593000.0,84585000,9525000.0,19403000,20628000.0,0.24039156275492368,1225000.0,0.014275725439925417,-49174000.0,-57474000.0,-0.6697820766810395,283000.0,-57757000.0,-0.6730800605989978,-1.98,-1.98,29159792,29159792,https://www.sec.gov/Archives/edgar/data/1679049/000114420417017875/0001144204-17-017875-index.html,https://www.sec.gov/Archives/edgar/data/1679049/000114420417017875/v456577_10k.htm,1620593661,16:54:21,20210509
18,2016-09-30,INSW,USD,2016-12-05 00:00:00,2016-12-05 08:01:31,Q3,80771000,68995000.0,11776000.0,0.14579490163548797,0.0,9894000.0,0.0,-2244000.0,9894000.0,78889000,9519000.0,20376000,22258000.0,0.275569201817484,1882000.0,0.023300441990318308,-43245000.0,-50882000.0,-0.6299538200591797,-20000.0,-50862000.0,-0.629706206435478,-1.744433,-1.744433,29156750,29156750,https://www.sec.gov/Archives/edgar/data/1679049/000114420416137803/0001144204-16-137803-index.html,https://www.sec.gov/Archives/edgar/data/1679049/000114420416137803/v453974_10q.htm,1620593661,16:54:21,20210509
19,2016-06-30,INSW,USD,2016-06-30,2016-06-30,Q2,103062000,65126000.0,37936000.0,0.3680891114086666,0.0,8857000.0,0.0,-175000.0,8857000.0,73983000,9690000.0,20025000,49104000.0,0.4764510682889911,29079000.0,0.2821505501542761,11290000.0,30679000.0,0.297675185810483,173000.0,30506000.0,0.29599658458015565,1.046249,1.046249,29157494,29157494,,,1620593661,16:54:21,20210509
20,2016-03-31,INSW,USD,2016-03-31,2016-03-31,Q1,128676000,67401000.0,61275000.0,0.4761960272311853,0.0,8317000.0,0.0,1416000.0,8317000.0,75718000,10742000.0,20081000,73039000.0,0.5676194472939787,52958000.0,0.41156081942242534,17678000.0,59894000.0,0.46546364512418786,4000.0,59890000.0,0.46543255929621685,2.054017,2.054017,29157494,29157494,,,1620593661,16:54:21,20210509
21,2015-12-31,INSW,USD,2015-12-31,2015-12-31,Q4,124970000,76058000.0,48912000.0,0.39138993358406016,0.0,9356000.0,0.0,1000.0,9356000.0,85414000,10934000.0,21196000,60752000.0,0.4861326718412419,39556000.0,0.31652396575178043,9238000.0,37860000.0,0.302952708650076,254000.0,37606000.0,0.30092022085300474,1.2897541880656822,1.2897541880656822,29157494,29157494,,,1620593661,16:54:21,20210509
22,2015-09-30,INSW,USD,2015-09-30,2015-09-30,Q3,131121000,69203000.0,61918000.0,0.4722203155863668,0.0,12174000.0,0.0,3000.0,12174000.0,81377000,11050000.0,20404000,70148000.0,0.5349867679471633,49744000.0,0.37937477597028696,13266000.0,51960000.0,0.3962751961928295,27000.0,51933000.0,0.39606927952044296,1.78112,1.78112,29157494,29157494,,,1620593661,16:54:21,20210509
23,2015-06-30,INSW,USD,2015-06-30,2015-06-30,Q2,124093000,67101000.0,56992000.0,0.4592684518868913,0.0,9316000.0,0.0,32000.0,9316000.0,76417000,10566000.0,19889000,67565000.0,0.544470679248628,47676000.0,0.38419572417461095,10675000.0,47785000.0,0.385074097652567,95000.0,47690000.0,0.38430854278645854,1.635600096496633,1.635600096496633,29157494,29157494,,,1620593661,16:54:21,20210509
24,2015-03-31,INSW,USD,2015-03-31,2015-03-31,Q1,117450000,71862000.0,45588000.0,0.38814814814814813,0.0,10709000.0,0.0,30000.0,10709000.0,82571000,10420000.0,20164000,55043000.0,0.4686504895700298,34879000.0,0.29696892294593447,11246000.0,35705000.0,0.30400170285227757,-236000.0,35941000.0,0.3060110685398042,1.232651,1.232651,29157494,29157494,,,1620593661,16:54:21,20210509
