,date,symbol,reportedCurrency,fillingDate,acceptedDate,period,revenue,costOfRevenue,grossProfit,grossProfitRatio,researchAndDevelopmentExpenses,generalAndAdministrativeExpenses,sellingAndMarketingExpenses,otherExpenses,operatingExpenses,costAndExpenses,interestExpense,depreciationAndAmortization,ebitda,ebitdaratio,operatingIncome,operatingIncomeRatio,totalOtherIncomeExpensesNet,incomeBeforeTax,incomeBeforeTaxRatio,incomeTaxExpense,netIncome,netIncomeRatio,eps,epsdiluted,weightedAverageShsOut,weightedAverageShsOutDil,link,finalLink,timestamp,est_time,est_date
0,2020-12-31,SPECIALITY.NS,INR,2020-12-31,2020-12-31,Q4,568100000,277200000,290900000.0,0.5120577363140292,0.0,0.0,0.0,26700000.0,311700000,588900000,42400000.0,81800000,61000000.0,0.10737546206653759,-20800000.0,-0.036613272311212815,0.0,-36900000.0,-0.06495335328287273,0.0,-36900000,-0.06495335328287273,-0.79,-0.79,46708861,46708861,https://www.nseindia.com/companies-listing/corporate-filings-annual-reports,https://www.nseindia.com/companies-listing/corporate-filings-annual-reports,1620598195,18:09:55,20210509
1,2020-09-30,SPECIALITY.NS,INR,2020-09-30,2020-09-30,Q3,196400000,108200000,88200000.0,0.44908350305498984,0.0,0.0,0.0,12400000.0,236100000,344300000,51800000.0,94200000,-53700000.0,-0.27342158859470467,-147900000.0,-0.7530549898167006,0.0,-144100000.0,-0.7337067209775967,0.0,-144100000,-0.7337067209775967,-3.07,-3.07,46938111,46938111,https://www.nseindia.com/companies-listing/corporate-filings-annual-reports,https://www.nseindia.com/companies-listing/corporate-filings-annual-reports,1620598195,18:09:55,20210509
2,2020-06-30,SPECIALITY.NS,INR,2020-06-30,2020-06-30,Q2,82700000,79000000,3700000.0,0.044740024183796856,0.0,0.0,0.0,26900000.0,196500000,275500000,30500000.0,66400000,-126400000.0,-1.528415961305925,-192800000.0,-2.3313180169286576,0.0,-196700000.0,-2.3784764207980653,0.0,-196700000,-2.3784764207980653,-4.19,-4.19,46945107,46945107,https://www.nseindia.com/companies-listing/corporate-filings-annual-reports,https://www.nseindia.com/companies-listing/corporate-filings-annual-reports,1620598195,18:09:55,20210509
3,2020-03-31,SPECIALITY.NS,INR,2020-03-31,2020-03-31,Q1,754040000,299480000,454560000.0,0.6028327409686489,0.0,0.0,0.0,-55760000.0,529290000,828770000,51970000.0,110850000,36120000.0,0.04790196806535462,-74730000.0,-0.09910614821494881,0.0,-371090000.0,-0.49213569571906,0.0,-371090000,-0.49213569571906,-7.905942358864847,-7.905942358864847,46938111,46938111,https://www.nseindia.com/companies-listing/corporate-filings-annual-reports,https://www.nseindia.com/companies-listing/corporate-filings-annual-reports,1620598195,18:09:55,20210509
4,2019-12-31,SPECIALITY.NS,INR,2019-12-31,2019-12-31,Q4,1062900000,552600000,510300000.0,0.48010160880609654,0.0,0.0,0.0,20200000.0,426300000,978900000,57600000.0,155800000,239800000.0,0.22560918242543984,84000000.0,0.07902907140841095,0.0,46200000.0,0.04346598927462602,-9000000.0,55200000,0.05193338978267005,1.18,1.18,46779661,46779661,https://www.nseindia.com/companies-listing/corporate-filings-annual-reports,https://www.nseindia.com/companies-listing/corporate-filings-annual-reports,1620598195,18:09:55,20210509
5,2019-09-30,SPECIALITY.NS,INR,2019-09-30,2019-09-30,Q3,885000000,499500000,385500000.0,0.43559322033898307,0.0,0.0,0.0,27100000.0,406500000,906000000,55500000.0,153600000,132600000.0,0.14983050847457627,-21000000.0,-0.023728813559322035,0.0,-49400000.0,-0.05581920903954802,0.0,-49400000,-0.05581920903954802,-1.05,-1.05,47047619,47047619,https://www.nseindia.com/companies-listing/corporate-filings-annual-reports,https://www.nseindia.com/companies-listing/corporate-filings-annual-reports,1620598195,18:09:55,20210509
6,2019-06-30,SPECIALITY.NS,INR,2019-06-30,2019-06-30,Q2,875900000,485600000,390300000.0,0.44559881264984585,0.0,0.0,0.0,23300000.0,381900000,867500000,46400000.0,147600000,156000000.0,0.1781025231190775,8400000.0,0.00959013586025802,0.0,-14700000.0,-0.016782737755451537,0.0,-14700000,-0.016782737755451537,-0.31,-0.31,47419355,47419355,https://www.nseindia.com/companies-listing/corporate-filings-annual-reports,https://www.nseindia.com/companies-listing/corporate-filings-annual-reports,1620598195,18:09:55,20210509
7,2019-03-31,SPECIALITY.NS,INR,2019-03-31,2019-03-31,Q1,835940000,359540000,476400000.0,0.5698973610546212,0.0,0.0,0.0,-58770000.0,536980000,896520000,0.0,90300000,29720000.0,0.03555279087015815,-60580000.0,-0.07246931597961576,0.0,-62900000.0,-0.07524463478240065,8410000.0,-71310000,-0.08530516544249588,-1.5192345512157488,-1.5192345512157488,46938111,46938111,https://www.nseindia.com/companies-listing/corporate-filings-annual-reports,https://www.nseindia.com/companies-listing/corporate-filings-annual-reports,1620598195,18:09:55,20210509
8,2018-12-31,SPECIALITY.NS,INR,2018-12-31,2018-12-31,Q4,984500000,500200000,484300000.0,0.4919248349415947,0.0,0.0,0.0,21000000.0,422200000,922400000,0.0,58500000,120600000.0,0.12249873031995936,62100000.0,0.06307770441848654,0.0,83100000.0,0.08440832910106653,1700000.0,81400000,0.08268156424581005,1.73,1.73,47052023,47052023,https://www.nseindia.com/companies-listing/corporate-filings-annual-reports,https://www.nseindia.com/companies-listing/corporate-filings-annual-reports,1620598195,18:09:55,20210509
9,2018-09-30,SPECIALITY.NS,INR,2018-09-30,2018-09-30,Q3,849700000,477900000,371800000.0,0.437566199835236,0.0,0.0,0.0,20200000.0,417000000,894900000,0.0,69900000,24700000.0,0.029069083205837353,-45200000.0,-0.05319524538072261,0.0,-25000000.0,-0.029422148993762505,0.0,-25000000,-0.029422148993762505,-0.53,-0.53,47169811,47169811,https://www.nseindia.com/companies-listing/corporate-filings-annual-reports,https://www.nseindia.com/companies-listing/corporate-filings-annual-reports,1620598195,18:09:55,20210509
10,2018-06-30,SPECIALITY.NS,INR,2018-06-30,2018-06-30,Q2,793500000,457300000,336200000.0,0.4236925015752993,0.0,0.0,0.0,18400000.0,417700000,875000000,0.0,60700000,-20800000.0,-0.026212980466288595,-81500000.0,-0.10270951480781348,0.0,-63300000.0,-0.07977315689981096,0.0,-63300000,-0.07977315689981096,-1.35,-1.35,46888889,46888889,https://www.nseindia.com/companies-listing/corporate-filings-annual-reports,https://www.nseindia.com/companies-listing/corporate-filings-annual-reports,1620598195,18:09:55,20210509
11,2017-03-31,SPECIALITY.NS,INR,2017-03-31,2017-03-31,Q1,735980000,1090510000,-354530000.0,-0.48171145955053124,0.0,0.0,0.0,0.0,-181690000,908820000,-20000.0,84540000,-88300000.0,-0.11997608630669311,-172840000.0,-0.23484333813418842,0.0,-147320000.0,-0.2001684828392076,-13540000.0,-133780000,-0.18177124378379847,-2.850136001425366,-2.850136001425366,46938111,46938111,https://www.nseindia.com/companies-listing/corporate-filings-annual-reports,https://www.nseindia.com/companies-listing/corporate-filings-annual-reports,1620598195,18:09:55,20210509
12,2016-12-31,SPECIALITY.NS,INR,2016-12-31,2016-12-31,Q4,833400000,264900000,568500000.0,0.6821454283657308,0.0,0.0,0.0,0.0,586200000,851100000,100000.0,74500000,56800000.0,0.06815454763618911,-17700000.0,-0.021238300935925127,0.0,-17800000.0,-0.021358291336693064,28400000.0,-46200000,-0.05543556515478762,-0.98,-0.98,47142857,47142857,https://www.nseindia.com/companies-listing/corporate-filings-annual-reports,https://www.nseindia.com/companies-listing/corporate-filings-annual-reports,1620598195,18:09:55,20210509
13,2016-09-30,SPECIALITY.NS,INR,2016-09-30,2016-09-30,Q3,796300000,258600000,537700000.0,0.6752480221022228,0.0,0.0,0.0,0.0,588300000,846900000,0.0,69700000,19100000.0,0.02398593494913977,-50600000.0,-0.06354389049353258,0.0,-50600000.0,-0.06354389049353258,-24900000.0,-25700000,-0.032274268491774456,-0.55,-0.55,46727273,46727273,https://www.nseindia.com/companies-listing/corporate-filings-annual-reports,https://www.nseindia.com/companies-listing/corporate-filings-annual-reports,1620598195,18:09:55,20210509
14,2016-06-30,SPECIALITY.NS,INR,2016-06-30,2016-06-30,Q2,786000000,256000000,530000000.0,0.6743002544529262,0.0,0.0,0.0,0.0,617900000,873900000,100000.0,108600000,20700000.0,0.02633587786259542,-87900000.0,-0.11183206106870229,0.0,-88000000.0,-0.11195928753180662,-29900000.0,-58100000,-0.07391857506361323,-1.24,-1.24,46854839,46854839,https://www.nseindia.com/companies-listing/corporate-filings-annual-reports,https://www.nseindia.com/companies-listing/corporate-filings-annual-reports,1620598195,18:09:55,20210509
15,2016-03-31,SPECIALITY.NS,INR,2016-03-31,2016-03-31,Q1,769490000,261700000,507790000.0,0.659904612145707,0.0,0.0,0.0,0.0,656200000,917900000,60000.0,74470000,-73940000.0,-0.0960896177988018,-148410000.0,-0.1928680034828263,0.0,-74280000.0,-0.09653146889498239,-34010000.0,-40270000,-0.05233336365644778,-0.8579382327507812,-0.8579382327507812,46938111,46938111,https://www.nseindia.com/companies-listing/corporate-filings-annual-reports,https://www.nseindia.com/companies-listing/corporate-filings-annual-reports,1620598195,18:09:55,20210509
16,2015-12-31,SPECIALITY.NS,INR,2015-12-31,2015-12-31,Q4,845800000,277500000,568300000.0,0.6719082525419721,0.0,0.0,0.0,0.0,562400000,839900000,100000.0,80100000,86000000.0,0.10167888389690234,5900000.0,0.006975644360368882,0.0,5800000.0,0.006857413100023646,-4200000.0,10000000,0.011823126034523528,0.21,0.21,47619048,47619048,https://www.nseindia.com/companies-listing/corporate-filings-annual-reports,https://www.nseindia.com/companies-listing/corporate-filings-annual-reports,1620598195,18:09:55,20210509
17,2015-09-30,SPECIALITY.NS,INR,2015-09-30,2015-09-30,Q3,796800000,261000000,535800000.0,0.6724397590361446,0.0,0.0,0.0,0.0,525800000,786800000,200000.0,66300000,76300000.0,0.09575803212851405,10000000.0,0.012550200803212851,0.0,9800000.0,0.012299196787148595,-400000.0,10200000,0.012801204819277108,0.22,0.22,46363636,46363636,https://www.nseindia.com/companies-listing/corporate-filings-annual-reports,https://www.nseindia.com/companies-listing/corporate-filings-annual-reports,1620598195,18:09:55,20210509
18,2015-06-30,SPECIALITY.NS,INR,2015-06-30,2015-06-30,Q2,801400000,254800000,546600000.0,0.6820564012977289,0.0,0.0,0.0,0.0,517100000,771900000,100000.0,62400000,91900000.0,0.11467431994010481,29500000.0,0.03681058148240579,0.0,29400000.0,0.03668579985026204,6700000.0,22700000,0.028325430496630895,0.48,0.48,47291667,47291667,https://www.nseindia.com/companies-listing/corporate-filings-annual-reports,https://www.nseindia.com/companies-listing/corporate-filings-annual-reports,1620598195,18:09:55,20210509
19,2015-03-31,SPECIALITY.NS,INR,2015-03-31,2015-03-31,Q1,736100000,224380000,511720000.0,0.6951772856948785,0.0,0.0,0.0,0.0,558850000,783230000,0.0,71180000,24050000.0,0.032672191278358916,-47130000.0,-0.06402662681700856,0.0,22540000.0,0.030620839559842412,3120000.0,19420000,0.026382285015622876,0.4137362920293064,0.4137362920293064,46938111,46938111,https://www.nseindia.com/companies-listing/corporate-filings-annual-reports,https://www.nseindia.com/companies-listing/corporate-filings-annual-reports,1620598195,18:09:55,20210509
20,2014-12-31,SPECIALITY.NS,INR,2014-12-31,2014-12-31,Q4,804400000,251900000,552500000.0,0.6868473396320238,0.0,0.0,0.0,0.0,512800000,764700000,0.0,64800000,104500000.0,0.12991049229239185,39700000.0,0.04935355544505221,0.0,39600000.0,0.04922923918448533,7400000.0,32200000,0.04002983590253605,0.68,0.68,47352941,47352941,https://www.nseindia.com/companies-listing/corporate-filings-annual-reports,https://www.nseindia.com/companies-listing/corporate-filings-annual-reports,1620598195,18:09:55,20210509
21,2014-09-30,SPECIALITY.NS,INR,2014-09-30,2014-09-30,Q3,750100000,418300000,331800000.0,0.4423410211971737,0.0,0.0,0.0,0.0,301600000,719900000,0.0,60800000,91000000.0,0.12131715771230503,30200000.0,0.040261298493534194,0.0,29900000.0,0.03986135181975736,6100000.0,23800000,0.03172910278629516,0.51,0.51,46666667,46666667,https://www.nseindia.com/companies-listing/corporate-filings-annual-reports,https://www.nseindia.com/companies-listing/corporate-filings-annual-reports,1620598195,18:09:55,20210509
22,2014-06-30,SPECIALITY.NS,INR,2014-06-30,2014-06-30,Q2,703200000,229100000,474100000.0,0.6742036405005688,0.0,0.0,0.0,0.0,450700000,679800000,0.0,55500000,78900000.0,0.11220136518771331,23400000.0,0.033276450511945395,0.0,23200000.0,0.03299203640500569,4100000.0,19100000,0.027161547212741752,0.41,0.41,46585366,46585366,https://www.nseindia.com/companies-listing/corporate-filings-annual-reports,https://www.nseindia.com/companies-listing/corporate-filings-annual-reports,1620598195,18:09:55,20210509
23,2014-03-31,SPECIALITY.NS,INR,2014-03-31,2014-03-31,Q1,674960000,813270000,-138310000.0,-0.20491584686499942,0.0,0.0,0.0,0.0,-85610000,727660000,240000.0,54810000,2110000.0,0.0031261111769586344,-52700000.0,-0.0780787009600569,0.0,38450000.0,0.05696633874599976,4110000.0,34340000,0.05087708901268223,0.7316016616007406,0.7316016616007406,46938111,46938111,https://www.nseindia.com/companies-listing/corporate-filings-annual-reports,https://www.nseindia.com/companies-listing/corporate-filings-annual-reports,1620598195,18:09:55,20210509
24,2013-12-31,SPECIALITY.NS,INR,2013-12-31,2013-12-31,Q4,722000000,210100000,511900000.0,0.7090027700831025,0.0,0.0,0.0,0.0,422400000,632500000,300000.0,47200000,136700000.0,0.18933518005540168,89500000.0,0.12396121883656509,0.0,89200000.0,0.12354570637119114,22300000.0,66900000,0.09265927977839335,1.43,1.43,46783217,46783217,https://www.nseindia.com/companies-listing/corporate-filings-annual-reports,https://www.nseindia.com/companies-listing/corporate-filings-annual-reports,1620598195,18:09:55,20210509
25,2013-09-30,SPECIALITY.NS,INR,2013-09-30,2013-09-30,Q3,639500000,182600000,456900000.0,0.7144644253322908,0.0,0.0,0.0,0.0,401800000,584400000,100000.0,48600000,103700000.0,0.16215793588741204,55100000.0,0.08616106333072714,0.0,55000000.0,0.08600469116497264,14800000.0,40200000,0.06286161063330727,0.86,0.86,46744186,46744186,https://www.nseindia.com/companies-listing/corporate-filings-annual-reports,https://www.nseindia.com/companies-listing/corporate-filings-annual-reports,1620598195,18:09:55,20210509
26,2013-06-30,SPECIALITY.NS,INR,2013-06-30,2013-06-30,Q2,602000000,165600000,436400000.0,0.7249169435215946,0.0,0.0,0.0,0.0,372000000,537600000,100000.0,39700000,104100000.0,0.1729235880398671,64400000.0,0.10697674418604651,0.0,64300000.0,0.10681063122923588,16800000.0,47500000,0.07890365448504984,1.01,1.01,47029703,47029703,https://www.nseindia.com/companies-listing/corporate-filings-annual-reports,https://www.nseindia.com/companies-listing/corporate-filings-annual-reports,1620598195,18:09:55,20210509
27,2013-03-31,SPECIALITY.NS,INR,2013-03-31,2013-03-31,Q1,584540000,154080000,430460000.0,0.736408115783351,0.0,0.0,0.0,0.0,453250000,607330000,70000.0,44270000,21480000.0,0.03674684367194717,-22790000.0,-0.038987922126800564,0.0,66920000.0,0.11448318335785404,13480000.0,53440000,0.09142231498272145,1.1385204658108206,1.1385204658108206,46938111,46938111,https://www.nseindia.com/companies-listing/corporate-filings-annual-reports,https://www.nseindia.com/companies-listing/corporate-filings-annual-reports,1620598195,18:09:55,20210509
28,2012-12-31,SPECIALITY.NS,INR,2012-12-31,2012-12-31,Q4,611500000,170900000,440600000.0,0.7205233033524121,0.0,0.0,0.0,0.0,351800000,522700000,100000.0,37600000,126400000.0,0.20670482420278005,88800000.0,0.14521668029435814,0.0,88700000.0,0.14505314799672936,22000000.0,66700000,0.10907604251839738,1.42,1.42,46971831,46971831,https://www.nseindia.com/companies-listing/corporate-filings-annual-reports,https://www.nseindia.com/companies-listing/corporate-filings-annual-reports,1620598195,18:09:55,20210509
29,2012-09-30,SPECIALITY.NS,INR,2012-09-30,2012-09-30,Q3,547300000,150100000,397200000.0,0.7257445642243742,0.0,0.0,0.0,0.0,331400000,481500000,100000.0,35700000,101500000.0,0.1854558742919788,65800000.0,0.12022656678238626,0.0,65700000.0,0.12004385163530057,14600000.0,51100000,0.09336744016078934,1.09,1.09,46880734,46880734,https://www.nseindia.com/companies-listing/corporate-filings-annual-reports,https://www.nseindia.com/companies-listing/corporate-filings-annual-reports,1620598195,18:09:55,20210509
30,2012-06-30,SPECIALITY.NS,INR,2012-06-30,2012-06-30,Q2,525900000,134500000,391400000.0,0.7442479558851492,0.0,0.0,0.0,0.0,303300000,437800000,4700000.0,31800000,119900000.0,0.22799011218862902,88100000.0,0.16752234265069404,0.0,83400000.0,0.15858528237307473,20600000.0,62800000,0.11941433732648793,1.57,1.57,40000000,40000000,https://www.nseindia.com/companies-listing/corporate-filings-annual-reports,https://www.nseindia.com/companies-listing/corporate-filings-annual-reports,1620598195,18:09:55,20210509
31,2012-03-31,SPECIALITY.NS,INR,2012-03-31,2012-03-31,Q1,464200000,119530000,344670000.0,0.7425032313657907,0.0,0.0,0.0,0.0,333210000,452740000,6440000.0,37360000,48820000.0,0.10517018526497199,11460000.0,0.024687634640241277,0.0,26980000.0,0.05812149935372684,4850000.0,22130000,0.047673416630762605,0.4714718919983806,0.4714718919983806,46938111,46938111,https://www.nseindia.com/companies-listing/corporate-filings-annual-reports,https://www.nseindia.com/companies-listing/corporate-filings-annual-reports,1620598195,18:09:55,20210509
32,2011-12-31,SPECIALITY.NS,INR,2011-12-31,2011-12-31,Q4,535300000,146500000,388800000.0,0.7263216887726508,0.0,0.0,0.0,0.0,310800000,457300000,7800000.0,37200000,115200000.0,0.21520642630300765,78000000.0,0.14571268447599478,0.0,70200000.0,0.1311414160283953,22100000.0,48100000,0.08985615542686344,1.53,1.53,31437908,31437908,https://www.nseindia.com/companies-listing/corporate-filings-annual-reports,https://www.nseindia.com/companies-listing/corporate-filings-annual-reports,1620598195,18:09:55,20210509
33,2011-09-30,SPECIALITY.NS,INR,2011-09-30,2011-09-30,Q3,494700000,128500000,366200000.0,0.7402466141095614,0.0,0.0,0.0,0.0,300900000,429400000,6400000.0,28900000,94200000.0,0.19041843541540326,65300000.0,0.13199919142914898,0.0,58900000.0,0.11906205781281584,19200000.0,39700000,0.08025065696381646,1.39,1.13,28561151,35132743,https://www.nseindia.com/companies-listing/corporate-filings-annual-reports,https://www.nseindia.com/companies-listing/corporate-filings-annual-reports,1620598195,18:09:55,20210509
