,date,symbol,reportedCurrency,fillingDate,acceptedDate,period,revenue,costOfRevenue,grossProfit,grossProfitRatio,researchAndDevelopmentExpenses,generalAndAdministrativeExpenses,sellingAndMarketingExpenses,otherExpenses,operatingExpenses,costAndExpenses,interestExpense,depreciationAndAmortization,ebitda,ebitdaratio,operatingIncome,operatingIncomeRatio,totalOtherIncomeExpensesNet,incomeBeforeTax,incomeBeforeTaxRatio,incomeTaxExpense,netIncome,netIncomeRatio,eps,epsdiluted,weightedAverageShsOut,weightedAverageShsOutDil,link,finalLink,timestamp,est_time,est_date
0,2020-09-30,REDD.L,GBP,2020-09-30,2020-09-30,Q3,194837250,155361500.0,39475750.0,0.20260884404804522,0.0,21008500.0,0.0,-6250.0,0.0,177579250,3648500.0,794500.0,18052500.0,0.09265425374254667,17258000.0,0.08857649140500597,0.0,3369750.0,0.017295204074169596,1450750.0,1919000.0,0.00984924597324177,0.014403390619698413,0.014403390619698413,133232518,133232518,https://find-and-update.company-information.service.gov.uk/search/companies?q=Redde+Northgate+PLC,https://find-and-update.company-information.service.gov.uk/search/companies?q=Redde+Northgate+PLC,1620597164,17:52:44,20210509
1,2020-06-30,REDD.L,GBP,2020-06-30,2020-06-30,Q2,194837250,155361500.0,39475750.0,0.20260884404804522,0.0,21008500.0,0.0,-6250.0,0.0,177579250,3648500.0,794500.0,18052500.0,0.09265425374254667,17258000.0,0.08857649140500597,0.0,3369750.0,0.017295204074169596,1450750.0,1919000.0,0.00984924597324177,0.014403390619698413,0.014403390619698413,133232518,133232518,https://find-and-update.company-information.service.gov.uk/search/companies?q=Redde+Northgate+PLC,https://find-and-update.company-information.service.gov.uk/search/companies?q=Redde+Northgate+PLC,1620597164,17:52:44,20210509
2,2020-03-31,REDD.L,GBP,2020-03-31,2020-03-31,Q1,194837250,155361500.0,39475750.0,0.20260884404804522,0.0,21008500.0,0.0,-6250.0,0.0,177579250,3648500.0,794500.0,18052500.0,0.09265425374254667,17258000.0,0.08857649140500597,0.0,3369750.0,0.017295204074169596,1450750.0,1919000.0,0.00984924597324177,0.014403390619698413,0.014403390619698413,133232518,133232518,https://find-and-update.company-information.service.gov.uk/search/companies?q=Redde+Northgate+PLC,https://find-and-update.company-information.service.gov.uk/search/companies?q=Redde+Northgate+PLC,1620597164,17:52:44,20210509
3,2020-01-31,REDD.L,GBP,2020-01-31,2020-01-31,Q1,194837250,155361500.0,39475750.0,0.20260884404804522,0.0,21008500.0,0.0,-6250.0,0.0,177579250,3648500.0,794500.0,18052500.0,0.09265425374254667,17258000.0,0.08857649140500597,0.0,3369750.0,0.017295204074169596,1450750.0,1919000.0,0.00984924597324177,0.014403390619698413,0.014403390619698413,133232518,133232518,https://find-and-update.company-information.service.gov.uk/search/companies?q=Redde+Northgate+PLC,https://find-and-update.company-information.service.gov.uk/search/companies?q=Redde+Northgate+PLC,1620597164,17:52:44,20210509
4,2019-06-30,REDD.L,GBP,2019-06-30,2019-06-30,Q2,186367500,148149500.0,38218000.0,0.20506794371336204,0.0,19168000.0,0.0,-6250.0,0.0,167494750,3537000.0,177250.0,19050000.0,0.10221739305404644,18872750.0,0.10126631521053832,0.0,15101500.0,0.08103075911840853,2247000.0,12854500.0,0.06897393590620682,0.0965,0.0945,133232518,135893215,https://find-and-update.company-information.service.gov.uk/search/companies?q=Redde+Northgate+PLC,https://find-and-update.company-information.service.gov.uk/search/companies?q=Redde+Northgate+PLC,1620597164,17:52:44,20210509
5,2019-03-31,REDD.L,GBP,2019-03-31,2019-03-31,Q1,186367500,148149500.0,38218000.0,0.20506794371336204,0.0,19168000.0,0.0,-6250.0,0.0,167494750,3537000.0,177250.0,19050000.0,0.10221739305404644,18872750.0,0.10126631521053832,0.0,15101500.0,0.08103075911840853,2247000.0,12854500.0,0.06897393590620682,0.0965,0.0945,133232518,135893215,https://find-and-update.company-information.service.gov.uk/search/companies?q=Redde+Northgate+PLC,https://find-and-update.company-information.service.gov.uk/search/companies?q=Redde+Northgate+PLC,1620597164,17:52:44,20210509
6,2019-01-31,REDD.L,GBP,2019-01-31,2019-01-31,Q1,186367500,148149500.0,38218000.0,0.20506794371336204,0.0,19168000.0,0.0,-6250.0,0.0,167494750,3537000.0,177250.0,19050000.0,0.10221739305404644,18872750.0,0.10126631521053832,0.0,15101500.0,0.08103075911840853,2247000.0,12854500.0,0.06897393590620682,0.0965,0.0945,133232518,135893215,https://find-and-update.company-information.service.gov.uk/search/companies?q=Redde+Northgate+PLC,https://find-and-update.company-information.service.gov.uk/search/companies?q=Redde+Northgate+PLC,1620597164,17:52:44,20210509
7,2018-06-30,REDD.L,GBP,2018-06-30,2018-06-30,Q2,175418000,140808000.0,34610000.0,0.1973001630391408,0.0,17524250.0,0.0,-6250.0,0.0,158774000,2669750.0,441750.0,17085750.0,0.09740020978462871,16644000.0,0.094881939139655,0.0,13184500.0,0.07516047383962877,2376500.0,10808000.0,0.06161283334663489,0.081,0.08,133232518,135310321,https://find-and-update.company-information.service.gov.uk/search/companies?q=Redde+Northgate+PLC,https://find-and-update.company-information.service.gov.uk/search/companies?q=Redde+Northgate+PLC,1620597164,17:52:44,20210509
8,2018-03-31,REDD.L,GBP,2018-03-31,2018-03-31,Q1,175418000,140808000.0,34610000.0,0.1973001630391408,0.0,17524250.0,0.0,-6250.0,0.0,158774000,2669750.0,441750.0,17085750.0,0.09740020978462871,16644000.0,0.094881939139655,0.0,13184500.0,0.07516047383962877,2376500.0,10808000.0,0.06161283334663489,0.081,0.08,133232518,135310321,https://find-and-update.company-information.service.gov.uk/search/companies?q=Redde+Northgate+PLC,https://find-and-update.company-information.service.gov.uk/search/companies?q=Redde+Northgate+PLC,1620597164,17:52:44,20210509
9,2018-01-31,REDD.L,GBP,2018-01-31,2018-01-31,Q1,175418000,140808000.0,34610000.0,0.1973001630391408,0.0,17524250.0,0.0,-6250.0,0.0,158774000,2669750.0,441750.0,17085750.0,0.09740020978462871,16644000.0,0.094881939139655,0.0,13184500.0,0.07516047383962877,2376500.0,10808000.0,0.06161283334663489,0.081,0.08,133232518,135310321,https://find-and-update.company-information.service.gov.uk/search/companies?q=Redde+Northgate+PLC,https://find-and-update.company-information.service.gov.uk/search/companies?q=Redde+Northgate+PLC,1620597164,17:52:44,20210509
10,2017-06-30,REDD.L,GBP,2017-06-30,2017-06-30,Q2,166857250,128611500.0,38245750.0,0.2292123956256021,0.0,17094500.0,0.0,-6250.0,0.0,146163500,2235000.0,457500.0,21151250.0,0.12676254702747408,20693750.0,0.12402068234973308,0.0,18055500.0,0.10820926270809329,2830250.0,15225250.0,0.09124715887382778,0.11425,0.11275,133232518,134933367,https://find-and-update.company-information.service.gov.uk/search/companies?q=Redde+Northgate+PLC,https://find-and-update.company-information.service.gov.uk/search/companies?q=Redde+Northgate+PLC,1620597164,17:52:44,20210509
11,2017-03-31,REDD.L,GBP,2017-03-31,2017-03-31,Q1,166857250,128611500.0,38245750.0,0.2292123956256021,0.0,17094500.0,0.0,-6250.0,0.0,146163500,2235000.0,457500.0,21151250.0,0.12676254702747408,20693750.0,0.12402068234973308,0.0,18055500.0,0.10820926270809329,2830250.0,15225250.0,0.09124715887382778,0.11425,0.11275,133232518,134933367,https://find-and-update.company-information.service.gov.uk/search/companies?q=Redde+Northgate+PLC,https://find-and-update.company-information.service.gov.uk/search/companies?q=Redde+Northgate+PLC,1620597164,17:52:44,20210509
12,2017-01-31,REDD.L,GBP,2017-01-31,2017-01-31,Q1,166857250,128611500.0,38245750.0,0.2292123956256021,0.0,17094500.0,0.0,-6250.0,0.0,146163500,2235000.0,457500.0,21151250.0,0.12676254702747408,20693750.0,0.12402068234973308,0.0,18055500.0,0.10820926270809329,2830250.0,15225250.0,0.09124715887382778,0.11425,0.11275,133232518,134933367,https://find-and-update.company-information.service.gov.uk/search/companies?q=Redde+Northgate+PLC,https://find-and-update.company-information.service.gov.uk/search/companies?q=Redde+Northgate+PLC,1620597164,17:52:44,20210509
13,2016-06-30,REDD.L,GBP,2016-06-30,2016-06-30,Q2,154572000,114821500.0,39750500.0,0.2571649457857827,0.0,16170750.0,0.0,-6250.0,0.0,131487000,2524000.0,494750.0,23579750.0,0.15254865046709623,23085000.0,0.14934787671764616,0.0,19408000.0,0.1255596097611469,4038250.0,15369750.0,0.09943424423569598,0.11525,0.11375,133232518,135222767,https://find-and-update.company-information.service.gov.uk/search/companies?q=Redde+Northgate+PLC,https://find-and-update.company-information.service.gov.uk/search/companies?q=Redde+Northgate+PLC,1620597164,17:52:44,20210509
14,2016-03-31,REDD.L,GBP,2016-03-31,2016-03-31,Q1,154572000,114821500.0,39750500.0,0.2571649457857827,0.0,16170750.0,0.0,-6250.0,0.0,131487000,2524000.0,494750.0,23579750.0,0.15254865046709623,23085000.0,0.14934787671764616,0.0,19408000.0,0.1255596097611469,4038250.0,15369750.0,0.09943424423569598,0.11525,0.11375,133232518,135222767,https://find-and-update.company-information.service.gov.uk/search/companies?q=Redde+Northgate+PLC,https://find-and-update.company-information.service.gov.uk/search/companies?q=Redde+Northgate+PLC,1620597164,17:52:44,20210509
15,2016-01-31,REDD.L,GBP,2016-01-31,2016-01-31,Q1,154572000,114821500.0,39750500.0,0.2571649457857827,0.0,16170750.0,0.0,-6250.0,0.0,131487000,2524000.0,494750.0,23579750.0,0.15254865046709623,23085000.0,0.14934787671764616,0.0,19408000.0,0.1255596097611469,4038250.0,15369750.0,0.09943424423569598,0.11525,0.11375,133232518,135222767,https://find-and-update.company-information.service.gov.uk/search/companies?q=Redde+Northgate+PLC,https://find-and-update.company-information.service.gov.uk/search/companies?q=Redde+Northgate+PLC,1620597164,17:52:44,20210509
16,2015-09-30,REDD.L,GBP,2015-09-30,2015-09-30,Q3,153565000,111305250.0,42259750.0,0.2751912870771335,0.0,17816750.0,0.0,-6250.0,0.0,129624500,3084500.0,502500.0,24443000.0,0.15917038387653437,23940500.0,0.15589815387620878,0.0,20740750.0,0.13506170025722006,4040250.0,16700500.0,0.10875199426952756,0.12525,0.123,133232518,135881578,https://find-and-update.company-information.service.gov.uk/search/companies?q=Redde+Northgate+PLC,https://find-and-update.company-information.service.gov.uk/search/companies?q=Redde+Northgate+PLC,1620597164,17:52:44,20210509
17,2015-06-30,REDD.L,GBP,2015-06-30,2015-06-30,Q2,153565000,111305250.0,42259750.0,0.2751912870771335,0.0,17816750.0,0.0,-6250.0,0.0,129624500,3084500.0,502500.0,24443000.0,0.15917038387653437,23940500.0,0.15589815387620878,0.0,20740750.0,0.13506170025722006,4040250.0,16700500.0,0.10875199426952756,0.12525,0.123,133232518,135881578,https://find-and-update.company-information.service.gov.uk/search/companies?q=Redde+Northgate+PLC,https://find-and-update.company-information.service.gov.uk/search/companies?q=Redde+Northgate+PLC,1620597164,17:52:44,20210509
18,2015-03-31,REDD.L,GBP,2015-03-31,2015-03-31,Q1,153565000,111305250.0,42259750.0,0.2751912870771335,0.0,17816750.0,0.0,-6250.0,0.0,129624500,3084500.0,502500.0,24443000.0,0.15917038387653437,23940500.0,0.15589815387620878,0.0,20740750.0,0.13506170025722006,4040250.0,16700500.0,0.10875199426952756,0.12525,0.123,133232518,135881578,https://find-and-update.company-information.service.gov.uk/search/companies?q=Redde+Northgate+PLC,https://find-and-update.company-information.service.gov.uk/search/companies?q=Redde+Northgate+PLC,1620597164,17:52:44,20210509
19,2015-01-31,REDD.L,GBP,2015-01-31,2015-01-31,Q1,153565000,111305250.0,42259750.0,0.2751912870771335,0.0,17816750.0,0.0,-6250.0,0.0,129624500,3084500.0,502500.0,24443000.0,0.15917038387653437,23940500.0,0.15589815387620878,0.0,20740750.0,0.13506170025722006,4040250.0,16700500.0,0.10875199426952756,0.12525,0.123,133232518,135881578,https://find-and-update.company-information.service.gov.uk/search/companies?q=Redde+Northgate+PLC,https://find-and-update.company-information.service.gov.uk/search/companies?q=Redde+Northgate+PLC,1620597164,17:52:44,20210509
20,2014-09-30,REDD.L,GBP,2014-09-30,2014-09-30,Q3,142869500,108694250.0,34175250.0,0.23920605867592454,0.0,16016250.0,0.0,-6250.0,0.0,125435500,3090250.0,725000.0,18159000.0,0.12710200567650898,17434000.0,0.12202744462603984,0.0,12794250.0,0.08955200375167548,2823500.0,9970750.0,0.06978921323305534,0.07475,0.07325,133232518,136304782,https://find-and-update.company-information.service.gov.uk/search/companies?q=Redde+Northgate+PLC,https://find-and-update.company-information.service.gov.uk/search/companies?q=Redde+Northgate+PLC,1620597164,17:52:44,20210509
21,2014-06-30,REDD.L,GBP,2014-06-30,2014-06-30,Q2,142869500,108694250.0,34175250.0,0.23920605867592454,0.0,16016250.0,0.0,-6250.0,0.0,125435500,3090250.0,725000.0,18159000.0,0.12710200567650898,17434000.0,0.12202744462603984,0.0,12794250.0,0.08955200375167548,2823500.0,9970750.0,0.06978921323305534,0.07475,0.07325,133232518,136304782,https://find-and-update.company-information.service.gov.uk/search/companies?q=Redde+Northgate+PLC,https://find-and-update.company-information.service.gov.uk/search/companies?q=Redde+Northgate+PLC,1620597164,17:52:44,20210509
22,2014-03-31,REDD.L,GBP,2014-03-31,2014-03-31,Q1,142869500,108694250.0,34175250.0,0.23920605867592454,0.0,16016250.0,0.0,-6250.0,0.0,125435500,3090250.0,725000.0,18159000.0,0.12710200567650898,17434000.0,0.12202744462603984,0.0,12794250.0,0.08955200375167548,2823500.0,9970750.0,0.06978921323305534,0.07475,0.07325,133232518,136304782,https://find-and-update.company-information.service.gov.uk/search/companies?q=Redde+Northgate+PLC,https://find-and-update.company-information.service.gov.uk/search/companies?q=Redde+Northgate+PLC,1620597164,17:52:44,20210509
23,2014-01-31,REDD.L,GBP,2014-01-31,2014-01-31,Q1,142869500,108694250.0,34175250.0,0.23920605867592454,0.0,16016250.0,0.0,-6250.0,0.0,125435500,3090250.0,725000.0,18159000.0,0.12710200567650898,17434000.0,0.12202744462603984,0.0,12794250.0,0.08955200375167548,2823500.0,9970750.0,0.06978921323305534,0.07475,0.07325,133232518,136304782,https://find-and-update.company-information.service.gov.uk/search/companies?q=Redde+Northgate+PLC,https://find-and-update.company-information.service.gov.uk/search/companies?q=Redde+Northgate+PLC,1620597164,17:52:44,20210509
24,2013-09-30,REDD.L,GBP,2013-09-30,2013-09-30,Q3,152470000,116601250.0,35868750.0,0.23525119695677837,0.0,14267750.0,0.0,-6250.0,0.0,131766250,7633750.0,897250.0,21601000.0,0.14167377188955205,20703750.0,0.13578900767364072,0.0,-2845500.0,-0.018662687741850856,-1006250.0,-1839250.0,-0.012063028792549354,-0.01375,-0.01375,133232518,133232518,https://find-and-update.company-information.service.gov.uk/search/companies?q=Redde+Northgate+PLC,https://find-and-update.company-information.service.gov.uk/search/companies?q=Redde+Northgate+PLC,1620597164,17:52:44,20210509
25,2013-06-30,REDD.L,GBP,2013-06-30,2013-06-30,Q2,152470000,116601250.0,35868750.0,0.23525119695677837,0.0,14267750.0,0.0,-6250.0,0.0,131766250,7633750.0,897250.0,21601000.0,0.14167377188955205,20703750.0,0.13578900767364072,0.0,-2845500.0,-0.018662687741850856,-1006250.0,-1839250.0,-0.012063028792549354,-0.01375,-0.01375,133232518,133232518,https://find-and-update.company-information.service.gov.uk/search/companies?q=Redde+Northgate+PLC,https://find-and-update.company-information.service.gov.uk/search/companies?q=Redde+Northgate+PLC,1620597164,17:52:44,20210509
26,2013-03-31,REDD.L,GBP,2013-03-31,2013-03-31,Q1,152470000,116601250.0,35868750.0,0.23525119695677837,0.0,14267750.0,0.0,-6250.0,0.0,131766250,7633750.0,897250.0,21601000.0,0.14167377188955205,20703750.0,0.13578900767364072,0.0,-2845500.0,-0.018662687741850856,-1006250.0,-1839250.0,-0.012063028792549354,-0.01375,-0.01375,133232518,133232518,https://find-and-update.company-information.service.gov.uk/search/companies?q=Redde+Northgate+PLC,https://find-and-update.company-information.service.gov.uk/search/companies?q=Redde+Northgate+PLC,1620597164,17:52:44,20210509
27,2013-01-31,REDD.L,GBP,2013-01-31,2013-01-31,Q1,152470000,116601250.0,35868750.0,0.23525119695677837,0.0,14267750.0,0.0,-6250.0,0.0,131766250,7633750.0,897250.0,21601000.0,0.14167377188955205,20703750.0,0.13578900767364072,0.0,-2845500.0,-0.018662687741850856,-1006250.0,-1839250.0,-0.012063028792549354,-0.01375,-0.01375,133232518,133232518,https://find-and-update.company-information.service.gov.uk/search/companies?q=Redde+Northgate+PLC,https://find-and-update.company-information.service.gov.uk/search/companies?q=Redde+Northgate+PLC,1620597164,17:52:44,20210509
28,2012-09-30,REDD.L,GBP,2012-09-30,2012-09-30,Q3,176674500,135228750.0,41445750.0,0.2345881833541343,0.0,15151750.0,0.0,-6250.0,1564750.0,151379500,9747750.0,999000.0,26294000.0,0.14882736331502283,25295000.0,0.14317289705079114,0.0,11496750.0,0.06507305808138696,1379750.0,10117000.0,0.057263498693925836,0.076,0.07425,133232518,136306760,https://find-and-update.company-information.service.gov.uk/search/companies?q=Redde+Northgate+PLC,https://find-and-update.company-information.service.gov.uk/search/companies?q=Redde+Northgate+PLC,1620597164,17:52:44,20210509
29,2012-06-30,REDD.L,GBP,2012-06-30,2012-06-30,Q2,176674500,135228750.0,41445750.0,0.2345881833541343,0.0,15151750.0,0.0,-6250.0,1564750.0,151379500,9747750.0,999000.0,26294000.0,0.14882736331502283,25295000.0,0.14317289705079114,0.0,11496750.0,0.06507305808138696,1379750.0,10117000.0,0.057263498693925836,0.076,0.07425,133232518,136306760,https://find-and-update.company-information.service.gov.uk/search/companies?q=Redde+Northgate+PLC,https://find-and-update.company-information.service.gov.uk/search/companies?q=Redde+Northgate+PLC,1620597164,17:52:44,20210509
30,2012-03-31,REDD.L,GBP,2012-03-31,2012-03-31,Q1,176674500,135228750.0,41445750.0,0.2345881833541343,0.0,15151750.0,0.0,-6250.0,1564750.0,151379500,9747750.0,999000.0,26294000.0,0.14882736331502283,25295000.0,0.14317289705079114,0.0,11496750.0,0.06507305808138696,1379750.0,10117000.0,0.057263498693925836,0.076,0.07425,133232518,136306760,https://find-and-update.company-information.service.gov.uk/search/companies?q=Redde+Northgate+PLC,https://find-and-update.company-information.service.gov.uk/search/companies?q=Redde+Northgate+PLC,1620597164,17:52:44,20210509
31,2012-01-31,REDD.L,GBP,2012-01-31,2012-01-31,Q1,176674500,135228750.0,41445750.0,0.2345881833541343,0.0,15151750.0,0.0,-6250.0,1564750.0,151379500,9747750.0,999000.0,26294000.0,0.14882736331502283,25295000.0,0.14317289705079114,0.0,11496750.0,0.06507305808138696,1379750.0,10117000.0,0.057263498693925836,0.076,0.07425,133232518,136306760,https://find-and-update.company-information.service.gov.uk/search/companies?q=Redde+Northgate+PLC,https://find-and-update.company-information.service.gov.uk/search/companies?q=Redde+Northgate+PLC,1620597164,17:52:44,20210509
32,2011-09-30,REDD.L,GBP,2011-09-30,2011-09-30,Q3,178875500,138270750.0,40604750.0,0.2270000642905261,0.0,14193000.0,0.0,0.0,-40473000.0,152934750,13254500.0,55137000.0,81077750.0,0.4532635827712571,25940750.0,0.1450212578022144,0.0,6635000.0,0.03709283831491736,-713250.0,7348250.0,0.041080248552764355,0.05525,0.05425,133029317,135335626,https://find-and-update.company-information.service.gov.uk/search/companies?q=Redde+Northgate+PLC,https://find-and-update.company-information.service.gov.uk/search/companies?q=Redde+Northgate+PLC,1620597164,17:52:44,20210509
33,2011-06-30,REDD.L,GBP,2011-06-30,2011-06-30,Q2,178875500,138270750.0,40604750.0,0.2270000642905261,0.0,14193000.0,0.0,0.0,-40473000.0,152934750,13254500.0,55137000.0,81077750.0,0.4532635827712571,25940750.0,0.1450212578022144,0.0,6635000.0,0.03709283831491736,-713250.0,7348250.0,0.041080248552764355,0.05525,0.05425,133029317,135335626,https://find-and-update.company-information.service.gov.uk/search/companies?q=Redde+Northgate+PLC,https://find-and-update.company-information.service.gov.uk/search/companies?q=Redde+Northgate+PLC,1620597164,17:52:44,20210509
34,2011-03-31,REDD.L,GBP,2011-03-31,2011-03-31,Q1,178875500,138270750.0,40604750.0,0.2270000642905261,0.0,14193000.0,0.0,0.0,-40473000.0,152934750,13254500.0,55137000.0,81077750.0,0.4532635827712571,25940750.0,0.1450212578022144,0.0,6635000.0,0.03709283831491736,-713250.0,7348250.0,0.041080248552764355,0.05525,0.05425,133029317,135335626,https://find-and-update.company-information.service.gov.uk/search/companies?q=Redde+Northgate+PLC,https://find-and-update.company-information.service.gov.uk/search/companies?q=Redde+Northgate+PLC,1620597164,17:52:44,20210509
35,2011-01-31,REDD.L,GBP,2011-01-31,2011-01-31,Q1,178875500,138270750.0,40604750.0,0.2270000642905261,0.0,14193000.0,0.0,0.0,-40473000.0,152934750,13254500.0,55137000.0,81077750.0,0.4532635827712571,25940750.0,0.1450212578022144,0.0,6635000.0,0.03709283831491736,-713250.0,7348250.0,0.041080248552764355,0.05525,0.05425,133029317,135335626,https://find-and-update.company-information.service.gov.uk/search/companies?q=Redde+Northgate+PLC,https://find-and-update.company-information.service.gov.uk/search/companies?q=Redde+Northgate+PLC,1620597164,17:52:44,20210509
36,2010-09-30,REDD.L,GBP,2010-09-30,2010-09-30,Q3,187393250,149761250.0,37632000.0,0.2008183325706769,0.0,16927250.0,0.0,0.0,-46261750.0,165277000,11793750.0,61777500.0,83893750.0,0.44768821715830215,22116250.0,0.11802052635300364,0.0,2403750.0,0.012827303011181032,-3685250.0,6089000.0,0.03249316610923819,0.05775,0.057,105374935,106980561,https://find-and-update.company-information.service.gov.uk/search/companies?q=Redde+Northgate+PLC,https://find-and-update.company-information.service.gov.uk/search/companies?q=Redde+Northgate+PLC,1620597164,17:52:44,20210509
37,2010-06-30,REDD.L,GBP,2010-06-30,2010-06-30,Q2,187393250,149761250.0,37632000.0,0.2008183325706769,0.0,16927250.0,0.0,0.0,-46261750.0,165277000,11793750.0,61777500.0,83893750.0,0.44768821715830215,22116250.0,0.11802052635300364,0.0,2403750.0,0.012827303011181032,-3685250.0,6089000.0,0.03249316610923819,0.05775,0.057,105374935,106980561,https://find-and-update.company-information.service.gov.uk/search/companies?q=Redde+Northgate+PLC,https://find-and-update.company-information.service.gov.uk/search/companies?q=Redde+Northgate+PLC,1620597164,17:52:44,20210509
38,2010-03-31,REDD.L,GBP,2010-03-31,2010-03-31,Q1,187393250,149761250.0,37632000.0,0.2008183325706769,0.0,16927250.0,0.0,0.0,-46261750.0,165277000,11793750.0,61777500.0,83893750.0,0.44768821715830215,22116250.0,0.11802052635300364,0.0,2403750.0,0.012827303011181032,-3685250.0,6089000.0,0.03249316610923819,0.05775,0.057,105374935,106980561,https://find-and-update.company-information.service.gov.uk/search/companies?q=Redde+Northgate+PLC,https://find-and-update.company-information.service.gov.uk/search/companies?q=Redde+Northgate+PLC,1620597164,17:52:44,20210509
39,2010-01-31,REDD.L,GBP,2010-01-31,2010-01-31,Q1,187393250,149761250.0,37632000.0,0.2008183325706769,0.0,16927250.0,0.0,0.0,-46261750.0,165277000,11793750.0,61777500.0,83893750.0,0.44768821715830215,22116250.0,0.11802052635300364,0.0,2403750.0,0.012827303011181032,-3685250.0,6089000.0,0.03249316610923819,0.05775,0.057,105374935,106980561,https://find-and-update.company-information.service.gov.uk/search/companies?q=Redde+Northgate+PLC,https://find-and-update.company-information.service.gov.uk/search/companies?q=Redde+Northgate+PLC,1620597164,17:52:44,20210509
40,2009-09-30,REDD.L,GBP,2009-09-30,2009-09-30,Q3,192633000,160648000.0,31985000.0,0.1660411248332321,0.0,14043250.0,0.0,0.0,-59899000.0,175727250,12428500.0,74978250.0,91884000.0,0.4769899238448241,16905750.0,0.08776144274345517,0.0,-48903500.0,-0.25386875561300504,-2478000.0,-46425500.0,-0.2410049160839524,-1.4316217335014811,-1.3999130540478824,32428608,33163131,https://find-and-update.company-information.service.gov.uk/search/companies?q=Redde+Northgate+PLC,https://find-and-update.company-information.service.gov.uk/search/companies?q=Redde+Northgate+PLC,1620597164,17:52:44,20210509
41,2009-06-30,REDD.L,GBP,2009-06-30,2009-06-30,Q2,192633000,160648000.0,31985000.0,0.1660411248332321,0.0,14043250.0,0.0,0.0,-59899000.0,175727250,12428500.0,74978250.0,91884000.0,0.4769899238448241,16905750.0,0.08776144274345517,0.0,-48903500.0,-0.25386875561300504,-2478000.0,-46425500.0,-0.2410049160839524,-1.4316217335014811,-1.3999130540478824,32428608,33163131,https://find-and-update.company-information.service.gov.uk/search/companies?q=Redde+Northgate+PLC,https://find-and-update.company-information.service.gov.uk/search/companies?q=Redde+Northgate+PLC,1620597164,17:52:44,20210509
42,2009-03-31,REDD.L,GBP,2009-03-31,2009-03-31,Q1,192633000,160648000.0,31985000.0,0.1660411248332321,0.0,14043250.0,0.0,0.0,-59899000.0,175727250,12428500.0,74978250.0,91884000.0,0.4769899238448241,16905750.0,0.08776144274345517,0.0,-48903500.0,-0.25386875561300504,-2478000.0,-46425500.0,-0.2410049160839524,-1.4316217335014811,-1.3999130540478824,32428608,33163131,https://find-and-update.company-information.service.gov.uk/search/companies?q=Redde+Northgate+PLC,https://find-and-update.company-information.service.gov.uk/search/companies?q=Redde+Northgate+PLC,1620597164,17:52:44,20210509
43,2009-01-31,REDD.L,GBP,2009-01-31,2009-01-31,Q1,192633000,160648000.0,31985000.0,0.1660411248332321,0.0,14043250.0,0.0,0.0,-59899000.0,175727250,12428500.0,74978250.0,91884000.0,0.4769899238448241,16905750.0,0.08776144274345517,0.0,-48903500.0,-0.25386875561300504,-2478000.0,-46425500.0,-0.2410049160839524,-1.4316217335014811,-1.3999130540478824,32428608,33163131,https://find-and-update.company-information.service.gov.uk/search/companies?q=Redde+Northgate+PLC,https://find-and-update.company-information.service.gov.uk/search/companies?q=Redde+Northgate+PLC,1620597164,17:52:44,20210509
44,2008-09-30,REDD.L,GBP,2008-09-30,2008-09-30,Q3,144615500,100167000.0,44448500.0,0.30735640370499706,0.0,13998250.0,0.0,-1569500.0,-39716500.0,115807750,10294000.0,55357250.0,84165000.0,0.5819915569216301,28807750.0,0.19920236765768537,0.0,19873000.0,0.13741957120778894,4539500.0,15333500.0,0.10602943667864095,0.471537,0.46664225,32524507,32863629,https://find-and-update.company-information.service.gov.uk/search/companies?q=Redde+Northgate+PLC,https://find-and-update.company-information.service.gov.uk/search/companies?q=Redde+Northgate+PLC,1620597164,17:52:44,20210509
45,2008-06-30,REDD.L,GBP,2008-06-30,2008-06-30,Q2,144615500,100167000.0,44448500.0,0.30735640370499706,0.0,13998250.0,0.0,-1569500.0,-39716500.0,115807750,10294000.0,55357250.0,84165000.0,0.5819915569216301,28807750.0,0.19920236765768537,0.0,19873000.0,0.13741957120778894,4539500.0,15333500.0,0.10602943667864095,0.471537,0.46664225,32524507,32863629,https://find-and-update.company-information.service.gov.uk/search/companies?q=Redde+Northgate+PLC,https://find-and-update.company-information.service.gov.uk/search/companies?q=Redde+Northgate+PLC,1620597164,17:52:44,20210509
46,2008-03-31,REDD.L,GBP,2008-03-31,2008-03-31,Q1,144615500,100167000.0,44448500.0,0.30735640370499706,0.0,13998250.0,0.0,-1569500.0,-39716500.0,115807750,10294000.0,55357250.0,84165000.0,0.5819915569216301,28807750.0,0.19920236765768537,0.0,19873000.0,0.13741957120778894,4539500.0,15333500.0,0.10602943667864095,0.471537,0.46664225,32524507,32863629,https://find-and-update.company-information.service.gov.uk/search/companies?q=Redde+Northgate+PLC,https://find-and-update.company-information.service.gov.uk/search/companies?q=Redde+Northgate+PLC,1620597164,17:52:44,20210509
47,2008-01-31,REDD.L,GBP,2008-01-31,2008-01-31,Q1,144615500,100167000.0,44448500.0,0.30735640370499706,0.0,13998250.0,0.0,-1569500.0,-39716500.0,115807750,10294000.0,55357250.0,84165000.0,0.5819915569216301,28807750.0,0.19920236765768537,0.0,19873000.0,0.13741957120778894,4539500.0,15333500.0,0.10602943667864095,0.471537,0.46664225,32524507,32863629,https://find-and-update.company-information.service.gov.uk/search/companies?q=Redde+Northgate+PLC,https://find-and-update.company-information.service.gov.uk/search/companies?q=Redde+Northgate+PLC,1620597164,17:52:44,20210509
48,2007-09-30,REDD.L,GBP,2007-09-30,2007-09-30,Q3,131616250,89230750.0,42385500.0,0.322038502084659,0.0,14641000.0,0.0,-1882000.0,-33832750.0,104849750,8856750.0,49451750.0,76218250.0,0.57909452670168,26766500.0,0.20336774524422327,0.0,18842000.0,0.14315861453277995,5221250.0,13620750.0,0.10348836104964243,0.4138865,0.412255,32905144,33020075,https://find-and-update.company-information.service.gov.uk/search/companies?q=Redde+Northgate+PLC,https://find-and-update.company-information.service.gov.uk/search/companies?q=Redde+Northgate+PLC,1620597164,17:52:44,20210509
49,2007-06-30,REDD.L,GBP,2007-06-30,2007-06-30,Q2,131616250,89230750.0,42385500.0,0.322038502084659,0.0,14641000.0,0.0,-1882000.0,-33832750.0,104849750,8856750.0,49451750.0,76218250.0,0.57909452670168,26766500.0,0.20336774524422327,0.0,18842000.0,0.14315861453277995,5221250.0,13620750.0,0.10348836104964243,0.4138865,0.412255,32905144,33020075,https://find-and-update.company-information.service.gov.uk/search/companies?q=Redde+Northgate+PLC,https://find-and-update.company-information.service.gov.uk/search/companies?q=Redde+Northgate+PLC,1620597164,17:52:44,20210509
50,2007-03-31,REDD.L,GBP,2007-03-31,2007-03-31,Q1,131616250,89230750.0,42385500.0,0.322038502084659,0.0,14641000.0,0.0,-1882000.0,-33832750.0,104849750,8856750.0,49451750.0,76218250.0,0.57909452670168,26766500.0,0.20336774524422327,0.0,18842000.0,0.14315861453277995,5221250.0,13620750.0,0.10348836104964243,0.4138865,0.412255,32905144,33020075,https://find-and-update.company-information.service.gov.uk/search/companies?q=Redde+Northgate+PLC,https://find-and-update.company-information.service.gov.uk/search/companies?q=Redde+Northgate+PLC,1620597164,17:52:44,20210509
51,2007-01-31,REDD.L,GBP,2007-01-31,2007-01-31,Q1,131616250,89230750.0,42385500.0,0.322038502084659,0.0,14641000.0,0.0,-1882000.0,-33832750.0,104849750,8856750.0,49451750.0,76218250.0,0.57909452670168,26766500.0,0.20336774524422327,0.0,18842000.0,0.14315861453277995,5221250.0,13620750.0,0.10348836104964243,0.4138865,0.412255,32905144,33020075,https://find-and-update.company-information.service.gov.uk/search/companies?q=Redde+Northgate+PLC,https://find-and-update.company-information.service.gov.uk/search/companies?q=Redde+Northgate+PLC,1620597164,17:52:44,20210509
52,2006-09-30,REDD.L,GBP,2006-09-30,2006-09-30,Q3,93152250,62012750.0,31139500.0,0.3342860746788188,0.0,12031500.0,0.0,-2794500.0,-21968500.0,74403250,5391250.0,34359000.0,53108000.0,0.5701204211385125,18749000.0,0.20127264773529357,0.0,14015500.0,0.15045798679044253,3867000.0,10148500.0,0.10894530191165538,0.33230575,0.3295865,30559351,30772664,https://find-and-update.company-information.service.gov.uk/search/companies?q=Redde+Northgate+PLC,https://find-and-update.company-information.service.gov.uk/search/companies?q=Redde+Northgate+PLC,1620597164,17:52:44,20210509
53,2006-06-30,REDD.L,GBP,2006-06-30,2006-06-30,Q2,93152250,62012750.0,31139500.0,0.3342860746788188,0.0,12031500.0,0.0,-2794500.0,-21968500.0,74403250,5391250.0,34359000.0,53108000.0,0.5701204211385125,18749000.0,0.20127264773529357,0.0,14015500.0,0.15045798679044253,3867000.0,10148500.0,0.10894530191165538,0.33230575,0.3295865,30559351,30772664,https://find-and-update.company-information.service.gov.uk/search/companies?q=Redde+Northgate+PLC,https://find-and-update.company-information.service.gov.uk/search/companies?q=Redde+Northgate+PLC,1620597164,17:52:44,20210509
54,2006-03-31,REDD.L,GBP,2006-03-31,2006-03-31,Q1,93152250,62012750.0,31139500.0,0.3342860746788188,0.0,12031500.0,0.0,-2794500.0,-21968500.0,74403250,5391250.0,34359000.0,53108000.0,0.5701204211385125,18749000.0,0.20127264773529357,0.0,14015500.0,0.15045798679044253,3867000.0,10148500.0,0.10894530191165538,0.33230575,0.3295865,30559351,30772664,https://find-and-update.company-information.service.gov.uk/search/companies?q=Redde+Northgate+PLC,https://find-and-update.company-information.service.gov.uk/search/companies?q=Redde+Northgate+PLC,1620597164,17:52:44,20210509
55,2006-01-31,REDD.L,GBP,2006-01-31,2006-01-31,Q1,93152250,62012750.0,31139500.0,0.3342860746788188,0.0,12031500.0,0.0,-2794500.0,-21968500.0,74403250,5391250.0,34359000.0,53108000.0,0.5701204211385125,18749000.0,0.20127264773529357,0.0,14015500.0,0.15045798679044253,3867000.0,10148500.0,0.10894530191165538,0.33230575,0.3295865,30559351,30772664,https://find-and-update.company-information.service.gov.uk/search/companies?q=Redde+Northgate+PLC,https://find-and-update.company-information.service.gov.uk/search/companies?q=Redde+Northgate+PLC,1620597164,17:52:44,20210509
56,2005-09-30,REDD.L,GBP,2005-09-30,2005-09-30,Q3,84845500,53774250.0,31071250.0,0.36620975773612036,0.0,11798250.0,0.0,-907000.0,-19689250.0,65776500,5759500.0,30421500.0,49490500.0,0.5833014125675493,19069000.0,0.22474969208738235,0.0,13747000.0,0.16202391405554803,3939250.0,9807750.0,0.11559540576695287,0.33013025,0.32795475,29693986,29908049,https://find-and-update.company-information.service.gov.uk/search/companies?q=Redde+Northgate+PLC,https://find-and-update.company-information.service.gov.uk/search/companies?q=Redde+Northgate+PLC,1620597164,17:52:44,20210509
57,2005-06-30,REDD.L,GBP,2005-06-30,2005-06-30,Q2,84845500,53774250.0,31071250.0,0.36620975773612036,0.0,11798250.0,0.0,-907000.0,-19689250.0,65776500,5759500.0,30421500.0,49490500.0,0.5833014125675493,19069000.0,0.22474969208738235,0.0,13747000.0,0.16202391405554803,3939250.0,9807750.0,0.11559540576695287,0.33013025,0.32795475,29693986,29908049,https://find-and-update.company-information.service.gov.uk/search/companies?q=Redde+Northgate+PLC,https://find-and-update.company-information.service.gov.uk/search/companies?q=Redde+Northgate+PLC,1620597164,17:52:44,20210509
58,2005-03-31,REDD.L,GBP,2005-03-31,2005-03-31,Q1,84845500,53774250.0,31071250.0,0.36620975773612036,0.0,11798250.0,0.0,-907000.0,-19689250.0,65776500,5759500.0,30421500.0,49490500.0,0.5833014125675493,19069000.0,0.22474969208738235,0.0,13747000.0,0.16202391405554803,3939250.0,9807750.0,0.11559540576695287,0.33013025,0.32795475,29693986,29908049,https://find-and-update.company-information.service.gov.uk/search/companies?q=Redde+Northgate+PLC,https://find-and-update.company-information.service.gov.uk/search/companies?q=Redde+Northgate+PLC,1620597164,17:52:44,20210509
59,2005-01-31,REDD.L,GBP,2005-01-31,2005-01-31,Q1,84845500,53774250.0,31071250.0,0.36620975773612036,0.0,11798250.0,0.0,-907000.0,-19689250.0,65776500,5759500.0,30421500.0,49490500.0,0.5833014125675493,19069000.0,0.22474969208738235,0.0,13747000.0,0.16202391405554803,3939250.0,9807750.0,0.11559540576695287,0.33013025,0.32795475,29693986,29908049,https://find-and-update.company-information.service.gov.uk/search/companies?q=Redde+Northgate+PLC,https://find-and-update.company-information.service.gov.uk/search/companies?q=Redde+Northgate+PLC,1620597164,17:52:44,20210509
60,2004-09-30,REDD.L,GBP,2004-09-30,2004-09-30,Q3,88906000,65313750.0,23592250.0,0.26536173036690436,0.0,9673250.0,0.0,54000.0,-15767250.0,75110750,3875500.0,24636750.0,38432000.0,0.4322767867185567,13795250.0,0.1551666929116145,0.0,11148000.0,0.12539086225901513,3325750.0,7822250.0,0.08798337570017771,0.275743,0.27519925,28337219,28415594,https://find-and-update.company-information.service.gov.uk/search/companies?q=Redde+Northgate+PLC,https://find-and-update.company-information.service.gov.uk/search/companies?q=Redde+Northgate+PLC,1620597164,17:52:44,20210509
61,2004-06-30,REDD.L,GBP,2004-06-30,2004-06-30,Q2,88906000,65313750.0,23592250.0,0.26536173036690436,0.0,9673250.0,0.0,54000.0,-15767250.0,75110750,3875500.0,24636750.0,38432000.0,0.4322767867185567,13795250.0,0.1551666929116145,0.0,11148000.0,0.12539086225901513,3325750.0,7822250.0,0.08798337570017771,0.275743,0.27519925,28337219,28415594,https://find-and-update.company-information.service.gov.uk/search/companies?q=Redde+Northgate+PLC,https://find-and-update.company-information.service.gov.uk/search/companies?q=Redde+Northgate+PLC,1620597164,17:52:44,20210509
62,2004-03-31,REDD.L,GBP,2004-03-31,2004-03-31,Q1,88906000,65313750.0,23592250.0,0.26536173036690436,0.0,9673250.0,0.0,54000.0,-15767250.0,75110750,3875500.0,24636750.0,38432000.0,0.4322767867185567,13795250.0,0.1551666929116145,0.0,11148000.0,0.12539086225901513,3325750.0,7822250.0,0.08798337570017771,0.275743,0.27519925,28337219,28415594,https://find-and-update.company-information.service.gov.uk/search/companies?q=Redde+Northgate+PLC,https://find-and-update.company-information.service.gov.uk/search/companies?q=Redde+Northgate+PLC,1620597164,17:52:44,20210509
63,2004-01-31,REDD.L,GBP,2004-01-31,2004-01-31,Q1,88906000,65313750.0,23592250.0,0.26536173036690436,0.0,9673250.0,0.0,54000.0,-15767250.0,75110750,3875500.0,24636750.0,38432000.0,0.4322767867185567,13795250.0,0.1551666929116145,0.0,11148000.0,0.12539086225901513,3325750.0,7822250.0,0.08798337570017771,0.275743,0.27519925,28337219,28415594,https://find-and-update.company-information.service.gov.uk/search/companies?q=Redde+Northgate+PLC,https://find-and-update.company-information.service.gov.uk/search/companies?q=Redde+Northgate+PLC,1620597164,17:52:44,20210509
64,2003-09-30,REDD.L,GBP,2003-09-30,2003-09-30,Q3,84468750,62553250.0,21915500.0,0.25945098039215686,0.0,9749750.0,0.0,53500.0,-15667250.0,72593250,3822500.0,24922750.0,36798250.0,0.43564335923048464,11875500.0,0.1405904550499445,0.0,9150750.0,0.10833296337402885,2874250.0,6276500.0,0.0743055863854976,0.225163,0.22407525,27877370,27990708,https://find-and-update.company-information.service.gov.uk/search/companies?q=Redde+Northgate+PLC,https://find-and-update.company-information.service.gov.uk/search/companies?q=Redde+Northgate+PLC,1620597164,17:52:44,20210509
65,2003-06-30,REDD.L,GBP,2003-06-30,2003-06-30,Q2,84468750,62553250.0,21915500.0,0.25945098039215686,0.0,9749750.0,0.0,53500.0,-15667250.0,72593250,3822500.0,24922750.0,36798250.0,0.43564335923048464,11875500.0,0.1405904550499445,0.0,9150750.0,0.10833296337402885,2874250.0,6276500.0,0.0743055863854976,0.225163,0.22407525,27877370,27990708,https://find-and-update.company-information.service.gov.uk/search/companies?q=Redde+Northgate+PLC,https://find-and-update.company-information.service.gov.uk/search/companies?q=Redde+Northgate+PLC,1620597164,17:52:44,20210509
66,2003-03-31,REDD.L,GBP,2003-03-31,2003-03-31,Q1,84468750,62553250.0,21915500.0,0.25945098039215686,0.0,9749750.0,0.0,53500.0,-15667250.0,72593250,3822500.0,24922750.0,36798250.0,0.43564335923048464,11875500.0,0.1405904550499445,0.0,9150750.0,0.10833296337402885,2874250.0,6276500.0,0.0743055863854976,0.225163,0.22407525,27877370,27990708,https://find-and-update.company-information.service.gov.uk/search/companies?q=Redde+Northgate+PLC,https://find-and-update.company-information.service.gov.uk/search/companies?q=Redde+Northgate+PLC,1620597164,17:52:44,20210509
67,2003-01-31,REDD.L,GBP,2003-01-31,2003-01-31,Q1,84468750,62553250.0,21915500.0,0.25945098039215686,0.0,9749750.0,0.0,53500.0,-15667250.0,72593250,3822500.0,24922750.0,36798250.0,0.43564335923048464,11875500.0,0.1405904550499445,0.0,9150750.0,0.10833296337402885,2874250.0,6276500.0,0.0743055863854976,0.225163,0.22407525,27877370,27990708,https://find-and-update.company-information.service.gov.uk/search/companies?q=Redde+Northgate+PLC,https://find-and-update.company-information.service.gov.uk/search/companies?q=Redde+Northgate+PLC,1620597164,17:52:44,20210509
68,2002-09-30,REDD.L,GBP,2002-09-30,2002-09-30,Q3,69457250,50578750.0,18878500.0,0.27180028002836276,0.0,0.0,0.0,3345250.0,-14761000.0,58190000,3751500.0,21728000.0,32995250.0,0.4750440018860522,11267250.0,0.16221848691101362,0.0,7918500.0,0.11400537740840588,2488250.0,5430250.0,0.07818118338978293,0.19470625,0.1936185,27837606,27982953,https://find-and-update.company-information.service.gov.uk/search/companies?q=Redde+Northgate+PLC,https://find-and-update.company-information.service.gov.uk/search/companies?q=Redde+Northgate+PLC,1620597164,17:52:44,20210509
69,2002-06-30,REDD.L,GBP,2002-06-30,2002-06-30,Q2,69457250,50578750.0,18878500.0,0.27180028002836276,0.0,0.0,0.0,3345250.0,-14761000.0,58190000,3751500.0,21728000.0,32995250.0,0.4750440018860522,11267250.0,0.16221848691101362,0.0,7918500.0,0.11400537740840588,2488250.0,5430250.0,0.07818118338978293,0.19470625,0.1936185,27837606,27982953,https://find-and-update.company-information.service.gov.uk/search/companies?q=Redde+Northgate+PLC,https://find-and-update.company-information.service.gov.uk/search/companies?q=Redde+Northgate+PLC,1620597164,17:52:44,20210509
70,2002-03-31,REDD.L,GBP,2002-03-31,2002-03-31,Q1,69457250,50578750.0,18878500.0,0.27180028002836276,0.0,0.0,0.0,3345250.0,-14761000.0,58190000,3751500.0,21728000.0,32995250.0,0.4750440018860522,11267250.0,0.16221848691101362,0.0,7918500.0,0.11400537740840588,2488250.0,5430250.0,0.07818118338978293,0.19470625,0.1936185,27837606,27982953,https://find-and-update.company-information.service.gov.uk/search/companies?q=Redde+Northgate+PLC,https://find-and-update.company-information.service.gov.uk/search/companies?q=Redde+Northgate+PLC,1620597164,17:52:44,20210509
71,2002-01-31,REDD.L,GBP,2002-01-31,2002-01-31,Q1,69457250,50578750.0,18878500.0,0.27180028002836276,0.0,0.0,0.0,3345250.0,-14761000.0,58190000,3751500.0,21728000.0,32995250.0,0.4750440018860522,11267250.0,0.16221848691101362,0.0,7918500.0,0.11400537740840588,2488250.0,5430250.0,0.07818118338978293,0.19470625,0.1936185,27837606,27982953,https://find-and-update.company-information.service.gov.uk/search/companies?q=Redde+Northgate+PLC,https://find-and-update.company-information.service.gov.uk/search/companies?q=Redde+Northgate+PLC,1620597164,17:52:44,20210509
72,2001-09-30,REDD.L,GBP,2001-09-30,2001-09-30,Q3,65450250,0.0,0.0,0.0,0.0,0.0,0.0,0.0,35173000.0,54808000,4175750.0,19048250.0,29690500.0,0.4536346308837629,10642250.0,0.16260060122001063,0.0,6777500.0,0.10355193448458944,2013500.0,4764000.0,0.07278811005305556,0.17077575,0.170232,27845707,27945455,https://find-and-update.company-information.service.gov.uk/search/companies?q=Redde+Northgate+PLC,https://find-and-update.company-information.service.gov.uk/search/companies?q=Redde+Northgate+PLC,1620597164,17:52:44,20210509
73,2001-06-30,REDD.L,GBP,2001-06-30,2001-06-30,Q2,65450250,0.0,0.0,0.0,0.0,0.0,0.0,0.0,35173000.0,54808000,4175750.0,19048250.0,29690500.0,0.4536346308837629,10642250.0,0.16260060122001063,0.0,6777500.0,0.10355193448458944,2013500.0,4764000.0,0.07278811005305556,0.17077575,0.170232,27845707,27945455,https://find-and-update.company-information.service.gov.uk/search/companies?q=Redde+Northgate+PLC,https://find-and-update.company-information.service.gov.uk/search/companies?q=Redde+Northgate+PLC,1620597164,17:52:44,20210509
74,2001-03-31,REDD.L,GBP,2001-03-31,2001-03-31,Q1,65450250,0.0,0.0,0.0,0.0,0.0,0.0,0.0,35173000.0,54808000,4175750.0,19048250.0,29690500.0,0.4536346308837629,10642250.0,0.16260060122001063,0.0,6777500.0,0.10355193448458944,2013500.0,4764000.0,0.07278811005305556,0.17077575,0.170232,27845707,27945455,https://find-and-update.company-information.service.gov.uk/search/companies?q=Redde+Northgate+PLC,https://find-and-update.company-information.service.gov.uk/search/companies?q=Redde+Northgate+PLC,1620597164,17:52:44,20210509
75,2001-01-31,REDD.L,GBP,2001-01-31,2001-01-31,Q1,65450250,0.0,0.0,0.0,0.0,0.0,0.0,0.0,35173000.0,54808000,4175750.0,19048250.0,29690500.0,0.4536346308837629,10642250.0,0.16260060122001063,0.0,6777500.0,0.10355193448458944,2013500.0,4764000.0,0.07278811005305556,0.17077575,0.170232,27845707,27945455,https://find-and-update.company-information.service.gov.uk/search/companies?q=Redde+Northgate+PLC,https://find-and-update.company-information.service.gov.uk/search/companies?q=Redde+Northgate+PLC,1620597164,17:52:44,20210509
76,2000-09-30,REDD.L,GBP,2000-09-30,2000-09-30,Q3,65198500,0.0,0.0,0.0,0.0,0.0,0.0,0.0,27834750.0,55726250,3778500.0,27294750.0,36767000.0,0.5639240166568249,9472250.0,0.14528325038152717,0.0,6081250.0,0.09327285136927997,1857250.0,4224000.0,0.06478676656671549,0.15174025,0.1511965,27766644,27931205,https://find-and-update.company-information.service.gov.uk/search/companies?q=Redde+Northgate+PLC,https://find-and-update.company-information.service.gov.uk/search/companies?q=Redde+Northgate+PLC,1620597164,17:52:44,20210509
77,2000-06-30,REDD.L,GBP,2000-06-30,2000-06-30,Q2,65198500,0.0,0.0,0.0,0.0,0.0,0.0,0.0,27834750.0,55726250,3778500.0,27294750.0,36767000.0,0.5639240166568249,9472250.0,0.14528325038152717,0.0,6081250.0,0.09327285136927997,1857250.0,4224000.0,0.06478676656671549,0.15174025,0.1511965,27766644,27931205,https://find-and-update.company-information.service.gov.uk/search/companies?q=Redde+Northgate+PLC,https://find-and-update.company-information.service.gov.uk/search/companies?q=Redde+Northgate+PLC,1620597164,17:52:44,20210509
78,2000-03-31,REDD.L,GBP,2000-03-31,2000-03-31,Q1,65198500,0.0,0.0,0.0,0.0,0.0,0.0,0.0,27834750.0,55726250,3778500.0,27294750.0,36767000.0,0.5639240166568249,9472250.0,0.14528325038152717,0.0,6081250.0,0.09327285136927997,1857250.0,4224000.0,0.06478676656671549,0.15174025,0.1511965,27766644,27931205,https://find-and-update.company-information.service.gov.uk/search/companies?q=Redde+Northgate+PLC,https://find-and-update.company-information.service.gov.uk/search/companies?q=Redde+Northgate+PLC,1620597164,17:52:44,20210509
79,2000-01-31,REDD.L,GBP,2000-01-31,2000-01-31,Q1,65198500,0.0,0.0,0.0,0.0,0.0,0.0,0.0,27834750.0,55726250,3778500.0,27294750.0,36767000.0,0.5639240166568249,9472250.0,0.14528325038152717,0.0,6081250.0,0.09327285136927997,1857250.0,4224000.0,0.06478676656671549,0.15174025,0.1511965,27766644,27931205,https://find-and-update.company-information.service.gov.uk/search/companies?q=Redde+Northgate+PLC,https://find-and-update.company-information.service.gov.uk/search/companies?q=Redde+Northgate+PLC,1620597164,17:52:44,20210509
80,1999-09-30,REDD.L,GBP,1999-09-30,1999-09-30,Q3,54655750,0.0,0.0,0.0,0.0,0.0,0.0,0.0,26168750.0,47639250,3806750.0,20987500.0,28004000.0,0.5123706105944937,7016500.0,0.12837624586617144,0.0,4152500.0,0.0759755377979444,1291750.0,2860750.0,0.052341244974225036,0.10279175,0.102248,27752395,27930286,https://find-and-update.company-information.service.gov.uk/search/companies?q=Redde+Northgate+PLC,https://find-and-update.company-information.service.gov.uk/search/companies?q=Redde+Northgate+PLC,1620597164,17:52:44,20210509
81,1999-06-30,REDD.L,GBP,1999-06-30,1999-06-30,Q2,54655750,0.0,0.0,0.0,0.0,0.0,0.0,0.0,26168750.0,47639250,3806750.0,20987500.0,28004000.0,0.5123706105944937,7016500.0,0.12837624586617144,0.0,4152500.0,0.0759755377979444,1291750.0,2860750.0,0.052341244974225036,0.10279175,0.102248,27752395,27930286,https://find-and-update.company-information.service.gov.uk/search/companies?q=Redde+Northgate+PLC,https://find-and-update.company-information.service.gov.uk/search/companies?q=Redde+Northgate+PLC,1620597164,17:52:44,20210509
82,1999-03-31,REDD.L,GBP,1999-03-31,1999-03-31,Q1,54655750,0.0,0.0,0.0,0.0,0.0,0.0,0.0,26168750.0,47639250,3806750.0,20987500.0,28004000.0,0.5123706105944937,7016500.0,0.12837624586617144,0.0,4152500.0,0.0759755377979444,1291750.0,2860750.0,0.052341244974225036,0.10279175,0.102248,27752395,27930286,https://find-and-update.company-information.service.gov.uk/search/companies?q=Redde+Northgate+PLC,https://find-and-update.company-information.service.gov.uk/search/companies?q=Redde+Northgate+PLC,1620597164,17:52:44,20210509
83,1999-01-31,REDD.L,GBP,1999-01-31,1999-01-31,Q1,54655750,0.0,0.0,0.0,0.0,0.0,0.0,0.0,26168750.0,47639250,3806750.0,20987500.0,28004000.0,0.5123706105944937,7016500.0,0.12837624586617144,0.0,4152500.0,0.0759755377979444,1291750.0,2860750.0,0.052341244974225036,0.10279175,0.102248,27752395,27930286,https://find-and-update.company-information.service.gov.uk/search/companies?q=Redde+Northgate+PLC,https://find-and-update.company-information.service.gov.uk/search/companies?q=Redde+Northgate+PLC,1620597164,17:52:44,20210509
84,1998-09-30,REDD.L,GBP,1998-09-30,1998-09-30,Q3,50596250,0.0,0.0,0.0,0.0,0.0,0.0,0.0,24831500.0,41937250,3551250.0,16831000.0,25490000.0,0.5037922770956346,8659000.0,0.17113916545198507,0.0,7865000.0,0.1554463028386491,2229750.0,5635250.0,0.11137683128690368,0.2104785,0.20884675,26725958,26954872,https://find-and-update.company-information.service.gov.uk/search/companies?q=Redde+Northgate+PLC,https://find-and-update.company-information.service.gov.uk/search/companies?q=Redde+Northgate+PLC,1620597164,17:52:44,20210509
85,1998-06-30,REDD.L,GBP,1998-06-30,1998-06-30,Q2,50596250,0.0,0.0,0.0,0.0,0.0,0.0,0.0,24831500.0,41937250,3551250.0,16831000.0,25490000.0,0.5037922770956346,8659000.0,0.17113916545198507,0.0,7865000.0,0.1554463028386491,2229750.0,5635250.0,0.11137683128690368,0.2104785,0.20884675,26725958,26954872,https://find-and-update.company-information.service.gov.uk/search/companies?q=Redde+Northgate+PLC,https://find-and-update.company-information.service.gov.uk/search/companies?q=Redde+Northgate+PLC,1620597164,17:52:44,20210509
86,1998-03-31,REDD.L,GBP,1998-03-31,1998-03-31,Q1,50596250,0.0,0.0,0.0,0.0,0.0,0.0,0.0,24831500.0,41937250,3551250.0,16831000.0,25490000.0,0.5037922770956346,8659000.0,0.17113916545198507,0.0,7865000.0,0.1554463028386491,2229750.0,5635250.0,0.11137683128690368,0.2104785,0.20884675,26725958,26954872,https://find-and-update.company-information.service.gov.uk/search/companies?q=Redde+Northgate+PLC,https://find-and-update.company-information.service.gov.uk/search/companies?q=Redde+Northgate+PLC,1620597164,17:52:44,20210509
87,1998-01-31,REDD.L,GBP,1998-01-31,1998-01-31,Q1,50596250,0.0,0.0,0.0,0.0,0.0,0.0,0.0,24831500.0,41937250,3551250.0,16831000.0,25490000.0,0.5037922770956346,8659000.0,0.17113916545198507,0.0,7865000.0,0.1554463028386491,2229750.0,5635250.0,0.11137683128690368,0.2104785,0.20884675,26725958,26954872,https://find-and-update.company-information.service.gov.uk/search/companies?q=Redde+Northgate+PLC,https://find-and-update.company-information.service.gov.uk/search/companies?q=Redde+Northgate+PLC,1620597164,17:52:44,20210509
88,1997-09-30,REDD.L,GBP,1997-09-30,1997-09-30,Q3,34757250,0.0,0.0,0.0,0.0,0.0,0.0,0.0,14912750.0,27184000,2282000.0,12045750.0,19619000.0,0.5644577749965835,7573250.0,0.2178897927770465,0.0,6378250.0,0.18350847664875675,2084750.0,4293500.0,0.12352818476720684,0.1718635,0.1718635,24958998,24958998,https://find-and-update.company-information.service.gov.uk/search/companies?q=Redde+Northgate+PLC,https://find-and-update.company-information.service.gov.uk/search/companies?q=Redde+Northgate+PLC,1620597164,17:52:44,20210509
89,1997-06-30,REDD.L,GBP,1997-06-30,1997-06-30,Q2,34757250,0.0,0.0,0.0,0.0,0.0,0.0,0.0,14912750.0,27184000,2282000.0,12045750.0,19619000.0,0.5644577749965835,7573250.0,0.2178897927770465,0.0,6378250.0,0.18350847664875675,2084750.0,4293500.0,0.12352818476720684,0.1718635,0.1718635,24958998,24958998,https://find-and-update.company-information.service.gov.uk/search/companies?q=Redde+Northgate+PLC,https://find-and-update.company-information.service.gov.uk/search/companies?q=Redde+Northgate+PLC,1620597164,17:52:44,20210509
90,1997-03-31,REDD.L,GBP,1997-03-31,1997-03-31,Q1,34757250,0.0,0.0,0.0,0.0,0.0,0.0,0.0,14912750.0,27184000,2282000.0,12045750.0,19619000.0,0.5644577749965835,7573250.0,0.2178897927770465,0.0,6378250.0,0.18350847664875675,2084750.0,4293500.0,0.12352818476720684,0.1718635,0.1718635,24958998,24958998,https://find-and-update.company-information.service.gov.uk/search/companies?q=Redde+Northgate+PLC,https://find-and-update.company-information.service.gov.uk/search/companies?q=Redde+Northgate+PLC,1620597164,17:52:44,20210509
91,1997-01-31,REDD.L,GBP,1997-01-31,1997-01-31,Q1,34757250,0.0,0.0,0.0,0.0,0.0,0.0,0.0,14912750.0,27184000,2282000.0,12045750.0,19619000.0,0.5644577749965835,7573250.0,0.2178897927770465,0.0,6378250.0,0.18350847664875675,2084750.0,4293500.0,0.12352818476720684,0.1718635,0.1718635,24958998,24958998,https://find-and-update.company-information.service.gov.uk/search/companies?q=Redde+Northgate+PLC,https://find-and-update.company-information.service.gov.uk/search/companies?q=Redde+Northgate+PLC,1620597164,17:52:44,20210509
92,1996-09-30,REDD.L,GBP,1996-09-30,1996-09-30,Q3,26230500,0.0,0.0,0.0,0.0,0.0,0.0,0.0,11332750.0,20152000,1705750.0,8561750.0,14640250.0,0.5581384266407426,6078500.0,0.23173405005623224,0.0,5317000.0,0.20270296029431387,1740250.0,3576750.0,0.1363584376965746,0.14358225,0.14358225,24873500,24873500,https://find-and-update.company-information.service.gov.uk/search/companies?q=Redde+Northgate+PLC,https://find-and-update.company-information.service.gov.uk/search/companies?q=Redde+Northgate+PLC,1620597164,17:52:44,20210509
93,1996-06-30,REDD.L,GBP,1996-06-30,1996-06-30,Q2,26230500,0.0,0.0,0.0,0.0,0.0,0.0,0.0,11332750.0,20152000,1705750.0,8561750.0,14640250.0,0.5581384266407426,6078500.0,0.23173405005623224,0.0,5317000.0,0.20270296029431387,1740250.0,3576750.0,0.1363584376965746,0.14358225,0.14358225,24873500,24873500,https://find-and-update.company-information.service.gov.uk/search/companies?q=Redde+Northgate+PLC,https://find-and-update.company-information.service.gov.uk/search/companies?q=Redde+Northgate+PLC,1620597164,17:52:44,20210509
94,1996-03-31,REDD.L,GBP,1996-03-31,1996-03-31,Q1,26230500,0.0,0.0,0.0,0.0,0.0,0.0,0.0,11332750.0,20152000,1705750.0,8561750.0,14640250.0,0.5581384266407426,6078500.0,0.23173405005623224,0.0,5317000.0,0.20270296029431387,1740250.0,3576750.0,0.1363584376965746,0.14358225,0.14358225,24873500,24873500,https://find-and-update.company-information.service.gov.uk/search/companies?q=Redde+Northgate+PLC,https://find-and-update.company-information.service.gov.uk/search/companies?q=Redde+Northgate+PLC,1620597164,17:52:44,20210509
95,1996-01-31,REDD.L,GBP,1996-01-31,1996-01-31,Q1,26230500,0.0,0.0,0.0,0.0,0.0,0.0,0.0,11332750.0,20152000,1705750.0,8561750.0,14640250.0,0.5581384266407426,6078500.0,0.23173405005623224,0.0,5317000.0,0.20270296029431387,1740250.0,3576750.0,0.1363584376965746,0.14358225,0.14358225,24873500,24873500,https://find-and-update.company-information.service.gov.uk/search/companies?q=Redde+Northgate+PLC,https://find-and-update.company-information.service.gov.uk/search/companies?q=Redde+Northgate+PLC,1620597164,17:52:44,20210509
96,1995-09-30,REDD.L,GBP,1995-09-30,1995-09-30,Q3,20818000,0.0,0.0,0.0,0.0,0.0,0.0,0.0,8993000.0,15547750,1233750.0,6388250.0,11658500.0,0.5600201748486886,5270250.0,0.2531583245268518,0.0,3545000.0,0.17028533000288212,1063250.0,2481750.0,0.11921173984052262,0.1000725,0.1000725,24745713,24745713,https://find-and-update.company-information.service.gov.uk/search/companies?q=Redde+Northgate+PLC,https://find-and-update.company-information.service.gov.uk/search/companies?q=Redde+Northgate+PLC,1620597164,17:52:44,20210509
97,1995-06-30,REDD.L,GBP,1995-06-30,1995-06-30,Q2,20818000,0.0,0.0,0.0,0.0,0.0,0.0,0.0,8993000.0,15547750,1233750.0,6388250.0,11658500.0,0.5600201748486886,5270250.0,0.2531583245268518,0.0,3545000.0,0.17028533000288212,1063250.0,2481750.0,0.11921173984052262,0.1000725,0.1000725,24745713,24745713,https://find-and-update.company-information.service.gov.uk/search/companies?q=Redde+Northgate+PLC,https://find-and-update.company-information.service.gov.uk/search/companies?q=Redde+Northgate+PLC,1620597164,17:52:44,20210509
98,1995-03-31,REDD.L,GBP,1995-03-31,1995-03-31,Q1,20818000,0.0,0.0,0.0,0.0,0.0,0.0,0.0,8993000.0,15547750,1233750.0,6388250.0,11658500.0,0.5600201748486886,5270250.0,0.2531583245268518,0.0,3545000.0,0.17028533000288212,1063250.0,2481750.0,0.11921173984052262,0.1000725,0.1000725,24745713,24745713,https://find-and-update.company-information.service.gov.uk/search/companies?q=Redde+Northgate+PLC,https://find-and-update.company-information.service.gov.uk/search/companies?q=Redde+Northgate+PLC,1620597164,17:52:44,20210509
99,1995-01-31,REDD.L,GBP,1995-01-31,1995-01-31,Q1,20818000,0.0,0.0,0.0,0.0,0.0,0.0,0.0,8993000.0,15547750,1233750.0,6388250.0,11658500.0,0.5600201748486886,5270250.0,0.2531583245268518,0.0,3545000.0,0.17028533000288212,1063250.0,2481750.0,0.11921173984052262,0.1000725,0.1000725,24745713,24745713,https://find-and-update.company-information.service.gov.uk/search/companies?q=Redde+Northgate+PLC,https://find-and-update.company-information.service.gov.uk/search/companies?q=Redde+Northgate+PLC,1620597164,17:52:44,20210509
100,1994-09-30,REDD.L,GBP,1994-09-30,1994-09-30,Q3,25191000,0.0,0.0,0.0,0.0,0.0,0.0,0.0,17820250.0,22785250,925500.0,4741500.0,7147250.0,0.283722361160732,2405750.0,0.09550037711881228,0.0,2653250.0,0.10532531459648287,729000.0,1924250.0,0.07638640784407129,0.0788615,0.0788615,24394987,24394987,https://find-and-update.company-information.service.gov.uk/search/companies?q=Redde+Northgate+PLC,https://find-and-update.company-information.service.gov.uk/search/companies?q=Redde+Northgate+PLC,1620597164,17:52:44,20210509
101,1994-06-30,REDD.L,GBP,1994-06-30,1994-06-30,Q2,25191000,0.0,0.0,0.0,0.0,0.0,0.0,0.0,17820250.0,22785250,925500.0,4741500.0,7147250.0,0.283722361160732,2405750.0,0.09550037711881228,0.0,2653250.0,0.10532531459648287,729000.0,1924250.0,0.07638640784407129,0.0788615,0.0788615,24394987,24394987,https://find-and-update.company-information.service.gov.uk/search/companies?q=Redde+Northgate+PLC,https://find-and-update.company-information.service.gov.uk/search/companies?q=Redde+Northgate+PLC,1620597164,17:52:44,20210509
102,1994-03-31,REDD.L,GBP,1994-03-31,1994-03-31,Q1,25191000,0.0,0.0,0.0,0.0,0.0,0.0,0.0,17820250.0,22785250,925500.0,4741500.0,7147250.0,0.283722361160732,2405750.0,0.09550037711881228,0.0,2653250.0,0.10532531459648287,729000.0,1924250.0,0.07638640784407129,0.0788615,0.0788615,24394987,24394987,https://find-and-update.company-information.service.gov.uk/search/companies?q=Redde+Northgate+PLC,https://find-and-update.company-information.service.gov.uk/search/companies?q=Redde+Northgate+PLC,1620597164,17:52:44,20210509
103,1994-01-31,REDD.L,GBP,1994-01-31,1994-01-31,Q1,25191000,0.0,0.0,0.0,0.0,0.0,0.0,0.0,17820250.0,22785250,925500.0,4741500.0,7147250.0,0.283722361160732,2405750.0,0.09550037711881228,0.0,2653250.0,0.10532531459648287,729000.0,1924250.0,0.07638640784407129,0.0788615,0.0788615,24394987,24394987,https://find-and-update.company-information.service.gov.uk/search/companies?q=Redde+Northgate+PLC,https://find-and-update.company-information.service.gov.uk/search/companies?q=Redde+Northgate+PLC,1620597164,17:52:44,20210509
104,1993-09-30,REDD.L,GBP,1993-09-30,1993-09-30,Q3,43372250,0.0,0.0,0.0,0.0,0.0,0.0,0.0,32936250.0,37375750,1112250.0,4228500.0,10225000.0,0.23574981699127898,5996500.0,0.13825660416510557,0.0,-3839500.0,-0.08852434448293552,276500.0,-4116000.0,-0.09489938843384883,-0.169688,-0.169688,24310408,24310408,https://find-and-update.company-information.service.gov.uk/search/companies?q=Redde+Northgate+PLC,https://find-and-update.company-information.service.gov.uk/search/companies?q=Redde+Northgate+PLC,1620597164,17:52:44,20210509
105,1993-06-30,REDD.L,GBP,1993-06-30,1993-06-30,Q2,43372250,0.0,0.0,0.0,0.0,0.0,0.0,0.0,32936250.0,37375750,1112250.0,4228500.0,10225000.0,0.23574981699127898,5996500.0,0.13825660416510557,0.0,-3839500.0,-0.08852434448293552,276500.0,-4116000.0,-0.09489938843384883,-0.169688,-0.169688,24310408,24310408,https://find-and-update.company-information.service.gov.uk/search/companies?q=Redde+Northgate+PLC,https://find-and-update.company-information.service.gov.uk/search/companies?q=Redde+Northgate+PLC,1620597164,17:52:44,20210509
106,1993-03-31,REDD.L,GBP,1993-03-31,1993-03-31,Q1,43372250,0.0,0.0,0.0,0.0,0.0,0.0,0.0,32936250.0,37375750,1112250.0,4228500.0,10225000.0,0.23574981699127898,5996500.0,0.13825660416510557,0.0,-3839500.0,-0.08852434448293552,276500.0,-4116000.0,-0.09489938843384883,-0.169688,-0.169688,24310408,24310408,https://find-and-update.company-information.service.gov.uk/search/companies?q=Redde+Northgate+PLC,https://find-and-update.company-information.service.gov.uk/search/companies?q=Redde+Northgate+PLC,1620597164,17:52:44,20210509
107,1993-01-31,REDD.L,GBP,1993-01-31,1993-01-31,Q1,43372250,0.0,0.0,0.0,0.0,0.0,0.0,0.0,32936250.0,37375750,1112250.0,4228500.0,10225000.0,0.23574981699127898,5996500.0,0.13825660416510557,0.0,-3839500.0,-0.08852434448293552,276500.0,-4116000.0,-0.09489938843384883,-0.169688,-0.169688,24310408,24310408,https://find-and-update.company-information.service.gov.uk/search/companies?q=Redde+Northgate+PLC,https://find-and-update.company-information.service.gov.uk/search/companies?q=Redde+Northgate+PLC,1620597164,17:52:44,20210509
108,1992-09-30,REDD.L,GBP,1992-09-30,1992-09-30,Q3,44539000,0.0,0.0,0.0,0.0,0.0,0.0,0.0,38283500.0,42618250,1415750.0,4097500.0,6018250.0,0.13512315049731696,1920750.0,0.04312512629380992,0.0,-369000.0,-0.00828487393071241,463000.0,-832000.0,-0.0186802577516334,-0.034264,-0.034264,24310408,24310408,https://find-and-update.company-information.service.gov.uk/search/companies?q=Redde+Northgate+PLC,https://find-and-update.company-information.service.gov.uk/search/companies?q=Redde+Northgate+PLC,1620597164,17:52:44,20210509
109,1992-06-30,REDD.L,GBP,1992-06-30,1992-06-30,Q2,44539000,0.0,0.0,0.0,0.0,0.0,0.0,0.0,38283500.0,42618250,1415750.0,4097500.0,6018250.0,0.13512315049731696,1920750.0,0.04312512629380992,0.0,-369000.0,-0.00828487393071241,463000.0,-832000.0,-0.0186802577516334,-0.034264,-0.034264,24310408,24310408,https://find-and-update.company-information.service.gov.uk/search/companies?q=Redde+Northgate+PLC,https://find-and-update.company-information.service.gov.uk/search/companies?q=Redde+Northgate+PLC,1620597164,17:52:44,20210509
110,1992-03-31,REDD.L,GBP,1992-03-31,1992-03-31,Q1,44539000,0.0,0.0,0.0,0.0,0.0,0.0,0.0,38283500.0,42618250,1415750.0,4097500.0,6018250.0,0.13512315049731696,1920750.0,0.04312512629380992,0.0,-369000.0,-0.00828487393071241,463000.0,-832000.0,-0.0186802577516334,-0.034264,-0.034264,24310408,24310408,https://find-and-update.company-information.service.gov.uk/search/companies?q=Redde+Northgate+PLC,https://find-and-update.company-information.service.gov.uk/search/companies?q=Redde+Northgate+PLC,1620597164,17:52:44,20210509
111,1992-01-31,REDD.L,GBP,1992-01-31,1992-01-31,Q1,44539000,0.0,0.0,0.0,0.0,0.0,0.0,0.0,38283500.0,42618250,1415750.0,4097500.0,6018250.0,0.13512315049731696,1920750.0,0.04312512629380992,0.0,-369000.0,-0.00828487393071241,463000.0,-832000.0,-0.0186802577516334,-0.034264,-0.034264,24310408,24310408,https://find-and-update.company-information.service.gov.uk/search/companies?q=Redde+Northgate+PLC,https://find-and-update.company-information.service.gov.uk/search/companies?q=Redde+Northgate+PLC,1620597164,17:52:44,20210509
112,1991-09-30,REDD.L,GBP,1991-09-30,1991-09-30,Q3,60300000,0.0,0.0,0.0,0.0,0.0,0.0,8864000.0,73971250.0,78028000,2324250.0,3752250.0,-13975750.0,-0.23177031509121063,-17728000.0,-0.2939966832504146,0.0,1842250.0,0.030551409618573798,541500.0,975500.0,0.016177446102819237,0.03970275,0.03970275,24310408,24310408,https://find-and-update.company-information.service.gov.uk/search/companies?q=Redde+Northgate+PLC,https://find-and-update.company-information.service.gov.uk/search/companies?q=Redde+Northgate+PLC,1620597164,17:52:44,20210509
113,1991-06-30,REDD.L,GBP,1991-06-30,1991-06-30,Q2,60300000,0.0,0.0,0.0,0.0,0.0,0.0,8864000.0,73971250.0,78028000,2324250.0,3752250.0,-13975750.0,-0.23177031509121063,-17728000.0,-0.2939966832504146,0.0,1842250.0,0.030551409618573798,541500.0,975500.0,0.016177446102819237,0.03970275,0.03970275,24310408,24310408,https://find-and-update.company-information.service.gov.uk/search/companies?q=Redde+Northgate+PLC,https://find-and-update.company-information.service.gov.uk/search/companies?q=Redde+Northgate+PLC,1620597164,17:52:44,20210509
114,1991-03-31,REDD.L,GBP,1991-03-31,1991-03-31,Q1,60300000,0.0,0.0,0.0,0.0,0.0,0.0,8864000.0,73971250.0,78028000,2324250.0,3752250.0,-13975750.0,-0.23177031509121063,-17728000.0,-0.2939966832504146,0.0,1842250.0,0.030551409618573798,541500.0,975500.0,0.016177446102819237,0.03970275,0.03970275,24310408,24310408,https://find-and-update.company-information.service.gov.uk/search/companies?q=Redde+Northgate+PLC,https://find-and-update.company-information.service.gov.uk/search/companies?q=Redde+Northgate+PLC,1620597164,17:52:44,20210509
115,1991-01-31,REDD.L,GBP,1991-01-31,1991-01-31,Q1,60300000,0.0,0.0,0.0,0.0,0.0,0.0,8864000.0,73971250.0,78028000,2324250.0,3752250.0,-13975750.0,-0.23177031509121063,-17728000.0,-0.2939966832504146,0.0,1842250.0,0.030551409618573798,541500.0,975500.0,0.016177446102819237,0.03970275,0.03970275,24310408,24310408,https://find-and-update.company-information.service.gov.uk/search/companies?q=Redde+Northgate+PLC,https://find-and-update.company-information.service.gov.uk/search/companies?q=Redde+Northgate+PLC,1620597164,17:52:44,20210509
116,1990-09-30,REDD.L,GBP,1990-09-30,1990-09-30,Q3,64461000,0.0,0.0,0.0,0.0,0.0,0.0,6371250.0,74617750.0,77203500,1819000.0,2328000.0,-10414500.0,-0.16156280541722903,-12742500.0,-0.19767766556522548,0.0,3375500.0,0.05236499588898714,1048750.0,2144000.0,0.03326042102976994,0.089739,0.089739,23846604,23846604,https://find-and-update.company-information.service.gov.uk/search/companies?q=Redde+Northgate+PLC,https://find-and-update.company-information.service.gov.uk/search/companies?q=Redde+Northgate+PLC,1620597164,17:52:44,20210509
117,1990-06-30,REDD.L,GBP,1990-06-30,1990-06-30,Q2,64461000,0.0,0.0,0.0,0.0,0.0,0.0,6371250.0,74617750.0,77203500,1819000.0,2328000.0,-10414500.0,-0.16156280541722903,-12742500.0,-0.19767766556522548,0.0,3375500.0,0.05236499588898714,1048750.0,2144000.0,0.03326042102976994,0.089739,0.089739,23846604,23846604,https://find-and-update.company-information.service.gov.uk/search/companies?q=Redde+Northgate+PLC,https://find-and-update.company-information.service.gov.uk/search/companies?q=Redde+Northgate+PLC,1620597164,17:52:44,20210509
118,1990-03-31,REDD.L,GBP,1990-03-31,1990-03-31,Q1,64461000,0.0,0.0,0.0,0.0,0.0,0.0,6371250.0,74617750.0,77203500,1819000.0,2328000.0,-10414500.0,-0.16156280541722903,-12742500.0,-0.19767766556522548,0.0,3375500.0,0.05236499588898714,1048750.0,2144000.0,0.03326042102976994,0.089739,0.089739,23846604,23846604,https://find-and-update.company-information.service.gov.uk/search/companies?q=Redde+Northgate+PLC,https://find-and-update.company-information.service.gov.uk/search/companies?q=Redde+Northgate+PLC,1620597164,17:52:44,20210509
119,1990-01-31,REDD.L,GBP,1990-01-31,1990-01-31,Q1,64461000,0.0,0.0,0.0,0.0,0.0,0.0,6371250.0,74617750.0,77203500,1819000.0,2328000.0,-10414500.0,-0.16156280541722903,-12742500.0,-0.19767766556522548,0.0,3375500.0,0.05236499588898714,1048750.0,2144000.0,0.03326042102976994,0.089739,0.089739,23846604,23846604,https://find-and-update.company-information.service.gov.uk/search/companies?q=Redde+Northgate+PLC,https://find-and-update.company-information.service.gov.uk/search/companies?q=Redde+Northgate+PLC,1620597164,17:52:44,20210509
120,1989-09-30,REDD.L,GBP,1989-09-30,1989-09-30,Q3,58856500,0.0,0.0,0.0,0.0,0.0,0.0,0.0,57854000.0,58856500,1104000.0,820250.0,4742250.0,12.411091781327428,0.0,0.0,0.0,2818000.0,0.047879163728730044,750250.0,1764750.0,0.029983943999388342,0.0769685,0.0769685,22928189,22928189,https://find-and-update.company-information.service.gov.uk/search/companies?q=Redde+Northgate+PLC,https://find-and-update.company-information.service.gov.uk/search/companies?q=Redde+Northgate+PLC,1620597164,17:52:44,20210509
121,1989-06-30,REDD.L,GBP,1989-06-30,1989-06-30,Q2,58856500,0.0,0.0,0.0,0.0,0.0,0.0,0.0,57854000.0,58856500,1104000.0,820250.0,4742250.0,12.411091781327428,0.0,0.0,0.0,2818000.0,0.047879163728730044,750250.0,1764750.0,0.029983943999388342,0.0769685,0.0769685,22928189,22928189,https://find-and-update.company-information.service.gov.uk/search/companies?q=Redde+Northgate+PLC,https://find-and-update.company-information.service.gov.uk/search/companies?q=Redde+Northgate+PLC,1620597164,17:52:44,20210509
122,1989-03-31,REDD.L,GBP,1989-03-31,1989-03-31,Q1,58856500,0.0,0.0,0.0,0.0,0.0,0.0,0.0,57854000.0,58856500,1104000.0,820250.0,4742250.0,12.411091781327428,0.0,0.0,0.0,2818000.0,0.047879163728730044,750250.0,1764750.0,0.029983943999388342,0.0769685,0.0769685,22928189,22928189,https://find-and-update.company-information.service.gov.uk/search/companies?q=Redde+Northgate+PLC,https://find-and-update.company-information.service.gov.uk/search/companies?q=Redde+Northgate+PLC,1620597164,17:52:44,20210509
123,1989-01-31,REDD.L,GBP,1989-01-31,1989-01-31,Q1,58856500,0.0,0.0,0.0,0.0,0.0,0.0,0.0,57854000.0,58856500,1104000.0,820250.0,4742250.0,12.411091781327428,0.0,0.0,0.0,2818000.0,0.047879163728730044,750250.0,1764750.0,0.029983943999388342,0.0769685,0.0769685,22928189,22928189,https://find-and-update.company-information.service.gov.uk/search/companies?q=Redde+Northgate+PLC,https://find-and-update.company-information.service.gov.uk/search/companies?q=Redde+Northgate+PLC,1620597164,17:52:44,20210509
124,1986-09-30,REDD.L,GBP,1986-09-30,1986-09-30,Q3,14850750,0.0,0.0,0.0,0.0,0.0,0.0,0.0,14723000.0,14828750,432500.0,47250.0,69250.0,0.004663064155009006,22000.0,0.00148140666296315,0.0,715000.0,0.048145716546302376,143250.0,392750.0,0.026446475767217145,0.03557125,0.03557125,11041201,11041201,https://find-and-update.company-information.service.gov.uk/search/companies?q=Redde+Northgate+PLC,https://find-and-update.company-information.service.gov.uk/search/companies?q=Redde+Northgate+PLC,1620597164,17:52:44,20210509
125,1986-06-30,REDD.L,GBP,1986-06-30,1986-06-30,Q2,14850750,0.0,0.0,0.0,0.0,0.0,0.0,0.0,14723000.0,14828750,432500.0,47250.0,69250.0,0.004663064155009006,22000.0,0.00148140666296315,0.0,715000.0,0.048145716546302376,143250.0,392750.0,0.026446475767217145,0.03557125,0.03557125,11041201,11041201,https://find-and-update.company-information.service.gov.uk/search/companies?q=Redde+Northgate+PLC,https://find-and-update.company-information.service.gov.uk/search/companies?q=Redde+Northgate+PLC,1620597164,17:52:44,20210509
126,1986-03-31,REDD.L,GBP,1986-03-31,1986-03-31,Q1,14850750,0.0,0.0,0.0,0.0,0.0,0.0,0.0,14723000.0,14828750,432500.0,47250.0,69250.0,0.004663064155009006,22000.0,0.00148140666296315,0.0,715000.0,0.048145716546302376,143250.0,392750.0,0.026446475767217145,0.03557125,0.03557125,11041201,11041201,https://find-and-update.company-information.service.gov.uk/search/companies?q=Redde+Northgate+PLC,https://find-and-update.company-information.service.gov.uk/search/companies?q=Redde+Northgate+PLC,1620597164,17:52:44,20210509
127,1986-01-31,REDD.L,GBP,1986-01-31,1986-01-31,Q1,14850750,0.0,0.0,0.0,0.0,0.0,0.0,0.0,14723000.0,14828750,432500.0,47250.0,69250.0,0.004663064155009006,22000.0,0.00148140666296315,0.0,715000.0,0.048145716546302376,143250.0,392750.0,0.026446475767217145,0.03557125,0.03557125,11041201,11041201,https://find-and-update.company-information.service.gov.uk/search/companies?q=Redde+Northgate+PLC,https://find-and-update.company-information.service.gov.uk/search/companies?q=Redde+Northgate+PLC,1620597164,17:52:44,20210509
128,1985-09-30,REDD.L,GBP,1985-09-30,1985-09-30,Q3,10955500,0.0,0.0,0.0,0.0,0.0,0.0,0.0,10693500.0,10840750,475750.0,59750.0,174500.0,0.015928072657569257,114750.0,0.010474191045593537,0.0,561000.0,0.051207156222901735,232500.0,1473500.0,0.13449865364428826,0.13345475,0.13345475,11041201,11041201,https://find-and-update.company-information.service.gov.uk/search/companies?q=Redde+Northgate+PLC,https://find-and-update.company-information.service.gov.uk/search/companies?q=Redde+Northgate+PLC,1620597164,17:52:44,20210509
129,1985-06-30,REDD.L,GBP,1985-06-30,1985-06-30,Q2,10955500,0.0,0.0,0.0,0.0,0.0,0.0,0.0,10693500.0,10840750,475750.0,59750.0,174500.0,0.015928072657569257,114750.0,0.010474191045593537,0.0,561000.0,0.051207156222901735,232500.0,1473500.0,0.13449865364428826,0.13345475,0.13345475,11041201,11041201,https://find-and-update.company-information.service.gov.uk/search/companies?q=Redde+Northgate+PLC,https://find-and-update.company-information.service.gov.uk/search/companies?q=Redde+Northgate+PLC,1620597164,17:52:44,20210509
130,1985-03-31,REDD.L,GBP,1985-03-31,1985-03-31,Q1,10955500,0.0,0.0,0.0,0.0,0.0,0.0,0.0,10693500.0,10840750,475750.0,59750.0,174500.0,0.015928072657569257,114750.0,0.010474191045593537,0.0,561000.0,0.051207156222901735,232500.0,1473500.0,0.13449865364428826,0.13345475,0.13345475,11041201,11041201,https://find-and-update.company-information.service.gov.uk/search/companies?q=Redde+Northgate+PLC,https://find-and-update.company-information.service.gov.uk/search/companies?q=Redde+Northgate+PLC,1620597164,17:52:44,20210509
131,1985-01-31,REDD.L,GBP,1985-01-31,1985-01-31,Q1,10955500,0.0,0.0,0.0,0.0,0.0,0.0,0.0,10693500.0,10840750,475750.0,59750.0,174500.0,0.015928072657569257,114750.0,0.010474191045593537,0.0,561000.0,0.051207156222901735,232500.0,1473500.0,0.13449865364428826,0.13345475,0.13345475,11041201,11041201,https://find-and-update.company-information.service.gov.uk/search/companies?q=Redde+Northgate+PLC,https://find-and-update.company-information.service.gov.uk/search/companies?q=Redde+Northgate+PLC,1620597164,17:52:44,20210509
