,date,symbol,reportedCurrency,fillingDate,acceptedDate,period,revenue,costOfRevenue,grossProfit,grossProfitRatio,researchAndDevelopmentExpenses,generalAndAdministrativeExpenses,sellingAndMarketingExpenses,otherExpenses,operatingExpenses,costAndExpenses,interestExpense,depreciationAndAmortization,ebitda,ebitdaratio,operatingIncome,operatingIncomeRatio,totalOtherIncomeExpensesNet,incomeBeforeTax,incomeBeforeTaxRatio,incomeTaxExpense,netIncome,netIncomeRatio,eps,epsdiluted,weightedAverageShsOut,weightedAverageShsOutDil,link,finalLink,timestamp,est_time,est_date
0,2018-06-30,MTGE,USD,2018-08-03 00:00:00,2018-08-03 16:30:03,Q2,8411000.0,6571000.0,1840000.0,0.21876114611817857,0.0,7805000.0,0.0,-773000.0,7805000.0,14376000.0,19482000.0,2212000.0,-3753000.0,-0.4462014029247414,-5965000.0,-0.7091903459755082,-5215000.0,7957000.0,0.9460230650338842,0.0,7961000.0,0.9464986327428367,0.17376025842500437,0.17375267362172073,45816000,45818000,https://www.sec.gov/Archives/edgar/data/1516973/000151697318000031/0001516973-18-000031-index.html,https://www.sec.gov/Archives/edgar/data/1516973/000151697318000031/mtge2018630form10q.htm,1620595371,17:22:51,20210509
1,2018-03-31,MTGE,USD,2018-05-10 00:00:00,2018-05-10 14:12:52,Q1,7810000.0,6045000.0,1765000.0,0.2259923175416133,0.0,4967000.0,0.0,-200000.0,4967000.0,11012000.0,17053000.0,2059000.0,-1143000.0,-0.14635083226632523,-3202000.0,-0.40998719590268884,-40742000.0,-21367000.0,-2.735851472471191,0.0,-21362000.0,-2.7352112676056337,-0.4663173979480463,-0.46619527737767885,45810000,45822000,https://www.sec.gov/Archives/edgar/data/1516973/000151697318000026/0001516973-18-000026-index.html,https://www.sec.gov/Archives/edgar/data/1516973/000151697318000026/mtge2018331form10q.htm,1620595371,17:22:51,20210509
2,2017-12-31,MTGE,USD,2018-02-27 00:00:00,2018-02-27 16:16:22,Q4,7843000.0,5902000.0,1941000.0,0.24748183093204132,0.0,5088000.0,0.0,0.0,5088000.0,10990000.0,15570000.0,2295000.0,-852000.0,-0.10863190105826852,-3147000.0,-0.40124952186663265,10063000.0,29513000.0,3.7629733520336606,-550000.0,30067000.0,3.8336095881677927,0.6563557379554236,0.6562268104238509,45809000,45818000,https://www.sec.gov/Archives/edgar/data/1516973/000151697318000011/0001516973-18-000011-index.html,https://www.sec.gov/Archives/edgar/data/1516973/000151697318000011/mtge20171231form10k.htm,1620595371,17:22:51,20210509
3,2017-09-30,MTGE,USD,2017-11-07 00:00:00,2017-11-07 16:47:05,Q3,7675000.0,6867000.0,808000.0,0.10527687296416938,0.0,5425000.0,0.0,0.0,5425000.0,12292000.0,14447000.0,2219000.0,-2398000.0,-0.312442996742671,-4617000.0,-0.6015635179153095,32923000.0,49850000.0,6.495114006514658,0.0,49850000.0,6.495114006514658,1.088214106398306,1.0880953420351858,45809000,45814000,https://www.sec.gov/Archives/edgar/data/1516973/000151697317000045/0001516973-17-000045-index.html,https://www.sec.gov/Archives/edgar/data/1516973/000151697317000045/mtge2017930form10q.htm,1620595371,17:22:51,20210509
4,2017-06-30,MTGE,USD,2017-08-07 00:00:00,2017-08-07 16:02:57,Q2,5829000.0,6288000.0,-459000.0,-0.07874420998455996,0.0,5421000.0,0.0,0.0,5421000.0,11709000.0,12344000.0,1966000.0,-3914000.0,-0.6714702350317379,-5880000.0,-1.008749356664951,25103000.0,42612000.0,7.310344827586207,0.0,42619000.0,7.311545719677475,0.9304849027356287,0.9304645882455681,45803000,45804000,https://www.sec.gov/Archives/edgar/data/1516973/000151697317000034/0001516973-17-000034-index.html,https://www.sec.gov/Archives/edgar/data/1516973/000151697317000034/mtge2017630form10q.htm,1620595371,17:22:51,20210509
5,2017-03-31,MTGE,USD,2017-05-09 00:00:00,2017-05-09 17:22:22,Q1,5873000.0,7638000.0,-1765000.0,-0.30052783926443044,0.0,5095000.0,0.0,0.0,5095000.0,12733000.0,10165000.0,771000.0,-6089000.0,-1.0367784777796696,-6860000.0,-1.168057210965435,22069000.0,38801000.0,6.606674612634088,0.0,38799000.0,6.6063340711731655,0.8471767326084109,0.8470287735231192,45798000,45806000,https://www.sec.gov/Archives/edgar/data/1516973/000151697317000024/0001516973-17-000024-index.html,https://www.sec.gov/Archives/edgar/data/1516973/000151697317000024/mtge2017331form10q.htm,1620595371,17:22:51,20210509
6,2016-12-31,MTGE,USD,2017-02-27 00:00:00,2017-02-27 17:14:44,Q4,6310000.0,6973000.0,-663000.0,-0.10507131537242473,0.0,5161000.0,0.0,0.0,5161000.0,12134000.0,10144000.0,591000.0,-5233000.0,-0.8293185419968304,-5824000.0,-0.9229793977812996,-68411000.0,-44926000.0,-7.119809825673534,-745000.0,-44184000.0,-7.002218700475436,-0.9647582863880518,-0.9646529703294544,45798000,45803000,https://www.sec.gov/Archives/edgar/data/1516973/000151697317000008/0001516973-17-000008-index.html,https://www.sec.gov/Archives/edgar/data/1516973/000151697317000008/mtge20161231form10k.htm,1620595371,17:22:51,20210509
7,2016-09-30,MTGE,USD,2016-11-08 00:00:00,2016-11-08 16:41:36,Q3,6328000.0,8468000.0,-2140000.0,-0.3381795195954488,0.0,5319000.0,0.0,0.0,5319000.0,13787000.0,10082000.0,493000.0,-6966000.0,-1.1008217446270543,-7459000.0,-1.1787294563843236,51004000.0,69054000.0,10.912452591656132,31000.0,69018000.0,10.90676359039191,1.5070090396960567,1.506910329468789,45798000,45801000,https://www.sec.gov/Archives/edgar/data/1516973/000151697316000097/0001516973-16-000097-index.html,https://www.sec.gov/Archives/edgar/data/1516973/000151697316000097/mtge2016930form10q.htm,1620595371,17:22:51,20210509
8,2016-06-30,MTGE,USD,2016-08-05 00:00:00,2016-08-05 17:22:44,Q2,5080000.0,11046000.0,-5966000.0,-1.1744094488188976,0.0,7430000.0,0.0,0.0,7430000.0,18476000.0,9576000.0,0.0,22058000.0,4.342125984251968,-13396000.0,-2.637007874015748,27931000.0,40413000.0,7.955314960629921,281000.0,40126000.0,7.8988188976377955,0.8765537278545995,0.8765345799292237,45777000,45778000,https://www.sec.gov/Archives/edgar/data/1516973/000151697316000086/0001516973-16-000086-index.html,https://www.sec.gov/Archives/edgar/data/1516973/000151697316000086/mtge2016630form10q.htm,1620595371,17:22:51,20210509
9,2016-03-31,MTGE,USD,2016-05-06 00:00:00,2016-05-05 18:11:56,Q1,9649000.0,17905000.0,-8256000.0,-0.8556327080526479,0.0,5857000.0,0.0,0.0,5857000.0,23762000.0,9780000.0,0.0,23159000.0,2.400145092755726,-14113000.0,-1.4626386154005597,-34368000.0,-20989000.0,-2.175251321380454,308000.0,-21297000.0,-2.20717172764017,-0.4565175451758805,-0.4563708052972185,46651000,46666000,https://www.sec.gov/Archives/edgar/data/1516973/000151697316000072/0001516973-16-000072-index.html,https://www.sec.gov/Archives/edgar/data/1516973/000151697316000072/mtge2016331form10q.htm,1620595371,17:22:51,20210509
10,2015-12-31,MTGE,USD,2016-02-24 00:00:00,2016-02-24 16:36:44,Q4,13870000.0,18856000.0,-4986000.0,-0.3594808940158616,0.0,6099000.0,0.0,0.0,6099000.0,24955000.0,8199000.0,0.0,32967000.0,2.3768565248738285,-11085000.0,-0.7992069214131219,-30220000.0,-5452000.0,-0.3930785868781543,0.0,-5452000.0,-0.3930785868781543,-0.10729115418675587,-0.10726371291414181,50815000,50828000,https://www.sec.gov/Archives/edgar/data/1516973/000151697316000057/0001516973-16-000057-index.html,https://www.sec.gov/Archives/edgar/data/1516973/000151697316000057/mtge20151231form10k.htm,1620595371,17:22:51,20210509
11,2015-09-30,MTGE,USD,2015-11-06 00:00:00,2015-11-06 16:12:53,Q3,11576000.0,15580000.0,-4004000.0,-0.3458880442294402,0.0,6095000.0,0.0,0.0,6095000.0,21675000.0,7586000.0,0.0,29716000.0,2.5670352453351764,-10099000.0,-0.8724084312370421,-45769000.0,-23639000.0,-2.042069799585349,373000.0,-24012000.0,-2.074291637871458,-0.49,-0.494393,50815000,50828000,https://www.sec.gov/Archives/edgar/data/1516973/000151697315000046/0001516973-15-000046-index.html,https://www.sec.gov/Archives/edgar/data/1516973/000151697315000046/mtge20150930form10q.htm,1620595371,17:22:51,20210509
12,2015-06-30,MTGE,USD,2015-08-06 00:00:00,2015-08-06 13:56:27,Q2,11388000.0,15499000.0,-4111000.0,-0.36099402880224796,0.0,6554000.0,0.0,0.0,6554000.0,22053000.0,7561000.0,0.0,34680000.0,3.0453108535300317,-10665000.0,-0.9365121180189674,-67734000.0,-40615000.0,-3.5664734808570424,-658000.0,-39957000.0,-3.5086933614330875,-0.8,-0.8,51179000,51179000,https://www.sec.gov/Archives/edgar/data/1516973/000151697315000035/0001516973-15-000035-index.html,https://www.sec.gov/Archives/edgar/data/1516973/000151697315000035/mtge20150630form10q.htm,1620595371,17:22:51,20210509
13,2015-03-31,MTGE,USD,2015-05-07 00:00:00,2015-05-07 16:22:38,Q1,11804000.0,16070000.0,-4266000.0,-0.3614029142663504,0.0,6457000.0,0.0,0.0,6457000.0,22527000.0,7454000.0,0.0,34183000.0,2.8958827516096237,-10723000.0,-0.9084208742799051,4661000.0,31390000.0,2.6592680447305996,327000.0,31063000.0,2.631565570992884,0.59,0.59,51165000,51165000,https://www.sec.gov/Archives/edgar/data/1516973/000151697315000025/0001516973-15-000025-index.html,https://www.sec.gov/Archives/edgar/data/1516973/000151697315000025/mtge20150331form10q.htm,1620595371,17:22:51,20210509
14,2014-12-31,MTGE,USD,2015-02-26,2015-02-26 16:30:48,Q4,11839000.0,16225000.0,-4386000.0,-0.37047047892558493,0.0,6609000.0,0.0,0.0,6609000.0,22834000.0,6823000.0,0.0,31383000.0,2.650815102626911,-10995000.0,-0.9287101951178309,-6849000.0,17711000.0,1.4959878368105415,-118000.0,17829000.0,1.505954894839091,0.33,0.33,51150000,51150000,https://www.sec.gov/Archives/edgar/data/1516973/000151697315000012/0001516973-15-000012-index.htm,https://www.sec.gov/Archives/edgar/data/1516973/000151697315000012/mtge20141231form10k.htm,1620595371,17:22:51,20210509
15,2014-09-30,MTGE,USD,2014-11-06 00:00:00,2014-11-06 16:55:42,Q3,13081000.0,16213000.0,-3132000.0,-0.2394312361440257,0.0,6452000.0,0.0,0.0,6452000.0,22665000.0,6407000.0,0.0,34062000.0,2.603929363198532,-9584000.0,-0.7326656983411054,-19362000.0,8293000.0,0.6339729378487883,0.0,8293000.0,0.6339729378487883,0.1621563489890892,0.16210563352750304,51142000,51158000,https://www.sec.gov/Archives/edgar/data/1516973/000151697314000062/0001516973-14-000062-index.html,https://www.sec.gov/Archives/edgar/data/1516973/000151697314000062/mtge20140930form10q.htm,1620595371,17:22:51,20210509
16,2014-06-30,MTGE,USD,2014-08-07 00:00:00,2014-08-07 16:44:31,Q2,0.0,0.0,0.0,0.0,0.0,9260000.0,0.0,0.0,9260000.0,9260000.0,7256000.0,0.0,37778000.0,0.0,-9260000.0,0.0,53982000.0,84504000.0,0.0,207000.0,84297000.0,0.0,1.64,1.64,51142000,51142000,https://www.sec.gov/Archives/edgar/data/1516973/000151697314000050/0001516973-14-000050-index.html,https://www.sec.gov/Archives/edgar/data/1516973/000151697314000050/mtge20140630form10q.htm,1620595371,17:22:51,20210509
17,2014-03-31,MTGE,USD,2014-05-09 00:00:00,2014-05-09 14:56:35,Q4,0.0,0.0,0.0,0.0,0.0,6078000.0,0.0,0.0,6078000.0,6078000.0,8145000.0,0.0,44218000.0,0.0,-6078000.0,0.0,12836000.0,48909000.0,0.0,149000.0,48760000.0,0.0,0.95,0.95,51272000,51272000,https://www.sec.gov/Archives/edgar/data/1516973/000151697314000027/0001516973-14-000027-index.html,https://www.sec.gov/Archives/edgar/data/1516973/000151697314000027/mtge20140331form10q.htm,1620595371,17:22:51,20210509
18,2013-12-31,MTGE,USD,2014-02-28,2014-02-28 16:48:48,Q4,0.0,0.0,0.0,0.0,0.0,6187000.0,0.0,0.0,6187000.0,6187000.0,10656000.0,0.0,63507000.0,0.0,-6187000.0,0.0,-69799000.0,-16948000.0,0.0,302000.0,-17250000.0,0.0,-0.33,-0.33,52028000,52028000,https://www.sec.gov/Archives/edgar/data/1516973/000151697314000015/0001516973-14-000015-index.htm,https://www.sec.gov/Archives/edgar/data/1516973/000151697314000015/mtge20131231form10k.htm,1620595371,17:22:51,20210509
19,2013-09-30,MTGE,USD,2013-11-12 00:00:00,2013-11-12 16:27:29,Q4,0.0,0.0,0.0,0.0,0.0,6506000.0,0.0,0.0,6506000.0,6506000.0,10949000.0,0.0,64005000.0,0.0,-6506000.0,0.0,-39154000.0,13902000.0,0.0,200000.0,13702000.0,0.0,0.25,0.25,54515000,54515000,https://www.sec.gov/Archives/edgar/data/1516973/000151697313000057/0001516973-13-000057-index.html,https://www.sec.gov/Archives/edgar/data/1516973/000151697313000057/mtge9302013form10q.htm,1620595371,17:22:51,20210509
20,2013-06-30,MTGE,USD,2013-08-08 00:00:00,2013-08-08 16:54:38,Q4,63927000.0,0.0,63927000.0,1.0,0.0,7007000.0,0.0,0.0,7007000.0,7007000.0,9113000.0,0.0,56920000.0,0.8903906017801555,56920000.0,0.8903906017801555,-102160000.0,-54353000.0,-0.8502354247813912,0.0,-54353000.0,-0.8502354247813912,-0.94,-0.94,57982000,57982000,https://www.sec.gov/Archives/edgar/data/1516973/000151697313000046/0001516973-13-000046-index.html,https://www.sec.gov/Archives/edgar/data/1516973/000151697313000046/mtge6302013form10q.htm,1620595371,17:22:51,20210509
21,2013-03-31,MTGE,USD,2013-05-10 00:00:00,2013-05-10 14:29:10,Q4,51567000.0,0.0,51567000.0,1.0,0.0,6221000.0,0.0,0.0,6221000.0,6221000.0,8036000.0,0.0,45346000.0,0.8793608315395505,45346000.0,0.8793608315395505,-63702000.0,-26392000.0,-0.5118001822871217,177000.0,-26569000.0,-0.515232610002521,-0.56,-0.56,47469000,47469000,https://www.sec.gov/Archives/edgar/data/1516973/000151697313000039/0001516973-13-000039-index.html,https://www.sec.gov/Archives/edgar/data/1516973/000151697313000039/mtge3312013form10q.htm,1620595371,17:22:51,20210509
22,2012-12-31,MTGE,USD,2013-02-26 00:00:00,2013-02-26 17:24:53,Q4,41480000.0,0.0,0.0,0.0,0.0,4514000.0,0.0,0.0,4514000.0,4514000.0,1354000.0,0.0,22802000.0,0.5497107039537127,36966000.0,0.8911764705882353,14164000.0,51130000.0,1.232642237222758,741000.0,50389000.0,1.214778206364513,1.4,1.4,36105000,36105000,https://www.sec.gov/Archives/edgar/data/1516973/000151697313000027/0001516973-13-000027-index.html,https://www.sec.gov/Archives/edgar/data/1516973/000151697313000027/mtge12312012form10k.htm,1620595371,17:22:51,20210509
23,2012-09-30,MTGE,USD,2012-11-09 00:00:00,2012-11-09 16:05:17,Q3,0.0,0.0,0.0,0.0,0.0,4360000.0,0.0,0.0,4360000.0,4360000.0,7329000.0,0.0,39995000.0,0.0,-4360000.0,0.0,114008000.0,146674000.0,0.0,432000.0,146242000.0,0.0,4.03,4.03,36262000,36262000,https://www.sec.gov/Archives/edgar/data/1516973/000151697312000050/0001516973-12-000050-index.html,https://www.sec.gov/Archives/edgar/data/1516973/000151697312000050/mtgeform10-q9302012.htm,1620595371,17:22:51,20210509
24,2012-06-30,MTGE,USD,2012-08-13 00:00:00,2012-08-13 16:39:38,Q2,0.0,0.0,0.0,0.0,0.0,3665000.0,0.0,0.0,3665000.0,3665000.0,4786000.0,0.0,31030000.0,0.0,-3665000.0,0.0,5985000.0,32229000.0,0.0,0.0,32229000.0,0.0,1.15,1.15,28129000,28129000,https://www.sec.gov/Archives/edgar/data/1516973/000151697312000039/0001516973-12-000039-index.html,https://www.sec.gov/Archives/edgar/data/1516973/000151697312000039/mtgeform10-q6302012.htm,1620595371,17:22:51,20210509
25,2012-03-31,MTGE,USD,2012-05-11,2012-05-11,Q1,0.0,0.0,0.0,0.0,0.0,2117000.0,0.0,0.0,2117000.0,2117000.0,1664000.0,0.0,14485000.0,0.0,-2117000.0,0.0,8508000.0,21329000.0,0.0,9000.0,21320000.0,0.0,1.82,1.82,11724000,11724000,https://www.sec.gov/Archives/edgar/data/1516973/000151697312000019/0001516973-12-000019-index.htm,https://www.sec.gov/Archives/edgar/data/1516973/000151697312000019/mtgeform10-q3312012.htm,1620595371,17:22:51,20210509
26,2011-12-31,MTGE,USD,2012-02-21 00:00:00,2012-02-21 17:09:30,Q4,0.0,0.0,0.0,0.0,0.0,1555000.0,0.0,0.0,1555000.0,1555000.0,0.0,2994000.0,22695000.0,0.0,19701000.0,0.0,0.0,19701000.0,0.0,0.0,19669000.0,0.0,0.3843403157730186,1.9657205676594043,51176000,10006000,https://www.sec.gov/Archives/edgar/data/1516973/000151697312000010/0001516973-12-000010-index.html,https://www.sec.gov/Archives/edgar/data/1516973/000151697312000010/mtgeform10k12312011.htm,1620595371,17:22:51,20210509
27,2011-09-30,MTGE,USD,2011-11-14 00:00:00,2011-11-10 17:40:22,Q3,-41714000.0,0.0,41714000.0,-1.0,0.0,-5798000.0,0.0,-6974000.0,-12772000.0,-12772000.0,-36535000.0,-6651000.0,6750000.0,-0.16181617682312893,13401000.0,-0.32125904971951863,0.0,13401000.0,-0.32125904971951863,0.0,13401000.0,-0.32125904971951863,0.2618610286071596,1.339296422146712,51176000,10006000,https://www.sec.gov/Archives/edgar/data/1516973/000151697311000006/0001516973-11-000006-index.html,https://www.sec.gov/Archives/edgar/data/1516973/000151697311000006/mtge10q93011.htm,1620595371,17:22:51,20210509
