,date,symbol,reportedCurrency,fillingDate,acceptedDate,period,revenue,costOfRevenue,grossProfit,grossProfitRatio,researchAndDevelopmentExpenses,generalAndAdministrativeExpenses,sellingAndMarketingExpenses,otherExpenses,operatingExpenses,costAndExpenses,interestExpense,depreciationAndAmortization,ebitda,ebitdaratio,operatingIncome,operatingIncomeRatio,totalOtherIncomeExpensesNet,incomeBeforeTax,incomeBeforeTaxRatio,incomeTaxExpense,netIncome,netIncomeRatio,eps,epsdiluted,weightedAverageShsOut,weightedAverageShsOutDil,link,finalLink,timestamp,est_time,est_date
0,2021-03-27,ENG,USD,2021-05-06,2021-05-06 13:09:51,Q1,12449000.0,11445000.0,1004000.0,0.08064904811631457,0.0,2561000.0,0.0,0.0,2561000.0,14006000.0,58000.0,82000.0,-1475000.0,-0.11848341232227488,-1557000.0,-0.1250702867700217,1684.0,69.0,5.542613864567435e-06,23.0,46.0,3.695075909711623e-06,0.0016780359683361908,0.0016780359683361908,27413000,27413000,https://www.sec.gov/Archives/edgar/data/933738/000165495421005201/0001654954-21-005201-index.htm,https://www.sec.gov/Archives/edgar/data/933738/000165495421005201/eng_10q.htm,1620591645,16:20:45,20210509
1,2020-12-26,ENG,USD,2021-03-11,2021-03-11 16:56:56,Q4,11578000.0,9984000.0,1594000.0,0.13767490067369148,0.0,2251000.0,0.0,0.0,2213000.0,12197000.0,132000.0,136000.0,135300.0,0.011685956123682846,-700.0,-6.0459492140266024e-05,8000.0,-661.0,-5.7091034721022626e-05,-183000.0,-684.0,-5.9077560891345654e-05,-0.02495166526830336,-0.02495166526830336,27413000,27413000,https://www.sec.gov/Archives/edgar/data/933738/000165495421002654/0001654954-21-002654-index.htm,https://www.sec.gov/Archives/edgar/data/933738/000165495421002654/eng_10k.htm,1620591645,16:20:45,20210509
2,2020-09-26,ENG,USD,2020-11-05,2020-11-05 17:28:40,Q3,15729000.0,14585000.0,1144000.0,0.07273189649691653,0.0,2174000.0,0.0,0.0,2174000.0,16759000.0,62000.0,108000.0,-980000.0,-0.06230529595015576,-1088000.0,-0.06917159387119334,4000.0,-1088000.0,-0.06917159387119334,22000.0,-1110000.0,-0.07057028418844173,-0.04,-0.04,27413000,27413000,https://www.sec.gov/Archives/edgar/data/933738/000165495420011910/0001654954-20-011910-index.htm,https://www.sec.gov/Archives/edgar/data/933738/000165495420011910/eng_10q.htm,1620591645,16:20:45,20210509
3,2020-06-27,ENG,USD,2020-08-06,2020-08-06 11:10:04,Q2,17882000.0,15429000.0,2453000.0,0.13717704954703053,0.0,2295000.0,0.0,0.0,2313999.999999998,17743000.0,-36000.0,108999.99999999999,248000.0,0.013868694776870596,139000.0,0.007773179733810536,1000.0,104000.0,0.0058159042612683145,36000.0,68000.0,0.003802706632367744,0.00248,0.00248,27413000,27413000,https://www.sec.gov/Archives/edgar/data/933738/000165495420008561/0001654954-20-008561-index.htm,https://www.sec.gov/Archives/edgar/data/933738/000165495420008561/eng_10q.htm,1620591645,16:20:45,20210509
4,2020-03-28,ENG,USD,2020-05-07,2020-05-07 14:33:27,Q1,19260000.0,16000000.0,3260000.0,0.16926272066458983,0.0,2114000.0,0.0,0.0,2132999.999999999,18133000.0,-5000.0,96000.0,1223000.0,0.06349948078920041,1127000.0,0.058515057113187954,1000.0,1123000.0,0.0583073727933541,22000.0,1101000.0,0.057165109034267914,0.04016,0.04016,27414000,27414000,https://www.sec.gov/Archives/edgar/data/933738/000165495420005046/0001654954-20-005046-index.htm,https://www.sec.gov/Archives/edgar/data/933738/000149315220004865/form10-k.htm,1620591645,16:20:45,20210509
5,2019-12-28,ENG,USD,2020-03-27,2020-03-27 09:16:12,Q4,16688000.0,13727000.0,2961000.0,0.17743288590604026,0.0,2163000.0,0.0,1000.0,2192000.0,15919000.0,-19000.0,131000.0,900000.0,0.053930968360498564,769000.0,0.046081016299137106,1000.0,751000.0,0.04500239693192713,10000.0,741000.0,0.04440316395014381,0.02704,0.02704,27405000,27405000,https://www.sec.gov/Archives/edgar/data/933738/000149315220004865/0001493152-20-004865-index.htm,https://www.sec.gov/Archives/edgar/data/933738/000149315220004865/form10-k.htm,1620591645,16:20:45,20210509
6,2019-09-28,ENG,USD,2019-11-12,2019-11-12 16:31:55,Q3,13974000.0,12299000.0,1675000.0,0.11986546443394876,0.0,2367000.0,0.0,7000.0,2371000.0000000005,14670000.0,-5000.0,81000.00000000001,-615000.0,-0.04401030485186776,-696000.0,-0.0498067840274796,7000.0,-694000.0,-0.049663661084871906,22000.0,-716000.0,-0.05123801345355661,-0.02612,-0.02612,27410000,27410000,https://www.sec.gov/Archives/edgar/data/933738/000149315219016920/0001493152-19-016920-index.htm,https://www.sec.gov/Archives/edgar/data/933738/000149315219016920/form10-q.htm,1620591645,16:20:45,20210509
7,2019-06-29,ENG,USD,2019-08-13,2019-08-13 16:54:53,Q2,13621000.0,11679000.0,1942000.0,0.14257396666911387,0.0,2450000.0,0.0,26000.0,2449999.999999999,14129000.0,-4000.0,92999.99999999999,-415000.0,-0.030467660230526394,-508000.0,-0.037295352764114234,26000.0,-486000.0,-0.03568019969165259,31000.0,-517000.0,-0.037956097202848545,-0.01886,-0.01886,27408000,27408000,https://www.sec.gov/Archives/edgar/data/933738/000149315219012227/0001493152-19-012227-index.htm,https://www.sec.gov/Archives/edgar/data/933738/000149315219012227/form10-q.htm,1620591645,16:20:45,20210509
8,2019-03-30,ENG,USD,2019-05-13,2019-05-13 16:08:24,Q1,12163000.0,10825000.0,1338000.0,0.11000575515908904,0.0,2304000.0,0.0,15000.0,2304000.0000000005,13129000.0,-3000.0,84000.0,-882000.0,-0.07251500452191072,-966000.0,-0.07942119542875935,15000.0,-954000.0,-0.07843459672778097,20000.0,-974000.0,-0.08007892789607828,-0.03551,-0.03551,27431000,27431000,https://www.sec.gov/Archives/edgar/data/933738/000149315219006909/0001493152-19-006909-index.htm,https://www.sec.gov/Archives/edgar/data/933738/000149315219004079/form10k.htm,1620591645,16:20:45,20210509
9,2018-12-29,ENG,USD,2019-03-28,2019-03-28 12:32:33,Q4,12682000.0,11708000.0,974000.0,0.07680176628292068,0.0,2095000.0,0.0,11000.0,4180999.999999999,15888999.999999998,22000.0,74000.00000000001,-3133000.0,-0.24704305314619146,-3207000.0,-0.25287809493770697,11000.0,-3204000.0,-0.2526415391894023,79000.0,-3283000.0,-0.2588708405614256,-0.11935,-0.11935,27507000,27507000,https://www.sec.gov/Archives/edgar/data/933738/000149315219004079/0001493152-19-004079-index.htm,https://www.sec.gov/Archives/edgar/data/933738/000149315219004079/form10k.htm,1620591645,16:20:45,20210509
10,2018-09-29,ENG,USD,2018-11-08,2018-11-08 12:18:07,Q3,14255000.0,11962000.0,2293000.0,0.16085584005612066,0.0,2483000.0,0.0,11000.0,2483000.0000000005,14445000.0,-1000.0,96000.00000000003,-93999.99999999997,-0.006594177481585407,-190000.0,-0.013328656611715188,11000.0,-180000.0,-0.012627148368993335,17000.0,-197000.0,-0.013819712381620485,-0.00716,-0.00716,27509000,27509000,https://www.sec.gov/Archives/edgar/data/933738/000149315218015440/0001493152-18-015440-index.htm,https://www.sec.gov/Archives/edgar/data/933738/000149315218015440/form10-q.htm,1620591645,16:20:45,20210509
11,2018-06-30,ENG,USD,2018-08-09,2018-08-09 16:41:36,Q2,13872000.0,11619000.0,2253000.0,0.16241349480968859,0.0,2869000.0,0.0,-373000.0,2869000.0,14488000.0,5000.0,133000.0,-483000.0,-0.03481833910034602,-616000.0,-0.04440599769319493,-373000.0,-994000.0,-0.07165513264129181,-2000.0,-992000.0,-0.07151095732410612,-0.04,-0.04,27510000,27510000,https://www.sec.gov/Archives/edgar/data/933738/000149315218011266/0001493152-18-011266-index.htm,https://www.sec.gov/Archives/edgar/data/933738/000149315218011266/form10-q.htm,1620591645,16:20:45,20210509
12,2018-03-31,ENG,USD,2018-05-10,2018-05-10 13:57:02,Q1,13188000.0,11775000.0,1413000.0,0.10714285714285714,0.0,2582000.0,0.0,-5000.0,2582000.0,14357000.0,9000.0,156000.0,-1013000.0,-0.07681225356384593,-1169000.0,-0.08864118895966029,-5000.0,-1183000.0,-0.08970276008492568,17000.0,-1200000.0,-0.09099181073703366,-0.04,-0.04,27514000,27514000,https://www.sec.gov/Archives/edgar/data/933738/000149315218006542/0001493152-18-006542-index.htm,https://www.sec.gov/Archives/edgar/data/933738/000149315218003404/form10-k.htm,1620591645,16:20:45,20210509
13,2017-12-30,ENG,USD,2018-03-15,2018-03-15 14:50:51,Q4,14400000.0,13900000.0,500000.0,0.034722222222222224,0.0,3100000.0,0.0,0.0,2999999.999999998,16900000.0,0.0,179999.99999999994,-2320000.0,-0.16111111111111112,-2500000.0,-0.1736111111111111,19000.0,-2500000.0,-0.1736111111111111,-200000.0,-2300000.0,-0.1597222222222222,-0.08333,-0.08333,27600000,27600000,https://www.sec.gov/Archives/edgar/data/933738/000149315218003404/0001493152-18-003404-index.htm,https://www.sec.gov/Archives/edgar/data/933738/000149315218003404/form10-k.htm,1620591645,16:20:45,20210509
14,2017-09-30,ENG,USD,2017-11-03,2017-11-03 11:10:39,Q3,12896000.0,11275000.0,1621000.0,0.12569789081885857,0.0,3041000.0,0.0,2000.0,3041000.0,14316000.0,19000.0,248000.0,-1172000.0,-0.09088089330024814,-1420000.0,-0.11011166253101737,2000.0,-1437000.0,-0.11142990074441687,10717000.0,-12154000.0,-0.9424627791563276,-0.44,-0.44,27446000,27446000,https://www.sec.gov/Archives/edgar/data/933738/000149315217012376/0001493152-17-012376-index.htm,https://www.sec.gov/Archives/edgar/data/933738/000149315217012376/form10-q.htm,1620591645,16:20:45,20210509
15,2017-07-01,ENG,USD,2017-08-09,2017-08-09 11:08:51,Q2,16000000.0,13500000.0,2500000.0,0.15625,0.0,3100000.0,0.0,-3000.0,3000000.0,16500000.0,0.0,270000.0,-230000.0,-0.014375,-500000.0,-0.03125,100000.0,-500000.0,-0.03125,400000.0,-900000.0,-0.05625,-0.03321,-0.03321,27100000,27100000,https://www.sec.gov/Archives/edgar/data/933738/000149315217008722/0001493152-17-008722-index.htm,https://www.sec.gov/Archives/edgar/data/933738/000149315217008722/form10-q.htm,1620591645,16:20:45,20210509
16,2017-04-01,ENG,USD,2017-05-11,2017-05-11 12:53:14,Q1,12500000.0,10700000.0,1800000.0,0.144,0.0,3400000.0,0.0,3000.0,3400000.0000000005,14100000.0,-100000.0,270000.0,-1430000.0,-0.1144,-1700000.0,-0.136,3.0,-1700000.0,-0.136,-900000.0,-900000.0,-0.072,-0.03309,-0.03309,27200000,27200000,https://www.sec.gov/Archives/edgar/data/933738/000149315217005029/0001493152-17-005029-index.htm,https://www.sec.gov/Archives/edgar/data/933738/000149315217002297/form10-k.htm,1620591645,16:20:45,20210509
17,2016-12-31,ENG,USD,2017-03-10,2017-03-09 19:03:33,Q4,14602000.0,11897000.0,2705000.0,0.1852485960827284,0.0,3136000.0,0.0,25000.0,3136000.0,15033000.0,44000.0,275000.0,-156000.0,-0.010683468018079715,-431000.0,-0.029516504588412547,25000.0,-450000.0,-0.030817696205999178,29000.0,-479000.0,-0.032803725517052455,-0.017292418772563177,-0.017292418772563177,27700000,27700000,https://www.sec.gov/Archives/edgar/data/933738/000149315217002297/0001493152-17-002297-index.htm,https://www.sec.gov/Archives/edgar/data/933738/000149315217002297/form10-k.htm,1620591645,16:20:45,20210509
18,2016-09-24,ENG,USD,2016-11-03,2016-11-03 17:18:35,Q3,16000000.0,12100000.0,3900000.0,0.24375,0.0,3500000.0,0.0,10000.0,3500000.0,15600000.0,0.0,250000.0,650000.0,0.040625,400000.0,0.025,10.0,300000.0,0.01875,-200000.0,500000.0,0.03125,0.01805,0.01805,27700000,27700000,https://www.sec.gov/Archives/edgar/data/933738/000149315216014491/0001493152-16-014491-index.htm,https://www.sec.gov/Archives/edgar/data/933738/000149315216014491/form10-q.htm,1620591645,16:20:45,20210509
19,2016-06-25,ENG,USD,2016-08-04,2016-08-04 08:47:40,Q2,13800000.0,12000000.0,1800000.0,0.13043478260869565,0.0,3300000.0,0.0,1000.0,3300000.000000001,15300000.0,0.0,300000.0,-1200000.0,-0.08695652173913043,-1500000.0,-0.10869565217391304,1000.0,-1500000.0,-0.10869565217391304,100000.0,-1600000.0,-0.11594202898550725,-0.05755,-0.05755,27800000,27800000,https://www.sec.gov/Archives/edgar/data/933738/000149315216011955/0001493152-16-011955-index.htm,https://www.sec.gov/Archives/edgar/data/933738/000149315216011955/form10-q.htm,1620591645,16:20:45,20210509
20,2016-03-26,ENG,USD,2016-05-10,2016-05-10 13:56:02,Q1,14800000.0,13100000.0,1700000.0,0.11486486486486487,0.0,3400000.0,0.0,6000.0,3400000.0000000005,16500000.0,0.0,320000.0,-1380000.0,-0.09324324324324325,-1700000.0,-0.11486486486486487,6000.0,-1700000.0,-0.11486486486486487,-1000000.0,-700000.0,-0.0472972972972973,-0.025,-0.025,28000000,28000000,https://www.sec.gov/Archives/edgar/data/933738/000118518516004459/0001185185-16-004459-index.htm,https://www.sec.gov/Archives/edgar/data/933738/000118518516003829/englobal10k122615.htm,1620591645,16:20:45,20210509
21,2015-12-26,ENG,USD,2016-03-03,2016-03-03 16:37:50,Q4,17200000.0,13500000.0,3700000.0,0.21511627906976744,0.0,3300000.0,0.0,-284000.0,3199999.999999999,16700000.0,0.0,349999.9999999999,849999.9999999999,0.04941860465116278,500000.0,0.029069767441860465,-300000.0,200000.0,0.011627906976744186,-8400000.0,8600000.0,0.5,0.30605,0.30605,28100000,28100000,https://www.sec.gov/Archives/edgar/data/933738/000118518516003829/0001185185-16-003829-index.htm,https://www.sec.gov/Archives/edgar/data/933738/000118518516003829/englobal10k122615.htm,1620591645,16:20:45,20210509
22,2015-09-26,ENG,USD,2015-11-06,2015-11-06 09:56:51,Q3,18200000.0,14400000.0,3800000.0,0.2087912087912088,0.0,3400000.0,0.0,-4000.0,3400000.0000000005,17800000.0,0.0,330000.00000000006,730000.0,0.04010989010989011,400000.0,0.02197802197802198,-4000.0,400000.0,0.02197802197802198,100000.0,300000.0,0.016483516483516484,0.01068,0.01068,28100000,28100000,https://www.sec.gov/Archives/edgar/data/933738/000118518515002801/0001185185-15-002801-index.htm,https://www.sec.gov/Archives/edgar/data/933738/000118518515002801/englobal10q092615.htm,1620591645,16:20:45,20210509
23,2015-06-27,ENG,USD,2015-08-06,2015-08-06 11:25:09,Q2,21100000.0,16400000.0,4700000.0,0.22274881516587677,0.0,3600000.0,0.0,26000.0,3600000.0000000014,20000000.0,0.0,340000.0,1440000.0,0.06824644549763033,1100000.0,0.052132701421800945,26000.0,1000000.0,0.04739336492890995,100000.0,1000000.0,0.04739336492890995,0.03571,0.03571,28000000,28000000,https://www.sec.gov/Archives/edgar/data/933738/000118518515002039/0001185185-15-002039-index.htm,https://www.sec.gov/Archives/edgar/data/933738/000118518515002039/englobal10q062715.htm,1620591645,16:20:45,20210509
24,2015-03-28,ENG,USD,2015-05-07,2015-05-07 15:26:47,Q1,23100000.0,19000000.0,4100000.0,0.1774891774891775,0.0,4000000.0,0.0,619000.0,4000000.0,23000000.0,0.0,440000.0,540000.0,0.023376623376623377,100000.0,0.004329004329004329,600000.0,700000.0,0.030303030303030304,100000.0,600000.0,0.025974025974025976,0.02151,0.02151,27900000,27900000,https://www.sec.gov/Archives/edgar/data/933738/000118518515001135/0001185185-15-001135-index.htm,https://www.sec.gov/Archives/edgar/data/933738/000118518515000495/englobal10k122714.htm,1620591645,16:20:45,20210509
25,2014-12-27,ENG,USD,2015-03-12,2015-03-12 13:24:59,Q4,26900000.0,21400000.0,5500000.0,0.20446096654275092,0.0,4200000.0,0.0,-247000.0,4200000.000000003,25600000.000000004,0.0,530000.0,1830000.0,0.06802973977695168,1300000.0,0.048327137546468404,-200000.0,1000000.0,0.03717472118959108,200000.0,800000.0,0.02973977695167286,0.02888,0.02888,27700000,27700000,https://www.sec.gov/Archives/edgar/data/933738/000118518515000495/0001185185-15-000495-index.htm,https://www.sec.gov/Archives/edgar/data/933738/000118518515000495/englobal10k122714.htm,1620591645,16:20:45,20210509
26,2014-09-27,ENG,USD,2014-11-06,2014-11-06 09:32:44,Q3,26900000.0,20800000.0,6100000.0,0.22676579925650558,0.0,4000000.0,0.0,-5000.0,4000000.0,24800000.0,0.0,610000.0000000001,2710000.0,0.10074349442379182,2100000.0,0.07806691449814127,-5000.0,2000000.0,0.07434944237918216,200000.0,1800000.0,0.06691449814126393,0.06498,0.06498,27700000,27700000,https://www.sec.gov/Archives/edgar/data/933738/000118518514002935/0001185185-14-002935-index.htm,https://www.sec.gov/Archives/edgar/data/933738/000118518514002935/englobal10q092714.htm,1620591645,16:20:45,20210509
27,2014-06-28,ENG,USD,2014-08-08,2014-08-08 15:04:47,Q2,27200000.0,21400000.0,5800000.0,0.21323529411764705,0.0,4200000.0,0.0,164000.0,4200000.000000003,25600000.000000004,0.0,590000.0,2090000.0,0.07683823529411765,1500000.0,0.05514705882352941,200000.0,1700000.0,0.0625,100000.0,1600000.0,0.058823529411764705,0.05776,0.05776,27700000,27700000,https://www.sec.gov/Archives/edgar/data/933738/000118518514002028/0001185185-14-002028-index.htm,https://www.sec.gov/Archives/edgar/data/933738/000118518514002028/englobal10q062814.htm,1620591645,16:20:45,20210509
28,2014-03-29,ENG,USD,2014-05-08,2014-05-08 12:32:36,Q1,26900000.0,20800000.0,6100000.0,0.22676579925650558,0.0,4100000.0,0.0,-41000.0,4099999.999999998,24899999.999999996,0.0,600000.0,2600000.0,0.09665427509293681,2000000.0,0.07434944237918216,-41000.0,1900000.0,0.07063197026022305,100000.0,1800000.0,0.06691449814126393,0.06618,0.06618,27200000,27200000,https://www.sec.gov/Archives/edgar/data/933738/000118518514001171/0001185185-14-001171-index.htm,https://www.sec.gov/Archives/edgar/data/933738/000118518514000552/englobal10k122813.htm,1620591645,16:20:45,20210509
29,2013-12-28,ENG,USD,2014-03-14,2014-03-14 15:52:02,Q4,25300000.0,20500000.0,4800000.0,0.18972332015810275,0.0,4300000.0,0.0,336000.0,4300000.000000001,24800000.0,-500000.0,609999.9999999999,1110000.0,0.04387351778656127,500000.0,0.019762845849802372,300000.0,600000.0,0.023715415019762844,200000.0,-3300000.0,-0.13043478260869565,-0.12222,-0.12222,27000000,27000000,https://www.sec.gov/Archives/edgar/data/933738/000118518514000552/0001185185-14-000552-index.htm,https://www.sec.gov/Archives/edgar/data/933738/000118518514000552/englobal10k122813.htm,1620591645,16:20:45,20210509
30,2013-09-28,ENG,USD,2013-11-08,2013-11-08 17:18:34,Q3,43300000.0,38100000.0,5200000.0,0.12009237875288684,0.0,5200000.0,0.0,-293000.0,5199999.999999996,43299999.99999999,-1036000.0,470000.0,3169000.0,0.07318706697459584,2699000.0,0.06233256351039261,-211000.0,1366000.0,0.031547344110854504,35000.0,-100000.0,-0.0023094688221709007,-0.0037,-0.0037,27000000,27000000,https://www.sec.gov/Archives/edgar/data/933738/000118518513002346/0001185185-13-002346-index.htm,https://www.sec.gov/Archives/edgar/data/933738/000118518513002346/englobal10q092813.htm,1620591645,16:20:45,20210509
31,2013-06-29,ENG,USD,2013-08-09,2013-08-09 16:26:02,Q2,50600000.0,45100000.0,5500000.0,0.10869565217391304,0.0,6400000.0,0.0,211000.0,6399999.999999999,51500000.0,1036000.0,480000.0,-420000.0,-0.008300395256916997,-900000.0,-0.017786561264822136,-200000.0,-1500000.0,-0.029644268774703556,100000.0,-1600000.0,-0.03162055335968379,-0.05926,-0.05926,27000000,27000000,https://www.sec.gov/Archives/edgar/data/933738/000118518513001649/0001185185-13-001649-index.htm,https://www.sec.gov/Archives/edgar/data/933738/000118518513001649/englobal10q062913.htm,1620591645,16:20:45,20210509
32,2013-03-30,ENG,USD,2013-05-14,2013-04-15 17:16:53,Q1,49800000.0,44000000.0,5800000.0,0.11646586345381527,0.0,6200000.0,0.0,0.0,6200000.000000003,50200000.0,-600000.0,510000.0,110000.0,0.0022088353413654616,-400000.0,-0.008032128514056224,100000.0,-900000.0,-0.018072289156626505,100000.0,1900000.0,0.03815261044176707,0.07037,0.07037,27000000,27000000,https://www.sec.gov/Archives/edgar/data/933738/000118518513001099/0001185185-13-001099-index.htm,https://www.sec.gov/Archives/edgar/data/933738/000118518513000838/englobal10k123112.htm,1620591645,16:20:45,20210509
33,2012-12-29,ENG,USD,2013-04-15,2013-04-15 17:16:53,Q4,52100000.0,46700000.0,5400000.0,0.1036468330134357,0.0,5900000.0,0.0,223864000.0,6000000.0,52700000.0,-1300000.0,470000.0,-130000.0,-0.0024952015355086373,-600000.0,-0.011516314779270634,100000.0,-1100000.0,-0.02111324376199616,1400000.0,-1300000.0,-0.02495201535508637,-0.04815,-0.04815,27000000,27000000,https://www.sec.gov/Archives/edgar/data/933738/000118518513000838/0001185185-13-000838-index.htm,https://www.sec.gov/Archives/edgar/data/933738/000118518513000838/englobal10k123112.htm,1620591645,16:20:45,20210509
34,2012-09-29,ENG,USD,2012-11-19,2012-11-19 17:21:32,Q3,57500000.0,54200000.0,3300000.0,0.057391304347826085,0.0,6200000.0,0.0,-96000.0,20700000.000000004,74900000.0,600000.0,459999.99999999994,-17040000.0,-0.29634782608695653,-17500000.0,-0.30434782608695654,-100000.0,-18200000.0,-0.3165217391304348,400000.0,-22300000.0,-0.38782608695652177,-0.82593,-0.82593,27000000,27000000,https://www.sec.gov/Archives/edgar/data/933738/000118518512002624/0001185185-12-002624-index.htm,https://www.sec.gov/Archives/edgar/data/933738/000118518512002624/englobal10q093012.htm,1620591645,16:20:45,20210509
35,2012-06-30,ENG,USD,2012-08-20,2012-08-20 17:12:43,Q2,76944000.0,71303000.0,5641000.0,0.07331305884799334,0.0,7821000.0,0.0,0.0,7821000.0,79124000.0,375000.0,466000.0,-1714000.0,-0.022275940944063214,-2180000.0,-0.02833229361613641,-4000.0,-2559000.0,-0.033257953836556456,5195000.0,-9827000.0,-0.12771626117695986,-0.37,-0.37,26804000,26804000,https://www.sec.gov/Archives/edgar/data/933738/000093373812000012/0000933738-12-000012-index.htm,https://www.sec.gov/Archives/edgar/data/933738/000093373812000012/eng-10qx063012q.htm,1620591645,16:20:45,20210509
36,2012-03-31,ENG,USD,2012-05-16,2012-05-15 17:41:59,Q1,75440000.0,67940000.0,7500000.0,0.09941675503711558,0.0,7252000.0,0.0,0.0,7252000.0,75192000.0,302000.0,520000.0,768000.0,0.010180275715800637,248000.0,0.0032873806998939556,1000.0,-53000.0,-0.0007025450689289502,-26000.0,-140000.0,-0.001855779427359491,-0.01,-0.01,26813000,26813000,https://www.sec.gov/Archives/edgar/data/933738/000093373812000009/0000933738-12-000009-index.htm,https://www.sec.gov/Archives/edgar/data/933738/000144530512001012/eng-10kx123111.htm,1620591645,16:20:45,20210509
37,2011-12-31,ENG,USD,2012-04-12,2012-04-12 14:40:25,Q4,90768000.0,85235000.0,5533000.0,0.060957606204829894,0.0,7935000.0,0.0,0.0,7935000.0,93170000.0,0.0,834000.0,-1568000.0,-0.017274810505905167,-2402000.0,-0.026463070685704214,7000.0,-2712000.0,-0.0298783712321523,-371000.0,-3972000.0,-0.043759915388683235,-0.14921111945905335,-0.14921111945905335,26620000,26620000,https://www.sec.gov/Archives/edgar/data/933738/000144530512001012/0001445305-12-001012-index.htm,https://www.sec.gov/Archives/edgar/data/933738/000144530512001012/eng-10kx123111.htm,1620591645,16:20:45,20210509
38,2011-09-30,ENG,USD,2011-11-10,2011-11-09 20:26:22,Q3,79788000.0,71327000.0,8461000.0,0.1060435153155863,0.0,8249000.0,0.0,0.0,8249000.0,79576000.0,303000.0,850000.0,1062000.0,0.013310272221386674,212000.0,0.0026570411590715395,-8000.0,-99000.0,-0.001240788088434351,138000.0,-1273000.0,-0.015954780167443727,-0.05,-0.05,26620000,26620000,https://www.sec.gov/Archives/edgar/data/933738/000093373811000020/0000933738-11-000020-index.htm,https://www.sec.gov/Archives/edgar/data/933738/000093373811000020/eng-10qx093011.htm,1620591645,16:20:45,20210509
39,2011-06-30,ENG,USD,2011-08-04,2011-08-04 16:43:31,Q2,79612000.0,72145000.0,7467000.0,0.09379239310656685,0.0,6890000.0,0.0,0.0,6890000.0,79035000.0,191000.0,931000.0,1508000.0,0.018941868060091443,577000.0,0.007247651107873185,-16000.0,370000.0,0.0046475405717731,228000.0,142000.0,0.0017836507059237302,0.0053427646926029046,0.005267453075153943,26578000,26958000,https://www.sec.gov/Archives/edgar/data/933738/000093373811000016/0000933738-11-000016-index.htm,https://www.sec.gov/Archives/edgar/data/933738/000093373811000016/eng-10qx063011.htm,1620591645,16:20:45,20210509
40,2011-03-31,ENG,USD,2011-05-10,2011-05-10 15:52:30,Q1,77250000.0,71529000.0,5721000.0,0.07405825242718446,0.0,8320000.0,0.0,0.0,8320000.0,79849000.0,0.0,949000.0,-1650000.0,-0.021359223300970873,-2599000.0,-0.03364401294498382,-43000.0,-2859000.0,-0.03700970873786408,-886000.0,-1973000.0,-0.02554045307443366,-0.07,-0.07,26673000,26673000,https://www.sec.gov/Archives/edgar/data/933738/000093373811000006/0000933738-11-000006-index.htm,https://www.sec.gov/Archives/edgar/data/933738/000093373811000004/eng10k123110.htm,1620591645,16:20:45,20210509
41,2010-12-31,ENG,USD,2011-03-10,2011-03-10 16:31:02,Q4,93174000.0,85822000.0,7352000.0,0.0789061326121021,0.0,7788000.0,0.0,0.0,7788000.0,93610000.0,0.0,909000.0,473000.0,0.005076523493678494,-436000.0,-0.004679417004743813,-433000.0,-1056000.0,-0.011333633846351986,-560000.0,-496000.0,-0.0053233734732865395,-0.01832083625752595,-0.01832083625752595,27073000,27073000,https://www.sec.gov/Archives/edgar/data/933738/000093373811000004/0000933738-11-000004-index.htm,https://www.sec.gov/Archives/edgar/data/933738/000093373811000004/eng10k123110.htm,1620591645,16:20:45,20210509
42,2010-09-30,ENG,USD,2010-11-05,2010-11-05 13:52:26,Q3,85752000.0,79288000.0,6464000.0,0.07538016606026682,0.0,14531000.0,0.0,0.0,14531000.0,93819000.0,0.0,1235000.0,-6832000.0,-0.07967161115775725,-8067000.0,-0.09407360761265043,-34000.0,-8202000.0,-0.09564791491743632,-3001000.0,-5201000.0,-0.06065164660882545,-0.19,-0.19,27073000,27073000,https://www.sec.gov/Archives/edgar/data/933738/000144530510001285/0001445305-10-001285-index.htm,https://www.sec.gov/Archives/edgar/data/933738/000144530510001285/eng10q093010.htm,1620591645,16:20:45,20210509
43,2010-06-30,ENG,USD,2010-08-05,2010-08-05 16:08:21,Q2,73705000.0,69674000.0,4031000.0,0.05469099789702191,0.0,10273000.0,0.0,0.0,10273000.0,79947000.0,0.0,1147000.0,-5095000.0,-0.06912692490333085,-6242000.0,-0.08468896275693644,159000.0,-6161000.0,-0.08358998711077946,-1644000.0,-4517000.0,-0.061284851773963776,-0.16,-0.16,27434000,27434000,https://www.sec.gov/Archives/edgar/data/933738/000100009610000117/0001000096-10-000117-index.htm,https://www.sec.gov/Archives/edgar/data/933738/000100009610000117/englobal10q.htm,1620591645,16:20:45,20210509
44,2010-03-31,ENG,USD,2010-05-05,2010-05-05 16:12:22,Q1,67984000.0,63112000.0,4872000.0,0.07166392092257001,0.0,7383000.0,0.0,0.0,7383000.0,70495000.0,0.0,1050000.0,-1461000.0,-0.021490350670746058,-2511000.0,-0.03693516121440339,-11000.0,-2598000.0,-0.03821487408802071,-1060000.0,-1538000.0,-0.022622970110614263,-0.06,-0.06,27434000,27434000,https://www.sec.gov/Archives/edgar/data/933738/000100009610000059/0001000096-10-000059-index.htm,https://www.sec.gov/Archives/edgar/data/933738/000100009610000059/englobal10q.htm,1620591645,16:20:45,20210509
45,2009-12-31,ENG,USD,2010-03-08 00:00:00,2010-03-08 12:51:36,Q4,82823000.0,76469000.0,6354000.0,0.0767178199292467,0.0,7189000.0,0.0,0.0,7189000.0,83658000.0,0.0,1082000.0,247000.0,0.0029822633809449065,-835000.0,-0.01008174057930768,-8000.0,-937000.0,-0.011313282542288979,-176000.0,-761000.0,-0.009188268959105562,-0.027870353415125435,-0.027870353415125435,27305000,27305000,https://www.sec.gov/Archives/edgar/data/933738/000105050210000048/0001050502-10-000048-index.html,https://www.sec.gov/Archives/edgar/data/933738/000105050210000048/englobal1209.txt,1620591645,16:20:45,20210509
46,2009-09-30,ENG,USD,2009-11-09 00:00:00,2009-11-09 16:23:33,Q3,87271000.0,80103000.0,7168000.0,0.08213495892106198,0.0,6980000.0,0.0,0.0,6980000.0,87083000.0,0.0,1102000.0,1290000.0,0.014781542551362995,188000.0,0.0021542093020591032,31000.0,71000.0,0.0008135577683308316,140000.0,-69000.0,-0.0007906406480961602,-0.002527009705182201,-0.002527009705182201,27305000,27305000,https://www.sec.gov/Archives/edgar/data/933738/000100009609000246/0001000096-09-000246-index.html,https://www.sec.gov/Archives/edgar/data/933738/000100009609000246/englobal93009.txt,1620591645,16:20:45,20210509
47,2009-06-30,ENG,USD,2009-08-10 00:00:00,2009-08-10 11:35:13,Q2,79879000.0,72832000.0,7047000.0,0.08822093416292141,0.0,6751000.0,0.0,0.0,6751000.0,79583000.0,0.0,1375000.0,1671000.0,0.020919140199551822,296000.0,0.0037056047271498142,-113000.0,63000.0,0.0007886928980082374,13000.0,50000.0,0.0006259467444509821,0.001831636017290644,0.0018125793003443901,27298000,27585000,https://www.sec.gov/Archives/edgar/data/933738/000105050209000195/0001050502-09-000195-index.html,https://www.sec.gov/Archives/edgar/data/933738/000105050209000195/englobal609.txt,1620591645,16:20:45,20210509
48,2009-03-31,ENG,USD,2009-05-11 00:00:00,2009-05-11 14:39:13,Q1,93489000.0,83005000.0,10484000.0,0.11214153536779728,0.0,7062000.0,0.0,0.0,7062000.0,90067000.0,0.0,1236000.0,4658000.0,0.0498240434703548,3422000.0,0.03660323674442983,219000.0,3430000.0,0.03668880830899892,1417000.0,2013000.0,0.021531944934698198,0.0737497710203334,0.07320532402356535,27295000,27498000,https://www.sec.gov/Archives/edgar/data/933738/000100009609000154/0001000096-09-000154-index.html,https://www.sec.gov/Archives/edgar/data/933738/000100009609000154/englobal33109.txt,1620591645,16:20:45,20210509
49,2008-12-31,ENG,USD,2009-03-16 00:00:00,2009-03-16 15:34:51,Q4,135988000.0,120462000.0,15526000.0,0.11417183869164926,0.0,8832000.0,0.0,0.0,8832000.0,129294000.0,320000.0,1249000.0,7943000.0,0.05840956554990146,6694000.0,0.04922493161161279,-134000.0,6240000.0,0.045886401741330116,2182000.0,4058000.0,0.029840868311909876,0.14879730126136698,0.14879730126136698,27272000,27272000,https://www.sec.gov/Archives/edgar/data/933738/000105050209000073/0001050502-09-000073-index.html,https://www.sec.gov/Archives/edgar/data/933738/000105050209000073/englobal1208.txt,1620591645,16:20:45,20210509
50,2008-09-30,ENG,USD,2008-11-07 00:00:00,2008-11-07 17:16:35,Q3,123167000.0,109533000.0,13634000.0,0.11069523492493931,0.0,7449000.0,0.0,0.0,7449000.0,116982000.0,360000.0,1148000.0,7333000.0,0.05953705132056476,6185000.0,0.0502163728920896,49000.0,5874000.0,0.047691345896222204,2379000.0,3495000.0,0.028376107236516273,0.12815341742446465,0.12501788524824725,27272000,27956000,https://www.sec.gov/Archives/edgar/data/933738/000100009608000358/0001000096-08-000358-index.html,https://www.sec.gov/Archives/edgar/data/933738/000100009608000358/englobal908.txt,1620591645,16:20:45,20210509
51,2008-06-30,ENG,USD,2008-08-11 00:00:00,2008-08-11 17:10:09,Q2,136011000.0,115710000.0,20301000.0,0.1492599863246355,0.0,8701000.0,0.0,0.0,8701000.0,124411000.0,413000.0,1134000.0,12734000.0,0.09362478034864827,11600000.0,0.08528721941607664,59000.0,11246000.0,0.08268448875458603,4544000.0,6702000.0,0.049275426252288416,0.25,0.24,27096000,27641000,https://www.sec.gov/Archives/edgar/data/933738/000105050208000202/0001050502-08-000202-index.html,https://www.sec.gov/Archives/edgar/data/933738/000105050208000202/englobal608.txt,1620591645,16:20:45,20210509
52,2008-03-31,ENG,USD,2008-05-07 00:00:00,2008-05-06 18:16:37,Q1,98166000.0,83820000.0,14346000.0,0.146140211478516,0.0,7226000.0,0.0,0.0,7226000.0,91046000.0,483000.0,1111000.0,8231000.0,0.08384776806633662,7120000.0,0.07253020394026445,26000.0,6663000.0,0.06787482427724467,2660000.0,4003000.0,0.04077786606360655,0.14793052475979304,0.14542085951974426,27060000,27527000,https://www.sec.gov/Archives/edgar/data/933738/000105050208000126/0001050502-08-000126-index.html,https://www.sec.gov/Archives/edgar/data/933738/000105050208000126/englobal308.txt,1620591645,16:20:45,20210509
53,2007-12-31,ENG,USD,2007-12-31,2007-12-31,Q4,95166000.0,81385000.0,13781000.0,0.14481012126179518,0.0,13436000.0,0.0,0.0,11137000.0,92522000.0,618000.0,1140000.0,3784000.0,0.039762099909631594,2644000.0,0.027783031755038563,-118000.0,1908000.0,0.02004917722716096,487000.0,1421000.0,0.014931803375154993,0.05272140392535154,0.05272140392535154,26953000,26953000,,,1620591645,16:20:45,20210509
54,2007-09-30,ENG,USD,2007-11-09 00:00:00,2007-11-09 15:56:16,Q3,96826000.0,80487000.0,16339000.0,0.16874599797575032,0.0,7722000.0,0.0,0.0,8603000.0,89090000.0,636000.0,1467436.0,9203436.0,0.09505128787722306,7736000.0,0.07989589573048561,-53000.0,7047000.0,0.0727800384194328,3072000.0,3975000.0,0.04105302294838163,0.15,0.14,26953000,27417000,https://www.sec.gov/Archives/edgar/data/933738/000105050207000410/0001050502-07-000410-index.html,https://www.sec.gov/Archives/edgar/data/933738/000105050207000410/englobal907.txt,1620591645,16:20:45,20210509
55,2007-06-30,ENG,USD,2007-08-09 00:00:00,2007-08-09 10:31:24,Q2,89576296.0,75357142.0,14219154.0,0.1587379098595459,0.0,6570025.0,0.0,0.0,7289942.0,82647084.0,700088.0,873915.0,7803127.0,0.08711151664498384,6929212.0,0.0773554200097758,515247.0,6744371.0,0.07529191651327043,2831074.0,3913297.0,0.04368674721714325,0.15,0.14,26864358,27290047,https://www.sec.gov/Archives/edgar/data/933738/000105050207000309/0001050502-07-000309-index.html,https://www.sec.gov/Archives/edgar/data/933738/000105050207000309/englobal607.txt,1620591645,16:20:45,20210509
56,2007-03-31,ENG,USD,2007-05-10 00:00:00,2007-05-10 13:15:57,Q1,81658632.0,68380907.0,13277725.0,0.16260038497828375,0.0,7743688.0,0.0,0.0,7743688.0,76124595.0,0.0,1068649.0,6602686.0,0.08085717135207457,5534037.0,0.06777038586686096,-131.0,4974063.0,0.060912886711107284,1819720.0,3154343.0,0.038628408568000504,0.11765982670151963,0.115713463576673,26809006,27259948,https://www.sec.gov/Archives/edgar/data/933738/000105050207000162/0001050502-07-000162-index.html,https://www.sec.gov/Archives/edgar/data/933738/000105050207000162/englobal307.txt,1620591645,16:20:45,20210509
57,2006-12-31,ENG,USD,2006-12-31,2006-12-31,Q4,78894263.0,76129224.0,2765039.0,0.03504740262292583,0.0,10963270.0,0.0,0.0,9813616.0,85942840.0,525511.0,1443978.0,-5604599.0,-0.07103937329384774,-7048577.0,-0.08934207294641944,243684.0,-7330404.0,-0.09291428452788766,-1849359.0,-5481045.0,-0.06947330251377087,-0.2056999162720771,-0.2056999162720771,26645830,26645830,,,1620591645,16:20:45,20210509
58,2006-09-30,ENG,USD,2006-11-14,2006-11-14,Q3,82503548.0,77954573.0,4548975.0,0.055136719695982044,0.0,6411171.0,0.0,0.0,6804424.0,84758997.0,371141.0,672196.0,-1583253.0,-0.019190120163074684,-2255449.0,-0.027337600075090104,-19912.0,-2646502.0,-0.032077432597201756,-1076116.0,-1570386.0,-0.019034163233804198,-0.06,-0.06,26645830,26645830,https://www.sec.gov/Archives/edgar/data/933738/000105050206000460/0001050502-06-000460-index.htm,https://www.sec.gov/Archives/edgar/data/933738/000105050206000460/englobal906.txt,1620591645,16:20:45,20210509
59,2006-06-30,ENG,USD,2006-08-14,2006-08-14,Q2,75065714.0,64337124.0,10728590.0,0.14292263975534822,0.0,6812569.0,0.0,0.0,7166289.0,71503413.0,252996.0,604367.0,4166668.0,0.05550693889356731,3562301.0,0.047455766556753196,387355.0,3696660.0,0.04924565161666217,1365225.0,2331435.0,0.031058586880289982,0.08816437337736066,0.08574094729268951,26444185,27191617,https://www.sec.gov/Archives/edgar/data/933738/000105050206000340/0001050502-06-000340-index.htm,https://www.sec.gov/Archives/edgar/data/933738/000105050206000340/englobal606.txt,1620591645,16:20:45,20210509
60,2006-03-31,ENG,USD,2006-05-15,2006-05-15,Q1,66626836.0,58405208.0,8221628.0,0.12339814545598413,0.0,6100351.0,0.0,0.0,6100351.0,64505559.0,162146.0,648703.0,2769980.0,0.04157453912414511,2121277.0,0.031838177037252675,21752.0,1980883.0,0.02973100808809231,746740.0,1234143.0,0.01852321187816873,0.04686749148451034,0.04529572349643789,26332602,27246347,https://www.sec.gov/Archives/edgar/data/933738/000105050206000195/0001050502-06-000195-index.htm,https://www.sec.gov/Archives/edgar/data/933738/000105050206000195/englobal306.txt,1620591645,16:20:45,20210509
61,2005-12-31,ENG,USD,2005-12-31,2005-12-31,Q4,70270684.0,62813606.0,7457078.0,0.10611933135587523,0.0,6697285.0,0.0,0.0,5883107.0,68696713.0,157425.0,0.0,1538487.0,0.021893724558024793,1573971.0,0.022398686200350633,35484.0,1452030.0,0.020663382186517497,730837.0,721193.0,0.010263070728043574,0.030187006385124476,0.030187006385124476,23890842,23890842,,,1620591645,16:20:45,20210509
62,2005-09-30,ENG,USD,2005-09-30,2005-09-30,Q3,59265617.0,51427251.0,7838366.0,0.1322582366770939,0.0,4815324.0,0.0,0.0,5073110.0,56500361.0,0.0,0.0,3017233.0,0.05091034486319446,2765256.0,0.046658689135051105,5809.0,2571969.0,0.043397320912055976,951629.0,1620340.0,0.02734030424419609,0.06782264099356565,0.06507900519900257,23890842,24898045,,,1620591645,16:20:45,20210509
63,2005-06-30,ENG,USD,2005-06-30,2005-06-30,Q2,59419270.0,51969694.0,7449576.0,0.12537306500063028,0.0,4387419.0,0.0,0.0,4834233.0,56803927.0,246728.0,0.0,3017856.0,0.05078918000843834,2615343.0,0.044015064473191944,44301.0,2412916.0,0.04060830770893012,892779.0,1520137.0,0.025583232510261403,0.06470639014215479,0.06292862901431394,23492842,24156525,,,1620591645,16:20:45,20210509
64,2005-03-31,ENG,USD,2005-03-31,2005-03-31,Q1,44629262.0,38782329.0,5846933.0,0.13101119619679125,0.0,3788737.0,0.0,0.0,4217608.0,42999937.0,196824.0,0.0,2029251.0,0.045469069150191194,1629325.0,0.03650799782438706,28945.0,1461446.0,0.032746362689125355,540735.0,920711.0,0.020630208942285445,0.03917908478887547,0.03834318762721305,23500064,24012375,,,1620591645,16:20:45,20210509
65,2004-12-31,ENG,USD,2004-12-31,2004-12-31,Q4,46340943.0,41003376.0,5337567.0,0.11518037084398564,0.0,4565557.0,0.0,0.0,3707694.0,44711070.0,172060.0,0.0,1563528.0,0.033739667317516604,1629873.0,0.03517133865834366,66345.0,1524158.0,0.032890094618920465,807125.0,717033.0,0.015472991130111444,0.029801016920172153,0.029801016920172153,24060689,24060689,,,1620591645,16:20:45,20210509
66,2004-09-30,ENG,USD,2004-09-30,2004-09-30,Q3,37272033.0,32452087.0,4819946.0,0.12931803317516916,0.0,3256566.0,0.0,0.0,3577600.0,36029687.0,0.0,0.0,1539384.0,0.04130131565401866,1242346.0,0.03333185501311399,23996.0,1144131.0,0.030696769344457277,389005.0,755126.0,0.020259855425648503,0.03138422179015738,0.031181873297516365,24060689,24216826,,,1620591645,16:20:45,20210509
67,2004-06-30,ENG,USD,2004-06-30,2004-06-30,Q2,34282731.0,30143815.0,4138916.0,0.12072888825572269,0.0,3093814.0,0.0,0.0,3370971.0,33514786.0,124890.0,0.0,1049820.0,0.03062241453284454,767945.0,0.022400344943347715,-4718.0,638337.0,0.018619782653838166,217034.0,421303.0,0.012289073469671946,0.017528046338615644,0.017303684566057034,24035936,24347589,,,1620591645,16:20:45,20210509
68,2004-03-31,ENG,USD,2004-05-07,2004-05-07 16:43:41,Q1,30992534.0,26831817.0,4160717.0,0.13424900977764515,0.0,3049095.0,0.0,0.0,3308767.0,30140584.0,171210.0,0.0,1078836.0,0.03480954477617093,851950.0,0.027488878450532633,32786.0,713526.0,0.02302251245412847,242599.0,470927.0,0.015194853057191128,0.0195939650885435,0.01923138885831763,24034288,24487415,https://www.sec.gov/Archives/edgar/data/933738/000119312504082193/0001193125-04-082193-index.htm,https://www.sec.gov/Archives/edgar/data/933738/000119312504053483/d10k.htm,1620591645,16:20:45,20210509
69,2003-12-31,ENG,USD,2004-03-30,2004-03-30 13:15:05,Q4,34311174.0,30226232.0,4084942.0,0.11905573385509921,0.0,3477935.0,0.0,0.0,2805364.0,33031596.0,163150.0,0.0,1298533.0,0.037845775839672524,1279578.0,0.03729333190406134,-18955.0,1097473.0,0.031985877253864876,235894.0,888012.0,0.02588113131891086,0.037872467808730756,0.037872467808730756,23447429,23447429,https://www.sec.gov/Archives/edgar/data/933738/000119312504053483/0001193125-04-053483-index.htm,https://www.sec.gov/Archives/edgar/data/933738/000119312504053483/d10k.htm,1620591645,16:20:45,20210509
70,2003-09-30,ENG,USD,2003-11-13,2003-11-13 15:30:26,Q3,35910394.0,31501408.0,4408986.0,0.12277743318550055,0.0,3011636.0,0.0,0.0,3249157.0,34750565.0,206619.0,0.0,1698949.0,0.04731078695488554,1159829.0,0.03229786339854695,-301599.0,651611.0,0.01814547064006037,269601.0,382010.0,0.010637867131170991,0.02,0.01,23447429,24061823,https://www.sec.gov/Archives/edgar/data/933738/000119312503080039/0001193125-03-080039-index.htm,https://www.sec.gov/Archives/edgar/data/933738/000119312503080039/d10q.htm,1620591645,16:20:45,20210509
71,2003-06-30,ENG,USD,2003-08-14,2003-08-13 20:29:48,Q2,29894053.0,25533436.0,4360617.0,0.14586904626147548,0.0,3107422.0,0.0,0.0,3296343.0,28829779.0,0.0,0.0,1258133.0,0.042086397585499695,1064274.0,0.035601529173712246,-4938.0,846536.0,0.028317873123460374,312509.0,534027.0,0.017863987864074504,0.023359535954347803,0.022869945708466104,22861199,23350602,https://www.sec.gov/Archives/edgar/data/933738/000119312503036441/0001193125-03-036441-index.htm,https://www.sec.gov/Archives/edgar/data/933738/000119312503036441/d10q.htm,1620591645,16:20:45,20210509
72,2003-03-31,ENG,USD,2003-05-13,2003-05-13 17:31:51,Q1,23603480.0,19484451.0,4119029.0,0.17450939437743926,0.0,2842414.0,0.0,0.0,3088544.0,22572995.0,0.0,0.0,1306296.0,0.05534336462250482,1030485.0,0.04365818091230615,-29681.0,799146.0,0.03385712615258428,291492.0,507654.0,0.02150759125349313,0.02220592192036822,0.02179739756624195,22861199,23289661,https://www.sec.gov/Archives/edgar/data/933738/000119312503004787/0001193125-03-004787-index.htm,https://www.sec.gov/Archives/edgar/data/933738/000119312503004787/d10q.htm,1620591645,16:20:45,20210509
73,2002-12-31,ENG,USD,2002-12-31,2002-12-31,Q4,24534594.0,20315697.0,4218897.0,0.17195707416230324,0.0,3799813.0,0.0,0.0,3199960.0,23515657.0,186664.0,0.0,1012845.0,0.04128232160678917,1018937.0,0.04153062406494275,6092.0,838365.0,0.03417073052034201,313459.0,524906.0,0.02139452562369689,0.022960563004591317,0.022960563004591317,22861199,22861199,,,1620591645,16:20:45,20210509
74,2002-09-30,ENG,USD,2002-09-30,2002-09-30,Q3,23509392.0,19961220.0,3548172.0,0.15092572364270415,0.0,2430050.0,0.0,0.0,2621594.0,22582814.0,229746.0,0.0,1119517.0,0.047619989491859256,926578.0,0.03941309924135852,-1395.0,695437.0,0.0295812414034357,233714.0,461723.0,0.019639937944800956,0.02,0.02,22861199,22861199,,,1620591645,16:20:45,20210509
75,2002-06-30,ENG,USD,2002-06-30,2002-06-30,Q2,22814394.0,18862197.0,3952197.0,0.1732326092027691,0.0,2704322.0,0.0,0.0,2892241.0,21754438.0,201264.0,0.0,1227086.0,0.053785605701383084,1059956.0,0.04645996733465724,20789.0,879481.0,0.038549391230816826,380228.0,499253.0,0.02188324616468007,0.02,0.02,22861199,22861199,,,1620591645,16:20:45,20210509
76,2002-03-31,ENG,USD,2002-03-31,2002-03-31,Q1,20702727.0,17478606.0,3224121.0,0.1557341214034267,0.0,2444228.0,0.0,0.0,2664618.0,20143224.0,233340.0,0.0,662820.0,0.03201607208557597,559503.0,0.027025570109676857,117073.0,443236.0,0.021409546674696526,177294.0,265942.0,0.012845747325944065,0.01,0.01,22861199,22861199,,,1620591645,16:20:45,20210509
77,2001-12-31,ENG,USD,2001-12-31,2001-12-31,Q4,5194510.0,4298092.0,896418.0,0.17257027130566693,0.0,882283.0,0.0,0.0,713791.0,5011883.0,11437.0,97266.0,279893.0,0.053882464371037886,182627.0,0.03515769533603747,13695.0,137123.0,0.026397677548026667,93130.0,43993.0,0.008469133758525827,0.0033932339564353587,0.0033932339564353587,12964918,12964918,,,1620591645,16:20:45,20210509
78,2001-09-30,ENG,USD,2001-11-14,2001-11-14,Q3,5755832.0,4159823.0,1596009.0,0.27728554273300543,0.0,1039688.0,0.0,0.0,1108983.0,5268806.0,18198.0,97837.0,584863.0,0.10161224302585621,487026.0,0.08461435288590773,0.0,483837.0,0.08406030613819167,177000.0,306837.0,0.05330888740324596,0.02,0.02,12964918,12964918,https://www.sec.gov/Archives/edgar/data/933738/000089924301501794/0000899243-01-501794-index.htm,https://www.sec.gov/Archives/edgar/data/933738/000089924301501794/d10qsb.txt,1620591645,16:20:45,20210509
79,2001-06-30,ENG,USD,2001-06-30,2001-06-30,Q2,5149490.0,3715135.0,1434355.0,0.27854311786215724,0.0,866269.0,0.0,0.0,932872.0,4648007.0,21823.0,38063.0,539546.0,0.10477658952634145,501483.0,0.0973849837556729,18123.0,497783.0,0.09666646599954559,205000.0,292783.0,0.05685669843032999,0.023,0.023,12964918,12964918,,,1620591645,16:20:45,20210509
80,2001-03-31,ENG,USD,2001-03-31,2001-03-31,Q1,5953906.0,4627101.0,1326805.0,0.2228461450348729,0.0,754898.0,0.0,0.0,787489.0,5414590.0,17227.0,32592.0,571908.0,0.09605593370133825,539316.0,0.09058188019763833,14630.0,536719.0,0.09014569595153164,198500.0,338219.0,0.05680623778742896,0.026,0.026,12964918,12964918,,,1620591645,16:20:45,20210509
81,2000-12-31,ENG,USD,2000-12-31,2000-12-31,Q4,5110921.0,4313321.0,797600.0,0.15605797859133413,0.0,607713.0,0.0,0.0,686092.0,4999413.0,34963.0,78379.0,189887.0,0.03715318628482029,111508.0,0.02181759412833812,-9929.0,118984.0,0.02328034418845449,41768.0,77216.0,0.015108040214278405,0.005955764625738474,0.005955764625738474,12964918,12964918,,,1620591645,16:20:45,20210509
82,2000-09-30,ENG,USD,2000-11-13,2000-11-13,Q3,5141149.0,3467569.0,1673580.0,0.3255264533278456,0.0,1139025.0,0.0,0.0,1276883.0,4744452.0,18988.0,0.0,534555.0,0.10397578440150247,396697.0,0.07716115599839647,0.0,377709.0,0.07346781818616811,81000.0,296709.0,0.05771258526061003,0.023,0.023,12964918,12964918,https://www.sec.gov/Archives/edgar/data/933738/000089924300002461/0000899243-00-002461-index.htm,https://www.sec.gov/Archives/edgar/data/933738/000089924300002461/0000899243-00-002461-0001.txt,1620591645,16:20:45,20210509
83,2000-06-30,ENG,USD,2000-06-30,2000-06-30,Q2,3331742.0,2630377.0,701365.0,0.2105099974727935,0.0,922838.0,0.0,0.0,922838.0,3553215.0,0.0,0.0,-239196.0,-0.07179307401353406,-221473.0,-0.06647363451311657,17723.0,-225092.0,-0.06755985307385746,-71254.0,-153838.0,-0.046173443201784535,-0.012,-0.012,12964918,12964918,,,1620591645,16:20:45,20210509
84,2000-03-31,ENG,USD,2000-03-31,2000-03-31,Q1,3392211.0,2399250.0,992961.0,0.2927179352935298,0.0,712575.0,0.0,0.0,758203.0,3157453.0,17003.0,45628.0,280386.0,0.08265582535992012,234758.0,0.06920501112696115,14290.0,232045.0,0.06840523776380655,71254.0,160791.0,0.04740005854588644,0.012,0.012,12964918,12964918,,,1620591645,16:20:45,20210509
85,1999-12-31,ENG,USD,1999-12-31,1999-12-31,Q4,3100000.0,2500000.0,600000.0,0.1935483870967742,0.0,800000.0,0.0,0.0,800000.0,3300000.0,0.0,0.0,-1100000.0,-0.3548387096774194,-200000.0,-0.06451612903225806,900000.0,600000.0,0.1935483870967742,100000.0,0.0,0.0,0.0,0.0,10000000,10000000,,,1620591645,16:20:45,20210509
86,1999-09-30,ENG,USD,1999-09-30,1999-09-30,Q3,3000000.0,2200000.0,800000.0,0.26666666666666666,0.0,600000.0,0.0,0.0,600000.0,2800000.0,0.0,0.0,300000.0,0.1,200000.0,0.06666666666666667,-100000.0,0.0,0.0,-100000.0,100000.0,0.03333333333333333,0.01,0.01,10000000,10000000,,,1620591645,16:20:45,20210509
87,1999-06-30,ENG,USD,1999-06-30,1999-06-30,Q2,3300000.0,2400000.0,900000.0,0.2727272727272727,0.0,600000.0,0.0,0.0,600000.0,3000000.0,0.0,0.0,900000.0,0.2727272727272727,300000.0,0.09090909090909091,-600000.0,-400000.0,-0.12121212121212122,100000.0,-500000.0,-0.15151515151515152,-0.04,-0.04,12500000,12500000,,,1620591645,16:20:45,20210509
88,1999-03-31,ENG,USD,1999-03-31,1999-03-31,Q1,2900000.0,2100000.0,800000.0,0.27586206896551724,0.0,600000.0,0.0,0.0,600000.0,2700000.0,0.0,0.0,200000.0,0.06896551724137931,200000.0,0.06896551724137931,0.0,200000.0,0.06896551724137931,100000.0,100000.0,0.034482758620689655,0.01,0.01,10000000,10000000,,,1620591645,16:20:45,20210509
89,1998-12-31,ENG,USD,1998-12-31,1998-12-31,Q4,3000000.0,2900000.0,100000.0,0.03333333333333333,0.0,500000.0,0.0,0.0,600000.0,3500000.0,0.0,100000.0,-400000.0,-0.13333333333333333,-500000.0,-0.16666666666666666,0.0,-500000.0,-0.16666666666666666,-200000.0,-300000.0,-0.1,-0.03,-0.03,10000000,10000000,,,1620591645,16:20:45,20210509
90,1998-09-30,ENG,USD,1998-11-18,1998-11-18,Q3,3600000.0,2700000.0,900000.0,0.25,0.0,600000.0,0.0,0.0,600000.0,3300000.0,0.0,0.0,300000.0,0.08333333333333333,300000.0,0.08333333333333333,0.0,300000.0,0.08333333333333333,100000.0,200000.0,0.05555555555555555,0.02,0.02,10000000,10000000,https://www.sec.gov/Archives/edgar/data/933738/0001047469-98-041650-index.html,https://www.sec.gov/Archives/edgar/data/933738/,1620591645,16:20:45,20210509
91,1998-06-30,ENG,USD,1998-06-30,1998-06-30,Q2,3200000.0,2300000.0,900000.0,0.28125,0.0,600000.0,0.0,0.0,600000.0,2900000.0,0.0,0.0,300000.0,0.09375,300000.0,0.09375,0.0,300000.0,0.09375,100000.0,200000.0,0.0625,0.01,0.01,13023718,13023718,,,1620591645,16:20:45,20210509
92,1998-03-31,ENG,USD,1998-05-15,1998-05-15,Q1,2600000.0,2000000.0,600000.0,0.23076923076923078,0.0,300000.0,0.0,0.0,300000.0,2300000.0,0.0,0.0,300000.0,0.11538461538461539,300000.0,0.11538461538461539,0.0,300000.0,0.11538461538461539,100000.0,200000.0,0.07692307692307693,0.02,0.02,10000000,10000000,https://www.sec.gov/Archives/edgar/data/933738/0000890566-98-001000-index.html,https://www.sec.gov/Archives/edgar/data/933738/,1620591645,16:20:45,20210509
93,1997-12-31,ENG,USD,1997-12-31,1997-12-31,Q4,2700000.0,2300000.0,400000.0,0.14814814814814814,0.0,700000.0,0.0,0.0,600000.0000000001,2900000.0,0.0,100000.0,-100000.0,-0.037037037037037035,-200000.0,-0.07407407407407407,0.0,-200000.0,-0.07407407407407407,-100000.0,-100000.0,-0.037037037037037035,-0.00787,-0.00787,12700000,12700000,,,1620591645,16:20:45,20210509
94,1997-09-30,ENG,USD,1997-09-30,1997-09-30,Q3,3500000.0,2500000.0,1000000.0,0.2857142857142857,0.0,500000.0,0.0,0.0,600000.0000000001,3100000.0,0.0,0.0,400000.0,0.114286,400000.0,0.11428571428571428,0.0,400000.0,0.11428571428571428,100000.0,300000.0,0.08571428571428572,0.02362,0.02362,12700000,12700000,,,1620591645,16:20:45,20210509
95,1997-06-30,ENG,USD,1997-06-30,1997-06-30,Q2,2800000.0,2100000.0,700000.0,0.25,0.0,400000.0,0.0,0.0,500000.0,2600000.0,0.0,0.0,300000.0,0.107143,300000.0,0.10714285714285714,0.0,300000.0,0.10714285714285714,100000.0,200000.0,0.07142857142857142,0.01575,0.01575,12700000,12700000,,,1620591645,16:20:45,20210509
96,1997-03-31,ENG,USD,1997-03-31,1997-03-31,Q1,1500000.0,1000000.0,400000.0,0.26666666666666666,0.0,300000.0,0.0,0.0,399999.9999999999,1400000.0,0.0,0.0,100000.0,0.066667,100000.0,0.06666666666666667,0.0,100000.0,0.06666666666666667,0.0,100000.0,0.06666666666666667,0.00775,0.00775,12900000,12900000,,,1620591645,16:20:45,20210509
