,date,symbol,reportedCurrency,fillingDate,acceptedDate,period,revenue,costOfRevenue,grossProfit,grossProfitRatio,researchAndDevelopmentExpenses,generalAndAdministrativeExpenses,sellingAndMarketingExpenses,otherExpenses,operatingExpenses,costAndExpenses,interestExpense,depreciationAndAmortization,ebitda,ebitdaratio,operatingIncome,operatingIncomeRatio,totalOtherIncomeExpensesNet,incomeBeforeTax,incomeBeforeTaxRatio,incomeTaxExpense,netIncome,netIncomeRatio,eps,epsdiluted,weightedAverageShsOut,weightedAverageShsOutDil,link,finalLink,timestamp,est_time,est_date
0,2020-09-30,ADA.L,GBP,2020-09-30,2020-09-30,Q3,-37750.0,0.0,0.0,0.0,0.0,38000.0,0.0,0.0,0.0,0.0,0.0,0.0,0.0,0.0,0.0,0.0,0.0,-75750.0,2.006622516556291,0.0,-75750.0,2.006622516556291,-0.000913715951174204,-0.000913715951174204,82903226.0,82903226.0,https://find-and-update.company-information.service.gov.uk/search/companies?q=Adams+PLC,https://find-and-update.company-information.service.gov.uk/search/companies?q=Adams+PLC,1620586155,14:49:15,20210509
1,2020-06-30,ADA.L,GBP,2020-06-30,2020-06-30,Q2,-37750.0,0.0,0.0,0.0,0.0,38000.0,0.0,0.0,0.0,0.0,0.0,0.0,0.0,0.0,0.0,0.0,0.0,-75750.0,2.006622516556291,0.0,-75750.0,2.006622516556291,-0.000913715951174204,-0.000913715951174204,82903226.0,82903226.0,https://find-and-update.company-information.service.gov.uk/search/companies?q=Adams+PLC,https://find-and-update.company-information.service.gov.uk/search/companies?q=Adams+PLC,1620586155,14:49:15,20210509
2,2020-03-31,ADA.L,GBP,2020-03-31,2020-03-31,Q1,-37750.0,0.0,0.0,0.0,0.0,38000.0,0.0,0.0,0.0,0.0,0.0,0.0,0.0,0.0,0.0,0.0,0.0,-75750.0,2.006622516556291,0.0,-75750.0,2.006622516556291,-0.000913715951174204,-0.000913715951174204,82903226.0,82903226.0,https://find-and-update.company-information.service.gov.uk/search/companies?q=Adams+PLC,https://find-and-update.company-information.service.gov.uk/search/companies?q=Adams+PLC,1620586155,14:49:15,20210509
3,2020-01-31,ADA.L,GBP,2020-01-31,2020-01-31,Q1,-37750.0,0.0,0.0,0.0,0.0,38000.0,0.0,0.0,0.0,0.0,0.0,0.0,0.0,0.0,0.0,0.0,0.0,-75750.0,2.006622516556291,0.0,-75750.0,2.006622516556291,-0.000913715951174204,-0.000913715951174204,82903226.0,82903226.0,https://find-and-update.company-information.service.gov.uk/search/companies?q=Adams+PLC,https://find-and-update.company-information.service.gov.uk/search/companies?q=Adams+PLC,1620586155,14:49:15,20210509
4,2019-06-30,ADA.L,GBP,2019-06-30,2019-06-30,Q2,107250.0,0.0,0.0,0.0,0.0,43000.0,0.0,0.0,0.0,0.0,0.0,0.0,0.0,0.0,0.0,0.0,0.0,64250.0,0.5990675990675991,0.0,64250.0,0.5990675990675991,0.000775,0.000775,82903226.0,82903226.0,https://find-and-update.company-information.service.gov.uk/search/companies?q=Adams+PLC,https://find-and-update.company-information.service.gov.uk/search/companies?q=Adams+PLC,1620586155,14:49:15,20210509
5,2019-03-31,ADA.L,GBP,2019-03-31,2019-03-31,Q1,107250.0,0.0,0.0,0.0,0.0,43000.0,0.0,0.0,0.0,0.0,0.0,0.0,0.0,0.0,0.0,0.0,0.0,64250.0,0.5990675990675991,0.0,64250.0,0.5990675990675991,0.000775,0.000775,82903226.0,82903226.0,https://find-and-update.company-information.service.gov.uk/search/companies?q=Adams+PLC,https://find-and-update.company-information.service.gov.uk/search/companies?q=Adams+PLC,1620586155,14:49:15,20210509
6,2019-01-31,ADA.L,GBP,2019-01-31,2019-01-31,Q1,107250.0,0.0,0.0,0.0,0.0,43000.0,0.0,0.0,0.0,0.0,0.0,0.0,0.0,0.0,0.0,0.0,0.0,64250.0,0.5990675990675991,0.0,64250.0,0.5990675990675991,0.000775,0.000775,82903226.0,82903226.0,https://find-and-update.company-information.service.gov.uk/search/companies?q=Adams+PLC,https://find-and-update.company-information.service.gov.uk/search/companies?q=Adams+PLC,1620586155,14:49:15,20210509
7,2018-06-30,ADA.L,GBP,2018-06-30,2018-06-30,Q2,83750.0,0.0,0.0,0.0,0.0,38750.0,0.0,0.0,0.0,0.0,0.0,0.0,0.0,0.0,0.0,0.0,0.0,45000.0,0.5373134328358209,0.0,45000.0,0.5373134328358209,0.000625,0.000625,72000000.0,72000000.0,https://find-and-update.company-information.service.gov.uk/search/companies?q=Adams+PLC,https://find-and-update.company-information.service.gov.uk/search/companies?q=Adams+PLC,1620586155,14:49:15,20210509
8,2018-03-31,ADA.L,GBP,2018-03-31,2018-03-31,Q1,83750.0,0.0,0.0,0.0,0.0,38750.0,0.0,0.0,0.0,0.0,0.0,0.0,0.0,0.0,0.0,0.0,0.0,45000.0,0.5373134328358209,0.0,45000.0,0.5373134328358209,0.000625,0.000625,72000000.0,72000000.0,https://find-and-update.company-information.service.gov.uk/search/companies?q=Adams+PLC,https://find-and-update.company-information.service.gov.uk/search/companies?q=Adams+PLC,1620586155,14:49:15,20210509
9,2018-01-31,ADA.L,GBP,2018-01-31,2018-01-31,Q1,83750.0,0.0,0.0,0.0,0.0,38750.0,0.0,0.0,0.0,0.0,0.0,0.0,0.0,0.0,0.0,0.0,0.0,45000.0,0.5373134328358209,0.0,45000.0,0.5373134328358209,0.000625,0.000625,72000000.0,72000000.0,https://find-and-update.company-information.service.gov.uk/search/companies?q=Adams+PLC,https://find-and-update.company-information.service.gov.uk/search/companies?q=Adams+PLC,1620586155,14:49:15,20210509
10,2017-06-30,ADA.L,GBP,2017-06-30,2017-06-30,Q2,40254.287821,0.0,0.0,0.0,0.0,37256.62808975,0.0,0.0,0.0,37256.62808975,0.0,0.0,0.0,0.0,-37256.62808975,-0.9255319148961276,0.0,2997.65973125,0.07446808510387234,0.0,2997.65973125,0.07446808510387234,3.85e-05,3.85e-05,77929740.0,77929740.0,https://find-and-update.company-information.service.gov.uk/search/companies?q=Adams+PLC,https://find-and-update.company-information.service.gov.uk/search/companies?q=Adams+PLC,1620586155,14:49:15,20210509
11,2017-03-31,ADA.L,GBP,2017-03-31,2017-03-31,Q1,40254.287821,0.0,0.0,0.0,0.0,37256.62808975,0.0,0.0,0.0,37256.62808975,0.0,0.0,0.0,0.0,-37256.62808975,-0.9255319148961276,0.0,2997.65973125,0.07446808510387234,0.0,2997.65973125,0.07446808510387234,3.85e-05,3.85e-05,77929740.0,77929740.0,https://find-and-update.company-information.service.gov.uk/search/companies?q=Adams+PLC,https://find-and-update.company-information.service.gov.uk/search/companies?q=Adams+PLC,1620586155,14:49:15,20210509
12,2017-01-31,ADA.L,GBP,2017-01-31,2017-01-31,Q1,40254.287821,0.0,0.0,0.0,0.0,37256.62808975,0.0,0.0,0.0,37256.62808975,0.0,0.0,0.0,0.0,-37256.62808975,-0.9255319148961276,0.0,2997.65973125,0.07446808510387234,0.0,2997.65973125,0.07446808510387234,3.85e-05,3.85e-05,77929740.0,77929740.0,https://find-and-update.company-information.service.gov.uk/search/companies?q=Adams+PLC,https://find-and-update.company-information.service.gov.uk/search/companies?q=Adams+PLC,1620586155,14:49:15,20210509
13,2016-06-30,ADA.L,GBP,2016-06-30,2016-06-30,Q2,5914.6776825,0.0,0.0,0.0,0.0,24250.1784985,0.0,0.0,3745.96253225,43177.14708275,0.0,0.0,0.0,0.0,-37262.46940025,-6.300000000084535,0.0,-46134.485924,-7.800000000084536,0.0,-46134.485924,-7.800000000084536,-0.0008265,-0.0008265,55823139.0,55823139.0,https://find-and-update.company-information.service.gov.uk/search/companies?q=Adams+PLC,https://find-and-update.company-information.service.gov.uk/search/companies?q=Adams+PLC,1620586155,14:49:15,20210509
14,2016-03-31,ADA.L,GBP,2016-03-31,2016-03-31,Q1,5914.6776825,0.0,0.0,0.0,0.0,24250.1784985,0.0,0.0,3745.96253225,43177.14708275,0.0,0.0,0.0,0.0,-37262.46940025,-6.300000000084535,0.0,-46134.485924,-7.800000000084536,0.0,-46134.485924,-7.800000000084536,-0.0008265,-0.0008265,55823139.0,55823139.0,https://find-and-update.company-information.service.gov.uk/search/companies?q=Adams+PLC,https://find-and-update.company-information.service.gov.uk/search/companies?q=Adams+PLC,1620586155,14:49:15,20210509
15,2016-01-31,ADA.L,GBP,2016-01-31,2016-01-31,Q1,5914.6776825,0.0,0.0,0.0,0.0,24250.1784985,0.0,0.0,3745.96253225,43177.14708275,0.0,0.0,0.0,0.0,-37262.46940025,-6.300000000084535,0.0,-46134.485924,-7.800000000084536,0.0,-46134.485924,-7.800000000084536,-0.0008265,-0.0008265,55823139.0,55823139.0,https://find-and-update.company-information.service.gov.uk/search/companies?q=Adams+PLC,https://find-and-update.company-information.service.gov.uk/search/companies?q=Adams+PLC,1620586155,14:49:15,20210509
16,2015-09-30,ADA.L,GBP,2015-09-30,2015-09-30,Q3,0.0,0.0,0.0,0.0,0.0,21390.70368075,0.0,0.0,3290.87748925,38759.2237635,0.0,0.0,0.0,0.0,-38759.2237635,0.0,0.0,-4570.66317975,0.0,0.0,-4570.66317975,0.0,-0.0001095,-0.0001095,34160317.0,34160317.0,https://find-and-update.company-information.service.gov.uk/search/companies?q=Adams+PLC,https://find-and-update.company-information.service.gov.uk/search/companies?q=Adams+PLC,1620586155,14:49:15,20210509
17,2015-06-30,ADA.L,GBP,2015-06-30,2015-06-30,Q2,0.0,0.0,0.0,0.0,0.0,21390.70368075,0.0,0.0,3290.87748925,38759.2237635,0.0,0.0,0.0,0.0,-38759.2237635,0.0,0.0,-4570.66317975,0.0,0.0,-4570.66317975,0.0,-0.0001095,-0.0001095,34160317.0,34160317.0,https://find-and-update.company-information.service.gov.uk/search/companies?q=Adams+PLC,https://find-and-update.company-information.service.gov.uk/search/companies?q=Adams+PLC,1620586155,14:49:15,20210509
18,2015-03-31,ADA.L,GBP,2015-03-31,2015-03-31,Q1,0.0,0.0,0.0,0.0,0.0,21390.70368075,0.0,0.0,3290.87748925,38759.2237635,0.0,0.0,0.0,0.0,-38759.2237635,0.0,0.0,-4570.66317975,0.0,0.0,-4570.66317975,0.0,-0.0001095,-0.0001095,34160317.0,34160317.0,https://find-and-update.company-information.service.gov.uk/search/companies?q=Adams+PLC,https://find-and-update.company-information.service.gov.uk/search/companies?q=Adams+PLC,1620586155,14:49:15,20210509
19,2015-01-31,ADA.L,GBP,2015-01-31,2015-01-31,Q1,0.0,0.0,0.0,0.0,0.0,21390.70368075,0.0,0.0,3290.87748925,38759.2237635,0.0,0.0,0.0,0.0,-38759.2237635,0.0,0.0,-4570.66317975,0.0,0.0,-4570.66317975,0.0,-0.0001095,-0.0001095,34160317.0,34160317.0,https://find-and-update.company-information.service.gov.uk/search/companies?q=Adams+PLC,https://find-and-update.company-information.service.gov.uk/search/companies?q=Adams+PLC,1620586155,14:49:15,20210509
20,2014-09-30,ADA.L,GBP,2014-09-30,2014-09-30,Q3,0.0,0.0,0.0,0.0,0.0,11154.62797425,0.0,0.0,9708.65768125,20863.28565525,0.0,0.0,0.0,0.0,-20863.28565525,0.0,0.0,-24994.6293495,0.0,0.0,-24994.6293495,0.0,-0.001237,-0.001237,26996486.0,26996486.0,https://find-and-update.company-information.service.gov.uk/search/companies?q=Adams+PLC,https://find-and-update.company-information.service.gov.uk/search/companies?q=Adams+PLC,1620586155,14:49:15,20210509
21,2014-06-30,ADA.L,GBP,2014-06-30,2014-06-30,Q2,0.0,0.0,0.0,0.0,0.0,11154.62797425,0.0,0.0,9708.65768125,20863.28565525,0.0,0.0,0.0,0.0,-20863.28565525,0.0,0.0,-24994.6293495,0.0,0.0,-24994.6293495,0.0,-0.001237,-0.001237,26996486.0,26996486.0,https://find-and-update.company-information.service.gov.uk/search/companies?q=Adams+PLC,https://find-and-update.company-information.service.gov.uk/search/companies?q=Adams+PLC,1620586155,14:49:15,20210509
22,2014-03-31,ADA.L,GBP,2014-03-31,2014-03-31,Q1,0.0,0.0,0.0,0.0,0.0,11154.62797425,0.0,0.0,9708.65768125,20863.28565525,0.0,0.0,0.0,0.0,-20863.28565525,0.0,0.0,-24994.6293495,0.0,0.0,-24994.6293495,0.0,-0.001237,-0.001237,26996486.0,26996486.0,https://find-and-update.company-information.service.gov.uk/search/companies?q=Adams+PLC,https://find-and-update.company-information.service.gov.uk/search/companies?q=Adams+PLC,1620586155,14:49:15,20210509
23,2014-01-31,ADA.L,GBP,2014-01-31,2014-01-31,Q1,0.0,0.0,0.0,0.0,0.0,11154.62797425,0.0,0.0,9708.65768125,20863.28565525,0.0,0.0,0.0,0.0,-20863.28565525,0.0,0.0,-24994.6293495,0.0,0.0,-24994.6293495,0.0,-0.001237,-0.001237,26996486.0,26996486.0,https://find-and-update.company-information.service.gov.uk/search/companies?q=Adams+PLC,https://find-and-update.company-information.service.gov.uk/search/companies?q=Adams+PLC,1620586155,14:49:15,20210509
24,2013-09-30,ADA.L,GBP,2013-09-30,2013-09-30,Q3,0.0,0.0,0.0,0.0,0.0,47831.39534875,0.0,0.0,3856011.16688875,3811972.56940875,0.0,0.0,0.0,0.0,-3811972.56940875,0.0,0.0,-1724880.18645625,0.0,0.0,-1724880.18645625,0.0,-0.32806825,-0.32806825,5251548.0,5251548.0,https://find-and-update.company-information.service.gov.uk/search/companies?q=Adams+PLC,https://find-and-update.company-information.service.gov.uk/search/companies?q=Adams+PLC,1620586155,14:49:15,20210509
25,2013-06-30,ADA.L,GBP,2013-06-30,2013-06-30,Q2,0.0,0.0,0.0,0.0,0.0,47831.39534875,0.0,0.0,3856011.16688875,3811972.56940875,0.0,0.0,0.0,0.0,-3811972.56940875,0.0,0.0,-1724880.18645625,0.0,0.0,-1724880.18645625,0.0,-0.32806825,-0.32806825,5251548.0,5251548.0,https://find-and-update.company-information.service.gov.uk/search/companies?q=Adams+PLC,https://find-and-update.company-information.service.gov.uk/search/companies?q=Adams+PLC,1620586155,14:49:15,20210509
26,2013-03-31,ADA.L,GBP,2013-03-31,2013-03-31,Q1,0.0,0.0,0.0,0.0,0.0,47831.39534875,0.0,0.0,3856011.16688875,3811972.56940875,0.0,0.0,0.0,0.0,-3811972.56940875,0.0,0.0,-1724880.18645625,0.0,0.0,-1724880.18645625,0.0,-0.32806825,-0.32806825,5251548.0,5251548.0,https://find-and-update.company-information.service.gov.uk/search/companies?q=Adams+PLC,https://find-and-update.company-information.service.gov.uk/search/companies?q=Adams+PLC,1620586155,14:49:15,20210509
27,2013-01-31,ADA.L,GBP,2013-01-31,2013-01-31,Q1,0.0,0.0,0.0,0.0,0.0,47831.39534875,0.0,0.0,3856011.16688875,3811972.56940875,0.0,0.0,0.0,0.0,-3811972.56940875,0.0,0.0,-1724880.18645625,0.0,0.0,-1724880.18645625,0.0,-0.32806825,-0.32806825,5251548.0,5251548.0,https://find-and-update.company-information.service.gov.uk/search/companies?q=Adams+PLC,https://find-and-update.company-information.service.gov.uk/search/companies?q=Adams+PLC,1620586155,14:49:15,20210509
28,2011-09-30,ADA.L,GBP,2011-09-30,2011-09-30,Q3,0.0,0.0,0.0,0.0,0.0,0.0,0.0,0.0,0.0,0.0,0.0,0.0,0.0,0.0,0.0,0.0,0.0,0.0,0.0,0.0,-739203.99196425,0.0,-0.1749635,-0.1749635,4142210.0,4142210.0,https://find-and-update.company-information.service.gov.uk/search/companies?q=Adams+PLC,https://find-and-update.company-information.service.gov.uk/search/companies?q=Adams+PLC,1620586155,14:49:15,20210509
29,2011-06-30,ADA.L,GBP,2011-06-30,2011-06-30,Q2,0.0,0.0,0.0,0.0,0.0,0.0,0.0,0.0,0.0,0.0,0.0,0.0,0.0,0.0,0.0,0.0,0.0,0.0,0.0,0.0,-739203.99196425,0.0,-0.1749635,-0.1749635,4142210.0,4142210.0,https://find-and-update.company-information.service.gov.uk/search/companies?q=Adams+PLC,https://find-and-update.company-information.service.gov.uk/search/companies?q=Adams+PLC,1620586155,14:49:15,20210509
30,2011-03-31,ADA.L,GBP,2011-03-31,2011-03-31,Q1,0.0,0.0,0.0,0.0,0.0,0.0,0.0,0.0,0.0,0.0,0.0,0.0,0.0,0.0,0.0,0.0,0.0,0.0,0.0,0.0,-739203.99196425,0.0,-0.1749635,-0.1749635,4142210.0,4142210.0,https://find-and-update.company-information.service.gov.uk/search/companies?q=Adams+PLC,https://find-and-update.company-information.service.gov.uk/search/companies?q=Adams+PLC,1620586155,14:49:15,20210509
31,2011-01-31,ADA.L,GBP,2011-01-31,2011-01-31,Q1,0.0,0.0,0.0,0.0,0.0,0.0,0.0,0.0,0.0,0.0,0.0,0.0,0.0,0.0,0.0,0.0,0.0,0.0,0.0,0.0,-739203.99196425,0.0,-0.1749635,-0.1749635,4142210.0,4142210.0,https://find-and-update.company-information.service.gov.uk/search/companies?q=Adams+PLC,https://find-and-update.company-information.service.gov.uk/search/companies?q=Adams+PLC,1620586155,14:49:15,20210509
32,2010-09-30,ADA.L,GBP,2010-09-30,2010-09-30,Q3,-2819085.35709525,0.0,0.0,0.0,0.0,0.0,0.0,0.0,0.0,-3469676.65913025,2888668.4665515,0.0,0.0,0.0,3469676.65913025,-1.2307809873147513,0.0,-1259605.08046275,0.4468133883539558,1129917.67522275,3238307.43449925,-1.1487085434816209,0.83852925,0.83852925,3876692.0,3876692.0,https://find-and-update.company-information.service.gov.uk/search/companies?q=Adams+PLC,https://find-and-update.company-information.service.gov.uk/search/companies?q=Adams+PLC,1620586155,14:49:15,20210509
33,2010-06-30,ADA.L,GBP,2010-06-30,2010-06-30,Q2,-2819085.35709525,0.0,0.0,0.0,0.0,0.0,0.0,0.0,0.0,-3469676.65913025,2888668.4665515,0.0,0.0,0.0,3469676.65913025,-1.2307809873147513,0.0,-1259605.08046275,0.4468133883539558,1129917.67522275,3238307.43449925,-1.1487085434816209,0.83852925,0.83852925,3876692.0,3876692.0,https://find-and-update.company-information.service.gov.uk/search/companies?q=Adams+PLC,https://find-and-update.company-information.service.gov.uk/search/companies?q=Adams+PLC,1620586155,14:49:15,20210509
34,2010-03-31,ADA.L,GBP,2010-03-31,2010-03-31,Q1,-2819085.35709525,0.0,0.0,0.0,0.0,0.0,0.0,0.0,0.0,-3469676.65913025,2888668.4665515,0.0,0.0,0.0,3469676.65913025,-1.2307809873147513,0.0,-1259605.08046275,0.4468133883539558,1129917.67522275,3238307.43449925,-1.1487085434816209,0.83852925,0.83852925,3876692.0,3876692.0,https://find-and-update.company-information.service.gov.uk/search/companies?q=Adams+PLC,https://find-and-update.company-information.service.gov.uk/search/companies?q=Adams+PLC,1620586155,14:49:15,20210509
35,2010-01-31,ADA.L,GBP,2010-01-31,2010-01-31,Q1,-2819085.35709525,0.0,0.0,0.0,0.0,0.0,0.0,0.0,0.0,-3469676.65913025,2888668.4665515,0.0,0.0,0.0,3469676.65913025,-1.2307809873147513,0.0,-1259605.08046275,0.4468133883539558,1129917.67522275,3238307.43449925,-1.1487085434816209,0.83852925,0.83852925,3876692.0,3876692.0,https://find-and-update.company-information.service.gov.uk/search/companies?q=Adams+PLC,https://find-and-update.company-information.service.gov.uk/search/companies?q=Adams+PLC,1620586155,14:49:15,20210509
36,2009-09-30,ADA.L,GBP,2009-09-30,2009-09-30,Q3,-4331030.20230375,0.0,0.0,0.0,0.0,0.0,0.0,0.0,0.0,18337987.6891225,4219387.4434065,0.0,0.0,0.0,-18337987.6891225,4.234093698854422,0.0,-24039299.84884525,5.550480769230916,-898679.90644175,-23129765.7852885,5.34047667757786,-5.9691995,-5.9691995,3876692.0,3876692.0,https://find-and-update.company-information.service.gov.uk/search/companies?q=Adams+PLC,https://find-and-update.company-information.service.gov.uk/search/companies?q=Adams+PLC,1620586155,14:49:15,20210509
37,2009-06-30,ADA.L,GBP,2009-06-30,2009-06-30,Q2,-4331030.20230375,0.0,0.0,0.0,0.0,0.0,0.0,0.0,0.0,18337987.6891225,4219387.4434065,0.0,0.0,0.0,-18337987.6891225,4.234093698854422,0.0,-24039299.84884525,5.550480769230916,-898679.90644175,-23129765.7852885,5.34047667757786,-5.9691995,-5.9691995,3876692.0,3876692.0,https://find-and-update.company-information.service.gov.uk/search/companies?q=Adams+PLC,https://find-and-update.company-information.service.gov.uk/search/companies?q=Adams+PLC,1620586155,14:49:15,20210509
38,2009-03-31,ADA.L,GBP,2009-03-31,2009-03-31,Q1,-4331030.20230375,0.0,0.0,0.0,0.0,0.0,0.0,0.0,0.0,18337987.6891225,4219387.4434065,0.0,0.0,0.0,-18337987.6891225,4.234093698854422,0.0,-24039299.84884525,5.550480769230916,-898679.90644175,-23129765.7852885,5.34047667757786,-5.9691995,-5.9691995,3876692.0,3876692.0,https://find-and-update.company-information.service.gov.uk/search/companies?q=Adams+PLC,https://find-and-update.company-information.service.gov.uk/search/companies?q=Adams+PLC,1620586155,14:49:15,20210509
39,2009-01-31,ADA.L,GBP,2009-01-31,2009-01-31,Q1,-4331030.20230375,0.0,0.0,0.0,0.0,0.0,0.0,0.0,0.0,18337987.6891225,4219387.4434065,0.0,0.0,0.0,-18337987.6891225,4.234093698854422,0.0,-24039299.84884525,5.550480769230916,-898679.90644175,-23129765.7852885,5.34047667757786,-5.9691995,-5.9691995,3876692.0,3876692.0,https://find-and-update.company-information.service.gov.uk/search/companies?q=Adams+PLC,https://find-and-update.company-information.service.gov.uk/search/companies?q=Adams+PLC,1620586155,14:49:15,20210509
40,2008-09-30,ADA.L,GBP,2008-09-30,2008-09-30,Q3,-4576533.25375175,0.0,0.0,0.0,0.0,0.0,0.0,0.0,0.0,39067248.03714125,6031222.979369,0.0,0.0,0.0,-39067248.03714125,8.53642831178266,0.0,-55130863.12192,12.046424676740811,-10155022.3779825,-43707948.29398325,9.550449187308397,-11.34252825,-11.34252825,3851543.0,3851543.0,https://find-and-update.company-information.service.gov.uk/search/companies?q=Adams+PLC,https://find-and-update.company-information.service.gov.uk/search/companies?q=Adams+PLC,1620586155,14:49:15,20210509
41,2008-06-30,ADA.L,GBP,2008-06-30,2008-06-30,Q2,-4576533.25375175,0.0,0.0,0.0,0.0,0.0,0.0,0.0,0.0,39067248.03714125,6031222.979369,0.0,0.0,0.0,-39067248.03714125,8.53642831178266,0.0,-55130863.12192,12.046424676740811,-10155022.3779825,-43707948.29398325,9.550449187308397,-11.34252825,-11.34252825,3851543.0,3851543.0,https://find-and-update.company-information.service.gov.uk/search/companies?q=Adams+PLC,https://find-and-update.company-information.service.gov.uk/search/companies?q=Adams+PLC,1620586155,14:49:15,20210509
42,2008-03-31,ADA.L,GBP,2008-03-31,2008-03-31,Q1,-4576533.25375175,0.0,0.0,0.0,0.0,0.0,0.0,0.0,0.0,39067248.03714125,6031222.979369,0.0,0.0,0.0,-39067248.03714125,8.53642831178266,0.0,-55130863.12192,12.046424676740811,-10155022.3779825,-43707948.29398325,9.550449187308397,-11.34252825,-11.34252825,3851543.0,3851543.0,https://find-and-update.company-information.service.gov.uk/search/companies?q=Adams+PLC,https://find-and-update.company-information.service.gov.uk/search/companies?q=Adams+PLC,1620586155,14:49:15,20210509
43,2008-01-31,ADA.L,GBP,2008-01-31,2008-01-31,Q1,-4576533.25375175,0.0,0.0,0.0,0.0,0.0,0.0,0.0,0.0,39067248.03714125,6031222.979369,0.0,0.0,0.0,-39067248.03714125,8.53642831178266,0.0,-55130863.12192,12.046424676740811,-10155022.3779825,-43707948.29398325,9.550449187308397,-11.34252825,-11.34252825,3851543.0,3851543.0,https://find-and-update.company-information.service.gov.uk/search/companies?q=Adams+PLC,https://find-and-update.company-information.service.gov.uk/search/companies?q=Adams+PLC,1620586155,14:49:15,20210509
44,2007-09-30,ADA.L,GBP,2007-09-30,2007-09-30,Q3,-1660076.2535175,0.0,0.0,0.0,0.0,287462.274192,0.0,0.0,-4235841.1579455,-3948378.8837535,2722804.43086875,0.0,0.0,0.0,3948378.8837535,-2.378432240921081,0.0,4020979.64993375,-2.4221656333037607,1276854.487731,2977918.00924375,-1.793844109831644,0.91353625,0.8034715,3275887.0,3301537.0,https://find-and-update.company-information.service.gov.uk/search/companies?q=Adams+PLC,https://find-and-update.company-information.service.gov.uk/search/companies?q=Adams+PLC,1620586155,14:49:15,20210509
45,2007-06-30,ADA.L,GBP,2007-06-30,2007-06-30,Q2,-1660076.2535175,0.0,0.0,0.0,0.0,287462.274192,0.0,0.0,-4235841.1579455,-3948378.8837535,2722804.43086875,0.0,0.0,0.0,3948378.8837535,-2.378432240921081,0.0,4020979.64993375,-2.4221656333037607,1276854.487731,2977918.00924375,-1.793844109831644,0.91353625,0.8034715,3275887.0,3301537.0,https://find-and-update.company-information.service.gov.uk/search/companies?q=Adams+PLC,https://find-and-update.company-information.service.gov.uk/search/companies?q=Adams+PLC,1620586155,14:49:15,20210509
46,2007-03-31,ADA.L,GBP,2007-03-31,2007-03-31,Q1,-1660076.2535175,0.0,0.0,0.0,0.0,287462.274192,0.0,0.0,-4235841.1579455,-3948378.8837535,2722804.43086875,0.0,0.0,0.0,3948378.8837535,-2.378432240921081,0.0,4020979.64993375,-2.4221656333037607,1276854.487731,2977918.00924375,-1.793844109831644,0.91353625,0.8034715,3275887.0,3301537.0,https://find-and-update.company-information.service.gov.uk/search/companies?q=Adams+PLC,https://find-and-update.company-information.service.gov.uk/search/companies?q=Adams+PLC,1620586155,14:49:15,20210509
47,2007-01-31,ADA.L,GBP,2007-01-31,2007-01-31,Q1,-1660076.2535175,0.0,0.0,0.0,0.0,287462.274192,0.0,0.0,-4235841.1579455,-3948378.8837535,2722804.43086875,0.0,0.0,0.0,3948378.8837535,-2.378432240921081,0.0,4020979.64993375,-2.4221656333037607,1276854.487731,2977918.00924375,-1.793844109831644,0.91353625,0.8034715,3275887.0,3301537.0,https://find-and-update.company-information.service.gov.uk/search/companies?q=Adams+PLC,https://find-and-update.company-information.service.gov.uk/search/companies?q=Adams+PLC,1620586155,14:49:15,20210509
48,2006-09-30,ADA.L,GBP,2006-09-30,2006-09-30,Q3,-516513.17491325,0.0,0.0,0.0,0.0,59953.925748,0.0,0.0,-2862968.36437075,-2803014.43862275,1279410.039066,0.0,0.0,0.0,2803014.43862275,-5.4268014346265705,0.0,7875015.510961,-15.246494946200807,1808553.95676325,5171194.5056685,-10.011737854580415,2.12791175,2.117827,2428569.0,2446704.0,https://find-and-update.company-information.service.gov.uk/search/companies?q=Adams+PLC,https://find-and-update.company-information.service.gov.uk/search/companies?q=Adams+PLC,1620586155,14:49:15,20210509
49,2006-06-30,ADA.L,GBP,2006-06-30,2006-06-30,Q2,-516513.17491325,0.0,0.0,0.0,0.0,59953.925748,0.0,0.0,-2862968.36437075,-2803014.43862275,1279410.039066,0.0,0.0,0.0,2803014.43862275,-5.4268014346265705,0.0,7875015.510961,-15.246494946200807,1808553.95676325,5171194.5056685,-10.011737854580415,2.12791175,2.117827,2428569.0,2446704.0,https://find-and-update.company-information.service.gov.uk/search/companies?q=Adams+PLC,https://find-and-update.company-information.service.gov.uk/search/companies?q=Adams+PLC,1620586155,14:49:15,20210509
50,2006-03-31,ADA.L,GBP,2006-03-31,2006-03-31,Q1,-516513.17491325,0.0,0.0,0.0,0.0,59953.925748,0.0,0.0,-2862968.36437075,-2803014.43862275,1279410.039066,0.0,0.0,0.0,2803014.43862275,-5.4268014346265705,0.0,7875015.510961,-15.246494946200807,1808553.95676325,5171194.5056685,-10.011737854580415,2.12791175,2.117827,2428569.0,2446704.0,https://find-and-update.company-information.service.gov.uk/search/companies?q=Adams+PLC,https://find-and-update.company-information.service.gov.uk/search/companies?q=Adams+PLC,1620586155,14:49:15,20210509
51,2006-01-31,ADA.L,GBP,2006-01-31,2006-01-31,Q1,-516513.17491325,0.0,0.0,0.0,0.0,59953.925748,0.0,0.0,-2862968.36437075,-2803014.43862275,1279410.039066,0.0,0.0,0.0,2803014.43862275,-5.4268014346265705,0.0,7875015.510961,-15.246494946200807,1808553.95676325,5171194.5056685,-10.011737854580415,2.12791175,2.117827,2428569.0,2446704.0,https://find-and-update.company-information.service.gov.uk/search/companies?q=Adams+PLC,https://find-and-update.company-information.service.gov.uk/search/companies?q=Adams+PLC,1620586155,14:49:15,20210509
52,2005-09-30,ADA.L,GBP,2005-09-30,2005-09-30,Q3,309402.25746475,0.0,0.0,0.0,0.0,2581.220168,12217.7754615,67972.13108925,-505058.746195,-490259.7505655,173630.0766305,0.0,0.0,0.0,490259.7505655,1.5845383759727578,0.0,970022.53911475,3.135150166851204,120973.1852045,844919.4016415,2.730812013347256,0.49462775,0.484323,1705024.0,1725982.0,https://find-and-update.company-information.service.gov.uk/search/companies?q=Adams+PLC,https://find-and-update.company-information.service.gov.uk/search/companies?q=Adams+PLC,1620586155,14:49:15,20210509
53,2005-06-30,ADA.L,GBP,2005-06-30,2005-06-30,Q2,309402.25746475,0.0,0.0,0.0,0.0,2581.220168,12217.7754615,67972.13108925,-505058.746195,-490259.7505655,173630.0766305,0.0,0.0,0.0,490259.7505655,1.5845383759727578,0.0,970022.53911475,3.135150166851204,120973.1852045,844919.4016415,2.730812013347256,0.49462775,0.484323,1705024.0,1725982.0,https://find-and-update.company-information.service.gov.uk/search/companies?q=Adams+PLC,https://find-and-update.company-information.service.gov.uk/search/companies?q=Adams+PLC,1620586155,14:49:15,20210509
54,2005-03-31,ADA.L,GBP,2005-03-31,2005-03-31,Q1,309402.25746475,0.0,0.0,0.0,0.0,2581.220168,12217.7754615,67972.13108925,-505058.746195,-490259.7505655,173630.0766305,0.0,0.0,0.0,490259.7505655,1.5845383759727578,0.0,970022.53911475,3.135150166851204,120973.1852045,844919.4016415,2.730812013347256,0.49462775,0.484323,1705024.0,1725982.0,https://find-and-update.company-information.service.gov.uk/search/companies?q=Adams+PLC,https://find-and-update.company-information.service.gov.uk/search/companies?q=Adams+PLC,1620586155,14:49:15,20210509
55,2005-01-31,ADA.L,GBP,2005-01-31,2005-01-31,Q1,309402.25746475,0.0,0.0,0.0,0.0,2581.220168,12217.7754615,67972.13108925,-505058.746195,-490259.7505655,173630.0766305,0.0,0.0,0.0,490259.7505655,1.5845383759727578,0.0,970022.53911475,3.135150166851204,120973.1852045,844919.4016415,2.730812013347256,0.49462775,0.484323,1705024.0,1725982.0,https://find-and-update.company-information.service.gov.uk/search/companies?q=Adams+PLC,https://find-and-update.company-information.service.gov.uk/search/companies?q=Adams+PLC,1620586155,14:49:15,20210509
