,date,symbol,reportedCurrency,fillingDate,acceptedDate,period,revenue,costOfRevenue,grossProfit,grossProfitRatio,researchAndDevelopmentExpenses,generalAndAdministrativeExpenses,sellingAndMarketingExpenses,otherExpenses,operatingExpenses,costAndExpenses,interestExpense,depreciationAndAmortization,ebitda,ebitdaratio,operatingIncome,operatingIncomeRatio,totalOtherIncomeExpensesNet,incomeBeforeTax,incomeBeforeTaxRatio,incomeTaxExpense,netIncome,netIncomeRatio,eps,epsdiluted,weightedAverageShsOut,weightedAverageShsOutDil,link,finalLink,timestamp,est_time,est_date
0,2020-09-30,NTRP,USD,2020-11-09,2020-11-09 17:00:51,Q3,0.0,0.0,0.0,0.0,410292.0,2166114.0,0.0,0.0,2576406.0,2576406.0,0.0,1231.0,-2575175.0,0.0,-2576406.0,0.0,-1700000.0,-4269609.0,0.0,0.0,-4269609.0,0.0,-0.18,-0.18,23775300.0,23775300.0,https://www.sec.gov/Archives/edgar/data/1513856/000110465920123122/0001104659-20-123122-index.htm,https://www.sec.gov/Archives/edgar/data/1513856/000110465920123122/ntrp-20200930x10q.htm,1620595881,17:31:21,20210509
1,2020-06-30,NTRP,USD,2020-08-10,2020-08-10 17:00:42,Q2,0.0,0.0,0.0,0.0,438423.0,2569344.0,0.0,0.0,3007767.0,3007767.0,0.0,1236.0,-3006531.0,0.0,-3007767.0,0.0,0.0,-2932126.0,0.0,0.0,-2932126.0,0.0,-0.13,-0.13,22095600.0,22095600.0,https://www.sec.gov/Archives/edgar/data/1513856/000110465920092817/0001104659-20-092817-index.htm,https://www.sec.gov/Archives/edgar/data/1513856/000110465920092817/ntrp-20200630x10q.htm,1620595881,17:31:21,20210509
2,2020-03-31,NTRP,USD,2020-06-12,2020-06-12 17:01:29,Q1,0.0,0.0,0.0,0.0,156047.0,2452164.0,0.0,0.0,2608211.0,2608211.0,0.0,1171.0,-2607040.0,0.0,-2608211.0,0.0,0.0,-2537344.0,0.0,0.0,-2537344.0,0.0,-0.14,-0.14,18228800.0,18228800.0,https://www.sec.gov/Archives/edgar/data/1513856/000110465920072970/0001104659-20-072970-index.htm,https://www.sec.gov/Archives/edgar/data/1513856/000110465920072970/tm2014601d1_10q.htm,1620595881,17:31:21,20210509
3,2019-12-31,NTRP,USD,2020-03-13 00:00:00,2020-03-13 17:01:41,Q4,0.0,0.0,0.0,0.0,267416.0,2423234.0,0.0,0.0,2690650.0,2690650.0,0.0,1096.0,-2689554.0,0.0,-2690650.0,0.0,0.0,-2613563.0,0.0,0.0,-2613563.0,0.0,-0.14337548275256737,-0.14337548275256737,18228800.0,18228800.0,https://www.sec.gov/Archives/edgar/data/1513856/000110465920033198/0001104659-20-033198-index.html,https://www.sec.gov/Archives/edgar/data/1513856/000110465920033198/tm205336d1_10k.htm,1620595881,17:31:21,20210509
4,2019-09-30,NTRP,USD,2019-11-12 00:00:00,2019-11-12 07:01:24,Q3,0.0,0.0,0.0,0.0,845797.0,3068925.0,0.0,0.0,3914722.0,3914722.0,0.0,1496.0,-3913226.0,0.0,-3914722.0,0.0,0.0,-3824563.0,0.0,0.0,-3824563.0,0.0,-0.29,-0.29,13039000.0,13039000.0,https://www.sec.gov/Archives/edgar/data/1513856/000110465919062005/0001104659-19-062005-index.html,https://www.sec.gov/Archives/edgar/data/1513856/000110465919062005/tm1919563d1_10q.htm,1620595881,17:31:21,20210509
5,2019-06-30,NTRP,USD,2019-06-30,2019-06-30,Q2,0.0,0.0,0.0,0.0,1566441.0,2545587.0,0.0,0.0,4112028.0,4112028.0,0.0,896.0,-4111132.0,0.0,-4112028.0,0.0,0.0,-4007466.0,0.0,0.0,-4007466.0,0.0,-0.31,-0.31,12940100.0,12940100.0,,,1620595881,17:31:21,20210509
6,2019-03-31,NTRP,USD,2019-05-09 00:00:00,2019-05-09 17:03:24,Q1,0.0,0.0,0.0,0.0,1861293.0,2934764.0,0.0,0.0,4796057.0,4796057.0,0.0,897.0,-4795160.0,0.0,-4796057.0,0.0,0.0,-4689158.0,0.0,0.0,-4689158.0,0.0,-0.36,-0.36,12922400.0,12922400.0,https://www.sec.gov/Archives/edgar/data/1513856/000114420419024943/0001144204-19-024943-index.html,https://www.sec.gov/Archives/edgar/data/1513856/000114420419024943/tv520697_10q.htm,1620595881,17:31:21,20210509
7,2018-12-31,NTRP,USD,2019-03-08 00:00:00,2019-03-08 17:02:38,Q4,0.0,0.0,0.0,0.0,2209204.0,1570855.0,0.0,0.0,3780059.0,3780059.0,0.0,483.0,-3779576.0,0.0,-3780059.0,0.0,0.0,-3741744.0,0.0,0.0,-3741744.0,0.0,-0.289554881446171,-0.289554881446171,12922400.0,12922400.0,https://www.sec.gov/Archives/edgar/data/1513856/000114420419013080/0001144204-19-013080-index.html,https://www.sec.gov/Archives/edgar/data/1513856/000114420419013080/tv515407_10k.htm,1620595881,17:31:21,20210509
8,2018-09-30,NTRP,USD,2018-10-30 00:00:00,2018-10-30 17:01:18,Q3,0.0,0.0,0.0,0.0,1737287.0,1465465.0,0.0,0.0,3202752.0,3202752.0,0.0,911.0,-3201841.0,0.0,-3202752.0,0.0,0.0,-3169354.0,0.0,0.0,-3169354.0,0.0,-0.4,-0.4,7909600.0,7909600.0,https://www.sec.gov/Archives/edgar/data/1513856/000114420418056193/0001144204-18-056193-index.html,https://www.sec.gov/Archives/edgar/data/1513856/000114420418056193/tv505453_10q.htm,1620595881,17:31:21,20210509
9,2018-06-30,NTRP,USD,2018-08-10 00:00:00,2018-08-10 17:01:35,Q2,0.0,0.0,0.0,0.0,736929.0,1416996.0,0.0,0.0,2153925.0,2153925.0,0.0,907.0,-2153018.0,0.0,-2153925.0,0.0,0.0,-2122526.0,0.0,0.0,-2122526.0,0.0,-0.27,-0.27,7908100.0,7908100.0,https://www.sec.gov/Archives/edgar/data/1513856/000114420418043646/0001144204-18-043646-index.html,https://www.sec.gov/Archives/edgar/data/1513856/000114420418043646/tv500043_10q.htm,1620595881,17:31:21,20210509
10,2018-03-31,NTRP,USD,2018-05-14 00:00:00,2018-05-14 17:16:02,Q1,0.0,0.0,0.0,0.0,202143.0,1810517.0,0.0,0.0,2012660.0,2012660.0,0.0,698.0,-2011962.0,0.0,-2012660.0,0.0,0.0,-1988662.0,0.0,0.0,-1988662.0,0.0,-0.25,-0.25,7902500.0,7902500.0,https://www.sec.gov/Archives/edgar/data/1513856/000114420418028260/0001144204-18-028260-index.html,https://www.sec.gov/Archives/edgar/data/1513856/000114420418028260/tv493610_10q.htm,1620595881,17:31:21,20210509
11,2017-12-31,NTRP,USD,2018-03-06 00:00:00,2018-03-06 17:01:56,Q4,0.0,0.0,0.0,0.0,936246.0,3395241.0,0.0,0.0,4331487.0,4331487.0,0.0,678.0,-4330809.0,0.0,-4331487.0,0.0,0.0,-4310640.0,0.0,0.0,-4310640.0,0.0,-0.5454780132869345,-0.5454780132869345,7902500.0,7902500.0,https://www.sec.gov/Archives/edgar/data/1513856/000114420418013105/0001144204-18-013105-index.html,https://www.sec.gov/Archives/edgar/data/1513856/000114420418013105/tv487391_10k.htm,1620595881,17:31:21,20210509
12,2017-09-30,NTRP,USD,2017-11-03 00:00:00,2017-11-03 17:16:08,Q3,0.0,0.0,0.0,0.0,820049.0,1496563.0,0.0,0.0,2316612.0,2316612.0,0.0,678.0,-2315934.0,0.0,-2316612.0,0.0,0.0,-2296314.0,0.0,0.0,-2296314.0,0.0,-0.29,-0.29,7894400.0,7894400.0,https://www.sec.gov/Archives/edgar/data/1513856/000114420417056292/0001144204-17-056292-index.html,https://www.sec.gov/Archives/edgar/data/1513856/000114420417056292/tv477740_10q.htm,1620595881,17:31:21,20210509
13,2017-06-30,NTRP,USD,2017-08-08 00:00:00,2017-08-08 17:16:51,Q2,0.0,0.0,0.0,0.0,1364690.0,1598988.0,0.0,0.0,2963678.0,2963678.0,0.0,677.0,-2963001.0,0.0,-2963678.0,0.0,0.0,-2945895.0,0.0,0.0,-2945895.0,0.0,-0.38,-0.38,7793700.0,7793700.0,https://www.sec.gov/Archives/edgar/data/1513856/000114420417041275/0001144204-17-041275-index.html,https://www.sec.gov/Archives/edgar/data/1513856/000114420417041275/v472072_10q.htm,1620595881,17:31:21,20210509
14,2017-03-31,NTRP,USD,2017-05-12 00:00:00,2017-05-12 17:18:32,Q1,0.0,0.0,0.0,0.0,1642469.0,1447751.0,0.0,0.0,3090220.0,3090220.0,0.0,1821.0,-3088399.0,0.0,-3090220.0,0.0,19325.0,-3062221.0,0.0,0.0,-3062221.0,0.0,-0.43,-0.43,7145200.0,7145200.0,https://www.sec.gov/Archives/edgar/data/1513856/000114420417026951/0001144204-17-026951-index.html,https://www.sec.gov/Archives/edgar/data/1513856/000114420417026951/v466354_10q.htm,1620595881,17:31:21,20210509
15,2016-12-31,NTRP,USD,2017-03-10 00:00:00,2017-03-10 16:33:40,Q4,0.0,0.0,0.0,0.0,2319739.0,2694315.0,0.0,0.0,5014054.0,5014054.0,0.0,1736.0,-5012318.0,0.0,-5014054.0,0.0,0.0,-5011068.0,0.0,0.0,-5011068.0,0.0,-0.7013194872081957,-0.7013194872081957,7145200.0,7145200.0,https://www.sec.gov/Archives/edgar/data/1513856/000114420417014012/0001144204-17-014012-index.html,https://www.sec.gov/Archives/edgar/data/1513856/000114420417014012/v461285_10k.htm,1620595881,17:31:21,20210509
16,2016-09-30,NTRP,USD,2016-11-14 00:00:00,2016-11-14 16:39:22,Q3,0.0,0.0,0.0,0.0,1979928.0,1613731.0,0.0,0.0,3593659.0,3593659.0,0.0,1736.0,-3591923.0,0.0,-3593659.0,0.0,0.0,-3592143.0,0.0,0.0,-3592143.0,0.0,-2.56,-2.56,1552437.0,1552437.0,https://www.sec.gov/Archives/edgar/data/1513856/000114420416134253/0001144204-16-134253-index.html,https://www.sec.gov/Archives/edgar/data/1513856/000114420416134253/v452775_10q.htm,1620595881,17:31:21,20210509
17,2016-06-30,NTRP,USD,2016-06-30,2016-06-30,Q2,0.0,0.0,0.0,0.0,1190500.0,1004290.0,0.0,0.0,2194790.0,2194790.0,0.0,1736.0,-2193054.0,0.0,-2194790.0,0.0,0.0,-2192934.0,0.0,0.0,-2192934.0,0.0,-1.6,-1.6,1542906.0,1542906.0,,,1620595881,17:31:21,20210509
18,2016-03-31,NTRP,USD,2016-05-13 00:00:00,2016-05-13 15:01:46,Q1,0.0,0.0,0.0,0.0,1142737.0,987398.0,0.0,0.0,2130135.0,2130135.0,0.0,1715.0,-2128420.0,0.0,-2130135.0,0.0,0.0,-2128057.0,0.0,0.0,-2128057.0,0.0,-1.6,-1.6,1536968.0,1536968.0,https://www.sec.gov/Archives/edgar/data/1513856/000114420416101708/0001144204-16-101708-index.html,https://www.sec.gov/Archives/edgar/data/1513856/000114420416101708/v439375_10q.htm,1620595881,17:31:21,20210509
19,2015-12-31,NTRP,USD,2016-03-07 00:00:00,2016-03-07 16:32:03,Q4,0.0,0.0,0.0,0.0,1003287.0,1531452.0,0.0,0.0,2534739.0,2534739.0,0.0,1611.0,-2533128.0,0.0,-2534739.0,0.0,0.0,-2533361.0,0.0,0.0,-2533361.0,0.0,-1.6482848048885859,-1.6482848048885859,1536968.0,1536968.0,https://www.sec.gov/Archives/edgar/data/1513856/000114420416086383/0001144204-16-086383-index.html,https://www.sec.gov/Archives/edgar/data/1513856/000114420416086383/v433080_10k.htm,1620595881,17:31:21,20210509
20,2015-09-30,NTRP,USD,2015-11-13 00:00:00,2015-11-13 16:18:14,Q3,0.0,0.0,0.0,0.0,905212.0,987092.0,0.0,0.0,1892304.0,1892304.0,0.0,1610.0,-1890694.0,0.0,-1892304.0,0.0,0.0,-1891949.0,0.0,0.0,-1891949.0,0.0,-2.56,-2.56,868781.0,868781.0,https://www.sec.gov/Archives/edgar/data/1513856/000114420415065351/0001144204-15-065351-index.html,https://www.sec.gov/Archives/edgar/data/1513856/000114420415065351/v424484_10-q.htm,1620595881,17:31:21,20210509
21,2015-06-30,NTRP,USD,2015-08-14 00:00:00,2015-08-14 17:01:44,Q2,0.0,0.0,0.0,0.0,1202702.0,1448175.0,0.0,0.0,2650877.0,2650877.0,0.0,1613.0,-2649264.0,0.0,-2650877.0,0.0,0.0,-2649956.0,0.0,0.0,-2649956.0,0.0,-3.52,-3.52,863218.0,863218.0,https://www.sec.gov/Archives/edgar/data/1513856/000114420415049946/0001144204-15-049946-index.html,https://www.sec.gov/Archives/edgar/data/1513856/000114420415049946/v417348_10q.htm,1620595881,17:31:21,20210509
22,2015-03-31,NTRP,USD,2015-05-14 00:00:00,2015-05-14 16:02:25,Q1,0.0,0.0,0.0,0.0,1092657.0,1275180.0,0.0,0.0,2367837.0,2367837.0,0.0,1436.0,-2366401.0,0.0,-2367837.0,0.0,0.0,-2366269.0,0.0,0.0,-2366269.0,0.0,-6.4,-6.4,781750.0,781750.0,https://www.sec.gov/Archives/edgar/data/1513856/000114420415030689/0001144204-15-030689-index.html,https://www.sec.gov/Archives/edgar/data/1513856/000114420415030689/v410408_10q.htm,1620595881,17:31:21,20210509
23,2014-12-31,NTRP,USD,2014-12-31,2014-12-31,Q4,0.0,0.0,0.0,0.0,782797.0,1613716.0,0.0,0.0,2396513.0,2396513.0,0.0,712.0,-2395801.0,0.0,-2396513.0,0.0,0.0,-2394306.0,0.0,0.0,-2394306.0,0.0,-3.062751519027822,-3.062751519027822,781750.0,781750.0,,,1620595881,17:31:21,20210509
24,2014-09-30,NTRP,USD,2014-11-13 00:00:00,2014-11-13 16:44:43,Q3,0.0,0.0,0.0,0.0,1214356.0,1929959.0,0.0,0.0,3144315.0,3144315.0,0.0,0.0,-3144315.0,0.0,-3144315.0,0.0,0.0,-3141608.0,0.0,0.0,-3141608.0,0.0,-4.48,-4.48,685961.0,685961.0,https://www.sec.gov/Archives/edgar/data/1513856/000114420414067790/0001144204-14-067790-index.html,https://www.sec.gov/Archives/edgar/data/1513856/000114420414067790/v392865_10q.htm,1620595881,17:31:21,20210509
25,2014-06-30,NTRP,USD,2014-08-14 00:00:00,2014-08-14 12:04:06,Q2,0.0,0.0,0.0,0.0,817337.0,1214029.0,0.0,0.0,2031366.0,2031366.0,0.0,0.0,-2031366.0,0.0,-2031366.0,0.0,0.0,-2026912.0,0.0,0.0,-2026912.0,0.0,-2.88,-2.88,684031.0,684031.0,https://www.sec.gov/Archives/edgar/data/1513856/000114420414049842/0001144204-14-049842-index.html,https://www.sec.gov/Archives/edgar/data/1513856/000114420414049842/v385819_10q.htm,1620595881,17:31:21,20210509
26,2014-03-31,NTRP,USD,2014-04-15 00:00:00,2014-04-15 17:04:30,Q1,0.0,0.0,0.0,0.0,651859.0,1043067.0,0.0,0.0,1694926.0,1694926.0,0.0,0.0,-1694926.0,0.0,-1694926.0,0.0,0.0,-1690497.0,0.0,0.0,-1690497.0,0.0,-2.56,-2.56,683781.0,683781.0,https://www.sec.gov/Archives/edgar/data/1513856/000114420414022774/0001144204-14-022774-index.html,https://www.sec.gov/Archives/edgar/data/1513856/000114420414022774/v371441_10k.htm,1620595881,17:31:21,20210509
27,2013-12-31,NTRP,USD,2013-12-31,2013-12-31,Q4,0.0,0.0,0.0,0.0,911627.0,882672.0,0.0,0.0,1794299.0,1794299.0,0.0,0.0,-1794299.0,0.0,-1794299.0,0.0,0.0,-1792921.0,0.0,0.0,-1792921.0,0.0,-2.622069054273225,-2.622069054273225,683781.0,683781.0,,,1620595881,17:31:21,20210509
28,2013-09-30,NTRP,USD,2013-11-14 00:00:00,2013-11-14 16:51:29,Q3,0.0,0.0,0.0,0.0,137123.0,4333815.0,0.0,0.0,4470938.0,4470938.0,0.0,0.0,-4470938.0,0.0,-4470938.0,0.0,0.0,-4470938.0,0.0,0.0,-4470938.0,0.0,-6.72,-6.72,678208.0,678208.0,https://www.sec.gov/Archives/edgar/data/1513856/000114420413061987/0001144204-13-061987-index.html,https://www.sec.gov/Archives/edgar/data/1513856/000114420413061987/v360371_10-q.htm,1620595881,17:31:21,20210509
29,2013-07-31,NTRP,USD,2013-09-23 00:00:00,2013-09-23 17:18:20,Q2,0.0,0.0,0.0,0.0,0.0,231.0,0.0,0.0,231.0,231.0,157.0,0.0,-231.0,0.0,-231.0,0.0,0.0,-388.0,0.0,0.0,-388.0,0.0,-0.000543,-0.000543,714637.0,714637.0,https://www.sec.gov/Archives/edgar/data/1513856/000114420413052007/0001144204-13-052007-index.html,https://www.sec.gov/Archives/edgar/data/1513856/000114420413052007/v355462_10q.htm,1620595881,17:31:21,20210509
30,2013-04-30,NTRP,USD,2013-06-11 00:00:00,2013-06-11 13:31:50,Q1,0.0,0.0,0.0,0.0,0.0,5875.0,0.0,0.0,5875.0,5875.0,112.0,0.0,-5875.0,0.0,-5875.0,0.0,0.0,-5987.0,0.0,0.0,-5987.0,0.0,-0.008378,-0.008378,714637.0,714637.0,https://www.sec.gov/Archives/edgar/data/1513856/000116169713000384/0001161697-13-000384-index.html,https://www.sec.gov/Archives/edgar/data/1513856/000116169713000384/form_10-q.htm,1620595881,17:31:21,20210509
31,2013-01-31,NTRP,USD,2013-03-21 00:00:00,2013-03-21 15:43:26,Q4,0.0,0.0,0.0,0.0,0.0,1729.0,0.0,0.0,1729.0,1729.0,0.0,0.0,-1729.0,0.0,-1729.0,0.0,0.0,-1847.0,0.0,0.0,-1847.0,0.0,-0.0025845289286728786,-0.0025845289286728786,714637.0,714637.0,https://www.sec.gov/Archives/edgar/data/1513856/000116169713000216/0001161697-13-000216-index.html,https://www.sec.gov/Archives/edgar/data/1513856/000116169713000216/form_10-k.htm,1620595881,17:31:21,20210509
32,2012-10-31,NTRP,USD,2012-12-06 00:00:00,2012-12-06 17:04:13,Q3,0.0,0.0,0.0,0.0,0.0,2900.0,0.0,0.0,2900.0,2900.0,0.0,0.0,-2900.0,0.0,-2900.0,0.0,0.0,-2900.0,0.0,0.0,-2900.0,0.0,-0.004058004273498294,-0.004058004273498294,714637.0,714637.0,https://www.sec.gov/Archives/edgar/data/1513856/000116169712000901/0001161697-12-000901-index.html,https://www.sec.gov/Archives/edgar/data/1513856/000116169712000901/form_10-q.htm,1620595881,17:31:21,20210509
33,2012-07-31,NTRP,USD,2012-09-12 00:00:00,2012-09-12 17:10:32,Q2,0.0,0.0,0.0,0.0,0.0,3054.0,0.0,0.0,3054.0,3054.0,0.0,0.0,-3054.0,0.0,-3054.0,0.0,0.0,-3054.0,0.0,0.0,-3054.0,0.0,-0.004273498293539238,-0.004273498293539238,714637.0,714637.0,https://www.sec.gov/Archives/edgar/data/1513856/000116169712000707/0001161697-12-000707-index.html,https://www.sec.gov/Archives/edgar/data/1513856/000116169712000707/form_10-q.htm,1620595881,17:31:21,20210509
34,2012-04-30,NTRP,USD,2012-04-30,2012-04-30,Q1,0.0,0.0,0.0,0.0,0.0,4103.0,0.0,0.0,4103.0,4103.0,0.0,0.0,-4103.0,0.0,-4103.0,0.0,0.0,-4103.0,0.0,0.0,-4103.0,0.0,-0.005741376391090861,-0.005741376391090861,714637.0,714637.0,,,1620595881,17:31:21,20210509
35,2012-01-31,NTRP,USD,2012-01-31,2012-01-31,Q4,0.0,0.0,0.0,0.0,0.0,3761.0,0.0,0.0,3761.0,3761.0,0.0,0.0,-3761.0,0.0,-3761.0,0.0,0.0,-3761.0,0.0,0.0,-3761.0,0.0,-0.005262811749181752,-0.005262811749181752,714637.0,714637.0,,,1620595881,17:31:21,20210509
36,2011-10-31,NTRP,USD,2011-11-23 00:00:00,2011-11-23 15:07:22,Q3,0.0,0.0,0.0,0.0,0.0,2132.0,0.0,0.0,2132.0,2132.0,0.0,0.0,-2132.0,0.0,-2132.0,0.0,0.0,-2132.0,0.0,0.0,-2132.0,0.0,-0.0029833327969304695,-0.0029833327969304695,714637.0,714637.0,https://www.sec.gov/Archives/edgar/data/1513856/000116169711001047/0001161697-11-001047-index.html,https://www.sec.gov/Archives/edgar/data/1513856/000116169711001047/form_10-q.txt,1620595881,17:31:21,20210509
37,2011-07-31,NTRP,USD,2011-09-09 00:00:00,2011-09-09 14:08:09,Q2,0.0,0.0,0.0,0.0,0.0,2955.0,0.0,0.0,2955.0,2955.0,0.0,0.0,-2955.0,0.0,-2955.0,0.0,0.0,-2955.0,0.0,0.0,-2955.0,0.0,-0.0044391365090810765,-0.0044391365090810765,665670.0,665670.0,https://www.sec.gov/Archives/edgar/data/1513856/000116169711000832/0001161697-11-000832-index.html,https://www.sec.gov/Archives/edgar/data/1513856/000116169711000832/form_10-q.htm,1620595881,17:31:21,20210509
