,date,symbol,reportedCurrency,fillingDate,acceptedDate,period,revenue,costOfRevenue,grossProfit,grossProfitRatio,researchAndDevelopmentExpenses,generalAndAdministrativeExpenses,sellingAndMarketingExpenses,otherExpenses,operatingExpenses,costAndExpenses,interestExpense,depreciationAndAmortization,ebitda,ebitdaratio,operatingIncome,operatingIncomeRatio,totalOtherIncomeExpensesNet,incomeBeforeTax,incomeBeforeTaxRatio,incomeTaxExpense,netIncome,netIncomeRatio,eps,epsdiluted,weightedAverageShsOut,weightedAverageShsOutDil,link,finalLink,timestamp,est_time,est_date
0,2020-12-31,8067.HK,CNY,2020-12-31,2020-12-31,Q4,17451000,4476000.0,12975000.0,0.7435104005501117,0.0,1676000.0,0.0,2360000.0,4472000.0,8948000.0,1514000.0,88000.0,8591000.0,0.4922927052890952,8503000.0,0.4872500143258266,0.0,57138000.0,3.274196321127729,14664000.0,41993000.0,2.4063377456879262,0.23,0.15,180000000.0,267122000.0,https://www1.hkexnews.hk/search/titlesearch.xhtml,https://www1.hkexnews.hk/search/titlesearch.xhtml,1620585784,14:43:04,20210509
1,2020-09-30,8067.HK,CNY,2020-09-30,2020-09-30,Q3,13613000,4061000.0,9552000.0,0.7016822155292735,0.0,839000.0,0.0,0.0,2588000.0,6649000.0,1617000.0,89000.0,7053000.0,0.5181076911775508,6964000.0,0.5115698229633439,0.0,3547000.0,0.2605597590538456,41000.0,3451000.0,0.2535076764857122,0.02,0.01,180000000.0,267121731.0,https://www1.hkexnews.hk/search/titlesearch.xhtml,https://www1.hkexnews.hk/search/titlesearch.xhtml,1620585784,14:43:04,20210509
2,2020-06-30,8067.HK,CNY,2020-06-30,2020-06-30,Q2,19598000,4905000.0,14693000.0,0.7497193591182774,0.0,-1098000.0,0.0,0.0,2967000.0,7872000.0,-351000.0,88000.0,11814000.0,0.602816613940198,11726000.0,0.5983263598326359,0.0,43695000.0,2.2295642412491072,18979000.0,24479000.0,1.249056026125115,0.13599444444444445,0.13599444444444445,180000000.0,180000000.0,https://www1.hkexnews.hk/search/titlesearch.xhtml,https://www1.hkexnews.hk/search/titlesearch.xhtml,1620585784,14:43:04,20210509
3,2020-03-31,8067.HK,CNY,2020-03-31,2020-03-31,Q1,19443000,5241000.0,14202000.0,0.730442832896158,0.0,1624000.0,0.0,0.0,4137000.0,9378000.0,1842000.0,88000.0,10153000.0,0.5221930772000206,10065000.0,0.5176670266934115,0.0,4995000.0,0.25690479864218485,993000.0,3912000.0,0.20120351797562105,0.02,0.02,180000000.0,180000000.0,https://www1.hkexnews.hk/search/titlesearch.xhtml,https://www1.hkexnews.hk/search/titlesearch.xhtml,1620585784,14:43:04,20210509
4,2019-12-31,8067.HK,CNY,2019-12-31,2019-12-31,Q4,19266000,5242000.0,14024000.0,0.7279144607079829,0.0,2313000.0,0.0,70000.0,4965000.0,10207000.0,1187000.0,87000.0,9146000.0,0.4747223087304059,9059000.0,0.4702065815426139,0.0,8917000.0,0.46283608429357415,1619000.0,7215000.0,0.37449392712550605,0.04,0.04,180000000.0,180000000.0,https://www1.hkexnews.hk/search/titlesearch.xhtml,https://www1.hkexnews.hk/search/titlesearch.xhtml,1620585784,14:43:04,20210509
5,2019-09-30,8067.HK,CNY,2019-09-30,2019-09-30,Q3,19740000,6431000.0,13309000.0,0.6742147922998987,0.0,813000.0,0.0,0.0,3144000.0,9575000.0,430000.0,85000.0,10250000.0,0.5192502532928065,10165000.0,0.5149442755825735,0.0,10281000.0,0.5208206686930091,1032000.0,9161000.0,0.46408308004052684,0.05,0.05,180000000.0,180000000.0,https://www1.hkexnews.hk/search/titlesearch.xhtml,https://www1.hkexnews.hk/search/titlesearch.xhtml,1620585784,14:43:04,20210509
6,2019-06-30,8067.HK,CNY,2019-06-30,2019-06-30,Q2,19371000,5383000.0,13988000.0,0.7221103711734035,0.0,1375000.0,0.0,0.0,3967000.0,9350000.0,225000.0,84000.0,10105000.0,0.5216560838366631,10021000.0,0.5173197047132311,0.0,14728000.0,0.7603118063083991,10777000.0,3928000.0,0.20277734758143617,0.021822222222222222,0.021822222222222222,180000000.0,180000000.0,https://www1.hkexnews.hk/search/titlesearch.xhtml,https://www1.hkexnews.hk/search/titlesearch.xhtml,1620585784,14:43:04,20210509
7,2019-03-31,8067.HK,CNY,2019-03-31,2019-03-31,Q1,19326000,4459000.0,14867000.0,0.7692745524164338,0.0,276000.0,0.0,0.0,2311000.0,6770000.0,250000.0,84000.0,12640000.0,0.6540411880368415,12556000.0,0.6496947117872296,0.0,11914000.0,0.6164752147366243,1485000.0,10315000.0,0.5337369346993688,0.06,0.06,180000000.0,180000000.0,https://www1.hkexnews.hk/search/titlesearch.xhtml,https://www1.hkexnews.hk/search/titlesearch.xhtml,1620585784,14:43:04,20210509
8,2018-12-31,8067.HK,CNY,2018-12-31,2018-12-31,Q4,19555000,5876000.0,13679000.0,0.6995141907440552,0.0,842000.0,0.0,0.0,3002000.0,8878000.0,252000.0,82000.0,10759000.0,0.5501917668115571,10677000.0,0.5459984658655075,0.0,9103000.0,0.46550754282792123,1442000.0,7562000.0,0.38670416773203786,0.04,0.04,180000000.0,180000000.0,https://www1.hkexnews.hk/search/titlesearch.xhtml,https://www1.hkexnews.hk/search/titlesearch.xhtml,1620585784,14:43:04,20210509
9,2018-09-30,8067.HK,CNY,2018-09-30,2018-09-30,Q3,18199000,5296000.0,12903000.0,0.7089949997252596,0.0,543000.0,0.0,0.0,1762000.0,7058000.0,225000.0,81000.0,11222000.0,0.6166272872135832,11141000.0,0.6121764932139129,0.0,10916000.0,0.599813176548162,1480000.0,9339000.0,0.513160063739766,0.05,0.05,180000000.0,180000000.0,https://www1.hkexnews.hk/search/titlesearch.xhtml,https://www1.hkexnews.hk/search/titlesearch.xhtml,1620585784,14:43:04,20210509
10,2018-06-30,8067.HK,CNY,2018-06-30,2018-06-30,Q2,17095000,14060000.0,3035000.0,0.17753729160573267,0.0,511000.0,0.0,0.0,-7225000.0,6835000.0,576000.0,81000.0,10341000.0,0.604913717461246,10260000.0,0.6001754899093302,0.0,181818000.0,10.63574144486692,52424000.0,128132000.0,7.495291020766306,0.7118444444444444,0.7118444444444444,180000000.0,180000000.0,https://www1.hkexnews.hk/search/titlesearch.xhtml,https://www1.hkexnews.hk/search/titlesearch.xhtml,1620585784,14:43:04,20210509
11,2018-03-31,8067.HK,CNY,2018-03-31,2018-03-31,Q1,16922000,1792000.0,15130000.0,0.8941023519678525,0.0,926000.0,0.0,0.0,5880000.0,7672000.0,717000.0,84000.0,9334000.0,0.5515896466138754,9250000.0,0.5466256943623685,0.0,21721000.0,1.2835953197021628,1243000.0,20385000.0,1.2046448410353385,0.11,0.11,180000000.0,180000000.0,https://www1.hkexnews.hk/search/titlesearch.xhtml,https://www1.hkexnews.hk/search/titlesearch.xhtml,1620585784,14:43:04,20210509
12,2017-12-31,8067.HK,CNY,2017-12-31,2017-12-31,Q4,14929000,3037000.0,11892000.0,0.7965704333846875,0.0,3019000.0,0.0,0.0,4118000.0,7155000.0,755000.0,85000.0,7859000.0,0.5264250787058745,7774000.0,0.5207314622546722,0.0,6116000.0,0.40967244959474847,735000.0,5321000.0,0.3564203898452676,0.03,0.03,180000000.0,180000000.0,https://www1.hkexnews.hk/search/titlesearch.xhtml,https://www1.hkexnews.hk/search/titlesearch.xhtml,1620585784,14:43:04,20210509
13,2017-09-30,8067.HK,CNY,2017-09-30,2017-09-30,Q3,18365000,2985000.0,15380000.0,0.8374625646610401,0.0,2197000.0,0.0,0.0,3075000.0,6060000.0,537000.0,89000.0,12394000.0,0.6748706779199565,12305000.0,0.6700245031309556,0.0,10493000.0,0.5713585624829839,1000000.0,9385000.0,0.5110264089300299,0.05,0.05,180000000.0,180000000.0,https://www1.hkexnews.hk/search/titlesearch.xhtml,https://www1.hkexnews.hk/search/titlesearch.xhtml,1620585784,14:43:04,20210509
14,2017-06-30,8067.HK,CNY,2017-06-30,2017-06-30,Q2,11441000,0.0,0.0,0.0,0.0,3315000.0,0.0,0.0,25172000.0,25172000.0,561000.0,90000.0,-13641000.0,-1.1922908836640154,-13731000.0,-1.200157328904816,0.0,29023000.0,2.536753780263963,12029000.0,16843000.0,1.4721615243422779,0.09357222222222222,0.09357222222222222,180000000.0,180000000.0,https://www1.hkexnews.hk/search/titlesearch.xhtml,https://www1.hkexnews.hk/search/titlesearch.xhtml,1620585784,14:43:04,20210509
15,2017-03-31,8067.HK,CNY,2017-03-31,2017-03-31,Q1,15767000,0.0,0.0,0.0,0.0,2239000.0,0.0,0.0,7650000.0,7650000.0,318000.0,323000.0,8440000.0,0.5352952368871694,8117000.0,0.5148094120631699,0.0,8362000.0,0.5303481955984017,555000.0,7730000.0,0.49026447643813026,0.04,0.04,180000000.0,180000000.0,https://www1.hkexnews.hk/search/titlesearch.xhtml,https://www1.hkexnews.hk/search/titlesearch.xhtml,1620585784,14:43:04,20210509
16,2016-12-31,8067.HK,CNY,2016-12-31,2016-12-31,Q4,14555000,0.0,0.0,0.0,0.0,3774000.0,0.0,0.0,7573000.0,7573000.0,0.0,265000.0,7247000.0,0.4979045001717623,6982000.0,0.4796976983854346,0.0,7802000.0,0.5360357265544486,1605000.0,6130000.0,0.4211611130195809,0.03,0.03,180000000.0,180000000.0,https://www1.hkexnews.hk/search/titlesearch.xhtml,https://www1.hkexnews.hk/search/titlesearch.xhtml,1620585784,14:43:04,20210509
17,2016-09-30,8067.HK,CNY,2016-09-30,2016-09-30,Q3,18574000,0.0,0.0,0.0,0.0,2127000.0,0.0,0.0,9077000.0,9077000.0,0.0,86000.0,9583000.0,0.5159362549800797,9497000.0,0.5113061268439755,0.0,11909000.0,0.6411650694519221,720000.0,11076000.0,0.5963174329708194,0.06,0.06,180000000.0,180000000.0,https://www1.hkexnews.hk/search/titlesearch.xhtml,https://www1.hkexnews.hk/search/titlesearch.xhtml,1620585784,14:43:04,20210509
18,2016-06-30,8067.HK,CNY,2016-06-30,2016-06-30,Q2,17131000,0.0,0.0,0.0,0.0,2530000.0,0.0,0.0,2680000.0,2680000.0,0.0,86000.0,14537000.0,0.8485786001984706,14451000.0,0.8435584612690444,0.0,41571000.0,2.426653435292744,14810000.0,26481000.0,1.5457941743038934,0.14711666666666667,0.14711666666666667,180000000.0,180000000.0,https://www1.hkexnews.hk/search/titlesearch.xhtml,https://www1.hkexnews.hk/search/titlesearch.xhtml,1620585784,14:43:04,20210509
19,2016-03-31,8067.HK,CNY,2016-03-31,2016-03-31,Q1,17033000,0.0,0.0,0.0,0.0,2364000.0,0.0,0.0,7689000.0,7689000.0,0.0,86000.0,9430000.0,0.5536311865202842,9344000.0,0.5485821640345212,0.0,9300000.0,0.5459989432278518,1039000.0,8158000.0,0.47895262138202316,0.05,0.05,163160000.0,163160000.0,https://www1.hkexnews.hk/search/titlesearch.xhtml,https://www1.hkexnews.hk/search/titlesearch.xhtml,1620585784,14:43:04,20210509
20,2015-12-31,8067.HK,CNY,2015-12-31,2015-12-31,Q4,17260000,0.0,17260000.0,1.0,0.0,2835000.0,0.0,0.0,9139000.0,9139000.0,0.0,85000.0,8206000.0,0.4754345307068366,8121000.0,0.4705098493626883,0.0,8095000.0,0.4690034762456547,934000.0,7091000.0,0.4108342989571263,0.04,0.04,180000000.0,180000000.0,https://www1.hkexnews.hk/search/titlesearch.xhtml,https://www1.hkexnews.hk/search/titlesearch.xhtml,1620585784,14:43:04,20210509
21,2015-09-30,8067.HK,CNY,2015-09-30,2015-09-30,Q3,17195000,0.0,17195000.0,1.0,0.0,2433000.0,0.0,0.0,5899000.0,5899000.0,0.0,87000.0,11383000.0,0.6619947659203257,11296000.0,0.6569351555684793,0.0,12816000.0,0.7453329456237279,1518000.0,11196000.0,0.6511195114858971,0.06,0.06,180000000.0,180000000.0,https://www1.hkexnews.hk/search/titlesearch.xhtml,https://www1.hkexnews.hk/search/titlesearch.xhtml,1620585784,14:43:04,20210509
22,2015-06-30,8067.HK,CNY,2015-06-30,2015-06-30,Q2,15716000,0.0,15716000.0,1.0,0.0,1246000.0,0.0,0.0,5536000.0,5536000.0,0.0,-86000.0,10094000.0,0.6422753881394757,10180000.0,0.6477475184525324,0.0,43770000.0,2.78505981165691,10726000.0,32660000.0,2.078136930516671,0.18144444444444444,0.18144444444444444,180000000.0,180000000.0,https://www1.hkexnews.hk/search/titlesearch.xhtml,https://www1.hkexnews.hk/search/titlesearch.xhtml,1620585784,14:43:04,20210509
23,2015-03-31,8067.HK,CNY,2015-03-31,2015-03-31,Q1,15244000,0.0,15244000.0,1.0,0.0,2253000.0,0.0,0.0,7383000.0,7383000.0,0.0,163000.0,8024000.0,0.5263710312254002,7861000.0,0.5156782996588822,0.0,8259000.0,0.5417869325636316,22000.0,8142000.0,0.5341117816845972,0.04,0.04,200000.0,200000.0,https://www1.hkexnews.hk/search/titlesearch.xhtml,https://www1.hkexnews.hk/search/titlesearch.xhtml,1620585784,14:43:04,20210509
24,2014-12-31,8067.HK,CNY,2014-12-31,2014-12-31,Q4,15254000,0.0,15254000.0,1.0,0.0,11389000.0,0.0,0.0,16170000.0,16170000.0,0.0,30000.0,-886000.0,-0.058083125737511475,-916000.0,-0.06004982299724662,0.0,-683000.0,-0.04477514094663695,2269000.0,-2961000.0,-0.19411301953585944,-0.021933,-0.021933,135000000.0,135000000.0,https://www1.hkexnews.hk/search/titlesearch.xhtml,https://www1.hkexnews.hk/search/titlesearch.xhtml,1620585784,14:43:04,20210509
25,2014-09-30,8067.HK,CNY,2014-09-30,2014-09-30,Q3,15367000,0.0,15367000.0,1.0,0.0,2097000.0,0.0,0.0,8772000.0,8772000.0,0.0,196000.0,6791000.0,0.44192099954447844,6595000.0,0.42916639552287367,0.0,6881000.0,0.4477777054727663,385000.0,6433000.0,0.4186243248519555,0.05,0.05,135000000.0,135000000.0,https://www1.hkexnews.hk/search/titlesearch.xhtml,https://www1.hkexnews.hk/search/titlesearch.xhtml,1620585784,14:43:04,20210509
26,2014-06-30,8067.HK,CNY,2014-06-30,2014-06-30,Q2,14943000,0.0,14943000.0,1.0,0.0,2184000.0,0.0,0.0,7752000.0,7752000.0,0.0,213000.0,7404000.0,0.4954828347721341,7191000.0,0.4812286689419795,0.0,8051000.0,0.5387806999933079,1403000.0,6580000.0,0.4403399585090009,0.036555555555555556,0.036555555555555556,180000000.0,180000000.0,https://www1.hkexnews.hk/search/titlesearch.xhtml,https://www1.hkexnews.hk/search/titlesearch.xhtml,1620585784,14:43:04,20210509
27,2014-03-31,8067.HK,CNY,2014-03-31,2014-03-31,Q1,14852000,0.0,14852000.0,1.0,0.0,2906000.0,0.0,0.0,7798000.0,7798000.0,0.0,306000.0,7360000.0,0.49555615405332615,7054000.0,0.4749528683005656,0.0,7607000.0,0.5121869108537571,371000.0,7162000.0,0.4822246162133046,0.05,0.05,143240000.0,143240000.0,https://www1.hkexnews.hk/search/titlesearch.xhtml,https://www1.hkexnews.hk/search/titlesearch.xhtml,1620585784,14:43:04,20210509
