,date,symbol,reportedCurrency,fillingDate,acceptedDate,period,revenue,costOfRevenue,grossProfit,grossProfitRatio,researchAndDevelopmentExpenses,generalAndAdministrativeExpenses,sellingAndMarketingExpenses,otherExpenses,operatingExpenses,costAndExpenses,interestExpense,depreciationAndAmortization,ebitda,ebitdaratio,operatingIncome,operatingIncomeRatio,totalOtherIncomeExpensesNet,incomeBeforeTax,incomeBeforeTaxRatio,incomeTaxExpense,netIncome,netIncomeRatio,eps,epsdiluted,weightedAverageShsOut,weightedAverageShsOutDil,link,finalLink,timestamp,est_time,est_date
0,2019-06-30,1203.HK,HKD,2019-06-30,2019-06-30,Q2,592431000.0,536060250.0,56370750.0,0.09515158727345463,0.0,27204500.0,15144000.0,533000.0,61000.0,577562500.0,29000.0,14291500.0,29160000.0,0.04922092193014883,14868500.0,0.025097437507490324,0.0,15145500.0,0.025565002506621023,1603750.0,13553250.0,0.02287734774176233,0.015,0.015,907593000,907593000,https://www1.hkexnews.hk/search/titlesearch.xhtml,https://www1.hkexnews.hk/search/titlesearch.xhtml,1620585126,14:32:06,20210509
1,2019-03-31,1203.HK,HKD,2019-03-31,2019-03-31,Q1,592431000.0,536060250.0,56370750.0,0.09515158727345463,0.0,27204500.0,15144000.0,533000.0,61000.0,577562500.0,29000.0,14291500.0,29160000.0,0.04922092193014883,14868500.0,0.025097437507490324,0.0,15145500.0,0.025565002506621023,1603750.0,13553250.0,0.02287734774176233,0.015,0.015,907593000,907593000,https://www1.hkexnews.hk/search/titlesearch.xhtml,https://www1.hkexnews.hk/search/titlesearch.xhtml,1620585126,14:32:06,20210509
2,2019-01-31,1203.HK,HKD,2019-01-31,2019-01-31,Q1,592431000.0,536060250.0,56370750.0,0.09515158727345463,0.0,27204500.0,15144000.0,533000.0,61000.0,577562500.0,29000.0,14291500.0,29160000.0,0.04922092193014883,14868500.0,0.025097437507490324,0.0,15145500.0,0.025565002506621023,1603750.0,13553250.0,0.02287734774176233,0.015,0.015,907593000,907593000,https://www1.hkexnews.hk/search/titlesearch.xhtml,https://www1.hkexnews.hk/search/titlesearch.xhtml,1620585126,14:32:06,20210509
3,2018-06-30,1203.HK,HKD,2018-06-30,2018-06-30,Q2,711339000.0,653942250.0,57396750.0,0.08068832160193663,0.0,24508750.0,17984000.0,456000.0,38250.0,695385750.0,3000.0,18484750.0,34438000.0,0.04841292267118772,15953250.0,0.022427070637206732,0.0,30656000.0,0.04309618901817558,1775500.0,29594250.0,0.041603581414768484,0.0325,0.0325,907593000,907593000,https://www1.hkexnews.hk/search/titlesearch.xhtml,https://www1.hkexnews.hk/search/titlesearch.xhtml,1620585126,14:32:06,20210509
4,2018-03-31,1203.HK,HKD,2018-03-31,2018-03-31,Q1,711339000.0,653942250.0,57396750.0,0.08068832160193663,0.0,24508750.0,17984000.0,456000.0,38250.0,695385750.0,3000.0,18484750.0,34438000.0,0.04841292267118772,15953250.0,0.022427070637206732,0.0,30656000.0,0.04309618901817558,1775500.0,29594250.0,0.041603581414768484,0.0325,0.0325,907593000,907593000,https://www1.hkexnews.hk/search/titlesearch.xhtml,https://www1.hkexnews.hk/search/titlesearch.xhtml,1620585126,14:32:06,20210509
5,2018-01-31,1203.HK,HKD,2018-01-31,2018-01-31,Q1,711339000.0,653942250.0,57396750.0,0.08068832160193663,0.0,24508750.0,17984000.0,456000.0,38250.0,695385750.0,3000.0,18484750.0,34438000.0,0.04841292267118772,15953250.0,0.022427070637206732,0.0,30656000.0,0.04309618901817558,1775500.0,29594250.0,0.041603581414768484,0.0325,0.0325,907593000,907593000,https://www1.hkexnews.hk/search/titlesearch.xhtml,https://www1.hkexnews.hk/search/titlesearch.xhtml,1620585126,14:32:06,20210509
6,2017-06-30,1203.HK,HKD,2017-06-30,2017-06-30,Q2,546502500.0,508458500.0,38044000.0,0.0696135882269523,0.0,22487000.0,14504250.0,950000.0,118000.0,543610500.0,254000.0,22104750.0,24996750.0,0.0457394979894877,2892000.0,0.0052918330657224805,0.0,11984000.0,0.0219285364659814,-1966000.0,16449250.0,0.030099130379092502,0.018,0.018,907593000,907593000,https://www1.hkexnews.hk/search/titlesearch.xhtml,https://www1.hkexnews.hk/search/titlesearch.xhtml,1620585126,14:32:06,20210509
7,2017-03-31,1203.HK,HKD,2017-03-31,2017-03-31,Q1,546502500.0,508458500.0,38044000.0,0.0696135882269523,0.0,22487000.0,14504250.0,950000.0,118000.0,543610500.0,254000.0,22104750.0,24996750.0,0.0457394979894877,2892000.0,0.0052918330657224805,0.0,11984000.0,0.0219285364659814,-1966000.0,16449250.0,0.030099130379092502,0.018,0.018,907593000,907593000,https://www1.hkexnews.hk/search/titlesearch.xhtml,https://www1.hkexnews.hk/search/titlesearch.xhtml,1620585126,14:32:06,20210509
8,2017-01-31,1203.HK,HKD,2017-01-31,2017-01-31,Q1,546502500.0,508458500.0,38044000.0,0.0696135882269523,0.0,22487000.0,14504250.0,950000.0,118000.0,543610500.0,254000.0,22104750.0,24996750.0,0.0457394979894877,2892000.0,0.0052918330657224805,0.0,11984000.0,0.0219285364659814,-1966000.0,16449250.0,0.030099130379092502,0.018,0.018,907593000,907593000,https://www1.hkexnews.hk/search/titlesearch.xhtml,https://www1.hkexnews.hk/search/titlesearch.xhtml,1620585126,14:32:06,20210509
9,2016-06-30,1203.HK,HKD,2016-06-30,2016-06-30,Q2,561528500.0,507285750.0,54242750.0,0.09659839171119543,0.0,23790750.0,15315500.0,846000.0,384250.0,544395250.0,362250.0,25783000.0,42916250.0,0.07642755443401358,17133250.0,0.030511808394409187,0.0,29284000.0,0.05215051417692958,1941500.0,27121000.0,0.04829852803553159,0.03,0.03,907593000,907593000,https://www1.hkexnews.hk/search/titlesearch.xhtml,https://www1.hkexnews.hk/search/titlesearch.xhtml,1620585126,14:32:06,20210509
10,2016-03-31,1203.HK,HKD,2016-03-31,2016-03-31,Q1,561528500.0,507285750.0,54242750.0,0.09659839171119543,0.0,23790750.0,15315500.0,846000.0,384250.0,544395250.0,362250.0,25783000.0,42916250.0,0.07642755443401358,17133250.0,0.030511808394409187,0.0,29284000.0,0.05215051417692958,1941500.0,27121000.0,0.04829852803553159,0.03,0.03,907593000,907593000,https://www1.hkexnews.hk/search/titlesearch.xhtml,https://www1.hkexnews.hk/search/titlesearch.xhtml,1620585126,14:32:06,20210509
11,2016-01-31,1203.HK,HKD,2016-01-31,2016-01-31,Q1,561528500.0,507285750.0,54242750.0,0.09659839171119543,0.0,23790750.0,15315500.0,846000.0,384250.0,544395250.0,362250.0,25783000.0,42916250.0,0.07642755443401358,17133250.0,0.030511808394409187,0.0,29284000.0,0.05215051417692958,1941500.0,27121000.0,0.04829852803553159,0.03,0.03,907593000,907593000,https://www1.hkexnews.hk/search/titlesearch.xhtml,https://www1.hkexnews.hk/search/titlesearch.xhtml,1620585126,14:32:06,20210509
12,2015-09-30,1203.HK,HKD,2015-09-30,2015-09-30,Q3,619665250.0,557830500.0,61834750.0,0.0997873448607938,0.0,24734250.0,16525750.0,1076750.0,2591000.0,599406250.0,2490500.0,25238750.0,45497750.0,0.07342311030027907,20259000.0,0.03269345828251625,0.0,15951000.0,0.02574131759042483,2325500.0,16571250.0,0.026742261245083537,0.01825,0.01825,907468000,907468000,https://www1.hkexnews.hk/search/titlesearch.xhtml,https://www1.hkexnews.hk/search/titlesearch.xhtml,1620585126,14:32:06,20210509
13,2015-06-30,1203.HK,HKD,2015-06-30,2015-06-30,Q2,619665250.0,557830500.0,61834750.0,0.0997873448607938,0.0,24734250.0,16525750.0,1076750.0,2591000.0,599406250.0,2490500.0,25238750.0,45497750.0,0.07342311030027907,20259000.0,0.03269345828251625,0.0,15951000.0,0.02574131759042483,2325500.0,16571250.0,0.026742261245083537,0.01825,0.01825,907468000,907468000,https://www1.hkexnews.hk/search/titlesearch.xhtml,https://www1.hkexnews.hk/search/titlesearch.xhtml,1620585126,14:32:06,20210509
14,2015-03-31,1203.HK,HKD,2015-03-31,2015-03-31,Q1,619665250.0,557830500.0,61834750.0,0.0997873448607938,0.0,24734250.0,16525750.0,1076750.0,2591000.0,599406250.0,2490500.0,25238750.0,45497750.0,0.07342311030027907,20259000.0,0.03269345828251625,0.0,15951000.0,0.02574131759042483,2325500.0,16571250.0,0.026742261245083537,0.01825,0.01825,907468000,907468000,https://www1.hkexnews.hk/search/titlesearch.xhtml,https://www1.hkexnews.hk/search/titlesearch.xhtml,1620585126,14:32:06,20210509
15,2015-01-31,1203.HK,HKD,2015-01-31,2015-01-31,Q1,619665250.0,557830500.0,61834750.0,0.0997873448607938,0.0,24734250.0,16525750.0,1076750.0,2591000.0,599406250.0,2490500.0,25238750.0,45497750.0,0.07342311030027907,20259000.0,0.03269345828251625,0.0,15951000.0,0.02574131759042483,2325500.0,16571250.0,0.026742261245083537,0.01825,0.01825,907468000,907468000,https://www1.hkexnews.hk/search/titlesearch.xhtml,https://www1.hkexnews.hk/search/titlesearch.xhtml,1620585126,14:32:06,20210509
16,2014-09-30,1203.HK,HKD,2014-09-30,2014-09-30,Q3,853126250.0,771380500.0,81745750.0,0.0958190537449762,0.0,26926750.0,20463500.0,706250.0,122000.0,817908000.0,2392250.0,24332500.0,59550750.0,0.0698029746476562,35218250.0,0.04128140471589053,0.0,45528250.0,0.053366368693965285,7284250.0,36223750.0,0.04246001104760286,0.04,0.04,907293000,907293000,https://www1.hkexnews.hk/search/titlesearch.xhtml,https://www1.hkexnews.hk/search/titlesearch.xhtml,1620585126,14:32:06,20210509
17,2014-06-30,1203.HK,HKD,2014-06-30,2014-06-30,Q2,853126250.0,771380500.0,81745750.0,0.0958190537449762,0.0,26926750.0,20463500.0,706250.0,122000.0,817908000.0,2392250.0,24332500.0,59550750.0,0.0698029746476562,35218250.0,0.04128140471589053,0.0,45528250.0,0.053366368693965285,7284250.0,36223750.0,0.04246001104760286,0.04,0.04,907293000,907293000,https://www1.hkexnews.hk/search/titlesearch.xhtml,https://www1.hkexnews.hk/search/titlesearch.xhtml,1620585126,14:32:06,20210509
18,2014-03-31,1203.HK,HKD,2014-03-31,2014-03-31,Q1,853126250.0,771380500.0,81745750.0,0.0958190537449762,0.0,26926750.0,20463500.0,706250.0,122000.0,817908000.0,2392250.0,24332500.0,59550750.0,0.0698029746476562,35218250.0,0.04128140471589053,0.0,45528250.0,0.053366368693965285,7284250.0,36223750.0,0.04246001104760286,0.04,0.04,907293000,907293000,https://www1.hkexnews.hk/search/titlesearch.xhtml,https://www1.hkexnews.hk/search/titlesearch.xhtml,1620585126,14:32:06,20210509
19,2014-01-31,1203.HK,HKD,2014-01-31,2014-01-31,Q1,853126250.0,771380500.0,81745750.0,0.0958190537449762,0.0,26926750.0,20463500.0,706250.0,122000.0,817908000.0,2392250.0,24332500.0,59550750.0,0.0698029746476562,35218250.0,0.04128140471589053,0.0,45528250.0,0.053366368693965285,7284250.0,36223750.0,0.04246001104760286,0.04,0.04,907293000,907293000,https://www1.hkexnews.hk/search/titlesearch.xhtml,https://www1.hkexnews.hk/search/titlesearch.xhtml,1620585126,14:32:06,20210509
20,2013-09-30,1203.HK,HKD,2013-09-30,2013-09-30,Q3,873483500.0,793117250.0,80366250.0,0.09200660344471304,0.0,28091250.0,18741750.0,437000.0,169750.0,839485250.0,1488000.0,23346750.0,57345000.0,0.06565092528937296,33998250.0,0.03892260128554231,0.0,55394750.0,0.06341819851204974,8535250.0,43470000.0,0.04976625202422255,0.047911755078017794,0.04789649860839021,907293000,907582000,https://www1.hkexnews.hk/search/titlesearch.xhtml,https://www1.hkexnews.hk/search/titlesearch.xhtml,1620585126,14:32:06,20210509
21,2013-06-30,1203.HK,HKD,2013-06-30,2013-06-30,Q2,873483500.0,793117250.0,80366250.0,0.09200660344471304,0.0,28091250.0,18741750.0,437000.0,169750.0,839485250.0,1488000.0,23346750.0,57345000.0,0.06565092528937296,33998250.0,0.03892260128554231,0.0,55394750.0,0.06341819851204974,8535250.0,43470000.0,0.04976625202422255,0.047911755078017794,0.04789649860839021,907293000,907582000,https://www1.hkexnews.hk/search/titlesearch.xhtml,https://www1.hkexnews.hk/search/titlesearch.xhtml,1620585126,14:32:06,20210509
22,2013-03-31,1203.HK,HKD,2013-03-31,2013-03-31,Q1,873483500.0,793117250.0,80366250.0,0.09200660344471304,0.0,28091250.0,18741750.0,437000.0,169750.0,839485250.0,1488000.0,23346750.0,57345000.0,0.06565092528937296,33998250.0,0.03892260128554231,0.0,55394750.0,0.06341819851204974,8535250.0,43470000.0,0.04976625202422255,0.047911755078017794,0.04789649860839021,907293000,907582000,https://www1.hkexnews.hk/search/titlesearch.xhtml,https://www1.hkexnews.hk/search/titlesearch.xhtml,1620585126,14:32:06,20210509
23,2013-01-31,1203.HK,HKD,2013-01-31,2013-01-31,Q1,873483500.0,793117250.0,80366250.0,0.09200660344471304,0.0,28091250.0,18741750.0,437000.0,169750.0,839485250.0,1488000.0,23346750.0,57345000.0,0.06565092528937296,33998250.0,0.03892260128554231,0.0,55394750.0,0.06341819851204974,8535250.0,43470000.0,0.04976625202422255,0.047911755078017794,0.04789649860839021,907293000,907582000,https://www1.hkexnews.hk/search/titlesearch.xhtml,https://www1.hkexnews.hk/search/titlesearch.xhtml,1620585126,14:32:06,20210509
24,2012-09-30,1203.HK,HKD,2012-09-30,2012-09-30,Q3,836572750.0,760214250.0,76358500.0,0.09127538519513097,0.0,26158500.0,17122500.0,25250.0,312750.0,802439750.0,1609500.0,23102750.0,57235750.0,0.06841694281818288,34133000.0,0.040800994294877525,0.0,38024000.0,0.04545211399725846,7159750.0,28730250.0,0.034342799236527846,0.031665900651718905,0.03165449196800423,907293000,907620000,https://www1.hkexnews.hk/search/titlesearch.xhtml,https://www1.hkexnews.hk/search/titlesearch.xhtml,1620585126,14:32:06,20210509
25,2012-06-30,1203.HK,HKD,2012-06-30,2012-06-30,Q2,836572750.0,760214250.0,76358500.0,0.09127538519513097,0.0,26158500.0,17122500.0,25250.0,312750.0,802439750.0,1609500.0,23102750.0,57235750.0,0.06841694281818288,34133000.0,0.040800994294877525,0.0,38024000.0,0.04545211399725846,7159750.0,28730250.0,0.034342799236527846,0.031665900651718905,0.03165449196800423,907293000,907620000,https://www1.hkexnews.hk/search/titlesearch.xhtml,https://www1.hkexnews.hk/search/titlesearch.xhtml,1620585126,14:32:06,20210509
26,2012-03-31,1203.HK,HKD,2012-03-31,2012-03-31,Q1,836572750.0,760214250.0,76358500.0,0.09127538519513097,0.0,26158500.0,17122500.0,25250.0,312750.0,802439750.0,1609500.0,23102750.0,57235750.0,0.06841694281818288,34133000.0,0.040800994294877525,0.0,38024000.0,0.04545211399725846,7159750.0,28730250.0,0.034342799236527846,0.031665900651718905,0.03165449196800423,907293000,907620000,https://www1.hkexnews.hk/search/titlesearch.xhtml,https://www1.hkexnews.hk/search/titlesearch.xhtml,1620585126,14:32:06,20210509
27,2012-01-31,1203.HK,HKD,2012-01-31,2012-01-31,Q1,836572750.0,760214250.0,76358500.0,0.09127538519513097,0.0,26158500.0,17122500.0,25250.0,312750.0,802439750.0,1609500.0,23102750.0,57235750.0,0.06841694281818288,34133000.0,0.040800994294877525,0.0,38024000.0,0.04545211399725846,7159750.0,28730250.0,0.034342799236527846,0.031665900651718905,0.03165449196800423,907293000,907620000,https://www1.hkexnews.hk/search/titlesearch.xhtml,https://www1.hkexnews.hk/search/titlesearch.xhtml,1620585126,14:32:06,20210509
28,2011-09-30,1203.HK,HKD,2011-09-30,2011-09-30,Q3,851028750.0,773181250.0,77847500.0,0.0914745829679667,0.0,24658250.0,17479750.0,7186750.0,-18049750.0,797269500.0,2918750.0,21216000.0,74975250.0,0.08809955010333081,53759250.0,0.06316972252700041,0.0,66281750.0,0.07788426654211153,8350000.0,53288750.0,0.0626168622387904,0.05877368677048166,0.05871352767610615,906677000,907606000,https://www1.hkexnews.hk/search/titlesearch.xhtml,https://www1.hkexnews.hk/search/titlesearch.xhtml,1620585126,14:32:06,20210509
29,2011-06-30,1203.HK,HKD,2011-06-30,2011-06-30,Q2,851028750.0,773181250.0,77847500.0,0.0914745829679667,0.0,24658250.0,17479750.0,7186750.0,-18049750.0,797269500.0,2918750.0,21216000.0,74975250.0,0.08809955010333081,53759250.0,0.06316972252700041,0.0,66281750.0,0.07788426654211153,8350000.0,53288750.0,0.0626168622387904,0.05877368677048166,0.05871352767610615,906677000,907606000,https://www1.hkexnews.hk/search/titlesearch.xhtml,https://www1.hkexnews.hk/search/titlesearch.xhtml,1620585126,14:32:06,20210509
30,2011-03-31,1203.HK,HKD,2011-03-31,2011-03-31,Q1,851028750.0,773181250.0,77847500.0,0.0914745829679667,0.0,24658250.0,17479750.0,7186750.0,-18049750.0,797269500.0,2918750.0,21216000.0,74975250.0,0.08809955010333081,53759250.0,0.06316972252700041,0.0,66281750.0,0.07788426654211153,8350000.0,53288750.0,0.0626168622387904,0.05877368677048166,0.05871352767610615,906677000,907606000,https://www1.hkexnews.hk/search/titlesearch.xhtml,https://www1.hkexnews.hk/search/titlesearch.xhtml,1620585126,14:32:06,20210509
31,2011-01-31,1203.HK,HKD,2011-01-31,2011-01-31,Q1,851028750.0,773181250.0,77847500.0,0.0914745829679667,0.0,24658250.0,17479750.0,7186750.0,-18049750.0,797269500.0,2918750.0,21216000.0,74975250.0,0.08809955010333081,53759250.0,0.06316972252700041,0.0,66281750.0,0.07788426654211153,8350000.0,53288750.0,0.0626168622387904,0.05877368677048166,0.05871352767610615,906677000,907606000,https://www1.hkexnews.hk/search/titlesearch.xhtml,https://www1.hkexnews.hk/search/titlesearch.xhtml,1620585126,14:32:06,20210509
32,2010-09-30,1203.HK,HKD,2010-09-30,2010-09-30,Q3,717551500.0,627167250.0,90384250.0,0.1259620389616634,0.0,23087000.0,15082000.0,1658500.0,-8602750.0,656733500.0,2163500.0,21697250.0,82515250.0,0.11499557871455916,60818000.0,0.08475767941395147,0.0,67099000.0,0.09351105809130077,12440000.0,50730000.0,0.07069875820759904,0.05600234033040608,0.055959962097687804,905855000,906541000,https://www1.hkexnews.hk/search/titlesearch.xhtml,https://www1.hkexnews.hk/search/titlesearch.xhtml,1620585126,14:32:06,20210509
33,2010-06-30,1203.HK,HKD,2010-06-30,2010-06-30,Q2,717551500.0,627167250.0,90384250.0,0.1259620389616634,0.0,23087000.0,15082000.0,1658500.0,-8602750.0,656733500.0,2163500.0,21697250.0,82515250.0,0.11499557871455916,60818000.0,0.08475767941395147,0.0,67099000.0,0.09351105809130077,12440000.0,50730000.0,0.07069875820759904,0.05600234033040608,0.055959962097687804,905855000,906541000,https://www1.hkexnews.hk/search/titlesearch.xhtml,https://www1.hkexnews.hk/search/titlesearch.xhtml,1620585126,14:32:06,20210509
34,2010-03-31,1203.HK,HKD,2010-03-31,2010-03-31,Q1,717551500.0,627167250.0,90384250.0,0.1259620389616634,0.0,23087000.0,15082000.0,1658500.0,-8602750.0,656733500.0,2163500.0,21697250.0,82515250.0,0.11499557871455916,60818000.0,0.08475767941395147,0.0,67099000.0,0.09351105809130077,12440000.0,50730000.0,0.07069875820759904,0.05600234033040608,0.055959962097687804,905855000,906541000,https://www1.hkexnews.hk/search/titlesearch.xhtml,https://www1.hkexnews.hk/search/titlesearch.xhtml,1620585126,14:32:06,20210509
35,2010-01-31,1203.HK,HKD,2010-01-31,2010-01-31,Q1,717551500.0,627167250.0,90384250.0,0.1259620389616634,0.0,23087000.0,15082000.0,1658500.0,-8602750.0,656733500.0,2163500.0,21697250.0,82515250.0,0.11499557871455916,60818000.0,0.08475767941395147,0.0,67099000.0,0.09351105809130077,12440000.0,50730000.0,0.07069875820759904,0.05600234033040608,0.055959962097687804,905855000,906541000,https://www1.hkexnews.hk/search/titlesearch.xhtml,https://www1.hkexnews.hk/search/titlesearch.xhtml,1620585126,14:32:06,20210509
36,2009-09-30,1203.HK,HKD,2009-09-30,2009-09-30,Q3,588025750.0,516232250.0,71793500.0,0.12209244238028692,0.0,17909000.0,13040000.0,0.0,-13052000.0,534129250.0,1696000.0,22207000.0,76103500.0,0.12942205337096208,53896500.0,0.09165670040810288,0.0,60921000.0,0.10360260583826474,10064750.0,45181000.0,0.07683507057301488,0.05,0.04975,905635000,907642000,https://www1.hkexnews.hk/search/titlesearch.xhtml,https://www1.hkexnews.hk/search/titlesearch.xhtml,1620585126,14:32:06,20210509
37,2009-06-30,1203.HK,HKD,2009-06-30,2009-06-30,Q2,588025750.0,516232250.0,71793500.0,0.12209244238028692,0.0,17909000.0,13040000.0,0.0,-13052000.0,534129250.0,1696000.0,22207000.0,76103500.0,0.12942205337096208,53896500.0,0.09165670040810288,0.0,60921000.0,0.10360260583826474,10064750.0,45181000.0,0.07683507057301488,0.05,0.04975,905635000,907642000,https://www1.hkexnews.hk/search/titlesearch.xhtml,https://www1.hkexnews.hk/search/titlesearch.xhtml,1620585126,14:32:06,20210509
38,2009-03-31,1203.HK,HKD,2009-03-31,2009-03-31,Q1,588025750.0,516232250.0,71793500.0,0.12209244238028692,0.0,17909000.0,13040000.0,0.0,-13052000.0,534129250.0,1696000.0,22207000.0,76103500.0,0.12942205337096208,53896500.0,0.09165670040810288,0.0,60921000.0,0.10360260583826474,10064750.0,45181000.0,0.07683507057301488,0.05,0.04975,905635000,907642000,https://www1.hkexnews.hk/search/titlesearch.xhtml,https://www1.hkexnews.hk/search/titlesearch.xhtml,1620585126,14:32:06,20210509
39,2009-01-31,1203.HK,HKD,2009-01-31,2009-01-31,Q1,588025750.0,516232250.0,71793500.0,0.12209244238028692,0.0,17909000.0,13040000.0,0.0,-13052000.0,534129250.0,1696000.0,22207000.0,76103500.0,0.12942205337096208,53896500.0,0.09165670040810288,0.0,60921000.0,0.10360260583826474,10064750.0,45181000.0,0.07683507057301488,0.05,0.04975,905635000,907642000,https://www1.hkexnews.hk/search/titlesearch.xhtml,https://www1.hkexnews.hk/search/titlesearch.xhtml,1620585126,14:32:06,20210509
40,2008-09-30,1203.HK,HKD,2008-09-30,2008-09-30,Q3,744967000.0,679976750.0,64990250.0,0.08723909918157449,0.0,19103250.0,14132500.0,-4857250.0,-10067250.0,703145250.0,6226250.0,20392750.0,62214500.0,0.08351309521092881,41821750.0,0.05613906387799728,0.0,34870250.0,0.04680777806265244,4749750.0,25161500.0,0.0337753215914262,0.02775,0.02775,905603000,905603000,https://www1.hkexnews.hk/search/titlesearch.xhtml,https://www1.hkexnews.hk/search/titlesearch.xhtml,1620585126,14:32:06,20210509
41,2008-06-30,1203.HK,HKD,2008-06-30,2008-06-30,Q2,744967000.0,679976750.0,64990250.0,0.08723909918157449,0.0,19103250.0,14132500.0,-4857250.0,-10067250.0,703145250.0,6226250.0,20392750.0,62214500.0,0.08351309521092881,41821750.0,0.05613906387799728,0.0,34870250.0,0.04680777806265244,4749750.0,25161500.0,0.0337753215914262,0.02775,0.02775,905603000,905603000,https://www1.hkexnews.hk/search/titlesearch.xhtml,https://www1.hkexnews.hk/search/titlesearch.xhtml,1620585126,14:32:06,20210509
42,2008-03-31,1203.HK,HKD,2008-03-31,2008-03-31,Q1,744967000.0,679976750.0,64990250.0,0.08723909918157449,0.0,19103250.0,14132500.0,-4857250.0,-10067250.0,703145250.0,6226250.0,20392750.0,62214500.0,0.08351309521092881,41821750.0,0.05613906387799728,0.0,34870250.0,0.04680777806265244,4749750.0,25161500.0,0.0337753215914262,0.02775,0.02775,905603000,905603000,https://www1.hkexnews.hk/search/titlesearch.xhtml,https://www1.hkexnews.hk/search/titlesearch.xhtml,1620585126,14:32:06,20210509
43,2008-01-31,1203.HK,HKD,2008-01-31,2008-01-31,Q1,744967000.0,679976750.0,64990250.0,0.08723909918157449,0.0,19103250.0,14132500.0,-4857250.0,-10067250.0,703145250.0,6226250.0,20392750.0,62214500.0,0.08351309521092881,41821750.0,0.05613906387799728,0.0,34870250.0,0.04680777806265244,4749750.0,25161500.0,0.0337753215914262,0.02775,0.02775,905603000,905603000,https://www1.hkexnews.hk/search/titlesearch.xhtml,https://www1.hkexnews.hk/search/titlesearch.xhtml,1620585126,14:32:06,20210509
44,2007-09-30,1203.HK,HKD,2007-09-30,2007-09-30,Q3,398365000.0,353999250.0,44365750.0,0.11136959823277648,0.0,14953000.0,0.0,0.0,1941750.0,370894000.0,0.0,10416750.0,37887750.0,0.09510812947924642,27471000.0,0.06895937143072307,0.0,43610750.0,0.10947435141139407,-1858750.0,45469500.0,0.11414029846999611,0.05075,0.05075,905463054,905463054,https://www1.hkexnews.hk/search/titlesearch.xhtml,https://www1.hkexnews.hk/search/titlesearch.xhtml,1620585126,14:32:06,20210509
45,2007-06-30,1203.HK,HKD,2007-06-30,2007-06-30,Q2,398365000.0,353999250.0,44365750.0,0.11136959823277648,0.0,14953000.0,0.0,0.0,1941750.0,370894000.0,0.0,10416750.0,37887750.0,0.09510812947924642,27471000.0,0.06895937143072307,0.0,43610750.0,0.10947435141139407,-1858750.0,45469500.0,0.11414029846999611,0.05075,0.05075,905463054,905463054,https://www1.hkexnews.hk/search/titlesearch.xhtml,https://www1.hkexnews.hk/search/titlesearch.xhtml,1620585126,14:32:06,20210509
46,2007-03-31,1203.HK,HKD,2007-03-31,2007-03-31,Q1,398365000.0,353999250.0,44365750.0,0.11136959823277648,0.0,14953000.0,0.0,0.0,1941750.0,370894000.0,0.0,10416750.0,37887750.0,0.09510812947924642,27471000.0,0.06895937143072307,0.0,43610750.0,0.10947435141139407,-1858750.0,45469500.0,0.11414029846999611,0.05075,0.05075,905463054,905463054,https://www1.hkexnews.hk/search/titlesearch.xhtml,https://www1.hkexnews.hk/search/titlesearch.xhtml,1620585126,14:32:06,20210509
47,2007-01-31,1203.HK,HKD,2007-01-31,2007-01-31,Q1,398365000.0,353999250.0,44365750.0,0.11136959823277648,0.0,14953000.0,0.0,0.0,1941750.0,370894000.0,0.0,10416750.0,37887750.0,0.09510812947924642,27471000.0,0.06895937143072307,0.0,43610750.0,0.10947435141139407,-1858750.0,45469500.0,0.11414029846999611,0.05075,0.05075,905463054,905463054,https://www1.hkexnews.hk/search/titlesearch.xhtml,https://www1.hkexnews.hk/search/titlesearch.xhtml,1620585126,14:32:06,20210509
48,2006-09-30,1203.HK,HKD,2006-09-30,2006-09-30,Q3,305313500.0,264445250.0,40868250.0,0.13385667518796254,0.0,11764000.0,0.0,0.0,1405750.0,277615000.0,0.0,4170250.0,31868750.0,0.10438041554009239,27698500.0,0.09072150428985289,0.0,37567500.0,0.12304565634994849,5869000.0,31698500.0,0.103822791982667,0.03375,0.03375,898666667,898666667,https://www1.hkexnews.hk/search/titlesearch.xhtml,https://www1.hkexnews.hk/search/titlesearch.xhtml,1620585126,14:32:06,20210509
49,2006-06-30,1203.HK,HKD,2006-06-30,2006-06-30,Q2,305313500.0,264445250.0,40868250.0,0.13385667518796254,0.0,11764000.0,0.0,0.0,1405750.0,277615000.0,0.0,4170250.0,31868750.0,0.10438041554009239,27698500.0,0.09072150428985289,0.0,37567500.0,0.12304565634994849,5869000.0,31698500.0,0.103822791982667,0.03375,0.03375,898666667,898666667,https://www1.hkexnews.hk/search/titlesearch.xhtml,https://www1.hkexnews.hk/search/titlesearch.xhtml,1620585126,14:32:06,20210509
50,2006-03-31,1203.HK,HKD,2006-03-31,2006-03-31,Q1,305313500.0,264445250.0,40868250.0,0.13385667518796254,0.0,11764000.0,0.0,0.0,1405750.0,277615000.0,0.0,4170250.0,31868750.0,0.10438041554009239,27698500.0,0.09072150428985289,0.0,37567500.0,0.12304565634994849,5869000.0,31698500.0,0.103822791982667,0.03375,0.03375,898666667,898666667,https://www1.hkexnews.hk/search/titlesearch.xhtml,https://www1.hkexnews.hk/search/titlesearch.xhtml,1620585126,14:32:06,20210509
51,2006-01-31,1203.HK,HKD,2006-01-31,2006-01-31,Q1,305313500.0,264445250.0,40868250.0,0.13385667518796254,0.0,11764000.0,0.0,0.0,1405750.0,277615000.0,0.0,4170250.0,31868750.0,0.10438041554009239,27698500.0,0.09072150428985289,0.0,37567500.0,0.12304565634994849,5869000.0,31698500.0,0.103822791982667,0.03375,0.03375,898666667,898666667,https://www1.hkexnews.hk/search/titlesearch.xhtml,https://www1.hkexnews.hk/search/titlesearch.xhtml,1620585126,14:32:06,20210509
52,2005-09-30,1203.HK,HKD,2005-09-30,2005-09-30,Q3,230304250.0,199567500.0,30736750.0,0.13346149712825534,0.0,10591750.0,0.0,0.0,-5071500.0,205087750.0,0.0,2019250.0,27235750.0,0.11825986711057221,25216500.0,0.10949211749240408,0.0,45132750.0,0.19597011344775445,184000.0,44948750.0,0.1951711703105783,0.04875,0.04875,901328205,901328205,https://www1.hkexnews.hk/search/titlesearch.xhtml,https://www1.hkexnews.hk/search/titlesearch.xhtml,1620585126,14:32:06,20210509
53,2005-06-30,1203.HK,HKD,2005-06-30,2005-06-30,Q2,230304250.0,199567500.0,30736750.0,0.13346149712825534,0.0,10591750.0,0.0,0.0,-5071500.0,205087750.0,0.0,2019250.0,27235750.0,0.11825986711057221,25216500.0,0.10949211749240408,0.0,45132750.0,0.19597011344775445,184000.0,44948750.0,0.1951711703105783,0.04875,0.04875,901328205,901328205,https://www1.hkexnews.hk/search/titlesearch.xhtml,https://www1.hkexnews.hk/search/titlesearch.xhtml,1620585126,14:32:06,20210509
54,2005-03-31,1203.HK,HKD,2005-03-31,2005-03-31,Q1,230304250.0,199567500.0,30736750.0,0.13346149712825534,0.0,10591750.0,0.0,0.0,-5071500.0,205087750.0,0.0,2019250.0,27235750.0,0.11825986711057221,25216500.0,0.10949211749240408,0.0,45132750.0,0.19597011344775445,184000.0,44948750.0,0.1951711703105783,0.04875,0.04875,901328205,901328205,https://www1.hkexnews.hk/search/titlesearch.xhtml,https://www1.hkexnews.hk/search/titlesearch.xhtml,1620585126,14:32:06,20210509
55,2005-01-31,1203.HK,HKD,2005-01-31,2005-01-31,Q1,230304250.0,199567500.0,30736750.0,0.13346149712825534,0.0,10591750.0,0.0,0.0,-5071500.0,205087750.0,0.0,2019250.0,27235750.0,0.11825986711057221,25216500.0,0.10949211749240408,0.0,45132750.0,0.19597011344775445,184000.0,44948750.0,0.1951711703105783,0.04875,0.04875,901328205,901328205,https://www1.hkexnews.hk/search/titlesearch.xhtml,https://www1.hkexnews.hk/search/titlesearch.xhtml,1620585126,14:32:06,20210509
56,2004-09-30,1203.HK,HKD,2004-09-30,2004-09-30,Q3,207087250.0,175273250.0,31814000.0,0.1536260682393532,0.0,10861000.0,0.0,0.0,1325250.0,187459500.0,0.0,1424000.0,21051750.0,0.10165642742370667,19627750.0,0.09478009872650296,0.0,42394750.0,0.204719266879057,7812750.0,34582000.0,0.16699241503279416,0.003675,0.003675,8996462585,8996462585,https://www1.hkexnews.hk/search/titlesearch.xhtml,https://www1.hkexnews.hk/search/titlesearch.xhtml,1620585126,14:32:06,20210509
57,2004-06-30,1203.HK,HKD,2004-06-30,2004-06-30,Q2,207087250.0,175273250.0,31814000.0,0.1536260682393532,0.0,10861000.0,0.0,0.0,1325250.0,187459500.0,0.0,1424000.0,21051750.0,0.10165642742370667,19627750.0,0.09478009872650296,0.0,42394750.0,0.204719266879057,7812750.0,34582000.0,0.16699241503279416,0.003675,0.003675,8996462585,8996462585,https://www1.hkexnews.hk/search/titlesearch.xhtml,https://www1.hkexnews.hk/search/titlesearch.xhtml,1620585126,14:32:06,20210509
58,2004-03-31,1203.HK,HKD,2004-03-31,2004-03-31,Q1,207087250.0,175273250.0,31814000.0,0.1536260682393532,0.0,10861000.0,0.0,0.0,1325250.0,187459500.0,0.0,1424000.0,21051750.0,0.10165642742370667,19627750.0,0.09478009872650296,0.0,42394750.0,0.204719266879057,7812750.0,34582000.0,0.16699241503279416,0.003675,0.003675,8996462585,8996462585,https://www1.hkexnews.hk/search/titlesearch.xhtml,https://www1.hkexnews.hk/search/titlesearch.xhtml,1620585126,14:32:06,20210509
59,2004-01-31,1203.HK,HKD,2004-01-31,2004-01-31,Q1,207087250.0,175273250.0,31814000.0,0.1536260682393532,0.0,10861000.0,0.0,0.0,1325250.0,187459500.0,0.0,1424000.0,21051750.0,0.10165642742370667,19627750.0,0.09478009872650296,0.0,42394750.0,0.204719266879057,7812750.0,34582000.0,0.16699241503279416,0.003675,0.003675,8996462585,8996462585,https://www1.hkexnews.hk/search/titlesearch.xhtml,https://www1.hkexnews.hk/search/titlesearch.xhtml,1620585126,14:32:06,20210509
60,2003-09-30,1203.HK,HKD,2003-09-30,2003-09-30,Q3,381451750.0,343448750.0,38003000.0,0.09962727920372628,0.0,12964000.0,0.0,0.0,6801750.0,363214500.0,0.0,1900750.0,20138000.0,0.05279304656486698,18237250.0,0.04781010966655678,0.0,30080000.0,0.07885663127774352,3233250.0,26846750.0,0.07038046096262503,0.00285,0.0028,9014210526,9175178571,https://www1.hkexnews.hk/search/titlesearch.xhtml,https://www1.hkexnews.hk/search/titlesearch.xhtml,1620585126,14:32:06,20210509
61,2003-06-30,1203.HK,HKD,2003-06-30,2003-06-30,Q2,381451750.0,343448750.0,38003000.0,0.09962727920372628,0.0,12964000.0,0.0,0.0,6801750.0,363214500.0,0.0,1900750.0,20138000.0,0.05279304656486698,18237250.0,0.04781010966655678,0.0,30080000.0,0.07885663127774352,3233250.0,26846750.0,0.07038046096262503,0.00285,0.0028,9014210526,9175178571,https://www1.hkexnews.hk/search/titlesearch.xhtml,https://www1.hkexnews.hk/search/titlesearch.xhtml,1620585126,14:32:06,20210509
62,2003-03-31,1203.HK,HKD,2003-03-31,2003-03-31,Q1,381451750.0,343448750.0,38003000.0,0.09962727920372628,0.0,12964000.0,0.0,0.0,6801750.0,363214500.0,0.0,1900750.0,20138000.0,0.05279304656486698,18237250.0,0.04781010966655678,0.0,30080000.0,0.07885663127774352,3233250.0,26846750.0,0.07038046096262503,0.00285,0.0028,9014210526,9175178571,https://www1.hkexnews.hk/search/titlesearch.xhtml,https://www1.hkexnews.hk/search/titlesearch.xhtml,1620585126,14:32:06,20210509
63,2003-01-31,1203.HK,HKD,2003-01-31,2003-01-31,Q1,381451750.0,343448750.0,38003000.0,0.09962727920372628,0.0,12964000.0,0.0,0.0,6801750.0,363214500.0,0.0,1900750.0,20138000.0,0.05279304656486698,18237250.0,0.04781010966655678,0.0,30080000.0,0.07885663127774352,3233250.0,26846750.0,0.07038046096262503,0.00285,0.0028,9014210526,9175178571,https://www1.hkexnews.hk/search/titlesearch.xhtml,https://www1.hkexnews.hk/search/titlesearch.xhtml,1620585126,14:32:06,20210509
64,2002-09-30,1203.HK,HKD,2002-09-30,2002-09-30,Q3,445755000.0,392750250.0,53004750.0,0.1189100514856816,0.0,15683250.0,0.0,0.0,9513750.0,417947250.0,0.0,2701250.0,30509000.0,0.06844342744332649,27807750.0,0.06238348420096241,0.0,31734750.0,0.07119325638523404,2436750.0,29298000.0,0.06572668842749942,0.0032,0.003075,9024140625,9390975610,https://www1.hkexnews.hk/search/titlesearch.xhtml,https://www1.hkexnews.hk/search/titlesearch.xhtml,1620585126,14:32:06,20210509
65,2002-06-30,1203.HK,HKD,2002-06-30,2002-06-30,Q2,445755000.0,392750250.0,53004750.0,0.1189100514856816,0.0,15683250.0,0.0,0.0,9513750.0,417947250.0,0.0,2701250.0,30509000.0,0.06844342744332649,27807750.0,0.06238348420096241,0.0,31734750.0,0.07119325638523404,2436750.0,29298000.0,0.06572668842749942,0.0032,0.003075,9024140625,9390975610,https://www1.hkexnews.hk/search/titlesearch.xhtml,https://www1.hkexnews.hk/search/titlesearch.xhtml,1620585126,14:32:06,20210509
66,2002-03-31,1203.HK,HKD,2002-03-31,2002-03-31,Q1,445755000.0,392750250.0,53004750.0,0.1189100514856816,0.0,15683250.0,0.0,0.0,9513750.0,417947250.0,0.0,2701250.0,30509000.0,0.06844342744332649,27807750.0,0.06238348420096241,0.0,31734750.0,0.07119325638523404,2436750.0,29298000.0,0.06572668842749942,0.0032,0.003075,9024140625,9390975610,https://www1.hkexnews.hk/search/titlesearch.xhtml,https://www1.hkexnews.hk/search/titlesearch.xhtml,1620585126,14:32:06,20210509
67,2002-01-31,1203.HK,HKD,2002-01-31,2002-01-31,Q1,445755000.0,392750250.0,53004750.0,0.1189100514856816,0.0,15683250.0,0.0,0.0,9513750.0,417947250.0,0.0,2701250.0,30509000.0,0.06844342744332649,27807750.0,0.06238348420096241,0.0,31734750.0,0.07119325638523404,2436750.0,29298000.0,0.06572668842749942,0.0032,0.003075,9024140625,9390975610,https://www1.hkexnews.hk/search/titlesearch.xhtml,https://www1.hkexnews.hk/search/titlesearch.xhtml,1620585126,14:32:06,20210509
68,2001-09-30,1203.HK,HKD,2001-09-30,2001-09-30,Q3,454837500.0,416015000.0,38822500.0,0.08535465963118696,0.0,18422250.0,0.0,0.0,21916000.0,456353250.0,0.0,0.0,-1515750.0,-300.0742206828303,-1515750.0,-0.003332508863055487,0.0,3108750.0,0.00683485860334735,704750.0,2404000.0,0.005285404127847858,0.001525,0.001525,8445573770,8445573770,https://www1.hkexnews.hk/search/titlesearch.xhtml,https://www1.hkexnews.hk/search/titlesearch.xhtml,1620585126,14:32:06,20210509
69,2001-06-30,1203.HK,HKD,2001-06-30,2001-06-30,Q2,454837500.0,416015000.0,38822500.0,0.08535465963118696,0.0,18422250.0,0.0,0.0,21916000.0,456353250.0,0.0,0.0,-1515750.0,-300.0742206828303,-1515750.0,-0.003332508863055487,0.0,3108750.0,0.00683485860334735,704750.0,2404000.0,0.005285404127847858,0.001525,0.001525,8445573770,8445573770,https://www1.hkexnews.hk/search/titlesearch.xhtml,https://www1.hkexnews.hk/search/titlesearch.xhtml,1620585126,14:32:06,20210509
70,2001-03-31,1203.HK,HKD,2001-03-31,2001-03-31,Q1,454837500.0,416015000.0,38822500.0,0.08535465963118696,0.0,18422250.0,0.0,0.0,21916000.0,456353250.0,0.0,0.0,-1515750.0,-300.0742206828303,-1515750.0,-0.003332508863055487,0.0,3108750.0,0.00683485860334735,704750.0,2404000.0,0.005285404127847858,0.001525,0.001525,8445573770,8445573770,https://www1.hkexnews.hk/search/titlesearch.xhtml,https://www1.hkexnews.hk/search/titlesearch.xhtml,1620585126,14:32:06,20210509
71,2001-01-31,1203.HK,HKD,2001-01-31,2001-01-31,Q1,454837500.0,416015000.0,38822500.0,0.08535465963118696,0.0,18422250.0,0.0,0.0,21916000.0,456353250.0,0.0,0.0,-1515750.0,-300.0742206828303,-1515750.0,-0.003332508863055487,0.0,3108750.0,0.00683485860334735,704750.0,2404000.0,0.005285404127847858,0.001525,0.001525,8445573770,8445573770,https://www1.hkexnews.hk/search/titlesearch.xhtml,https://www1.hkexnews.hk/search/titlesearch.xhtml,1620585126,14:32:06,20210509
72,2000-09-30,1203.HK,HKD,2000-09-30,2000-09-30,Q3,3108168486.418685,2817258458.217993,290910028.200692,0.09359532131923978,0.0,174218130.882353,0.0,0.0,203957259.602076,3195433848.702422,0.0,0.0,-87265362.283737,-35.61743634676838,-87265362.283737,-0.02807613636939177,0.0,979598894.0311418,0.3151691738435524,6766866.1764705,972832027.8546712,0.3129920504971062,1.06821575,1.06821575,911638947,911638947,https://www1.hkexnews.hk/search/titlesearch.xhtml,https://www1.hkexnews.hk/search/titlesearch.xhtml,1620585126,14:32:06,20210509
73,2000-06-30,1203.HK,HKD,2000-06-30,2000-06-30,Q2,3108168486.418685,2817258458.217993,290910028.200692,0.09359532131923978,0.0,174218130.882353,0.0,0.0,203957259.602076,3195433848.702422,0.0,0.0,-87265362.283737,-35.61743634676838,-87265362.283737,-0.02807613636939177,0.0,979598894.0311418,0.3151691738435524,6766866.1764705,972832027.8546712,0.3129920504971062,1.06821575,1.06821575,911638947,911638947,https://www1.hkexnews.hk/search/titlesearch.xhtml,https://www1.hkexnews.hk/search/titlesearch.xhtml,1620585126,14:32:06,20210509
74,2000-03-31,1203.HK,HKD,2000-03-31,2000-03-31,Q1,3108168486.418685,2817258458.217993,290910028.200692,0.09359532131923978,0.0,174218130.882353,0.0,0.0,203957259.602076,3195433848.702422,0.0,0.0,-87265362.283737,-35.61743634676838,-87265362.283737,-0.02807613636939177,0.0,979598894.0311418,0.3151691738435524,6766866.1764705,972832027.8546712,0.3129920504971062,1.06821575,1.06821575,911638947,911638947,https://www1.hkexnews.hk/search/titlesearch.xhtml,https://www1.hkexnews.hk/search/titlesearch.xhtml,1620585126,14:32:06,20210509
75,2000-01-31,1203.HK,HKD,2000-01-31,2000-01-31,Q1,3108168486.418685,2817258458.217993,290910028.200692,0.09359532131923978,0.0,174218130.882353,0.0,0.0,203957259.602076,3195433848.702422,0.0,0.0,-87265362.283737,-35.61743634676838,-87265362.283737,-0.02807613636939177,0.0,979598894.0311418,0.3151691738435524,6766866.1764705,972832027.8546712,0.3129920504971062,1.06821575,1.06821575,911638947,911638947,https://www1.hkexnews.hk/search/titlesearch.xhtml,https://www1.hkexnews.hk/search/titlesearch.xhtml,1620585126,14:32:06,20210509
76,1999-09-30,1203.HK,HKD,1999-09-30,1999-09-30,Q3,3342444168.2428255,2969592502.7371445,372851665.5056813,0.1115506039108187,0.0,209296219.97544974,0.0,0.0,303031026.2309645,3481919748.9435587,0.0,0.0,-139475580.700733,-23.964368181513937,-139475580.700733,-0.04172861944140042,0.0,-246691423.90019026,-0.07380569771188722,-1460941.595587,-245230482.30460325,-0.0733686099036696,-0.245046,-0.245046,924852381,924852381,https://www1.hkexnews.hk/search/titlesearch.xhtml,https://www1.hkexnews.hk/search/titlesearch.xhtml,1620585126,14:32:06,20210509
77,1999-06-30,1203.HK,HKD,1999-06-30,1999-06-30,Q2,3342444168.2428255,2969592502.7371445,372851665.5056813,0.1115506039108187,0.0,209296219.97544974,0.0,0.0,303031026.2309645,3481919748.9435587,0.0,0.0,-139475580.700733,-23.964368181513937,-139475580.700733,-0.04172861944140042,0.0,-246691423.90019026,-0.07380569771188722,-1460941.595587,-245230482.30460325,-0.0733686099036696,-0.245046,-0.245046,924852381,924852381,https://www1.hkexnews.hk/search/titlesearch.xhtml,https://www1.hkexnews.hk/search/titlesearch.xhtml,1620585126,14:32:06,20210509
78,1999-03-31,1203.HK,HKD,1999-03-31,1999-03-31,Q1,3342444168.2428255,2969592502.7371445,372851665.5056813,0.1115506039108187,0.0,209296219.97544974,0.0,0.0,303031026.2309645,3481919748.9435587,0.0,0.0,-139475580.700733,-23.964368181513937,-139475580.700733,-0.04172861944140042,0.0,-246691423.90019026,-0.07380569771188722,-1460941.595587,-245230482.30460325,-0.0733686099036696,-0.245046,-0.245046,924852381,924852381,https://www1.hkexnews.hk/search/titlesearch.xhtml,https://www1.hkexnews.hk/search/titlesearch.xhtml,1620585126,14:32:06,20210509
79,1999-01-31,1203.HK,HKD,1999-01-31,1999-01-31,Q1,3342444168.2428255,2969592502.7371445,372851665.5056813,0.1115506039108187,0.0,209296219.97544974,0.0,0.0,303031026.2309645,3481919748.9435587,0.0,0.0,-139475580.700733,-23.964368181513937,-139475580.700733,-0.04172861944140042,0.0,-246691423.90019026,-0.07380569771188722,-1460941.595587,-245230482.30460325,-0.0733686099036696,-0.245046,-0.245046,924852381,924852381,https://www1.hkexnews.hk/search/titlesearch.xhtml,https://www1.hkexnews.hk/search/titlesearch.xhtml,1620585126,14:32:06,20210509
