,date,symbol,reportedCurrency,fillingDate,acceptedDate,period,revenue,costOfRevenue,grossProfit,grossProfitRatio,researchAndDevelopmentExpenses,generalAndAdministrativeExpenses,sellingAndMarketingExpenses,otherExpenses,operatingExpenses,costAndExpenses,interestExpense,depreciationAndAmortization,ebitda,ebitdaratio,operatingIncome,operatingIncomeRatio,totalOtherIncomeExpensesNet,incomeBeforeTax,incomeBeforeTaxRatio,incomeTaxExpense,netIncome,netIncomeRatio,eps,epsdiluted,weightedAverageShsOut,weightedAverageShsOutDil,link,finalLink,timestamp,est_time,est_date
0,2019-06-30,OOUT.L,GBP,2019-06-30,2019-06-30,Q2,26008250.0,14788500.0,11219750.0,0.43139196216585124,0.0,10467250.0,0.0,0.0,0.0,25255750.0,2058500.0,11603000.0,12355500.0,0.47506079801601414,752500.0,0.02893312698855171,0.0,-1176500.0,-0.04523564638143666,135250.0,-1311750.0,-0.05043591937173782,-0.0245,-0.0245,53590000,53590000,https://find-and-update.company-information.service.gov.uk/search/companies?q=Ocean+Outdoor+Ltd,https://find-and-update.company-information.service.gov.uk/search/companies?q=Ocean+Outdoor+Ltd,1620596144,17:35:44,20210509
1,2019-03-31,OOUT.L,GBP,2019-03-31,2019-03-31,Q1,26008250.0,14788500.0,11219750.0,0.43139196216585124,0.0,10467250.0,0.0,0.0,0.0,25255750.0,2058500.0,11603000.0,12355500.0,0.47506079801601414,752500.0,0.02893312698855171,0.0,-1176500.0,-0.04523564638143666,135250.0,-1311750.0,-0.05043591937173782,-0.0245,-0.0245,53590000,53590000,https://find-and-update.company-information.service.gov.uk/search/companies?q=Ocean+Outdoor+Ltd,https://find-and-update.company-information.service.gov.uk/search/companies?q=Ocean+Outdoor+Ltd,1620596144,17:35:44,20210509
2,2019-01-31,OOUT.L,GBP,2019-01-31,2019-01-31,Q1,26008250.0,14788500.0,11219750.0,0.43139196216585124,0.0,10467250.0,0.0,0.0,0.0,25255750.0,2058500.0,11603000.0,12355500.0,0.47506079801601414,752500.0,0.02893312698855171,0.0,-1176500.0,-0.04523564638143666,135250.0,-1311750.0,-0.05043591937173782,-0.0245,-0.0245,53590000,53590000,https://find-and-update.company-information.service.gov.uk/search/companies?q=Ocean+Outdoor+Ltd,https://find-and-update.company-information.service.gov.uk/search/companies?q=Ocean+Outdoor+Ltd,1620596144,17:35:44,20210509
3,2018-06-30,OOUT.L,GBP,2018-06-30,2018-06-30,Q2,12448750.0,7338750.0,5110000.0,0.41048298021889745,0.0,3791250.0,0.0,0.0,0.0,11130000.0,1000.0,3320500.0,4639250.0,0.372667938548047,1318750.0,0.10593433075610001,0.0,1732250.0,0.1391505171201928,76500.0,1655750.0,0.1330053218194598,0.0325,0.0325,50862000,50862000,https://find-and-update.company-information.service.gov.uk/search/companies?q=Ocean+Outdoor+Ltd,https://find-and-update.company-information.service.gov.uk/search/companies?q=Ocean+Outdoor+Ltd,1620596144,17:35:44,20210509
4,2018-03-31,OOUT.L,GBP,2018-03-31,2018-03-31,Q1,12448750.0,7338750.0,5110000.0,0.41048298021889745,0.0,3791250.0,0.0,0.0,0.0,11130000.0,1000.0,3320500.0,4639250.0,0.372667938548047,1318750.0,0.10593433075610001,0.0,1732250.0,0.1391505171201928,76500.0,1655750.0,0.1330053218194598,0.0325,0.0325,50862000,50862000,https://find-and-update.company-information.service.gov.uk/search/companies?q=Ocean+Outdoor+Ltd,https://find-and-update.company-information.service.gov.uk/search/companies?q=Ocean+Outdoor+Ltd,1620596144,17:35:44,20210509
5,2018-01-31,OOUT.L,GBP,2018-01-31,2018-01-31,Q1,12448750.0,7338750.0,5110000.0,0.41048298021889745,0.0,3791250.0,0.0,0.0,0.0,11130000.0,1000.0,3320500.0,4639250.0,0.372667938548047,1318750.0,0.10593433075610001,0.0,1732250.0,0.1391505171201928,76500.0,1655750.0,0.1330053218194598,0.0325,0.0325,50862000,50862000,https://find-and-update.company-information.service.gov.uk/search/companies?q=Ocean+Outdoor+Ltd,https://find-and-update.company-information.service.gov.uk/search/companies?q=Ocean+Outdoor+Ltd,1620596144,17:35:44,20210509
6,2017-06-30,OOUT.L,GBP,2017-06-30,2017-06-30,Q2,0.0,0.0,0.0,0.0,0.0,6488500.0,0.0,-74000.0,0.0,6488500.0,0.0,0.0,-6036500.0,0.0,-6488500.0,0.0,0.0,-6036500.0,0.0,0.0,-6036500.0,0.0,-0.167,-0.167,36126000,36126000,https://find-and-update.company-information.service.gov.uk/search/companies?q=Ocean+Outdoor+Ltd,https://find-and-update.company-information.service.gov.uk/search/companies?q=Ocean+Outdoor+Ltd,1620596144,17:35:44,20210509
7,2017-03-31,OOUT.L,GBP,2017-03-31,2017-03-31,Q1,0.0,0.0,0.0,0.0,0.0,6488500.0,0.0,-74000.0,0.0,6488500.0,0.0,0.0,-6036500.0,0.0,-6488500.0,0.0,0.0,-6036500.0,0.0,0.0,-6036500.0,0.0,-0.167,-0.167,36126000,36126000,https://find-and-update.company-information.service.gov.uk/search/companies?q=Ocean+Outdoor+Ltd,https://find-and-update.company-information.service.gov.uk/search/companies?q=Ocean+Outdoor+Ltd,1620596144,17:35:44,20210509
8,2017-01-31,OOUT.L,GBP,2017-01-31,2017-01-31,Q1,0.0,0.0,0.0,0.0,0.0,6488500.0,0.0,-74000.0,0.0,6488500.0,0.0,0.0,-6036500.0,0.0,-6488500.0,0.0,0.0,-6036500.0,0.0,0.0,-6036500.0,0.0,-0.167,-0.167,36126000,36126000,https://find-and-update.company-information.service.gov.uk/search/companies?q=Ocean+Outdoor+Ltd,https://find-and-update.company-information.service.gov.uk/search/companies?q=Ocean+Outdoor+Ltd,1620596144,17:35:44,20210509
