,date,symbol,reportedCurrency,fillingDate,acceptedDate,period,revenue,costOfRevenue,grossProfit,grossProfitRatio,researchAndDevelopmentExpenses,generalAndAdministrativeExpenses,sellingAndMarketingExpenses,otherExpenses,operatingExpenses,costAndExpenses,interestExpense,depreciationAndAmortization,ebitda,ebitdaratio,operatingIncome,operatingIncomeRatio,totalOtherIncomeExpensesNet,incomeBeforeTax,incomeBeforeTaxRatio,incomeTaxExpense,netIncome,netIncomeRatio,eps,epsdiluted,weightedAverageShsOut,weightedAverageShsOutDil,link,finalLink,timestamp,est_time,est_date
0,2017-09-30,DMTX,USD,2017-11-06 00:00:00,2017-11-06 16:06:26,Q3,4480000.0,0.0,4480000.0,1.0,16133000.0,5320000.0,0.0,0.0,21453000,21453000,0.0,537000.0,-16436000.0,-3.66875,-16973000.0,-3.7886160714285713,0.0,-16947000.0,-3.7828125,0.0,-16947000.0,-3.7828125,-0.67747,-0.67747,25015164,25015164.0,https://www.sec.gov/Archives/edgar/data/1592288/000156459017021788/0001564590-17-021788-index.html,https://www.sec.gov/Archives/edgar/data/1592288/000156459017021788/dmtx-10q_20170930.htm,1620591192,16:13:12,20210509
1,2017-06-30,DMTX,USD,2017-08-08 00:00:00,2017-08-08 08:01:14,Q2,4369000.0,0.0,4369000.0,1.0,14089000.0,2610000.0,0.0,0.0,16699000,16699000,0.0,510000.0,-11820000.0,-2.7054245822842757,-12330000.0,-2.8221560997940034,0.0,-12309000.0,-2.817349507896544,0.0,-12309000.0,-2.817349507896544,-0.49206153515523626,-0.492514413118801,25015164,24992162.0,https://www.sec.gov/Archives/edgar/data/1592288/000156459017016255/0001564590-17-016255-index.html,https://www.sec.gov/Archives/edgar/data/1592288/000156459017016255/dmtx-10q_20170630.htm,1620591192,16:13:12,20210509
2,2017-03-31,DMTX,USD,2017-05-10 00:00:00,2017-05-10 08:01:18,Q1,3618000.0,0.0,3618000.0,1.0,13714000.0,3432000.0,0.0,0.0,17146000,17146000,0.0,535000.0,-12993000.0,-3.5912106135986734,-13528000.0,-3.7390823659480374,0.0,-13492000.0,-3.729132117191819,0.0,-13492000.0,-3.729132117191819,-0.5393528501352219,-0.54007581076019,25015164,24981678.0,https://www.sec.gov/Archives/edgar/data/1592288/000156459017010065/0001564590-17-010065-index.html,https://www.sec.gov/Archives/edgar/data/1592288/000156459017010065/dmtx-10q_20170331.htm,1620591192,16:13:12,20210509
3,2016-12-31,DMTX,USD,2017-03-09 00:00:00,2017-03-09 07:31:38,Q4,4132000.0,0.0,4132000.0,1.0,13900000.0,3298000.0,0.0,0.0,17198000,17198000,0.0,501000.0,-12565000.0,-3.040900290416263,-13066000.0,-3.1621490803484997,0.0,-13025000.0,-3.1522265246853824,0.0,-13025000.0,-3.1522265246853824,-0.5206841738075353,-0.522758832547282,25015164,24915887.0,https://www.sec.gov/Archives/edgar/data/1592288/000156459017003781/0001564590-17-003781-index.html,https://www.sec.gov/Archives/edgar/data/1592288/000156459017003781/dmtx-10k_20161231.htm,1620591192,16:13:12,20210509
4,2016-09-30,DMTX,USD,2016-11-10 00:00:00,2016-11-10 08:01:18,Q3,2762000.0,0.0,2762000.0,1.0,13796000.0,3305000.0,0.0,-20045000.0,17101000,17101000,0.0,476000.0,-13863000.0,-5.019188993482984,-14339000.0,-5.191527878349023,0.0,-35976000.0,-13.02534395365677,0.0,-35976000.0,-13.02534395365677,-1.4381676650211048,-1.444774425275874,25015164,24900773.0,https://www.sec.gov/Archives/edgar/data/1592288/000156459016028808/0001564590-16-028808-index.html,https://www.sec.gov/Archives/edgar/data/1592288/000156459016028808/dmtx-10q_20160930.htm,1620591192,16:13:12,20210509
5,2016-06-30,DMTX,USD,2016-08-11,2016-08-11 08:06:12,Q2,2371000.0,0.0,2371000.0,1.0,11240000.0,3236000.0,0.0,20045000.0,14476000,14476000,0.0,422000.0,-11683000.0,-4.927456769295656,-12105000.0,-5.105440742302826,0.0,-12098000.0,-5.102488401518347,0.0,-12098000.0,-5.102488401518347,-0.48362665141831573,-0.4861402413735724,25015164,24885823.0,https://www.sec.gov/Archives/edgar/data/1592288/000156459016023999/0001564590-16-023999-index.htm,https://www.sec.gov/Archives/edgar/data/1592288/000156459016023999/dmtx-10q_20160630.htm,1620591192,16:13:12,20210509
6,2016-03-31,DMTX,USD,2016-05-12 00:00:00,2016-05-12 08:57:22,Q1,2206000.0,0.0,2206000.0,1.0,8805000.0,2941000.0,0.0,0.0,11746000,11746000,0.0,216000.0,-9324000.0,-4.226654578422484,-9540000.0,-4.324569356300997,0.0,-9512000.0,-4.311876699909338,0.0,-9512000.0,-4.311876699909338,-0.38024935595065457,-0.3827468873346794,25015164,24851933.0,https://www.sec.gov/Archives/edgar/data/1592288/000156459016019179/0001564590-16-019179-index.html,https://www.sec.gov/Archives/edgar/data/1592288/000156459016019179/dmtx-10q_20160331.htm,1620591192,16:13:12,20210509
7,2015-12-31,DMTX,USD,2016-03-24 00:00:00,2016-03-24 09:27:45,Q4,2353000.0,0.0,2353000.0,1.0,8754000.0,2608000.0,0.0,0.0,11362000,11362000,0.0,209000.0,-8800000.0,-3.7399065023374414,-9009000.0,-3.8287292817679557,0.0,-9028000.0,-3.8368040798980028,0.0,-9028000.0,-3.8368040798980028,-0.3609010918337373,-1.1356446242422642,25015164,7949670.0,https://www.sec.gov/Archives/edgar/data/1592288/000156459016015204/0001564590-16-015204-index.html,https://www.sec.gov/Archives/edgar/data/1592288/000156459016015204/dmtx-10k_20151231.htm,1620591192,16:13:12,20210509
8,2015-09-30,DMTX,USD,2015-12-04 00:00:00,2015-12-04 16:08:27,Q3,2033000.0,3304000.0,-1271000.0,-0.6251844564682735,22741000.0,3553000.0,-6303000.0,0.0,13688000,10384000,0.0,-1565000.0,-9916000.0,-4.877520905066405,-8351000.0,-4.1077225774717165,2084000.0,-6339000.0,-3.118052139695032,0.0,-6339000.0,-3.118052139695032,-0.25340629387838515,-1.633434936645452,25015164,3880779.0,https://www.sec.gov/Archives/edgar/data/1592288/000119312515395385/0001193125-15-395385-index.html,https://www.sec.gov/Archives/edgar/data/1592288/000119312515395385/d95929d10q.htm,1620591192,16:13:12,20210509
