,date,symbol,reportedCurrency,fillingDate,acceptedDate,period,revenue,costOfRevenue,grossProfit,grossProfitRatio,researchAndDevelopmentExpenses,generalAndAdministrativeExpenses,sellingAndMarketingExpenses,otherExpenses,operatingExpenses,costAndExpenses,interestExpense,depreciationAndAmortization,ebitda,ebitdaratio,operatingIncome,operatingIncomeRatio,totalOtherIncomeExpensesNet,incomeBeforeTax,incomeBeforeTaxRatio,incomeTaxExpense,netIncome,netIncomeRatio,eps,epsdiluted,weightedAverageShsOut,weightedAverageShsOutDil,link,finalLink,timestamp,est_time,est_date
0,2021-03-31,CBT,USD,2021-05-05,2021-05-05 14:27:16,Q2,842000000,628000000.0,214000000.0,0.25415676959619954,15000000.0,0.0,0.0,1000000.0,86000000.0,714000000.0,13000000.0,38000000.0,166000000.0,0.19714964370546317,128000000.0,0.14014251781472684,1000000.0,118000000.0,0.14014251781472684,34000000.0,75000000.0,0.08907363420427554,1.324563,1.3,56622455,56700000,https://www.sec.gov/Archives/edgar/data/16040/000156459021023910/0001564590-21-023910-index.htm,https://www.sec.gov/Archives/edgar/data/16040/000156459021023910/cbt-10q_20210331.htm,1620589997,15:53:17,20210509
1,2020-12-31,CBT,USD,2021-02-05,2021-02-05 16:42:25,Q1,746000000,553000000.0,193000000.0,0.2587131367292225,14000000.0,61000000.0,61000000.0,-9000000.0,75000000.0,628000000.0,12000000.0,39000000.0,157000000.0,0.21045576407506703,118000000.0,0.1581769436997319,-9000000.0,99000000.0,0.13270777479892762,29000000.0,60000000.0,0.08042895442359249,1.0619469026548674,1.0600706713780919,56500000,56600000,https://www.sec.gov/Archives/edgar/data/16040/000156459021004529/0001564590-21-004529-index.htm,https://www.sec.gov/Archives/edgar/data/16040/000156459021004529/cbt-10q_20201231.htm,1620589997,15:53:17,20210509
2,2020-09-30,CBT,USD,2020-11-25,2020-11-25 14:02:59,Q4,659000000,522000000.0,137000000.0,0.2078907435508346,16000000.0,62000000.0,0.0,-3000000.0,78000000.0,600000000.0,12000000.0,41000000.0,100000000.0,0.15174506828528073,59000000.0,0.08952959028831563,-132000000.0,-84000000.0,-0.1274658573596358,182000000.0,-272000000.0,-0.41274658573596357,-4.817003626105737,-4.814159292035399,56466638,56500000,https://www.sec.gov/Archives/edgar/data/16040/000156459020055198/0001564590-20-055198-index.htm,https://www.sec.gov/Archives/edgar/data/16040/000156459020055198/cbt-10k_20200930.htm,1620589997,15:53:17,20210509
3,2020-06-30,CBT,USD,2020-08-07,2020-08-07 19:54:18,Q3,518000000,449000000.0,69000000.0,0.13320463320463322,13000000.0,52000000.0,0.0,-3000000.0,65000000.0,514000000.0,13000000.0,39000000.0,43000000.0,0.08301158301158301,4000000.0,0.007722007722007722,-3000000.0,-11000000.0,-0.021235521235521235,-5000000.0,-6000000.0,-0.011583011583011582,-0.106269,-0.12,56460448,56500000,https://www.sec.gov/Archives/edgar/data/16040/000156459020038441/0001564590-20-038441-index.htm,https://www.sec.gov/Archives/edgar/data/16040/000156459020038441/cbt-10q_20200630.htm,1620589997,15:53:17,20210509
4,2020-03-31,CBT,USD,2020-05-11,2020-05-11 16:51:54,Q2,710000000,557000000.0,153000000.0,0.21549295774647886,14000000.0,114000000.0,0.0,-1000000.0,128000000.0,685000000.0,14000000.0,39000000.0,64000000.0,0.09014084507042254,25000000.0,0.035211267605633804,-2000000.0,12000000.0,0.016901408450704224,10000000.0,-1000000.0,-0.0014084507042253522,-0.01,-0.01,56600000,56600000,https://www.sec.gov/Archives/edgar/data/16040/000156459020024308/0001564590-20-024308-index.htm,https://www.sec.gov/Archives/edgar/data/16040/000156459020024308/cbt-10q_20200331.htm,1620589997,15:53:17,20210509
5,2019-12-31,CBT,USD,2020-02-06,2020-02-06 16:41:16,Q1,727000000,586000000.0,141000000.0,0.1939477303988996,14000000.0,64000000.0,0.0,-2000000.0,78000000.0,664000000.0,14000000.0,39000000.0,102000000.0,0.14030261348005502,63000000.0,0.08665749656121045,-2000000.0,50000000.0,0.0687757909215956,4000000.0,41000000.0,0.05639614855570839,0.723673,0.7,56655417,57000000,https://www.sec.gov/Archives/edgar/data/16040/000156459020003711/0001564590-20-003711-index.htm,https://www.sec.gov/Archives/edgar/data/16040/000156459019044207/cbt-10k_20190930.htm,1620589997,15:53:17,20210509
6,2019-09-30,CBT,USD,2019-11-22,2019-11-22 15:31:15,Q4,827000000,656000000.0,171000000.0,0.2067714631197098,13000000.0,82000000.0,0.0,5000000.0,95000000.0,751000000.0,16000000.0,38000000.0,114000000.0,0.13784764207980654,76000000.0,0.09189842805320435,4000000.0,67000000.0,0.08101571946795647,27000000.0,33000000.0,0.03990326481257558,0.57813,0.55,57080589,57600000,https://www.sec.gov/Archives/edgar/data/16040/000156459019044207/0001564590-19-044207-index.htm,https://www.sec.gov/Archives/edgar/data/16040/000156459019044207/cbt-10k_20190930.htm,1620589997,15:53:17,20210509
7,2019-06-30,CBT,USD,2019-08-08,2019-08-08 16:26:42,Q3,845000000,675000000.0,170000000.0,0.20118343195266272,16000000.0,65000000.0,0.0,0.0,81000000.0,756000000.0,14000000.0,37000000.0,126000000.0,0.14911242603550295,89000000.0,0.10532544378698225,-8000000.0,69000000.0,0.08165680473372781,30000000.0,32000000.0,0.0378698224852071,0.55,0.547945,58181818,58400000,https://www.sec.gov/Archives/edgar/data/16040/000156459019030825/0001564590-19-030825-index.htm,https://www.sec.gov/Archives/edgar/data/16040/000156459019030825/cbt-10q_20190630.htm,1620589997,15:53:17,20210509
8,2019-03-31,CBT,USD,2019-05-09,2019-05-09 15:12:20,Q2,844000000,666000000.0,178000000.0,0.2109004739336493,15000000.0,70000000.0,0.0,-12000000.0,85000000.0,751000000.0,14000000.0,38000000.0,131000000.0,0.1552132701421801,93000000.0,0.11018957345971564,-32000000.0,49000000.0,0.058056872037914695,20000000.0,23000000.0,0.027251184834123223,0.39,0.39,59300000,59300000,https://www.sec.gov/Archives/edgar/data/16040/000156459019017886/0001564590-19-017886-index.htm,https://www.sec.gov/Archives/edgar/data/16040/000156459019017886/cbt-10q_20190331.htm,1620589997,15:53:17,20210509
9,2018-12-31,CBT,USD,2019-02-08,2019-02-08 09:14:10,Q1,821000000,655000000.0,166000000.0,0.20219244823386115,16000000.0,73000000.0,0.0,6000000.0,89000000.0,744000000.0,15000000.0,35000000.0,112000000.0,0.1364190012180268,77000000.0,0.09378806333739342,6000000.0,70000000.0,0.08526187576126674,-7000000.0,69000000.0,0.08404384896467722,1.159476,1.14,59509656,60100000,https://www.sec.gov/Archives/edgar/data/16040/000119312519031638/0001193125-19-031638-index.htm,https://www.sec.gov/Archives/edgar/data/16040/000156459018029997/cbt-10k_20180930.htm,1620589997,15:53:17,20210509
10,2018-09-30,CBT,USD,2018-11-21,2018-11-21 12:52:10,Q4,850000000,637000000.0,213000000.0,0.25058823529411767,18000000.0,84000000.0,0.0,1000000.0,102000000.0,739000000.0,13000000.0,32000000.0,143000000.0,0.16823529411764707,111000000.0,0.13058823529411764,1000000.0,101000000.0,0.1188235294117647,-1000000.0,94000000.0,0.11058823529411765,1.557153,1.51,60366569,61700000,https://www.sec.gov/Archives/edgar/data/16040/000156459018029997/0001564590-18-029997-index.htm,https://www.sec.gov/Archives/edgar/data/16040/000156459018029997/cbt-10k_20180930.htm,1620589997,15:53:17,20210509
11,2018-06-30,CBT,USD,2018-08-08,2018-08-08 14:58:09,Q3,854000000,654000000.0,200000000.0,0.234192037470726,17000000.0,74000000.0,0.0,-2000000.0,91000000.0,745000000.0,14000000.0,38000000.0,147000000.0,0.1721311475409836,109000000.0,0.12763466042154567,-2000000.0,95000000.0,0.11124121779859485,-4000000.0,88000000.0,0.10304449648711944,1.429533,1.4,61558577,62300000,https://www.sec.gov/Archives/edgar/data/16040/000156459018020384/0001564590-18-020384-index.htm,https://www.sec.gov/Archives/edgar/data/16040/000156459018020384/cbt-10q_20180630.htm,1620589997,15:53:17,20210509
12,2018-03-31,CBT,USD,2018-05-09,2018-05-09 17:18:22,Q2,818000000,628000000.0,190000000.0,0.23227383863080683,16000000.0,78000000.0,0.0,-2000000.0,94000000.0,722000000.0,14000000.0,40000000.0,136000000.0,0.16625916870415647,96000000.0,0.11735941320293398,-256000000.0,-171000000.0,-0.20904645476772615,-7000000.0,-173000000.0,-0.2114914425427873,-2.8000000129479767,-2.7993527508090614,61785714,61800000,https://www.sec.gov/Archives/edgar/data/16040/000156459018012527/0001564590-18-012527-index.htm,https://www.sec.gov/Archives/edgar/data/16040/000156459018012527/cbt-10q_20180331.htm,1620589997,15:53:17,20210509
13,2017-12-31,CBT,USD,2018-02-08,2018-02-08 17:29:19,Q1,720000000,542000000.0,178000000.0,0.24722222222222223,15000000.0,69000000.0,0.0,8000000.0,84000000.0,626000000.0,13000000.0,39000000.0,133000000.0,0.18472222222222223,94000000.0,0.13055555555555556,8000000.0,92000000.0,0.12777777777777777,205000000.0,-122000000.0,-0.16944444444444445,-1.974217,-1.98,61796641,61900000,https://www.sec.gov/Archives/edgar/data/16040/000156459018001706/0001564590-18-001706-index.htm,https://www.sec.gov/Archives/edgar/data/16040/000156459017024203/cbt-10k_20170930.htm,1620589997,15:53:17,20210509
14,2017-09-30,CBT,USD,2017-11-22,2017-11-22 11:02:24,Q4,723000000,556000000.0,167000000.0,0.23098201936376211,16000000.0,69000000.0,0.0,1000000.0,85000000.0,641000000.0,14000000.0,40000000.0,122000000.0,0.16874135546334718,82000000.0,0.11341632088520055,1000000.0,71000000.0,0.09820193637621023,-3000000.0,68000000.0,0.09405255878284924,1.098824,1.07,61884347,62500000,https://www.sec.gov/Archives/edgar/data/16040/000156459017024203/0001564590-17-024203-index.htm,https://www.sec.gov/Archives/edgar/data/16040/000156459017024203/cbt-10k_20170930.htm,1620589997,15:53:17,20210509
15,2017-06-30,CBT,USD,2017-08-07,2017-08-07 16:39:07,Q3,705000000,546000000.0,159000000.0,0.225531914893617,14000000.0,63000000.0,0.0,-6000000.0,77000000.0,623000000.0,13000000.0,39000000.0,121000000.0,0.17163120567375886,82000000.0,0.11631205673758865,-6000000.0,66000000.0,0.09361702127659574,16000000.0,45000000.0,0.06382978723404255,0.723134,0.71,62229151,62700000,https://www.sec.gov/Archives/edgar/data/16040/000156459017016033/0001564590-17-016033-index.htm,https://www.sec.gov/Archives/edgar/data/16040/000156459017016033/cbt-10q_20170630.htm,1620589997,15:53:17,20210509
16,2017-03-31,CBT,USD,2017-05-08,2017-05-08 16:57:24,Q2,678000000,509000000.0,169000000.0,0.24926253687315633,14000000.0,65000000.0,0.0,-1000000.0,79000000.0,588000000.0,13000000.0,38000000.0,128000000.0,0.1887905604719764,90000000.0,0.13274336283185842,-1000000.0,78000000.0,0.11504424778761062,-1000000.0,74000000.0,0.10914454277286136,1.184558,1.18,62470543,62800000,https://www.sec.gov/Archives/edgar/data/16040/000156459017009443/0001564590-17-009443-index.htm,https://www.sec.gov/Archives/edgar/data/16040/000156459017009443/cbt-10q_20170331.htm,1620589997,15:53:17,20210509
17,2016-12-31,CBT,USD,2017-02-07,2017-02-07 15:47:52,Q1,611000000,454000000.0,157000000.0,0.2569558101472995,12000000.0,63000000.0,0.0,2000000.0,75000000.0,529000000.0,13000000.0,38000000.0,120000000.0,0.19639934533551553,82000000.0,0.1342062193126023,2000000.0,73000000.0,0.11947626841243862,17000000.0,54000000.0,0.088379705400982,0.86843,0.85,62181180,62800000,https://www.sec.gov/Archives/edgar/data/16040/000156459017001081/0001564590-17-001081-index.htm,https://www.sec.gov/Archives/edgar/data/16040/000156459016029604/cbt-10k_20160930.htm,1620589997,15:53:17,20210509
18,2016-09-30,CBT,USD,2016-11-23,2016-11-23 13:11:45,Q4,619000000,450000000.0,169000000.0,0.2730210016155089,13000000.0,78000000.0,0.0,1000000.0,91000000.0,541000000.0,14000000.0,39000000.0,117000000.0,0.1890145395799677,78000000.0,0.1260096930533118,1000000.0,66000000.0,0.10662358642972536,13000000.0,52000000.0,0.0840064620355412,0.835869,0.83,62210711,62900000,https://www.sec.gov/Archives/edgar/data/16040/000156459016029604/0001564590-16-029604-index.htm,https://www.sec.gov/Archives/edgar/data/16040/000156459016029604/cbt-10k_20160930.htm,1620589997,15:53:17,20210509
19,2016-06-30,CBT,USD,2016-08-04,2016-08-04 16:41:19,Q3,621000000,461000000.0,160000000.0,0.2576489533011272,13000000.0,64000000.0,0.0,3000000.0,77000000.0,538000000.0,13000000.0,40000000.0,123000000.0,0.19806763285024154,83000000.0,0.13365539452495975,3000000.0,74000000.0,0.11916264090177134,15000000.0,56000000.0,0.09017713365539452,0.899036,0.88,62288963,62900000,https://www.sec.gov/Archives/edgar/data/16040/000156459016022736/0001564590-16-022736-index.htm,https://www.sec.gov/Archives/edgar/data/16040/000156459016022736/cbt-10q_20160630.htm,1620589997,15:53:17,20210509
20,2016-03-31,CBT,USD,2016-05-06,2016-05-06 15:45:45,Q2,568000000,418000000.0,150000000.0,0.2640845070422535,11000000.0,62000000.0,0.0,-3000000.0,73000000.0,491000000.0,14000000.0,41000000.0,118000000.0,0.20774647887323944,77000000.0,0.13556338028169015,-3000000.0,62000000.0,0.10915492957746478,11000000.0,48000000.0,0.08450704225352113,0.769867,0.76,62348401,62800000,https://www.sec.gov/Archives/edgar/data/16040/000156459016018253/0001564590-16-018253-index.htm,https://www.sec.gov/Archives/edgar/data/16040/000156459016018253/cbt-10q_20160331.htm,1620589997,15:53:17,20210509
21,2015-12-31,CBT,USD,2016-02-05,2016-02-05 14:45:10,Q1,603000000,504000000.0,99000000.0,0.16417910447761194,16000000.0,71000000.0,0.0,-8000000.0,87000000.0,591000000.0,13000000.0,41000000.0,53000000.0,0.087893864013267,12000000.0,0.01990049751243781,-8000000.0,-8000000.0,-0.013266998341625208,-5000000.0,-7000000.0,-0.011608623548922056,-0.11226855896712798,-0.112,62350493,62500000,https://www.sec.gov/Archives/edgar/data/16040/000156459016012391/0001564590-16-012391-index.htm,https://www.sec.gov/Archives/edgar/data/16040/000156459015011128/cbt-10k_20150930.htm,1620589997,15:53:17,20210509
22,2015-09-30,CBT,USD,2015-11-25,2015-11-25 16:00:11,Q4,671000000,532000000.0,139000000.0,0.20715350223546944,14000000.0,66000000.0,0.0,-5000000.0,80000000.0,612000000.0,13000000.0,43000000.0,102000000.0,0.15201192250372578,59000000.0,0.08792846497764531,-5000000.0,42000000.0,0.06259314456035768,2000000.0,40000000.0,0.05961251862891207,0.688458,0.68,62458396,63100000,https://www.sec.gov/Archives/edgar/data/16040/000156459015011128/0001564590-15-011128-index.htm,https://www.sec.gov/Archives/edgar/data/16040/000156459015011128/cbt-10k_20150930.htm,1620589997,15:53:17,20210509
23,2015-06-30,CBT,USD,2015-08-06,2015-08-06 17:10:55,Q3,694000000,544000000.0,150000000.0,0.21613832853025935,15000000.0,67000000.0,0.0,-3000000.0,82000000.0,626000000.0,13000000.0,48000000.0,116000000.0,0.16714697406340057,68000000.0,0.09798270893371758,-565000000.0,-509000000.0,-0.7334293948126801,-64000000.0,-445000000.0,-0.6412103746397695,-7.073035496974362,-7.03001579778831,62914996,63300000,https://www.sec.gov/Archives/edgar/data/16040/000156459015006496/0001564590-15-006496-index.htm,https://www.sec.gov/Archives/edgar/data/16040/000156459015006496/cbt-10q_20150630.htm,1620589997,15:53:17,20210509
24,2015-03-31,CBT,USD,2015-05-07,2015-05-07 16:25:01,Q2,694000000,555000000.0,139000000.0,0.20028818443804033,14000000.0,71000000.0,0.0,-2000000.0,85000000.0,640000000.0,14000000.0,47000000.0,101000000.0,0.14553314121037464,54000000.0,0.07780979827089338,-2000000.0,39000000.0,0.056195965417867436,14000000.0,26000000.0,0.037463976945244955,0.4097717319285938,0.40561622464898595,63449960,64100000,https://www.sec.gov/Archives/edgar/data/16040/000119312515177176/0001193125-15-177176-index.htm,https://www.sec.gov/Archives/edgar/data/16040/000119312515177176/d907301d10q.htm,1620589997,15:53:17,20210509
25,2014-12-31,CBT,USD,2015-02-05,2015-02-05 16:08:00,Q1,812000000,655000000.0,157000000.0,0.1933497536945813,15000000.0,78000000.0,0.0,-1000000.0,93000000.0,748000000.0,13000000.0,45000000.0,109000000.0,0.13423645320197045,64000000.0,0.07881773399014778,-1000000.0,51000000.0,0.06280788177339902,3000000.0,45000000.0,0.05541871921182266,0.707004,0.69,63648854,64600000,https://www.sec.gov/Archives/edgar/data/16040/000119312515035405/0001193125-15-035405-index.htm,https://www.sec.gov/Archives/edgar/data/16040/000119312514426922/d805901d10k.htm,1620589997,15:53:17,20210509
26,2014-09-30,CBT,USD,2014-11-26,2014-11-26 15:02:24,Q4,911000000,729000000.0,182000000.0,0.19978046103183314,14000000.0,81000000.0,0.0,-2000000.0,95000000.0,824000000.0,14000000.0,51000000.0,138000000.0,0.15148188803512624,87000000.0,0.09549945115257959,-2000000.0,71000000.0,0.07793633369923161,41000000.0,31000000.0,0.03402854006586169,0.512563,0.51,64382366,65100000,https://www.sec.gov/Archives/edgar/data/16040/000119312514426922/0001193125-14-426922-index.htm,https://www.sec.gov/Archives/edgar/data/16040/000119312514426922/d805901d10k.htm,1620589997,15:53:17,20210509
27,2014-06-30,CBT,USD,2014-08-06,2014-08-06 15:57:04,Q3,940000000,756000000.0,184000000.0,0.19574468085106383,15000000.0,76000000.0,0.0,0.0,91000000.0,847000000.0,14000000.0,50000000.0,143000000.0,0.15212765957446808,93000000.0,0.09893617021276596,0.0,80000000.0,0.0851063829787234,20000000.0,52000000.0,0.05531914893617021,0.805198,0.78,64580371,65200000,https://www.sec.gov/Archives/edgar/data/16040/000119312514298160/0001193125-14-298160-index.htm,https://www.sec.gov/Archives/edgar/data/16040/000119312514298160/d741095d10q.htm,1620589997,15:53:17,20210509
28,2014-03-31,CBT,USD,2014-05-07,2014-05-07 16:46:26,Q2,898000000,722000000.0,176000000.0,0.19599109131403117,16000000.0,92000000.0,0.0,-8000000.0,108000000.0,830000000.0,13000000.0,49000000.0,117000000.0,0.13028953229398663,68000000.0,0.0757238307349666,-8000000.0,48000000.0,0.053452115812917596,7000000.0,36000000.0,0.0400890868596882,0.558393,0.54,64470691,65100000,https://www.sec.gov/Archives/edgar/data/16040/000119312514187624/0001193125-14-187624-index.htm,https://www.sec.gov/Archives/edgar/data/16040/000119312514187624/d698895d10q.htm,1620589997,15:53:17,20210509
29,2013-12-31,CBT,USD,2014-02-06,2014-02-06 17:01:00,Q1,899000000,720000000.0,179000000.0,0.19911012235817574,16000000.0,77000000.0,0.0,35000000.0,93000000.0,813000000.0,14000000.0,51000000.0,137000000.0,0.15239154616240266,86000000.0,0.09566184649610679,35000000.0,108000000.0,0.12013348164627363,24000000.0,80000000.0,0.08898776418242492,1.243003,1.23,64360252,64800000,https://www.sec.gov/Archives/edgar/data/16040/000119312514038941/0001193125-14-038941-index.htm,https://www.sec.gov/Archives/edgar/data/16040/000119312513456387/d607924d10k.htm,1620589997,15:53:17,20210509
30,2013-09-30,CBT,USD,2013-11-27,2013-11-27 12:28:23,Q4,898000000,730000000.0,168000000.0,0.1870824053452116,19000000.0,76000000.0,0.0,-4000000.0,95000000.0,825000000.0,15000000.0,46000000.0,119000000.0,0.13251670378619154,73000000.0,0.08129175946547884,-4000000.0,55000000.0,0.061247216035634745,7000000.0,47000000.0,0.052338530066815145,0.765978,0.75,63970502,64700000,https://www.sec.gov/Archives/edgar/data/16040/000119312513456387/0001193125-13-456387-index.htm,https://www.sec.gov/Archives/edgar/data/16040/000119312513456387/d607924d10k.htm,1620589997,15:53:17,20210509
31,2013-06-30,CBT,USD,2013-08-09,2013-08-09 14:28:52,Q3,903000000,726000000.0,177000000.0,0.19601328903654486,18000000.0,73000000.0,0.0,0.0,91000000.0,817000000.0,15000000.0,45000000.0,131000000.0,0.1450719822812846,86000000.0,0.09523809523809523,0.0,73000000.0,0.08084163898117387,16000000.0,59000000.0,0.06533776301218161,0.923969,0.9,63854953,64500000,https://www.sec.gov/Archives/edgar/data/16040/000119312513328891/0001193125-13-328891-index.htm,https://www.sec.gov/Archives/edgar/data/16040/000119312513328891/d557311d10q.htm,1620589997,15:53:17,20210509
32,2013-03-31,CBT,USD,2013-05-08,2013-05-08 14:19:12,Q2,842000000,698000000.0,144000000.0,0.171021377672209,18000000.0,77000000.0,0.0,2000000.0,95000000.0,793000000.0,16000000.0,50000000.0,99000000.0,0.11757719714964371,49000000.0,0.05819477434679335,2000000.0,36000000.0,0.04275534441805225,16000000.0,27000000.0,0.032066508313539195,0.423322,0.42,63781303,64400000,https://www.sec.gov/Archives/edgar/data/16040/000119312513207050/0001193125-13-207050-index.htm,https://www.sec.gov/Archives/edgar/data/16040/000119312513207050/d504274d10q.htm,1620589997,15:53:17,20210509
33,2012-12-31,CBT,USD,2013-02-08,2013-02-08 12:13:29,Q1,820000000,673000000.0,147000000.0,0.17926829268292682,19000000.0,73000000.0,0.0,1000000.0,92000000.0,765000000.0,16000000.0,49000000.0,104000000.0,0.12682926829268293,55000000.0,0.06707317073170732,1000000.0,41000000.0,0.05,19000000.0,20000000.0,0.024390243902439025,0.312529,0.31,63994075,64100000,https://www.sec.gov/Archives/edgar/data/16040/000119312513045473/0001193125-13-045473-index.htm,https://www.sec.gov/Archives/edgar/data/16040/000119312512485653/d413044d10k.htm,1620589997,15:53:17,20210509
34,2012-09-30,CBT,USD,2012-11-29,2012-11-29 15:57:17,Q4,848000000,691000000.0,157000000.0,0.18514150943396226,19000000.0,86000000.0,0.0,0.0,105000000.0,796000000.0,16000000.0,45000000.0,97000000.0,0.11438679245283019,52000000.0,0.06132075471698113,-1000000.0,36000000.0,0.04245283018867924,0.0,36000000.0,0.04245283018867924,0.584081,0.58,63347362,64200000,https://www.sec.gov/Archives/edgar/data/16040/000119312512485653/0001193125-12-485653-index.htm,https://www.sec.gov/Archives/edgar/data/16040/000119312512485653/d413044d10k.htm,1620589997,15:53:17,20210509
35,2012-06-30,CBT,USD,2012-08-06,2012-08-06 16:06:49,Q3,846000000,671000000.0,175000000.0,0.20685579196217493,17000000.0,68000000.0,0.0,0.0,85000000.0,756000000.0,11000000.0,37000000.0,127000000.0,0.15011820330969267,90000000.0,0.10638297872340426,-2000000.0,78000000.0,0.09219858156028368,16000000.0,66000000.0,0.07801418439716312,1.042906,1.02,63284702,64300000,https://www.sec.gov/Archives/edgar/data/16040/000119312512337722/0001193125-12-337722-index.htm,https://www.sec.gov/Archives/edgar/data/16040/000119312512337722/d354905d10q.htm,1620589997,15:53:17,20210509
36,2012-03-31,CBT,USD,2012-05-07,2012-05-07 17:11:02,Q2,844000000,671000000.0,173000000.0,0.20497630331753555,20000000.0,66000000.0,0.0,0.0,86000000.0,757000000.0,9000000.0,38000000.0,125000000.0,0.1481042654028436,87000000.0,0.10308056872037914,-3000000.0,76000000.0,0.09004739336492891,23000000.0,240000000.0,0.2843601895734597,3.785497,3.7,63399863,64000000,https://www.sec.gov/Archives/edgar/data/16040/000119312512215376/0001193125-12-215376-index.htm,https://www.sec.gov/Archives/edgar/data/16040/000119312512215376/d310980d10q.htm,1620589997,15:53:17,20210509
37,2011-12-31,CBT,USD,2012-02-08,2012-02-08 15:41:08,Q1,762000000,619000000.0,143000000.0,0.18766404199475065,17000000.0,65000000.0,0.0,0.0,82000000.0,701000000.0,10000000.0,36000000.0,97000000.0,0.1272965879265092,61000000.0,0.08005249343832022,3000000.0,55000000.0,0.07217847769028872,16000000.0,46000000.0,0.06036745406824147,0.730061,0.71,63008453,64200000,https://www.sec.gov/Archives/edgar/data/16040/000119312512046382/0001193125-12-046382-index.htm,https://www.sec.gov/Archives/edgar/data/16040/000119312511324512/d230919d10k.htm,1620589997,15:53:17,20210509
38,2011-09-30,CBT,USD,2011-11-29,2011-11-29 16:09:56,Q4,675000000,611000000.0,64000000.0,0.09481481481481481,13000000.0,59000000.0,0.0,0.0,72000000.0,683000000.0,10000000.0,39000000.0,31000000.0,0.045925925925925926,-8000000.0,-0.011851851851851851,-4000000.0,-22000000.0,-0.03259259259259259,-23000000.0,50000000.0,0.07407407407407407,0.7935443201565352,0.7935443201565352,63008453,63008453,https://www.sec.gov/Archives/edgar/data/16040/000119312511324512/0001193125-11-324512-index.htm,https://www.sec.gov/Archives/edgar/data/16040/000119312511324512/d230919d10k.htm,1620589997,15:53:17,20210509
39,2011-06-30,CBT,USD,2011-08-09,2011-08-09 14:12:57,Q3,883000000,708000000.0,175000000.0,0.19818799546998866,17000000.0,62000000.0,0.0,0.0,79000000.0,787000000.0,9000000.0,0.0,132000000.0,0.14949037372593432,96000000.0,0.1087202718006795,-5000000.0,83000000.0,0.09399773499433749,18000000.0,60000000.0,0.06795016987542468,0.9173456158164817,0.9146341463414634,65406101,65600000,https://www.sec.gov/Archives/edgar/data/16040/000119312511216166/0001193125-11-216166-index.htm,https://www.sec.gov/Archives/edgar/data/16040/000119312511216166/d10q.htm,1620589997,15:53:17,20210509
40,2011-03-31,CBT,USD,2011-05-10,2011-05-10 16:21:07,Q2,791000000,630000000.0,161000000.0,0.20353982300884957,19000000.0,64000000.0,0.0,0.0,83000000.0,713000000.0,10000000.0,0.0,113000000.0,0.14285714285714285,78000000.0,0.0986093552465234,4000000.0,72000000.0,0.09102402022756005,17000000.0,51000000.0,0.06447534766118837,0.777893,0.76,65561751,65561751,https://www.sec.gov/Archives/edgar/data/16040/000119312511134243/0001193125-11-134243-index.htm,https://www.sec.gov/Archives/edgar/data/16040/000119312511134243/d10q.htm,1620589997,15:53:17,20210509
41,2010-12-31,CBT,USD,2011-02-09,2011-02-09 16:45:41,Q1,753000000,595000000.0,158000000.0,0.2098273572377158,17000000.0,64000000.0,0.0,0.0,81000000.0,676000000.0,10000000.0,35000000.0,112000000.0,0.14873837981407703,77000000.0,0.10225763612217796,2000000.0,70000000.0,0.09296148738379814,-6000000.0,75000000.0,0.099601593625498,1.16,1.13,64655172,65000000,https://www.sec.gov/Archives/edgar/data/16040/000119312511029049/0001193125-11-029049-index.htm,https://www.sec.gov/Archives/edgar/data/16040/000119312510270199/d10k.htm,1620589997,15:53:17,20210509
42,2010-09-30,CBT,USD,2010-11-29,2010-11-29 16:24:41,Q4,749000000,615000000.0,134000000.0,0.17890520694259013,17000000.0,57000000.0,0.0,0.0,74000000.0,689000000.0,10000000.0,36000000.0,96000000.0,0.12817089452603472,60000000.0,0.0801068090787717,0.0,51000000.0,0.06809078771695594,16000000.0,35000000.0,0.04672897196261682,0.5413333367978667,0.5413333367978667,64655172,64655172,https://www.sec.gov/Archives/edgar/data/16040/000119312510270199/0001193125-10-270199-index.htm,https://www.sec.gov/Archives/edgar/data/16040/000119312510270199/d10k.htm,1620589997,15:53:17,20210509
43,2010-06-30,CBT,USD,2010-08-09,2010-08-09 12:23:50,Q3,753000000,599000000.0,154000000.0,0.20451527224435592,16000000.0,61000000.0,0.0,0.0,77000000.0,676000000.0,10000000.0,40000000.0,117000000.0,0.1553784860557769,77000000.0,0.10225763612217796,2000000.0,70000000.0,0.09296148738379814,20000000.0,47000000.0,0.06241699867197875,0.719785,0.719785,64000000,64000000,https://www.sec.gov/Archives/edgar/data/16040/000119312510182884/0001193125-10-182884-index.htm,https://www.sec.gov/Archives/edgar/data/16040/000119312510182884/d10q.htm,1620589997,15:53:17,20210509
44,2010-03-31,CBT,USD,2010-05-10,2010-05-10 14:13:37,Q2,712000000,572000000.0,140000000.0,0.19662921348314608,19000000.0,61000000.0,0.0,0.0,80000000.0,652000000.0,11000000.0,34000000.0,94000000.0,0.13202247191011235,60000000.0,0.08426966292134831,-4000000.0,45000000.0,0.06320224719101124,-1000000.0,43000000.0,0.060393258426966294,0.6825396825396826,0.671875,63000000,64000000,https://www.sec.gov/Archives/edgar/data/16040/000119312510114340/0001193125-10-114340-index.htm,https://www.sec.gov/Archives/edgar/data/16040/000119312510114340/d10q.htm,1620589997,15:53:17,20210509
45,2009-12-31,CBT,USD,2010-02-09,2010-02-09 17:05:53,Q1,679000000,543000000.0,136000000.0,0.20029455081001474,18000000.0,67000000.0,0.0,0.0,85000000.0,628000000.0,9000000.0,33000000.0,84000000.0,0.12371134020618557,51000000.0,0.07511045655375552,0.0,42000000.0,0.061855670103092786,11000000.0,29000000.0,0.042709867452135494,0.444064,0.44,65305864,65305864,https://www.sec.gov/Archives/edgar/data/16040/000119312510025948/0001193125-10-025948-index.htm,https://www.sec.gov/Archives/edgar/data/16040/000119312509244216/d10k.htm,1620589997,15:53:17,20210509
46,2009-09-30,CBT,USD,2009-11-30,2009-11-30 17:07:38,Q4,610000000,538000000.0,72000000.0,0.1180327868852459,18000000.0,51000000.0,0.0,0.0,69000000.0,607000000.0,7000000.0,45000000.0,48000000.0,0.07868852459016394,3000000.0,0.004918032786885246,-7000000.0,-10000000.0,-0.01639344262295082,1000000.0,-11000000.0,-0.018032786885245903,-0.1684381665940443,-0.1684381665940443,65305864,65305864,https://www.sec.gov/Archives/edgar/data/16040/000119312509244216/0001193125-09-244216-index.htm,https://www.sec.gov/Archives/edgar/data/16040/000119312509244216/d10k.htm,1620589997,15:53:17,20210509
47,2009-06-30,CBT,USD,2009-08-10,2009-08-10 16:25:02,Q3,511000000,443000000.0,68000000.0,0.13307240704500978,16000000.0,50000000.0,0.0,0.0,66000000.0,509000000.0,6000000.0,45000000.0,47000000.0,0.09197651663405088,2000000.0,0.003913894324853229,2000000.0,-2000000.0,-0.003913894324853229,7000000.0,-12000000.0,-0.023483365949119372,-0.187455,-0.2,63000000,63000000,https://www.sec.gov/Archives/edgar/data/16040/000119312509170689/0001193125-09-170689-index.htm,https://www.sec.gov/Archives/edgar/data/16040/000119312509170689/d10q.htm,1620589997,15:53:17,20210509
48,2009-03-31,CBT,USD,2009-05-11,2009-05-11 17:24:24,Q2,470000000,475000000.0,-5000000.0,-0.010638297872340425,19000000.0,54000000.0,0.0,0.0,73000000.0,548000000.0,8000000.0,44000000.0,-34000000.0,-0.07234042553191489,-78000000.0,-0.16595744680851063,-6000000.0,-91000000.0,-0.19361702127659575,-31000000.0,-58000000.0,-0.12340425531914893,-0.92,-0.92,63000000,63000000,https://www.sec.gov/Archives/edgar/data/16040/000119312509107387/0001193125-09-107387-index.htm,https://www.sec.gov/Archives/edgar/data/16040/000119312509107387/d10q.htm,1620589997,15:53:17,20210509
49,2008-12-31,CBT,USD,2009-02-09,2009-02-09 16:49:25,Q1,652000000,560000000.0,92000000.0,0.1411042944785276,18000000.0,56000000.0,0.0,0.0,74000000.0,634000000.0,0.0,35000000.0,53000000.0,0.08128834355828221,18000000.0,0.027607361963190184,-7000000.0,1000000.0,0.0015337423312883436,1000000.0,4000000.0,0.006134969325153374,0.06349206349206349,0.0625,63000000,64000000,https://www.sec.gov/Archives/edgar/data/16040/000119312509022614/0001193125-09-022614-index.htm,https://www.sec.gov/Archives/edgar/data/16040/000119312508245933/d10k.htm,1620589997,15:53:17,20210509
50,2008-09-30,CBT,USD,2008-12-01,2008-12-01 17:11:20,Q4,854000000,740000000.0,114000000.0,0.13348946135831383,19000000.0,56000000.0,0.0,0.0,75000000.0,815000000.0,0.0,40000000.0,79000000.0,0.09250585480093677,39000000.0,0.04566744730679157,-11000000.0,16000000.0,0.01873536299765808,1000000.0,12000000.0,0.01405152224824356,0.19047619047619047,0.19047619047619047,63000000,63000000,https://www.sec.gov/Archives/edgar/data/16040/000119312508245933/0001193125-08-245933-index.htm,https://www.sec.gov/Archives/edgar/data/16040/000119312508245933/d10k.htm,1620589997,15:53:17,20210509
51,2008-06-30,CBT,USD,2008-08-08,2008-08-08 16:46:42,Q3,840000000,703000000.0,137000000.0,0.1630952380952381,20000000.0,67000000.0,0.0,0.0,87000000.0,790000000.0,0.0,39000000.0,89000000.0,0.10595238095238095,50000000.0,0.05952380952380952,2000000.0,39000000.0,0.04642857142857143,8000000.0,27000000.0,0.03214285714285714,0.44,0.43,62000000,64000000,https://www.sec.gov/Archives/edgar/data/16040/000119312508172038/0001193125-08-172038-index.htm,https://www.sec.gov/Archives/edgar/data/16040/000119312508172038/d10q.htm,1620589997,15:53:17,20210509
52,2008-03-31,CBT,USD,2008-05-12,2008-05-09 17:32:22,Q2,786000000,668000000.0,118000000.0,0.15012722646310434,19000000.0,66000000.0,0.0,0.0,85000000.0,753000000.0,0.0,42000000.0,75000000.0,0.09541984732824428,33000000.0,0.04198473282442748,2000000.0,23000000.0,0.029262086513994912,11000000.0,11000000.0,0.013994910941475827,0.18,0.17,62000000,64000000,https://www.sec.gov/Archives/edgar/data/16040/000119312508110040/0001193125-08-110040-index.htm,https://www.sec.gov/Archives/edgar/data/16040/000119312508110040/d10q.htm,1620589997,15:53:17,20210509
53,2007-12-31,CBT,USD,2008-02-11,2008-02-11 16:36:42,Q1,711000000,594000000.0,117000000.0,0.16455696202531644,17000000.0,56000000.0,0.0,0.0,73000000.0,667000000.0,0.0,42000000.0,86000000.0,0.1209563994374121,44000000.0,0.06188466947960619,2000000.0,34000000.0,0.04781997187060478,-6000000.0,36000000.0,0.05063291139240506,0.57,0.56,63000000,64000000,https://www.sec.gov/Archives/edgar/data/16040/000119312508025821/0001193125-08-025821-index.htm,https://www.sec.gov/Archives/edgar/data/16040/000119312507256224/d10k.htm,1620589997,15:53:17,20210509
54,2007-09-30,CBT,USD,2007-11-29,2007-11-29 16:50:41,Q4,675000000,564000000.0,111000000.0,0.16444444444444445,20000000.0,66000000.0,0.0,0.0,86000000.0,650000000.0,0.0,41000000.0,66000000.0,0.09777777777777778,25000000.0,0.037037037037037035,4000000.0,20000000.0,0.02962962962962963,-2000000.0,24000000.0,0.035555555555555556,0.38095238095238093,0.38095238095238093,63000000,63000000,https://www.sec.gov/Archives/edgar/data/16040/000119312507256224/0001193125-07-256224-index.htm,https://www.sec.gov/Archives/edgar/data/16040/000119312507256224/d10k.htm,1620589997,15:53:17,20210509
55,2007-06-30,CBT,USD,2007-08-09,2007-08-09 16:44:40,Q3,649000000,543000000.0,106000000.0,0.1633281972265023,17000000.0,56000000.0,0.0,0.0,73000000.0,616000000.0,0.0,38000000.0,71000000.0,0.10939907550077041,33000000.0,0.05084745762711865,6000000.0,31000000.0,0.04776579352850539,9000000.0,20000000.0,0.030816640986132512,0.32,0.3,61000000,68000000,https://www.sec.gov/Archives/edgar/data/16040/000110465907060973/0001104659-07-060973-index.htm,https://www.sec.gov/Archives/edgar/data/16040/000110465907060973/a07-19302_110q.htm,1620589997,15:53:17,20210509
56,2007-03-31,CBT,USD,2007-05-10,2007-05-10 16:15:41,Q2,637000000,499000000.0,138000000.0,0.21664050235478807,17000000.0,73000000.0,0.0,0.0,90000000.0,589000000.0,0.0,35000000.0,83000000.0,0.130298273155416,48000000.0,0.07535321821036106,2000000.0,41000000.0,0.06436420722135008,11000000.0,31000000.0,0.04866562009419152,0.49,0.45,61000000,69000000,https://www.sec.gov/Archives/edgar/data/16040/000110465907038306/0001104659-07-038306-index.htm,https://www.sec.gov/Archives/edgar/data/16040/000110465907038306/a07-13374_110q.htm,1620589997,15:53:17,20210509
57,2006-12-31,CBT,USD,2007-02-09,2007-02-09 17:17:09,Q1,655000000,506000000.0,149000000.0,0.22748091603053436,15000000.0,54000000.0,0.0,0.0,69000000.0,575000000.0,0.0,35000000.0,115000000.0,0.17557251908396945,80000000.0,0.12213740458015267,5000000.0,75000000.0,0.11450381679389313,19000000.0,54000000.0,0.08244274809160305,0.88,0.79,61000000,69000000,https://www.sec.gov/Archives/edgar/data/16040/000110465907009335/0001104659-07-009335-index.htm,https://www.sec.gov/Archives/edgar/data/16040/000110465906081572/a06-25226_110k.htm,1620589997,15:53:17,20210509
58,2006-09-30,CBT,USD,2006-12-14,2006-12-14 16:54:40,Q4,663000000,550000000.0,113000000.0,0.17043740573152338,17000000.0,59000000.0,0.0,0.0,76000000.0,626000000.0,0.0,39000000.0,76000000.0,0.11463046757164404,37000000.0,0.05580693815987934,-3000000.0,24000000.0,0.03619909502262444,-4000000.0,27000000.0,0.04072398190045249,0.4426229508196721,0.4426229508196721,61000000,61000000,https://www.sec.gov/Archives/edgar/data/16040/000110465906081572/0001104659-06-081572-index.htm,https://www.sec.gov/Archives/edgar/data/16040/000110465906081572/a06-25226_110k.htm,1620589997,15:53:17,20210509
59,2006-06-30,CBT,USD,2006-08-09,2006-08-09 16:55:33,Q3,666000000,551000000.0,115000000.0,0.17267267267267267,14000000.0,59000000.0,0.0,0.0,73000000.0,624000000.0,0.0,31000000.0,73000000.0,0.10960960960960961,42000000.0,0.06306306306306306,-1000000.0,34000000.0,0.05105105105105105,8000000.0,25000000.0,0.03753753753753754,0.41,0.37,60000000,69000000,https://www.sec.gov/Archives/edgar/data/16040/000110465906053221/0001104659-06-053221-index.htm,https://www.sec.gov/Archives/edgar/data/16040/000110465906053221/a06-17043_110q.htm,1620589997,15:53:17,20210509
60,2006-03-31,CBT,USD,2006-05-10,2006-05-10 16:42:52,Q2,627000000,542000000.0,85000000.0,0.13556618819776714,14000000.0,59000000.0,0.0,0.0,73000000.0,615000000.0,0.0,31000000.0,43000000.0,0.0685805422647528,12000000.0,0.019138755980861243,10000000.0,12000000.0,0.019138755980861243,1000000.0,12000000.0,0.019138755980861243,0.19,0.17,60000000,69000000,https://www.sec.gov/Archives/edgar/data/16040/000095013506003376/0000950135-06-003376-index.htm,https://www.sec.gov/Archives/edgar/data/16040/000095013506003376/b59923cce10vq.htm,1620589997,15:53:17,20210509
61,2005-12-31,CBT,USD,2006-02-09,2006-02-09 17:00:09,Q1,587000000,481000000.0,106000000.0,0.18057921635434412,13000000.0,58000000.0,0.0,0.0,71000000.0,552000000.0,0.0,30000000.0,65000000.0,0.11073253833049404,35000000.0,0.059625212947189095,-1000000.0,27000000.0,0.04599659284497445,4000000.0,24000000.0,0.04088586030664395,0.39,0.35,60000000,68000000,https://www.sec.gov/Archives/edgar/data/16040/000095013506000618/0000950135-06-000618-index.htm,https://www.sec.gov/Archives/edgar/data/16040/000095013505006968/b58055cce10vk.htm,1620589997,15:53:17,20210509
62,2005-09-30,CBT,USD,2005-12-14,2005-12-14 16:31:17,Q4,558000000,490000000.0,68000000.0,0.12186379928315412,16000000.0,67000000.0,0.0,0.0,204000000.0,694000000.0,0.0,36000000.0,-100000000.0,-0.17921146953405018,-136000000.0,-0.24372759856630824,-113000000.0,-138000000.0,-0.24731182795698925,-75000000.0,-60000000.0,-0.10752688172043011,-1.0,-1.0,60000000,60000000,https://www.sec.gov/Archives/edgar/data/16040/000095013505006968/0000950135-05-006968-index.htm,https://www.sec.gov/Archives/edgar/data/16040/000095013505006968/b58055cce10vk.htm,1620589997,15:53:17,20210509
63,2005-06-30,CBT,USD,2005-08-09,2005-08-09 15:09:39,Q3,545000000,427000000.0,118000000.0,0.21651376146788992,14000000.0,63000000.0,0.0,0.0,77000000.0,504000000.0,0.0,36000000.0,77000000.0,0.14128440366972478,41000000.0,0.07522935779816514,3000000.0,36000000.0,0.06605504587155964,9000000.0,26000000.0,0.047706422018348627,0.43,0.39,60000000,69000000,https://www.sec.gov/Archives/edgar/data/16040/000095013505004594/0000950135-05-004594-index.htm,https://www.sec.gov/Archives/edgar/data/16040/000095013505004594/b55548cce10vq.htm,1620589997,15:53:17,20210509
64,2005-03-31,CBT,USD,2005-05-10,2005-05-10 16:47:03,Q2,527000000,397000000.0,130000000.0,0.24667931688804554,15000000.0,56000000.0,0.0,0.0,161000000.0,558000000.0,0.0,35000000.0,4000000.0,0.007590132827324478,-31000000.0,-0.058823529411764705,-85000000.0,-35000000.0,-0.06641366223908918,13000000.0,-50000000.0,-0.09487666034155598,-0.84,-0.84,60000000,60000000,https://www.sec.gov/Archives/edgar/data/16040/000095013505002772/0000950135-05-002772-index.htm,https://www.sec.gov/Archives/edgar/data/16040/000095013505002772/b54793cce10vq.htm,1620589997,15:53:17,20210509
65,2004-12-31,CBT,USD,2005-02-09,2005-02-09 17:01:50,Q1,495000000,378000000.0,117000000.0,0.23636363636363636,15000000.0,54000000.0,0.0,0.0,69000000.0,447000000.0,0.0,35000000.0,83000000.0,0.16767676767676767,48000000.0,0.09696969696969697,5000000.0,45000000.0,0.09090909090909091,9000000.0,35000000.0,0.0707070707070707,0.58,0.51,60000000,69000000,https://www.sec.gov/Archives/edgar/data/16040/000095013505000546/0000950135-05-000546-index.htm,https://www.sec.gov/Archives/edgar/data/16040/000095013504005649/b52710cce10vk.htm,1620589997,15:53:17,20210509
66,2004-09-30,CBT,USD,2004-12-14,2004-12-14 17:00:36,Q4,496000000,386000000.0,110000000.0,0.2217741935483871,14000000.0,52000000.0,0.0,0.0,66000000.0,452000000.0,0.0,36000000.0,80000000.0,0.16129032258064516,44000000.0,0.08870967741935484,-15000000.0,22000000.0,0.04435483870967742,5000000.0,16000000.0,0.03225806451612903,0.26666666666666666,0.26666666666666666,60000000,60000000,https://www.sec.gov/Archives/edgar/data/16040/000095013504005649/0000950135-04-005649-index.htm,https://www.sec.gov/Archives/edgar/data/16040/000095013504005649/b52710cce10vk.htm,1620589997,15:53:17,20210509
67,2004-06-30,CBT,USD,2004-08-13,2004-08-13 16:34:36,Q3,492000000,363000000.0,129000000.0,0.2621951219512195,13000000.0,56000000.0,0.0,0.0,69000000.0,432000000.0,0.0,32000000.0,92000000.0,0.18699186991869918,60000000.0,0.12195121951219512,3000000.0,55000000.0,0.11178861788617886,13000000.0,42000000.0,0.08536585365853659,0.7,0.62,60000000,69000000,https://www.sec.gov/Archives/edgar/data/16040/000095013504004015/0000950135-04-004015-index.htm,https://www.sec.gov/Archives/edgar/data/16040/000095013504004015/b51139cce10vq.htm,1620589997,15:53:17,20210509
68,2004-03-31,CBT,USD,2004-05-17,2004-05-17 15:37:22,Q2,500000000,369000000.0,131000000.0,0.262,13000000.0,58000000.0,0.0,0.0,71000000.0,440000000.0,0.0,34000000.0,94000000.0,0.188,60000000.0,0.12,-2000000.0,51000000.0,0.102,13000000.0,36000000.0,0.072,0.62,0.54,59000000,69000000,https://www.sec.gov/Archives/edgar/data/16040/000095013504002683/0000950135-04-002683-index.htm,https://www.sec.gov/Archives/edgar/data/16040/000095013504002683/b50324cce10vq.htm,1620589997,15:53:17,20210509
69,2003-12-31,CBT,USD,2004-02-12,2004-02-12 16:34:03,Q1,446000000,339000000.0,107000000.0,0.2399103139013453,12000000.0,51000000.0,0.0,0.0,63000000.0,402000000.0,0.0,32000000.0,76000000.0,0.17040358744394618,44000000.0,0.09865470852017937,1000000.0,37000000.0,0.08295964125560538,8000000.0,29000000.0,0.06502242152466367,0.48,0.42,59000000,68000000,https://www.sec.gov/Archives/edgar/data/16040/000095013504000687/0000950135-04-000687-index.htm,https://www.sec.gov/Archives/edgar/data/16040/000095013503006141/b48791cce10vk.htm,1620589997,15:53:17,20210509
70,2003-09-30,CBT,USD,2003-12-23,2003-12-23 17:12:45,Q4,451000000,376000000.0,75000000.0,0.1662971175166297,13000000.0,60000000.0,0.0,0.0,73000000.0,449000000.0,0.0,32000000.0,34000000.0,0.07538802660753881,2000000.0,0.004434589800443459,34000000.0,27000000.0,0.0598669623059867,6000000.0,25000000.0,0.05543237250554324,0.423728813559322,0.423728813559322,59000000,59000000,https://www.sec.gov/Archives/edgar/data/16040/000095013503006141/0000950135-03-006141-index.htm,https://www.sec.gov/Archives/edgar/data/16040/000095013503006141/b48791cce10vk.htm,1620589997,15:53:17,20210509
71,2003-06-30,CBT,USD,2003-08-14,2003-08-14 15:26:24,Q3,468000000,367000000.0,101000000.0,0.21581196581196582,27000000.0,82000000.0,0.0,0.0,109000000.0,476000000.0,0.0,39000000.0,31000000.0,0.06623931623931624,-8000000.0,-0.017094017094017096,2000000.0,-14000000.0,-0.029914529914529916,-6000000.0,-5000000.0,-0.010683760683760684,-0.09,-0.09,59000000,59000000,https://www.sec.gov/Archives/edgar/data/16040/000095013503004425/0000950135-03-004425-index.htm,https://www.sec.gov/Archives/edgar/data/16040/000095013503004425/b47161cce10vq.htm,1620589997,15:53:17,20210509
72,2003-03-31,CBT,USD,2003-05-15,2003-05-15 16:32:07,Q2,466000000,339000000.0,127000000.0,0.27253218884120173,12000000.0,58000000.0,0.0,0.0,70000000.0,409000000.0,0.0,32000000.0,89000000.0,0.19098712446351931,57000000.0,0.1223175965665236,-21000000.0,30000000.0,0.06437768240343347,6000000.0,23000000.0,0.04935622317596566,0.38,0.33,59000000,70000000,https://www.sec.gov/Archives/edgar/data/16040/000095013503003114/0000950135-03-003114-index.htm,https://www.sec.gov/Archives/edgar/data/16040/000095013503003114/b46698cce10vq.htm,1620589997,15:53:17,20210509
73,2002-12-31,CBT,USD,2003-02-14,2003-02-14 17:58:13,Q1,408000000,291000000.0,117000000.0,0.2867647058823529,11000000.0,52000000.0,0.0,0.0,63000000.0,354000000.0,0.0,32000000.0,86000000.0,0.2107843137254902,54000000.0,0.1323529411764706,-2000000.0,45000000.0,0.11029411764705882,11000000.0,33000000.0,0.08088235294117647,0.56,0.48,59000000,70000000,https://www.sec.gov/Archives/edgar/data/16040/000095013503001287/0000950135-03-001287-index.htm,https://www.sec.gov/Archives/edgar/data/16040/000095013503001287/b45573cce10vq.htm,1620589997,15:53:17,20210509
74,2002-09-30,CBT,USD,2002-12-24 00:00:00,2002-12-24 12:34:08,Q4,440000000,329000000.0,111000000.0,0.25227272727272726,13000000.0,65000000.0,0.0,0.0,92000000.0,421000000.0,0.0,29000000.0,48000000.0,0.10909090909090909,19000000.0,0.04318181818181818,-5000000.0,22000000.0,0.05,-1000000.0,22000000.0,0.05,0.3728813559322034,0.3728813559322034,59000000,59000000,https://www.sec.gov/Archives/edgar/data/16040/000095013502005703/0000950135-02-005703-index.html,https://www.sec.gov/Archives/edgar/data/16040/000095013502005703/b44489cke10vk.htm,1620589997,15:53:17,20210509
75,2002-06-30,CBT,USD,2002-08-14 00:00:00,2002-08-14 14:17:04,Q3,390000000,292000000.0,98000000.0,0.2512820512820513,12000000.0,55000000.0,0.0,0.0,67000000.0,359000000.0,0.0,27000000.0,58000000.0,0.14871794871794872,31000000.0,0.07948717948717948,-1000000.0,23000000.0,0.05897435897435897,6000000.0,19000000.0,0.04871794871794872,0.32,0.28,59000000,71000000,https://www.sec.gov/Archives/edgar/data/16040/000095013502003763/0000950135-02-003763-index.html,https://www.sec.gov/Archives/edgar/data/16040/000095013502003763/b43707cce10vq.txt,1620589997,15:53:17,20210509
76,2002-03-31,CBT,USD,2002-05-15 00:00:00,2002-05-15 15:36:52,Q2,352000000,247000000.0,105000000.0,0.29829545454545453,12000000.0,51000000.0,0.0,0.0,63000000.0,310000000.0,0.0,26000000.0,68000000.0,0.19318181818181818,42000000.0,0.11931818181818182,1000000.0,37000000.0,0.10511363636363637,10000000.0,26000000.0,0.07386363636363637,0.43,0.36,59000000,71000000,https://www.sec.gov/Archives/edgar/data/16040/000095013502002724/0000950135-02-002724-index.html,https://www.sec.gov/Archives/edgar/data/16040/000095013502002724/b43043cce10-q.txt,1620589997,15:53:17,20210509
77,2001-12-31,CBT,USD,2002-02-14 00:00:00,2002-02-14 00:00:00,Q1,380000000,260000000.0,120000000.0,0.3157894736842105,11000000.0,48000000.0,0.0,0.0,59000000.0,319000000.0,0.0,27000000.0,88000000.0,0.23157894736842105,61000000.0,0.16052631578947368,1000000.0,52000000.0,0.1368421052631579,15000000.0,38000000.0,0.1,0.63,0.53,59000000,72000000,https://www.sec.gov/Archives/edgar/data/16040/000095013502000883/0000950135-02-000883-index.html,https://www.sec.gov/Archives/edgar/data/16040/000095013502000883/b41895cce10-q.txt,1620589997,15:53:17,20210509
78,2001-09-30,CBT,USD,2001-09-30,2001-09-30,Q4,381000000,276000000.0,105000000.0,0.2755905511811024,13000000.0,56000000.0,0.0,0.0,45000000.0,321000000.0,0.0,28000000.0,88000000.0,0.23097112860892388,60000000.0,0.15748031496062992,33000000.0,36000000.0,0.09448818897637795,8000000.0,28000000.0,0.07349081364829396,0.4745762711864407,0.4745762711864407,59000000,59000000,,,1620589997,15:53:17,20210509
79,2001-06-30,CBT,USD,2001-08-13 00:00:00,2001-08-13 00:00:00,Q3,436000000,316000000.0,120000000.0,0.27522935779816515,12000000.0,55000000.0,0.0,0.0,74000000.0,390000000.0,0.0,28000000.0,74000000.0,0.16972477064220184,46000000.0,0.10550458715596331,2000000.0,51000000.0,0.11697247706422019,13000000.0,38000000.0,0.0871559633027523,0.59,0.51,62000000,73000000,https://www.sec.gov/Archives/edgar/data/16040/000095013501502469/0000950135-01-502469-index.html,https://www.sec.gov/Archives/edgar/data/16040/000095013501502469/b40023cce10-q.txt,1620589997,15:53:17,20210509
80,2001-03-31,CBT,USD,2001-05-14 00:00:00,2001-05-14 00:00:00,Q2,465000000,309000000.0,156000000.0,0.33548387096774196,12000000.0,52000000.0,0.0,0.0,94000000.0,403000000.0,0.0,30000000.0,92000000.0,0.1978494623655914,62000000.0,0.13333333333333333,-13000000.0,36000000.0,0.07741935483870968,10000000.0,31000000.0,0.06666666666666667,0.47,0.4,63000000,76000000,https://www.sec.gov/Archives/edgar/data/16040/000095013501501231/0000950135-01-501231-index.html,https://www.sec.gov/Archives/edgar/data/16040/000095013501501231/b39364cce10-q.txt,1620589997,15:53:17,20210509
81,2000-12-31,CBT,USD,2001-02-14 00:00:00,2001-02-14 00:00:00,Q1,395000000,276000000.0,119000000.0,0.3012658227848101,11000000.0,45000000.0,0.0,0.0,85000000.0,361000000.0,0.0,29000000.0,63000000.0,0.15949367088607594,34000000.0,0.08607594936708861,4000000.0,39000000.0,0.09873417721518987,11000000.0,28000000.0,0.07088607594936709,0.43,0.37,67000000,77000000,https://www.sec.gov/Archives/edgar/data/16040/000095013501000679/0000950135-01-000679-index.html,https://www.sec.gov/Archives/edgar/data/16040/000095013501000679/b38273cce10-q.txt,1620589997,15:53:17,20210509
82,2000-09-30,CBT,USD,2000-12-28 00:00:00,2000-12-28 00:00:00,Q4,380000000,247000000.0,133000000.0,0.35,11000000.0,47000000.0,0.0,0.0,91000000.0,338000000.0,0.0,33000000.0,75000000.0,0.19736842105263158,42000000.0,0.11052631578947368,-13000000.0,17000000.0,0.04473684210526316,5000000.0,329000000.0,0.8657894736842106,4.91044776119403,4.91044776119403,67000000,67000000,https://www.sec.gov/Archives/edgar/data/16040/000095013500005559/0000950135-00-005559-index.html,https://www.sec.gov/Archives/edgar/data/16040/000095013500005559/b37160cce10-k.txt,1620589997,15:53:17,20210509
83,2000-06-30,CBT,USD,2000-08-14 00:00:00,2000-08-14 00:00:00,Q3,398000000,262000000.0,136000000.0,0.3417085427135678,11000000.0,44000000.0,0.0,0.0,87000000.0,349000000.0,0.0,32000000.0,81000000.0,0.20351758793969849,49000000.0,0.12311557788944724,15000000.0,57000000.0,0.14321608040201006,19000000.0,46000000.0,0.11557788944723618,0.69,0.62,65000000,73000000,https://www.sec.gov/Archives/edgar/data/16040/000095013500003991/0000950135-00-003991-index.html,https://www.sec.gov/Archives/edgar/data/16040/000095013500003991/e10-q.txt,1620589997,15:53:17,20210509
84,2000-03-31,CBT,USD,2000-05-15 00:00:00,2000-05-15 00:00:00,Q2,534000000,361000000.0,173000000.0,0.32397003745318353,15000000.0,53000000.0,0.0,0.0,100000000.0,461000000.0,0.0,32000000.0,105000000.0,0.19662921348314608,73000000.0,0.13670411985018727,2000000.0,64000000.0,0.1198501872659176,23000000.0,41000000.0,0.07677902621722846,0.63,0.57,64000000,73000000,https://www.sec.gov/Archives/edgar/data/16040/000095013500002886/0000950135-00-002886-index.html,https://www.sec.gov/Archives/edgar/data/16040/0000950135-00-002886.txt,1620589997,15:53:17,20210509
85,1999-12-31,CBT,USD,1999-12-31,1999-12-31,Q1,493000000,325000000.0,168000000.0,0.3407707910750507,15000000.0,50000000.0,0.0,0.0,97000000.0,422000000.0,0.0,32000000.0,103000000.0,0.20892494929006086,71000000.0,0.1440162271805274,0.0,59000000.0,0.11967545638945233,21000000.0,38000000.0,0.07707910750507099,0.57,0.5,64000000,73000000,,,1620589997,15:53:17,20210509
86,1999-09-30,CBT,USD,1999-12-29 00:00:00,1999-12-29 00:00:00,Q4,426600000,315900000.0,110700000.0,0.25949367088607594,16000000.0,37100000.0,0.0,0.0,84700000.0,400600000.0,0.0,31600000.0,57600000.0,0.1350210970464135,26000000.0,0.06094702297233943,-5500000.0,12800000.0,0.030004688232536336,3200000.0,9600000.0,0.02250351617440225,0.15,0.15,64000000,64000000,https://www.sec.gov/Archives/edgar/data/16040/000095013599005733/0000950135-99-005733-index.html,https://www.sec.gov/Archives/edgar/data/16040/0000950135-99-005733.txt,1620589997,15:53:17,20210509
87,1999-06-30,CBT,USD,1999-08-13 00:00:00,1999-08-13 00:00:00,Q3,423600000,263100000.0,160500000.0,0.37889518413597734,18700000.0,55800000.0,0.0,0.0,106400000.0,369500000.0,0.0,31900000.0,86000000.0,0.20302171860245516,54100000.0,0.1277148253068933,-7300000.0,33900000.0,0.08002832861189801,11500000.0,22400000.0,0.05288007554296506,0.34,0.3,63529412,72000000,https://www.sec.gov/Archives/edgar/data/16040/000095013599004034/0000950135-99-004034-index.html,https://www.sec.gov/Archives/edgar/data/16040/0000950135-99-004034.txt,1620589997,15:53:17,20210509
88,1999-03-31,CBT,USD,1999-05-17 00:00:00,1999-05-17 00:00:00,Q2,435800000,273500000.0,162300000.0,0.372418540614961,18800000.0,56700000.0,0.0,0.0,106600000.0,380100000.0,0.0,31100000.0,86800000.0,0.1991739329967875,55700000.0,0.12781092244148692,7400000.0,50200000.0,0.11519045433685177,17000000.0,33200000.0,0.07618173474070675,0.45,0.45,72222222,72222222,https://www.sec.gov/Archives/edgar/data/16040/000095013599002788/0000950135-99-002788-index.html,https://www.sec.gov/Archives/edgar/data/16040/0000950135-99-002788.txt,1620589997,15:53:17,20210509
89,1998-12-31,CBT,USD,1999-02-11 00:00:00,1999-02-11 00:00:00,Q1,409000000,242400000.0,166600000.0,0.4073349633251834,19500000.0,58400000.0,0.0,0.0,108300000.0,350700000.0,0.0,30400000.0,88700000.0,0.21687041564792175,58300000.0,0.14254278728606357,2600000.0,49100000.0,0.12004889975550122,17300000.0,31800000.0,0.07775061124694377,0.48,0.43,64583333,72093023,https://www.sec.gov/Archives/edgar/data/16040/000095013599000620/0000950135-99-000620-index.html,https://www.sec.gov/Archives/edgar/data/16040/0000950135-99-000620.txt,1620589997,15:53:17,20210509
90,1998-09-30,CBT,USD,1998-12-23 00:00:00,1998-12-23 00:00:00,Q4,379100000,232800000.0,146300000.0,0.3859140068583487,23100000.0,51600000.0,0.0,0.0,108100000.0,340900000.0,0.0,33400000.0,71600000.0,0.18886837246109206,38200000.0,0.10076496966499604,-500000.0,28400000.0,0.07491427064099182,9000000.0,19400000.0,0.051173832761804275,0.30038709832457855,0.30038709832457855,64583333,64583333,https://www.sec.gov/Archives/edgar/data/16040/000095013598006385/0000950135-98-006385-index.html,https://www.sec.gov/Archives/edgar/data/16040/0000950135-98-006385.txt,1620589997,15:53:17,20210509
91,1998-06-30,CBT,USD,1998-08-14 00:00:00,1998-08-14 00:00:00,Q3,376300000,220400000.0,155900000.0,0.4142971033749668,20100000.0,62500000.0,0.0,0.0,107000000.0,327400000.0,0.0,24400000.0,73300000.0,0.19479138984852512,48900000.0,0.1299495083709806,11900000.0,49100000.0,0.13048099920276376,15800000.0,33300000.0,0.08849322349189477,0.49,0.44,66326531,73863636,https://www.sec.gov/Archives/edgar/data/16040/000095013598004810/0000950135-98-004810-index.html,https://www.sec.gov/Archives/edgar/data/16040/0000950135-98-004810.txt,1620589997,15:53:17,20210509
92,1998-03-31,CBT,USD,1998-05-14 00:00:00,1998-05-14 00:00:00,Q2,457000000,281700000.0,175300000.0,0.3835886214442013,20500000.0,58900000.0,0.0,0.0,107500000.0,389200000.0,0.0,28100000.0,95900000.0,0.2098468271334792,67800000.0,0.14835886214442012,900000.0,56800000.0,0.12428884026258205,19300000.0,37500000.0,0.08205689277899343,0.56,0.5,65535714,73400000,https://www.sec.gov/Archives/edgar/data/16040/000095013598003306/0000950135-98-003306-index.html,https://www.sec.gov/Archives/edgar/data/16040/0000950135-98-003306.txt,1620589997,15:53:17,20210509
93,1997-12-31,CBT,USD,1998-02-17 00:00:00,1998-02-17 00:00:00,Q1,435400000,270700000.0,164700000.0,0.37827285254937987,19000000.0,56700000.0,0.0,0.0,105200000.0,375900000.0,0.0,29500000.0,89000000.0,0.20440973817179606,59500000.0,0.13665594855305466,200000.0,47800000.0,0.10978410656867249,16300000.0,31500000.0,0.07234726688102894,0.46,0.41,66739130,74878049,https://www.sec.gov/Archives/edgar/data/16040/000104746998006629/0001047469-98-006629-index.html,https://www.sec.gov/Archives/edgar/data/16040/0001047469-98-006629.txt,1620589997,15:53:17,20210509
94,1997-09-30,CBT,USD,1997-12-24 00:00:00,1997-12-24 00:00:00,Q4,400600000,256200000.0,144400000.0,0.3604593110334498,18900000.0,56300000.0,0.0,0.0,103900000.0,360100000.0,0.0,28700000.0,69200000.0,0.1727408886669995,40500000.0,0.10109835247129306,-18000000.0,11200000.0,0.027958062905641536,1600000.0,9600000.0,0.023964053919121316,0.14384364914556122,0.14384364914556122,66739130,66739130,https://www.sec.gov/Archives/edgar/data/16040/000095013597005172/0000950135-97-005172-index.html,https://www.sec.gov/Archives/edgar/data/16040/0000950135-97-005172.txt,1620589997,15:53:17,20210509
95,1997-06-30,CBT,USD,1997-08-14 00:00:00,1997-08-14 00:00:00,Q3,398600000,246200000.0,152400000.0,0.38233818364274963,20400000.0,53500000.0,0.0,0.0,101900000.0,348100000.0,0.0,28000000.0,78500000.0,0.19693928750627196,50500000.0,0.1266934269944807,3800000.0,42400000.0,0.10637230306071249,13600000.0,28800000.0,0.07225288509784245,0.4,0.37,70000000,75675676,https://www.sec.gov/Archives/edgar/data/16040/000095013597003518/0000950135-97-003518-index.html,https://www.sec.gov/Archives/edgar/data/16040/0000950135-97-003518.txt,1620589997,15:53:17,20210509
96,1997-03-31,CBT,USD,1997-05-14 00:00:00,1997-05-14 00:00:00,Q2,432000000,279400000.0,152600000.0,0.35324074074074074,22500000.0,53100000.0,0.0,0.0,101800000.0,381200000.0,0.0,26200000.0,77000000.0,0.17824074074074073,50800000.0,0.1175925925925926,3700000.0,43800000.0,0.10138888888888889,14400000.0,29400000.0,0.06805555555555555,0.4,0.38,71500000,75263158,https://www.sec.gov/Archives/edgar/data/16040/000095013597002443/0000950135-97-002443-index.html,https://www.sec.gov/Archives/edgar/data/16040/0000950135-97-002443.txt,1620589997,15:53:17,20210509
97,1996-12-31,CBT,USD,1997-02-14 00:00:00,1997-02-14 00:00:00,Q1,398800000,252700000.0,146100000.0,0.3663490471414243,20900000.0,53700000.0,0.0,0.0,101600000.0,354300000.0,0.0,27000000.0,71500000.0,0.1792878635907723,44500000.0,0.11158475426278837,3800000.0,37600000.0,0.09428284854563691,12500000.0,25100000.0,0.06293881644934804,0.34,0.32,71470588,75937500,https://www.sec.gov/Archives/edgar/data/16040/000095013597000657/0000950135-97-000657-index.html,https://www.sec.gov/Archives/edgar/data/16040/0000950135-97-000657.txt,1620589997,15:53:17,20210509
98,1996-09-30,CBT,USD,1996-12-24 00:00:00,1996-12-24 00:00:00,Q4,464700000,317200000.0,147500000.0,0.3174090811276092,0.0,82400000.0,0.0,0.0,106200000.0,423400000.0,0.0,23800000.0,65100000.0,0.14009038089089734,41300000.0,0.08887454271573057,74600000.0,103500000.0,0.22272433828276308,31400000.0,72100000.0,0.15515386270712286,1.0088065876833139,1.0088065876833139,71470588,71470588,https://www.sec.gov/Archives/edgar/data/16040/000095013596005392/0000950135-96-005392-index.html,https://www.sec.gov/Archives/edgar/data/16040/0000950135-96-005392.txt,1620589997,15:53:17,20210509
99,1996-06-30,CBT,USD,1996-08-14 00:00:00,1996-08-14 00:00:00,Q3,457300000,293000000.0,164300000.0,0.35928274655587145,0.0,72100000.0,0.0,0.0,97600000.0,390600000.0,0.0,25500000.0,92200000.0,0.20161819374589984,66700000.0,0.14585611196151324,1200000.0,55400000.0,0.12114585611196152,19700000.0,35700000.0,0.07806691449814127,0.48,0.45,72916667,77777778,https://www.sec.gov/Archives/edgar/data/16040/000095013596003668/0000950135-96-003668-index.html,https://www.sec.gov/Archives/edgar/data/16040/0000950135-96-003668.txt,1620589997,15:53:17,20210509
100,1996-03-31,CBT,USD,1996-05-14 00:00:00,1996-05-14 00:00:00,Q2,491300000,321100000.0,170200000.0,0.34642784449419906,0.0,71000000.0,0.0,0.0,95200000.0,416300000.0,0.0,24200000.0,99200000.0,0.20191329126806432,75000000.0,0.1526562181966212,3700000.0,66000000.0,0.13433747201302668,23100000.0,42900000.0,0.08731935680846734,0.58,0.54,72413793,77777778,https://www.sec.gov/Archives/edgar/data/16040/000095013596002076/0000950135-96-002076-index.html,https://www.sec.gov/Archives/edgar/data/16040/0000950135-96-002076.txt,1620589997,15:53:17,20210509
101,1995-12-30,CBT,USD,1996-02-14 00:00:00,1996-02-14 00:00:00,Q1,443000000,305100000.0,137900000.0,0.3112866817155756,14300000.0,46600000.0,0.0,0.0,60899999.99999998,366000000.0,-13400000.0,23500000.0,100500000.0,0.22686230248307,77000000.0,0.17381489841986456,0.0,63600000.0,0.1435665914221219,24000000.0,43400000.0,0.09796839729119639,0.53383,0.53383,81300000,81300000,https://www.sec.gov/Archives/edgar/data/16040/000095013596001036/0000950135-96-001036-index.html,https://www.sec.gov/Archives/edgar/data/16040/0000950135-96-001036.txt,1620589997,15:53:17,20210509
102,1995-09-30,CBT,USD,1995-12-29 00:00:00,1995-12-29 00:00:00,Q4,426300000,274100000.0,152200000.0,0.35702556884822895,0.0,70700000.0,0.0,0.0,93200000.0,367300000.0,0.0,22500000.0,81500000.0,0.19117992024395966,59000000.0,0.1384001876612714,27800000.0,78600000.0,0.18437719915552428,34000000.0,44600000.0,0.10462115880835092,0.5485854858548586,0.5485854858548586,81300000,81300000,https://www.sec.gov/Archives/edgar/data/16040/000095013595002798/0000950135-95-002798-index.html,https://www.sec.gov/Archives/edgar/data/16040/0000950135-95-002798.txt,1620589997,15:53:17,20210509
103,1995-06-30,CBT,USD,1995-08-14 00:00:00,1995-08-14 00:00:00,Q3,494800000,311500000.0,183300000.0,0.3704527081649151,0.0,78600000.0,0.0,0.0,103200000.0,414700000.0,0.0,24600000.0,104700000.0,0.2116006467259499,80100000.0,0.16188358932902183,-100000.0,71400000.0,0.14430072756669363,24400000.0,47000000.0,0.09498787388843978,0.295,0.275,75892000,75892000,https://www.sec.gov/Archives/edgar/data/16040/000095013595001740/0000950135-95-001740-index.html,https://www.sec.gov/Archives/edgar/data/16040/0000950135-95-001740.txt,1620589997,15:53:17,20210509
104,1995-03-31,CBT,USD,1995-05-15 00:00:00,1995-05-15 00:00:00,Q2,481300000,305900000.0,175400000.0,0.36442966964471224,0.0,76100000.0,0.0,0.0,99600000.0,405500000.0,0.0,23700000.0,99500000.0,0.20673176812798671,75800000.0,0.15749013089549138,3400000.0,70300000.0,0.1460627467276127,23900000.0,46400000.0,0.09640556825264908,0.295,0.275,76278000,76278000,https://www.sec.gov/Archives/edgar/data/16040/000095013595001193/0000950135-95-001193-index.html,https://www.sec.gov/Archives/edgar/data/16040/0000950135-95-001193.txt,1620589997,15:53:17,20210509
105,1994-12-31,CBT,USD,1995-02-13 00:00:00,1995-02-13 00:00:00,Q1,428000000,273400000.0,154600000.0,0.36121495327102804,0.0,68400000.0,0.0,0.0,91800000.0,365200000.0,0.0,23400000.0,86200000.0,0.2014018691588785,62800000.0,0.14672897196261683,100000.0,52700000.0,0.12313084112149533,18800000.0,33900000.0,0.07920560747663552,0.215,0.2,76154000,76154000,https://www.sec.gov/Archives/edgar/data/16040/000095013595000202/0000950135-95-000202-index.html,https://www.sec.gov/Archives/edgar/data/16040/0000950135-95-000202.txt,1620589997,15:53:17,20210509
106,1994-09-30,CBT,USD,1994-12-22 00:00:00,1994-12-22 00:00:00,Q4,417600000,283600000.0,134000000.0,0.32088122605363983,0.0,75300000.0,0.0,0.0,97700000.0,381300000.0,0.0,22400000.0,58700000.0,0.14056513409961685,36300000.0,0.08692528735632184,1700000.0,28000000.0,0.06704980842911877,9600000.0,18400000.0,0.044061302681992334,0.2416156735036899,0.2416156735036899,76154000,76154000,https://www.sec.gov/Archives/edgar/data/16040/000095013594000730/0000950135-94-000730-index.html,https://www.sec.gov/Archives/edgar/data/16040/0000950135-94-000730.txt,1620589997,15:53:17,20210509
107,1994-06-30,CBT,USD,1994-08-15 00:00:00,1994-08-15 00:00:00,Q3,428800000,291000000.0,137800000.0,0.32136194029850745,0.0,67700000.0,0.0,0.0,89000000.0,380000000.0,0.0,21800000.0,70600000.0,0.1646455223880597,48800000.0,0.11380597014925373,-3800000.0,34200000.0,0.07975746268656717,12200000.0,22000000.0,0.051305970149253734,0.0775,0.0725,68360000,68360000,https://www.sec.gov/Archives/edgar/data/16040/000095013594000519/0000950135-94-000519-index.html,https://www.sec.gov/Archives/edgar/data/16040/0000950135-94-000519.txt,1620589997,15:53:17,20210509
108,1994-03-31,CBT,USD,1994-05-13 00:00:00,1994-05-13 00:00:00,Q2,434900000,298200000.0,136700000.0,0.31432513221430214,0.0,65000000.0,0.0,0.0,86100000.0,384300000.0,0.0,21100000.0,71700000.0,0.16486548631869397,50600000.0,0.1163485858818119,-5100000.0,35100000.0,0.08070820878362842,12800000.0,22300000.0,0.05127615543803173,0.0775,0.0725,69414000,69414000,https://www.sec.gov/Archives/edgar/data/16040/000095013594000345/0000950135-94-000345-index.html,https://www.sec.gov/Archives/edgar/data/16040/0000950135-94-000345.txt,1620589997,15:53:17,20210509
109,1993-12-31,CBT,USD,1993-12-31,1993-12-31,Q1,398500000,275800000.0,122700000.0,0.30790464240903387,0.0,62800000.0,0.0,0.0,83800000.0,359600000.0,0.0,21000000.0,59900000.0,0.15031367628607278,38900000.0,0.09761606022584693,-2400000.0,26400000.0,0.06624843161856964,10400000.0,16000000.0,0.04015056461731493,0.05,0.0475,75124000,75124000,,,1620589997,15:53:17,20210509
110,1993-06-30,CBT,USD,1993-06-30,1993-06-30,Q3,418800000,290600000.0,128200000.0,0.3061127029608405,0.0,62800000.0,0.0,0.0,83800000.0,374400000.0,0.0,21000000.0,65400000.0,0.15616045845272206,44400000.0,0.10601719197707736,-2100000.0,31000000.0,0.07402101241642789,12600000.0,18400000.0,0.04393505253104107,0.06,0.055,74210000,74210000,,,1620589997,15:53:17,20210509
111,1993-03-31,CBT,USD,1993-03-31,1993-03-31,Q2,407600000,285100000.0,122500000.0,0.3005397448478901,0.0,60600000.0,0.0,0.0,81500000.0,366600000.0,0.0,20900000.0,61900000.0,0.15186457311089302,41000000.0,0.10058881256133465,-6100000.0,23400000.0,0.05740922473012758,9400000.0,14000000.0,0.03434739941118744,0.045,0.0425,74152000,74152000,,,1620589997,15:53:17,20210509
112,1992-12-31,CBT,USD,1992-12-31,1992-12-31,Q1,396100000,279200000.0,116900000.0,0.2951274930573088,0.0,60700000.0,0.0,0.0,81900000.0,361100000.0,0.0,21200000.0,56200000.0,0.14188336278717495,35000000.0,0.08836152486745771,-3100000.0,21000000.0,0.053016914920474625,9100000.0,11900000.0,0.030042918454935622,0.0375,0.0375,74124000,74124000,,,1620589997,15:53:17,20210509
113,1992-06-30,CBT,USD,1992-06-30,1992-06-30,Q3,371000000,247300000.0,123700000.0,0.3334231805929919,0.0,61000000.0,0.0,0.0,83200000.0,330500000.0,0.0,22200000.0,62700000.0,0.16900269541778976,40500000.0,0.1091644204851752,2300000.0,31500000.0,0.08490566037735849,15100000.0,16400000.0,0.044204851752021566,0.0525,0.0525,73062000,73062000,,,1620589997,15:53:17,20210509
114,1992-03-31,CBT,USD,1992-03-31,1992-03-31,Q2,417900000,283200000.0,134700000.0,0.3223259152907394,0.0,59900000.0,0.0,0.0,79800000.0,363000000.0,0.0,19900000.0,74800000.0,0.17899018904044028,54900000.0,0.13137114142139267,-3900000.0,41100000.0,0.09834888729361091,19100000.0,22000000.0,0.05264417324718832,0.0725,0.0725,72104000,72104000,,,1620589997,15:53:17,20210509
115,1991-12-31,CBT,USD,1991-12-31,1991-12-31,Q1,384800000,268900000.0,115900000.0,0.3011954261954262,0.0,57400000.0,0.0,0.0,75900000.0,344800000.0,0.0,18500000.0,58500000.0,0.15202702702702703,40000000.0,0.10395010395010396,1000000.0,32500000.0,0.08445945945945946,15900000.0,16600000.0,0.04313929313929314,0.055,0.0525,72912000,72912000,,,1620589997,15:53:17,20210509
116,1991-06-30,CBT,USD,1991-06-30,1991-06-30,Q3,347200000,247600000.0,99600000.0,0.2868663594470046,0.0,59500000.0,0.0,0.0,77800000.0,325400000.0,0.0,18300000.0,40100000.0,0.11549539170506913,21800000.0,0.06278801843317973,-2000000.0,10900000.0,0.031394009216589865,4500000.0,6400000.0,0.018433179723502304,0.02,0.02,72676000,72676000,,,1620589997,15:53:17,20210509
117,1991-03-31,CBT,USD,1991-03-31,1991-03-31,Q2,410800000,280500000.0,130300000.0,0.31718597857838365,0.0,62100000.0,0.0,0.0,88700000.0,369200000.0,0.0,26600000.0,68200000.0,0.16601752677702045,41600000.0,0.10126582278481013,-3200000.0,28500000.0,0.06937682570593963,13000000.0,19500000.0,0.04746835443037975,0.0525,0.0525,72744000,72744000,,,1620589997,15:53:17,20210509
118,1990-12-31,CBT,USD,1990-12-31,1990-12-31,Q1,448300000,304800000.0,143500000.0,0.3200981485612313,0.0,71100000.0,0.0,0.0,96700000.0,401500000.0,0.0,25600000.0,72400000.0,0.1614989962078965,46800000.0,0.10439437876422039,-400000.0,33700000.0,0.07517287530671425,14400000.0,19300000.0,0.04305152799464644,0.0475,0.0475,97700000,97700000,,,1620589997,15:53:17,20210509
119,1990-06-30,CBT,USD,1990-06-30,1990-06-30,Q3,421000000,291300000.0,129700000.0,0.30807600950118763,0.0,68800000.0,0.0,0.0,89800000.0,381100000.0,0.0,21300000.0,61200000.0,0.14536817102137767,39900000.0,0.09477434679334917,3400000.0,29900000.0,0.07102137767220902,13600000.0,16300000.0,0.03871733966745843,0.04,0.04,98154000,98154000,,,1620589997,15:53:17,20210509
120,1990-03-31,CBT,USD,1990-03-31,1990-03-31,Q2,445100000,312800000.0,132300000.0,0.2972365760503258,0.0,71400000.0,0.0,0.0,90600000.0,403400000.0,0.0,18900000.0,60600000.0,0.13614917995955966,41700000.0,0.09368681195237025,17100000.0,45300000.0,0.10177488204897776,19000000.0,26300000.0,0.05908784542799371,0.065,0.065,98402000,98402000,,,1620589997,15:53:17,20210509
121,1989-12-31,CBT,USD,1989-12-31,1989-12-31,Q1,406600000,292600000.0,114000000.0,0.2803738317757009,0.0,56100000.0,0.0,0.0,75500000.0,368100000.0,0.0,19400000.0,57900000.0,0.14240039350713232,38500000.0,0.09468765371372356,3400000.0,31000000.0,0.07624200688637482,12600000.0,18400000.0,0.04525332021642892,0.045,0.045,98478000,98478000,,,1620589997,15:53:17,20210509
122,1989-06-30,CBT,USD,1989-06-30,1989-06-30,Q3,470500000,0.0,0.0,0.0,0.0,0.0,0.0,0.0,0.0,0.0,0.0,0.0,470500000.0,1.0,470500000.0,1.0,0.0,0.0,0.0,0.0,0.0,0.0,0.0225,0.0225,100316000,100316000,,,1620589997,15:53:17,20210509
123,1989-03-31,CBT,USD,1989-03-31,1989-03-31,Q2,540900000,0.0,0.0,0.0,0.0,0.0,0.0,0.0,0.0,0.0,0.0,0.0,540900000.0,1.0,540900000.0,1.0,0.0,0.0,0.0,0.0,0.0,0.0,0.0675,0.0675,100534000,100534000,,,1620589997,15:53:17,20210509
124,1988-12-31,CBT,USD,1988-12-31,1988-12-31,Q1,480100000,0.0,0.0,0.0,0.0,0.0,0.0,0.0,0.0,0.0,0.0,0.0,480100000.0,1.0,480100000.0,1.0,0.0,0.0,0.0,0.0,0.0,0.0,0.0525,0.0525,107850000,107850000,,,1620589997,15:53:17,20210509
125,1988-06-30,CBT,USD,1988-06-30,1988-06-30,Q3,423800000,0.0,0.0,0.0,0.0,0.0,0.0,0.0,0.0,0.0,0.0,0.0,423800000.0,1.0,423800000.0,1.0,0.0,0.0,0.0,0.0,0.0,0.0,0.04,0.04,107808000,107808000,,,1620589997,15:53:17,20210509
126,1988-03-31,CBT,USD,1988-03-31,1988-03-31,Q2,465900000,0.0,0.0,0.0,0.0,0.0,0.0,0.0,0.0,0.0,0.0,0.0,465900000.0,1.0,465900000.0,1.0,0.0,0.0,0.0,0.0,0.0,0.0,0.0425,0.0425,107934000,107934000,,,1620589997,15:53:17,20210509
127,1987-12-31,CBT,USD,1987-12-31,1987-12-31,Q1,386700000,0.0,0.0,0.0,0.0,0.0,0.0,0.0,0.0,0.0,0.0,0.0,386700000.0,1.0,386700000.0,1.0,0.0,0.0,0.0,0.0,0.0,0.0,0.04,0.04,110098000,110098000,,,1620589997,15:53:17,20210509
128,1987-06-30,CBT,USD,1987-06-30,1987-06-30,Q3,319400000,0.0,0.0,0.0,0.0,0.0,0.0,0.0,0.0,0.0,0.0,0.0,319400000.0,1.0,319400000.0,1.0,0.0,0.0,0.0,0.0,0.0,0.0,0.0325,0.0325,111250000,111250000,,,1620589997,15:53:17,20210509
129,1987-03-31,CBT,USD,1987-03-31,1987-03-31,Q2,331200000,0.0,0.0,0.0,0.0,0.0,0.0,0.0,0.0,0.0,0.0,0.0,331200000.0,1.0,331200000.0,1.0,0.0,0.0,0.0,0.0,0.0,0.0,0.045,0.045,111250000,111250000,,,1620589997,15:53:17,20210509
130,1986-12-31,CBT,USD,1986-12-31,1986-12-31,Q1,300800000,0.0,0.0,0.0,0.0,0.0,0.0,0.0,0.0,0.0,0.0,0.0,300800000.0,1.0,300800000.0,1.0,0.0,0.0,0.0,0.0,0.0,0.0,0.0425,0.0425,114010000,114010000,,,1620589997,15:53:17,20210509
131,1986-06-30,CBT,USD,1986-06-30,1986-06-30,Q3,310100000,0.0,0.0,0.0,0.0,0.0,0.0,0.0,0.0,0.0,0.0,0.0,310100000.0,1.0,310100000.0,1.0,0.0,0.0,0.0,0.0,0.0,0.0,0.03,0.03,112156000,112156000,,,1620589997,15:53:17,20210509
132,1986-03-31,CBT,USD,1986-03-31,1986-03-31,Q2,340100000,0.0,0.0,0.0,0.0,0.0,0.0,0.0,0.0,0.0,0.0,0.0,340100000.0,1.0,340100000.0,1.0,0.0,0.0,0.0,0.0,0.0,0.0,0.04,0.04,114676000,114676000,,,1620589997,15:53:17,20210509
133,1985-12-31,CBT,USD,1985-12-31,1985-12-31,Q1,356400000,0.0,0.0,0.0,0.0,0.0,0.0,0.0,0.0,0.0,0.0,0.0,356400000.0,1.0,356400000.0,1.0,0.0,0.0,0.0,0.0,0.0,0.0,0.055,0.055,114850000,114850000,,,1620589997,15:53:17,20210509
