,date,symbol,reportedCurrency,fillingDate,acceptedDate,period,revenue,costOfRevenue,grossProfit,grossProfitRatio,researchAndDevelopmentExpenses,generalAndAdministrativeExpenses,sellingAndMarketingExpenses,otherExpenses,operatingExpenses,costAndExpenses,interestExpense,depreciationAndAmortization,ebitda,ebitdaratio,operatingIncome,operatingIncomeRatio,totalOtherIncomeExpensesNet,incomeBeforeTax,incomeBeforeTaxRatio,incomeTaxExpense,netIncome,netIncomeRatio,eps,epsdiluted,weightedAverageShsOut,weightedAverageShsOutDil,link,finalLink,timestamp,est_time,est_date
0,2020-12-31,OTIVF,USD,2021-03-31,2021-03-31 16:10:38,Q4,3438000.0,10044000.0,1035000.0,0.3010471204188482,1729000.0,1296000.0,878000.0,0.0,3892000.0,13936000.0,0.0,-185000.0,-187857.0,-0.0546413612565445,-2857.0,-0.0008310063990692263,-11000.0,-3272.0,-0.000951716114019779,29.0,-4341.0,-0.001262652705061082,-0.08236232840825836,-0.08236232840825836,52706135.0,52706135.0,https://www.sec.gov/Archives/edgar/data/1021604/000121390021019217/0001213900-21-019217-index.htm,https://www.sec.gov/Archives/edgar/data/1021604/000121390021019217/f10k2020_ontrackinno.htm,1620596246,17:37:26,20210509
1,2020-09-30,OTIVF,USD,2020-11-23,2020-11-23,Q3,3637000.0,4284000.0,1495000.0,0.41105306571350014,841000.0,958000.0,1215000.0,0.0,3014000.0,7298000.0,0.0,924000.0,922481.0,0.2536378883695353,-1519.0,-0.00041765191091558976,0.0,-1599.0,-0.0004396480615892219,60.0,-1621.0,-0.0004456970030244707,-0.0307554329301513,-0.0307554329301513,52706135.0,52706135.0,https://www.sec.gov/Archives/edgar/data/1021604/000121390020038765/0001213900-20-038765-index.htm,https://www.sec.gov/Archives/edgar/data/1021604/000121390020038765/f10q0920_ontrackinnov.htm,1620596246,17:37:26,20210509
2,2020-06-30,OTIVF,USD,2020-08-12,2020-08-12 13:24:01,Q2,4853000.0,2965000.0,1888000.0,0.38903770863383474,904000.0,775000.0,1193000.0,0.0,2872000.0,5837000.0,0.0,297000.0,-687000.0,-0.14156192046157015,-984000.0,-0.20276117865237997,0.0,-1107000.0,-0.22810632598392747,-16000.0,-1123000.0,-0.23140325571811252,-0.02,-0.02,52706135.0,52706135.0,https://www.sec.gov/Archives/edgar/data/1021604/000121390020021570/0001213900-20-021570-index.htm,https://www.sec.gov/Archives/edgar/data/1021604/000121390020021570/f10q0620_ontrackinno.htm,1620596246,17:37:26,20210509
3,2020-03-31,OTIVF,USD,2020-05-12,2020-05-12 14:46:20,Q1,4451000.0,2273000.0,2178000.0,0.489328240844754,898000.0,957000.0,1162000.0,0.0,3017000.0,5290000.0,0.0,307000.0,-532000.0,-0.11952370253875534,-839000.0,-0.18849696697371376,0.0,-671000.0,-0.1507526398562121,-13000.0,-669000.0,-0.1503033026286228,-0.01,-0.01,47790091.0,47790091.0,https://www.sec.gov/Archives/edgar/data/1021604/000121390020011810/0001213900-20-011810-index.htm,https://www.sec.gov/Archives/edgar/data/1021604/000121390020007241/f10k2019_ontrackinnov.htm,1620596246,17:37:26,20210509
4,2019-12-31,OTIVF,USD,2020-03-24,2020-03-24 14:49:20,Q4,3757000.0,2182000.0,1575000.0,0.4192174607399521,806000.0,1031000.0,1228000.0,0.0,3387000.0,5569000.0,0.0,319000.0,-1493000.0,-0.3973915357998403,-1812000.0,-0.48229970721320203,0.0,-1682000.0,-0.44769763108863453,-82000.0,-2035000.0,-0.5416555762576524,-0.05,-0.05,41621116.0,41621116.0,https://www.sec.gov/Archives/edgar/data/1021604/000121390020007241/0001213900-20-007241-index.htm,https://www.sec.gov/Archives/edgar/data/1021604/000121390020007241/f10k2019_ontrackinnov.htm,1620596246,17:37:26,20210509
5,2019-09-30,OTIVF,USD,2019-11-13,2019-11-13 16:06:24,Q3,3865000.0,2161000.0,1704000.0,0.44087968952134543,840000.0,1070000.0,1193000.0,0.0,2768000.0,4929000.0,0.0,308000.0,-756000.0,-0.19560155239327295,-1064000.0,-0.27529107373868045,0.0,-1157000.0,-0.29935316946959895,17000.0,-1210000.0,-0.3130659767141009,-0.03,-0.03,41324377.0,41324377.0,https://www.sec.gov/Archives/edgar/data/1021604/000121390019023172/0001213900-19-023172-index.htm,https://www.sec.gov/Archives/edgar/data/1021604/000121390019023172/f10q0919_ontrackinnovations.htm,1620596246,17:37:26,20210509
6,2019-06-30,OTIVF,USD,2019-08-13,2019-08-13 16:18:15,Q2,4116000.0,1742000.0,2374000.0,0.576773566569485,817000.0,1046000.0,1320000.0,0.0,3183000.0,4925000.0,0.0,323000.0,-486000.0,-0.11807580174927114,-809000.0,-0.19655004859086492,0.0,-846000.0,-0.2055393586005831,3000.0,-899000.0,-0.2184159378036929,-0.02,-0.02,41300641.0,41300641.0,https://www.sec.gov/Archives/edgar/data/1021604/000121390019015534/0001213900-19-015534-index.htm,https://www.sec.gov/Archives/edgar/data/1021604/000121390019015534/f10q0619_ontrackinnov.htm,1620596246,17:37:26,20210509
7,2019-03-31,OTIVF,USD,2019-05-14,2019-05-14 16:01:15,Q1,3013000.0,1370000.0,1643000.0,0.5453036840358447,871000.0,965000.0,1285000.0,0.0,3121000.0,4491000.0,0.0,320000.0,-1158000.0,-0.38433455028211083,-1478000.0,-0.490540989047461,0.0,-1547000.0,-0.5134417524062397,5000.0,-1745000.0,-0.5791569863923001,-0.04,-0.04,41294377.0,41294377.0,https://www.sec.gov/Archives/edgar/data/1021604/000121390019008555/0001213900-19-008555-index.htm,https://www.sec.gov/Archives/edgar/data/1021604/000121390019004756/f10k2018_ontrackinnovation.htm,1620596246,17:37:26,20210509
8,2018-12-31,OTIVF,USD,2019-03-25,2019-03-25 16:09:43,Q4,3389000.0,1932000.0,1457000.0,0.42992033048096784,753000.0,971000.0,1240000.0,0.0,2964000.0,4896000.0,0.0,350000.0,-1157000.0,-0.3413986426674535,-1507000.0,-0.44467394511655356,-3000.0,-1579000.0,-0.46591915019179697,-374000.0,534000.0,0.15756860430805547,0.01,0.01,41260426.0,41260426.0,https://www.sec.gov/Archives/edgar/data/1021604/000121390019004756/0001213900-19-004756-index.htm,https://www.sec.gov/Archives/edgar/data/1021604/000121390019004756/f10k2018_ontrackinnovation.htm,1620596246,17:37:26,20210509
9,2018-09-30,OTIVF,USD,2018-11-14,2018-11-14 07:02:46,Q3,6473000.0,3051000.0,3422000.0,0.5286575003862197,777000.0,1098000.0,1592000.0,0.0,3467000.0,6518000.0,0.0,298000.0,253000.0,0.0390854317936042,-45000.0,-0.00695195427158968,0.0,-47000.0,-0.007260930016993666,111000.0,-184000.0,-0.028425768577166693,-0.004456,-0.004456,41294377.0,41294377.0,https://www.sec.gov/Archives/edgar/data/1021604/000121390018015618/0001213900-18-015618-index.htm,https://www.sec.gov/Archives/edgar/data/1021604/000121390018015618/f10q0918_ontrackinnovations.htm,1620596246,17:37:26,20210509
10,2018-06-30,OTIVF,USD,2018-08-15,2018-08-15 16:09:29,Q2,6154000.0,2973000.0,3181000.0,0.5168995775105623,815000.0,1065000.0,1463000.0,0.0,3343000.0,6316000.0,0.0,345000.0,183000.0,0.029736756581085474,-162000.0,-0.026324341891452715,0.0,-257000.0,-0.04176145596360091,-27000.0,-280000.0,-0.04549886252843679,-0.01,-0.01,41271644.0,41271644.0,https://www.sec.gov/Archives/edgar/data/1021604/000121390018011186/0001213900-18-011186-index.htm,https://www.sec.gov/Archives/edgar/data/1021604/000121390018011186/f10q0618_ontrackinnovations.htm,1620596246,17:37:26,20210509
11,2018-03-31,OTIVF,USD,2018-05-15,2018-05-15 08:45:26,Q1,5862000.0,2754000.0,3108000.0,0.5301944728761515,830000.0,907000.0,1645000.0,0.0,3382000.0,6136000.0,0.0,335000.0,61000.0,0.010406004776526782,-274000.0,-0.04674172637325145,0.0,-306000.0,-0.052200614124872056,-11000.0,-333000.0,-0.05680655066530194,-0.01,-0.01,41214378.0,41214378.0,https://www.sec.gov/Archives/edgar/data/1021604/000121390018006189/0001213900-18-006189-index.htm,https://www.sec.gov/Archives/edgar/data/1021604/000121390018003667/f10k2017_ontrackinnovation.htm,1620596246,17:37:26,20210509
12,2017-12-31,OTIVF,USD,2018-03-29,2018-03-29 16:03:52,Q4,6746000.0,3528000.0,3218000.0,0.4770234212866884,891000.0,1080000.0,1467000.0,0.0,3438000.0,6966000.0,0.0,294000.0,74000.0,0.010969463385710051,-220000.0,-0.03261191817373258,-7000.0,-408000.0,-0.06048028461310406,6000.0,-694000.0,-0.10287577823895643,-0.02,-0.02,41140356.0,41140356.0,https://www.sec.gov/Archives/edgar/data/1021604/000121390018003667/0001213900-18-003667-index.htm,https://www.sec.gov/Archives/edgar/data/1021604/000121390018003667/f10k2017_ontrackinnovation.htm,1620596246,17:37:26,20210509
13,2017-09-30,OTIVF,USD,2017-11-14,2017-11-14 07:48:54,Q3,4670000.0,2192000.0,2478000.0,0.5306209850107066,823000.0,758000.0,1332000.0,0.0,2913000.0,5105000.0,0.0,295000.0,-140000.0,-0.029978586723768737,-435000.0,-0.09314775160599571,0.0,-561000.0,-0.12012847965738759,12000.0,868000.0,0.18586723768736615,0.02,0.02,41122965.0,41122965.0,https://www.sec.gov/Archives/edgar/data/1021604/000121390017011927/0001213900-17-011927-index.htm,https://www.sec.gov/Archives/edgar/data/1021604/000121390017011927/f10q0917_ontrackinnovations.htm,1620596246,17:37:26,20210509
14,2017-06-30,OTIVF,USD,2017-08-09,2017-08-09 06:31:19,Q2,6946000.0,3476000.0,3470000.0,0.49956809674632885,889000.0,939000.0,1492000.0,0.0,3320000.0,6796000.0,0.0,302000.0,452000.0,0.0650734235531241,150000.0,0.021595162683558884,0.0,111000.0,0.015980420385833572,25000.0,93000.0,0.013389000863806507,0.002263,0.002263,41095788.0,41095788.0,https://www.sec.gov/Archives/edgar/data/1021604/000121390017008344/0001213900-17-008344-index.htm,https://www.sec.gov/Archives/edgar/data/1021604/000121390017008344/f10q0617_ontrackinnovation.htm,1620596246,17:37:26,20210509
15,2017-03-31,OTIVF,USD,2017-05-15,2017-05-15 08:58:51,Q1,4020000.0,1800000.0,2220000.0,0.5522388059701493,702000.0,856000.0,1342000.0,0.0,2900000.0,4700000.0,0.0,281000.0,-399000.0,-0.09925373134328358,-680000.0,-0.1691542288557214,0.0,-751000.0,-0.18681592039800995,31000.0,-865000.0,-0.21517412935323382,-0.02,-0.02,41079580.0,41079580.0,https://www.sec.gov/Archives/edgar/data/1021604/000121390017005130/0001213900-17-005130-index.htm,https://www.sec.gov/Archives/edgar/data/1021604/000121390017002900/f10k2016_ontrackinnovations.htm,1620596246,17:37:26,20210509
16,2016-12-31,OTIVF,USD,2017-03-28,2017-03-28 16:02:41,Q4,5586000.0,3194000.0,2392000.0,0.42821339061940566,738000.0,923000.0,1572000.0,0.0,3150000.0,6344000.0,0.0,261000.0,-497000.0,-0.08897243107769423,-758000.0,-0.13569638381668456,-202000.0,-1171000.0,-0.2096312209094164,22000.0,-1209000.0,-0.21643394199785176,-0.03,-0.03,40972006.0,40972006.0,https://www.sec.gov/Archives/edgar/data/1021604/000121390017002900/0001213900-17-002900-index.htm,https://www.sec.gov/Archives/edgar/data/1021604/000121390017002900/f10k2016_ontrackinnovations.htm,1620596246,17:37:26,20210509
17,2016-09-30,OTIVF,USD,2016-11-14,2016-11-14 16:42:04,Q3,5596000.0,2557000.0,3039000.0,0.5430664760543246,604000.0,784000.0,1300000.0,0.0,2771000.0,5328000.0,113000.0,291000.0,559000.0,0.0998927805575411,268000.0,0.04789135096497498,-3000.0,235000.0,0.04199428162973552,28000.0,-67000.0,-0.011972837741243745,-0.0016375709416507076,-0.0016079771795878674,40914258.0,41667258.0,https://www.sec.gov/Archives/edgar/data/1021604/000121390016018480/0001213900-16-018480-index.htm,https://www.sec.gov/Archives/edgar/data/1021604/000121390016018480/f10q0916_ontrackinnovations.htm,1620596246,17:37:26,20210509
18,2016-06-30,OTIVF,USD,2016-08-15,2016-08-15 16:36:58,Q2,5089000.0,2434000.0,2655000.0,0.5217134997052466,784000.0,912000.0,1504000.0,0.0,3200000.0,5634000.0,97000.0,312000.0,-233000.0,-0.04578502652780507,-545000.0,-0.10709373157791315,-11000.0,-623000.0,-0.12242090784044017,16000.0,1313000.0,0.25800746708587147,0.03,0.03,40896863.0,40896863.0,https://www.sec.gov/Archives/edgar/data/1021604/000117891316006238/0001178913-16-006238-index.htm,https://www.sec.gov/Archives/edgar/data/1021604/000117891316006238/zk1618856.htm,1620596246,17:37:26,20210509
19,2016-03-31,OTIVF,USD,2016-05-16,2016-05-16 10:25:22,Q1,4877000.0,2332000.0,2545000.0,0.5218371949969244,751000.0,938000.0,1586000.0,0.0,3275000.0,5607000.0,127000.0,308000.0,-422000.0,-0.08652860364978471,-730000.0,-0.14968218166905886,-17000.0,-851000.0,-0.17449251589091655,16000.0,-865000.0,-0.17736313307361082,-0.02,-0.02,40874474.0,40874474.0,https://www.sec.gov/Archives/edgar/data/1021604/000117891316005439/0001178913-16-005439-index.htm,https://www.sec.gov/Archives/edgar/data/1021604/000117891316004887/zk1618245.htm,1620596246,17:37:26,20210509
20,2015-12-31,OTIVF,USD,2016-03-28,2016-03-28 17:11:44,Q4,5715000.0,2825000.0,2890000.0,0.5056867891513561,936000.0,1629000.0,1858000.0,0.0,3505000.0,6330000.0,81000.0,310000.0,-305000.0,-0.05336832895888014,-615000.0,-0.10761154855643044,-602000.0,-1294000.0,-0.226421697287839,84000.0,-1359000.0,-0.2377952755905512,-0.04,-0.04,40874474.0,40874474.0,https://www.sec.gov/Archives/edgar/data/1021604/000117891316004887/0001178913-16-004887-index.htm,https://www.sec.gov/Archives/edgar/data/1021604/000117891316004887/zk1618245.htm,1620596246,17:37:26,20210509
21,2015-09-30,OTIVF,USD,2015-11-16,2015-11-16 06:59:59,Q3,3755000.0,1673000.0,2082000.0,0.5544607190412782,807000.0,1056000.0,1730000.0,0.0,4001000.0,5674000.0,126000.0,324000.0,-1595000.0,-0.4247669773635153,-1919000.0,-0.511051930758988,-371000.0,-2412000.0,-0.6423435419440746,35000.0,-2009000.0,-0.5350199733688416,-0.05,-0.05,40874474.0,40874474.0,https://www.sec.gov/Archives/edgar/data/1021604/000117891315003448/0001178913-15-003448-index.htm,https://www.sec.gov/Archives/edgar/data/1021604/000117891315003448/zk1517575.htm,1620596246,17:37:26,20210509
22,2015-06-30,OTIVF,USD,2015-08-10,2015-08-10 16:01:26,Q2,5416000.0,2718000.0,2698000.0,0.4981536189069424,937000.0,1143000.0,1772000.0,0.0,4285000.0,7003000.0,226000.0,319000.0,-1268000.0,-0.23412112259970458,-1587000.0,-0.29302067946824223,-283000.0,-2065000.0,-0.38127769571639586,-16000.0,-2014000.0,-0.37186115214180204,-0.05,-0.05,40873680.0,40873680.0,https://www.sec.gov/Archives/edgar/data/1021604/000117891315002561/0001178913-15-002561-index.htm,https://www.sec.gov/Archives/edgar/data/1021604/000117891315002561/zk1517166.htm,1620596246,17:37:26,20210509
23,2015-03-31,OTIVF,USD,2015-05-14,2015-05-14 16:25:27,Q1,4975000.0,2505000.0,2470000.0,0.4964824120603015,968000.0,1241000.0,1886000.0,0.0,4172000.0,6677000.0,273000.0,298000.0,-1404000.0,-0.2822110552763819,-1702000.0,-0.3421105527638191,-176000.0,-2103000.0,-0.422713567839196,19000.0,-1769000.0,-0.3555778894472362,-0.04,-0.04,40856403.0,40856403.0,https://www.sec.gov/Archives/edgar/data/1021604/000117891315001673/0001178913-15-001673-index.htm,https://www.sec.gov/Archives/edgar/data/1021604/000117891315001093/zk1516497.htm,1620596246,17:37:26,20210509
24,2014-12-31,OTIVF,USD,2015-03-30,2015-03-30 16:20:16,Q4,5455000.0,2940000.0,2515000.0,0.461044912923923,1002000.0,1651000.0,2070000.0,0.0,4723000.0,7663000.0,186000.0,348000.0,-1860000.0,-0.34097158570119157,-2208000.0,-0.4047662694775435,-317000.0,-2705000.0,-0.49587534372135655,-92000.0,-2344000.0,-0.42969752520623283,-0.0573716682792658,-0.0573716682792658,40856403.0,40856403.0,https://www.sec.gov/Archives/edgar/data/1021604/000117891315001093/0001178913-15-001093-index.htm,https://www.sec.gov/Archives/edgar/data/1021604/000117891315001093/zk1516497.htm,1620596246,17:37:26,20210509
25,2014-09-30,OTIVF,USD,2014-11-12,2014-11-12 10:00:21,Q3,5255000.0,2619000.0,2636000.0,0.5016175071360609,1281000.0,1382000.0,1968000.0,0.0,4631000.0,7250000.0,47000.0,311000.0,-1684000.0,-0.32045670789724073,-1995000.0,-0.3796384395813511,-194000.0,-2233000.0,-0.42492863939105613,29000.0,-1997000.0,-0.38001902949571836,-0.06,-0.06,33310672.0,33310672.0,https://www.sec.gov/Archives/edgar/data/1021604/000117891314003472/0001178913-14-003472-index.htm,https://www.sec.gov/Archives/edgar/data/1021604/000117891314003472/zk1415768.htm,1620596246,17:37:26,20210509
26,2014-06-30,OTIVF,USD,2014-08-14,2014-08-14 13:08:26,Q2,7154000.0,3847000.0,3307000.0,0.462258876153201,1221000.0,1638000.0,2072000.0,0.0,4931000.0,8778000.0,268000.0,317000.0,-1307000.0,-0.1826949958065418,-1624000.0,-0.22700587084148727,-380000.0,-2253000.0,-0.3149287112105116,55000.0,-2219000.0,-0.3101761252446184,-0.07,-0.07,33228978.0,33228978.0,https://www.sec.gov/Archives/edgar/data/1021604/000117891314002681/0001178913-14-002681-index.htm,https://www.sec.gov/Archives/edgar/data/1021604/000117891314002681/zk1415399.htm,1620596246,17:37:26,20210509
27,2014-03-31,OTIVF,USD,2014-05-14,2014-05-14 16:07:55,Q1,5198000.0,2600000.0,2598000.0,0.4998076183147364,1160000.0,1471000.0,2120000.0,0.0,4751000.0,7351000.0,0.0,331000.0,-1822000.0,-0.3505194305502116,-2153000.0,-0.4141977683724509,-639000.0,-2896000.0,-0.5571373605232782,118000.0,-3364000.0,-0.6471719892266257,-0.1,-0.1,33196098.0,33196098.0,https://www.sec.gov/Archives/edgar/data/1021604/000117891314001664/0001178913-14-001664-index.htm,https://www.sec.gov/Archives/edgar/data/1021604/000117891314001664/zk1414900.htm,1620596246,17:37:26,20210509
28,2013-12-31,OTIVF,USD,2013-12-31,2013-12-31,Q4,2234000.0,-318000.0,2552000.0,1.1423455684870187,1194000.0,959000.0,2262000.0,0.0,8835000.0,8517000.0,0.0,35000.0,-6248000.0,-2.7967770814682185,-6283000.0,-2.8124440465532676,-813000.0,-2719000.0,-1.2170993733213966,202000.0,482000.0,0.21575649059982094,0.02,0.02,32969653.0,32969653.0,,,1620596246,17:37:26,20210509
29,2013-09-30,OTIVF,USD,2013-10-17 00:00:00,2013-10-17 13:48:06,Q3,6768000.0,3619000.0,3149000.0,0.4652777777777778,1341000.0,1625000.0,2059000.0,0.0,733000.0,4352000.0,0.0,341000.0,2757000.0,0.4073581560283688,2416000.0,0.35697399527186763,0.0,2144000.0,0.31678486997635935,1000.0,1750000.0,0.2585697399527187,0.05337468783813818,0.0517689080907822,32787077.0,33804074.0,https://www.sec.gov/Archives/edgar/data/1021604/000117891313002855/0001178913-13-002855-index.html,https://www.sec.gov/Archives/edgar/data/1021604/000117891313002855/zk1313735.htm,1620596246,17:37:26,20210509
30,2013-06-30,OTIVF,USD,2013-07-12 00:00:00,2013-07-12 09:14:42,Q2,9206000.0,3984000.0,5222000.0,0.5672387573321747,2092000.0,2521000.0,2600000.0,0.0,7241000.0,11225000.0,0.0,415000.0,-1604000.0,-0.17423419509015858,-2019000.0,-0.2193134912013904,0.0,-2288000.0,-0.24853356506626115,17000.0,-2274000.0,-0.24701281772756897,-0.07,-0.07,32495334.0,32495334.0,https://www.sec.gov/Archives/edgar/data/1021604/000117891313002056/0001178913-13-002056-index.html,https://www.sec.gov/Archives/edgar/data/1021604/000117891313002056/zk1313383.htm,1620596246,17:37:26,20210509
31,2013-03-31,OTIVF,USD,2013-04-08 00:00:00,2013-04-08 16:24:28,Q1,8627000.0,4367000.0,4260000.0,0.4937985394691086,1712000.0,2067000.0,2721000.0,0.0,6525000.0,10892000.0,0.0,425000.0,-1840000.0,-0.21328387620261968,-2265000.0,-0.2625478149994204,0.0,-2866000.0,-0.33221282021560217,173000.0,-3006000.0,-0.3484409412310189,-0.09,-0.09,32440428.0,32440428.0,https://www.sec.gov/Archives/edgar/data/1021604/000117891313001032/0001178913-13-001032-index.html,https://www.sec.gov/Archives/edgar/data/1021604/000117891313001032/zk1312927.htm,1620596246,17:37:26,20210509
32,2012-12-31,OTIVF,USD,2013-01-17 00:00:00,2013-01-17 17:05:59,Q4,10289000.0,5743000.0,4546000.0,0.4418310817377782,3586000.0,4555000.0,6257000.0,0.0,14450000.0,20193000.0,199000.0,540000.0,-9364000.0,-0.9100981630867917,-9904000.0,-0.9625813976090971,0.0,-9777000.0,-0.9502381183788512,98000.0,-9765000.0,-0.9490718242783556,-0.25,-0.25,32313428.0,32313428.0,https://www.sec.gov/Archives/edgar/data/1021604/000117891313000115/0001178913-13-000115-index.html,https://www.sec.gov/Archives/edgar/data/1021604/000117891313000115/zk1312511.htm,1620596246,17:37:26,20210509
33,2012-09-30,OTIVF,USD,2012-10-04 00:00:00,2012-10-04 17:15:52,Q3,9335000.0,4168000.0,5167000.0,0.5535083020889127,1704000.0,1893000.0,3322000.0,0.0,6976000.0,11144000.0,0.0,409000.0,-1400000.0,-0.14997321906802358,-1809000.0,-0.19378682378146758,0.0,-1933000.0,-0.20707016604177825,-22000.0,-1889000.0,-0.20235672201392607,-0.06,-0.06,32221618.0,32221618.0,https://www.sec.gov/Archives/edgar/data/1021604/000117891312002811/0001178913-12-002811-index.html,https://www.sec.gov/Archives/edgar/data/1021604/000117891312002811/zk1212093.htm,1620596246,17:37:26,20210509
34,2012-06-30,OTIVF,USD,2012-07-10 00:00:00,2012-07-10 11:08:57,Q2,7736000.0,3851000.0,3885000.0,0.5021975180972078,1748000.0,2399000.0,3251000.0,0.0,7451000.0,11302000.0,0.0,364000.0,-3202000.0,-0.4139089968976215,-3566000.0,-0.4609617373319545,0.0,-4114000.0,-0.531799379524302,70000.0,-4182000.0,-0.5405894519131335,-0.13,-0.13,32073103.0,32073103.0,https://www.sec.gov/Archives/edgar/data/1021604/000117891312001892/0001178913-12-001892-index.html,https://www.sec.gov/Archives/edgar/data/1021604/000117891312001892/zk1211679.htm,1620596246,17:37:26,20210509
35,2012-03-31,OTIVF,USD,2012-04-09 00:00:00,2012-04-09 15:24:42,Q1,12604000.0,6279000.0,6325000.0,0.5018248175182481,1611000.0,2436000.0,3638000.0,0.0,7734000.0,14013000.0,0.0,435000.0,-974000.0,-0.07727705490320533,-1409000.0,-0.11178990796572516,0.0,-1571000.0,-0.12464297048556014,21000.0,-1558000.0,-0.12361155188828943,-0.05,-0.05,32065343.0,32065343.0,https://www.sec.gov/Archives/edgar/data/1021604/000117891312001050/0001178913-12-001050-index.html,https://www.sec.gov/Archives/edgar/data/1021604/000117891312001050/zk1211311.htm,1620596246,17:37:26,20210509
36,2011-12-31,OTIVF,USD,2012-01-11 00:00:00,2012-01-11 16:55:32,Q4,16042000.0,6872000.0,9170000.0,0.5716244857249719,2458000.0,2386000.0,3595000.0,0.0,8536000.0,15408000.0,0.0,529000.0,1163000.0,0.07249719486348336,634000.0,0.039521256701159455,0.0,484000.0,0.03017080164568009,127000.0,465000.0,0.028986410671986037,0.01450163810815933,0.01450163810815933,32065343.0,32065343.0,https://www.sec.gov/Archives/edgar/data/1021604/000117891312000112/0001178913-12-000112-index.html,https://www.sec.gov/Archives/edgar/data/1021604/000117891312000112/zk1210883.htm,1620596246,17:37:26,20210509
37,2011-09-30,OTIVF,USD,2011-10-11 00:00:00,2011-10-11 08:34:35,Q3,8533000.0,4724000.0,3809000.0,0.4463846243993906,2184000.0,2240000.0,3207000.0,0.0,7757000.0,12481000.0,0.0,537000.0,-3411000.0,-0.3997421774288058,-3948000.0,-0.46267432321575064,-292000.0,-4240000.0,-0.4968944099378882,58000.0,-4303000.0,-0.5042775108402672,-0.13,-0.132823,32396386.0,32396386.0,https://www.sec.gov/Archives/edgar/data/1021604/000117891311002785/0001178913-11-002785-index.html,https://www.sec.gov/Archives/edgar/data/1021604/000117891311002785/zk1110502.htm,1620596246,17:37:26,20210509
38,2011-06-30,OTIVF,USD,2011-08-15 00:00:00,2011-08-15 10:34:51,Q2,14657000.0,7635000.0,7022000.0,0.47908849014122945,2324000.0,2465000.0,4062000.0,0.0,8984000.0,16619000.0,0.0,540000.0,-1422000.0,-0.09701848945896159,-1962000.0,-0.13386095381046598,0.0,-1988000.0,-0.1356348502422051,19000.0,-1975000.0,-0.13474790202633555,-0.06,-0.061419,32156165.0,32156165.0,https://www.sec.gov/Archives/edgar/data/1021604/000117891311002301/0001178913-11-002301-index.html,https://www.sec.gov/Archives/edgar/data/1021604/000117891311002301/zk1110298.htm,1620596246,17:37:26,20210509
39,2011-03-31,OTIVF,USD,2011-04-04 00:00:00,2011-04-04 11:19:19,Q1,12023000.0,5708000.0,6315000.0,0.5252432837062297,2197000.0,2255000.0,2841000.0,0.0,7444000.0,13152000.0,0.0,580000.0,-549000.0,-0.04566248024619479,-1129000.0,-0.09390335190884139,0.0,-1080000.0,-0.08982782999251435,65000.0,-1112000.0,-0.09248939532562589,-0.04,-0.04,29494848.0,29494848.0,https://www.sec.gov/Archives/edgar/data/1021604/000117891311001028/0001178913-11-001028-index.html,https://www.sec.gov/Archives/edgar/data/1021604/000117891311001028/zk1109717.htm,1620596246,17:37:26,20210509
40,2010-12-31,OTIVF,USD,2011-02-03 00:00:00,2011-02-03 09:10:45,Q4,-8562000.0,-227000.0,-8335000.0,0.9734875029198785,4121000.0,5174000.0,854000.0,0.0,12512000.0,12285000.0,0.0,27182000.0,6335000.0,-0.7398972202756365,-20847000.0,2.4348283111422564,0.0,-44721000.0,5.223195515066573,-840000.0,-48026000.0,5.609203457136183,-1.6282843702059424,-1.6282843702059424,29494848.0,29494848.0,https://www.sec.gov/Archives/edgar/data/1021604/000117891311000331/0001178913-11-000331-index.html,https://www.sec.gov/Archives/edgar/data/1021604/000117891311000331/zk1109394.htm,1620596246,17:37:26,20210509
41,2009-12-31,OTIVF,USD,2010-01-05 00:00:00,2010-01-05 10:49:37,Q3,5142000.0,1936000.0,3206000.0,0.6234928043562816,1428000.0,879000.0,1441000.0,0.0,3960000.0,5896000.0,414000.0,-330000.0,-1084000.0,-0.21081291326332166,-754000.0,-0.14663555036950604,0.0,-1144000.0,-0.22248152469856086,54000.0,-9220000.0,-1.7930766238817581,-0.40193446436761604,-0.40193446436761604,22939063.0,22939063.0,https://www.sec.gov/Archives/edgar/data/1021604/000117891310000017/0001178913-10-000017-index.html,https://www.sec.gov/Archives/edgar/data/1021604/000117891310000017/zk1007735.htm,1620596246,17:37:26,20210509
42,2009-09-30,OTIVF,USD,2009-10-14 00:00:00,2009-10-14 14:48:55,Q2,9408000.0,5649000.0,3759000.0,0.39955357142857145,2146000.0,3349000.0,2748000.0,0.0,8494000.0,14143000.0,385000.0,913000.0,-3822000.0,-0.40625,-4735000.0,-0.5032950680272109,0.0,-5120000.0,-0.54421768707483,77000.0,-5205000.0,-0.5532525510204082,-0.23,-0.23,22939063.0,22939063.0,https://www.sec.gov/Archives/edgar/data/1021604/000117891309002401/0001178913-09-002401-index.html,https://www.sec.gov/Archives/edgar/data/1021604/000117891309002401/zk97350.htm,1620596246,17:37:26,20210509
43,2009-03-31,OTIVF,USD,2009-04-20 00:00:00,2009-04-20 07:59:47,Q1,9337000.0,5006000.0,4331000.0,0.46385348613044874,2216000.0,2546000.0,3369000.0,0.0,8395000.0,13401000.0,0.0,900000.0,-3164000.0,-0.3388668737281782,-4064000.0,-0.4352575773803149,0.0,-3857000.0,-0.4130877155403234,-23000.0,-3790000.0,-0.405911963157331,-0.17,-0.17,21787272.0,21787272.0,https://www.sec.gov/Archives/edgar/data/1021604/000117891309000909/0001178913-09-000909-index.html,https://www.sec.gov/Archives/edgar/data/1021604/000117891309000909/zk96657.htm,1620596246,17:37:26,20210509
44,2008-12-31,OTIVF,USD,2009-01-12 00:00:00,2009-01-12 17:02:10,Q4,9068000.0,5650000.0,3418000.0,0.3769298632554036,2220000.0,7504000.0,0.0,0.0,11493000.0,17143000.0,422000.0,2235000.0,-5840000.0,-0.6440229378032643,-8075000.0,-0.8904940449933834,-23875000.0,-32153000.0,-3.5457653286281428,-498000.0,-32640000.0,-3.599470666078518,-1.4981223899898988,-1.4981223899898988,21787272.0,21787272.0,https://www.sec.gov/Archives/edgar/data/1021604/000117891309000088/0001178913-09-000088-index.html,https://www.sec.gov/Archives/edgar/data/1021604/000117891309000088/zk96257.htm,1620596246,17:37:26,20210509
45,2008-09-30,OTIVF,USD,2008-10-06 00:00:00,2008-10-06 16:34:02,Q3,10863000.0,6052000.0,4811000.0,0.4428794992175274,3008000.0,6121000.0,0.0,0.0,9496000.0,15548000.0,101000.0,1238000.0,-3447000.0,-0.31731565865782935,-4685000.0,-0.4312804934180245,-92000.0,-4786000.0,-0.4405781091779435,-55000.0,-4823000.0,-0.44398416643652766,-0.23,-0.23,20857776.0,20857776.0,https://www.sec.gov/Archives/edgar/data/1021604/000117891308002611/0001178913-08-002611-index.html,https://www.sec.gov/Archives/edgar/data/1021604/000117891308002611/zk85898.htm,1620596246,17:37:26,20210509
46,2008-06-30,OTIVF,USD,2008-07-03 00:00:00,2008-07-03 10:22:12,Q2,10965000.0,6703000.0,4262000.0,0.38869129046967626,2904000.0,6553000.0,0.0,0.0,9786000.0,16489000.0,90000.0,1159000.0,-4365000.0,-0.39808481532147744,-5524000.0,-0.5037847697218423,-127000.0,-5614000.0,-0.5119927040583675,-59000.0,-5682000.0,-0.5181942544459645,-0.29,-0.29,19861051.0,19861051.0,https://www.sec.gov/Archives/edgar/data/1021604/000117891308001754/0001178913-08-001754-index.html,https://www.sec.gov/Archives/edgar/data/1021604/000117891308001754/zk85501.htm,1620596246,17:37:26,20210509
47,2008-03-31,OTIVF,USD,2008-05-05 00:00:00,2008-05-05 11:47:24,Q1,9321000.0,6338000.0,2983000.0,0.3200300396953117,2997000.0,5971000.0,0.0,0.0,9297000.0,15635000.0,476000.0,1206000.0,-5108000.0,-0.5480098701856024,-6314000.0,-0.6773951292779745,-123000.0,-6790000.0,-0.7284626113077995,-63000.0,-6850000.0,-0.7348996888745842,-0.35,-0.35,19424970.0,19424970.0,https://www.sec.gov/Archives/edgar/data/1021604/000117891308001123/0001178913-08-001123-index.html,https://www.sec.gov/Archives/edgar/data/1021604/000117891308001123/zk85189.htm,1620596246,17:37:26,20210509
48,2007-12-31,OTIVF,USD,2007-12-31,2007-12-31,Q4,13016000.0,7451000.0,5565000.0,0.42755070682237245,4062000.0,6961000.0,0.0,0.0,11351000.0,18802000.0,0.0,1116000.0,-4670000.0,-0.35878918254456055,-5786000.0,-0.4445298094652735,-112000.0,-5421000.0,-0.4164874001229256,-29000.0,-5478000.0,-0.42086662569145666,-0.28200815754155606,-0.28200815754155606,19424970.0,19424970.0,,,1620596246,17:37:26,20210509
49,2007-09-30,OTIVF,USD,2007-10-16 00:00:00,2007-10-16 13:45:20,Q3,9855000.0,6260000.0,3595000.0,0.3647894469812278,3050000.0,9194000.0,0.0,0.0,12573000.0,18833000.0,0.0,937000.0,-8041000.0,-0.8159309994926434,-8978000.0,-0.9110096397767631,-109000.0,-8697000.0,-0.882496194824962,-66000.0,-7893000.0,-0.8009132420091324,-0.41,-0.41,19080884.0,19080884.0,https://www.sec.gov/Archives/edgar/data/1021604/000117891307002176/0001178913-07-002176-index.html,https://www.sec.gov/Archives/edgar/data/1021604/000117891307002176/zk74324.htm,1620596246,17:37:26,20210509
50,2007-06-30,OTIVF,USD,2007-07-13 00:00:00,2007-07-13 16:01:12,Q2,10239000.0,5865000.0,4374000.0,0.4271901552886024,2559000.0,5428000.0,0.0,0.0,8316000.0,14181000.0,0.0,823000.0,-3119000.0,-0.30461959175700754,-3942000.0,-0.3849985350131849,-42000.0,-3348000.0,-0.3269850571344858,-65000.0,-3177000.0,-0.31028420744213303,-0.17,-0.17,18942626.0,18942626.0,https://www.sec.gov/Archives/edgar/data/1021604/000117891307001414/0001178913-07-001414-index.html,https://www.sec.gov/Archives/edgar/data/1021604/000117891307001414/zk73955.htm,1620596246,17:37:26,20210509
51,2007-03-31,OTIVF,USD,2007-04-11 00:00:00,2007-04-11 11:51:29,Q1,10375000.0,6342000.0,4033000.0,0.38872289156626505,2594000.0,5680000.0,0.0,0.0,8602000.0,14944000.0,0.0,1018000.0,-3551000.0,-0.34226506024096387,-4569000.0,-0.4403855421686747,-231000.0,-4083000.0,-0.3935421686746988,-66000.0,-4095000.0,-0.3946987951807229,-0.22,-0.22,18341227.0,18341227.0,https://www.sec.gov/Archives/edgar/data/1021604/000117891307000730/0001178913-07-000730-index.html,https://www.sec.gov/Archives/edgar/data/1021604/000117891307000730/zk73622.htm,1620596246,17:37:26,20210509
52,2006-12-31,OTIVF,USD,2006-12-31,2006-12-31,Q4,13192000.0,6911000.0,6281000.0,0.47612189205579136,1811000.0,4723000.0,0.0,0.0,6676000.0,13587000.0,0.0,908000.0,513000.0,0.038887204366282596,-395000.0,-0.029942389326864768,-213000.0,-178000.0,-0.013493026076409946,-9000.0,-255000.0,-0.019329896907216496,-0.013903104737758276,-0.013903104737758276,18341227.0,18341227.0,,,1620596246,17:37:26,20210509
53,2006-09-30,OTIVF,USD,2006-09-30,2006-09-30,Q3,8005000.0,4576000.0,3429000.0,0.4283572767020612,1953000.0,4932000.0,0.0,0.0,7074000.0,11650000.0,0.0,593000.0,-3052000.0,-0.38126171143035603,-3645000.0,-0.45534041224234856,65000.0,-2975000.0,-0.3716427232979388,-149000.0,-2410000.0,-0.30106183635227984,-0.16,-0.16,15097867.0,15097867.0,,,1620596246,17:37:26,20210509
54,2006-06-30,OTIVF,USD,2006-06-30,2006-06-30,Q2,10301000.0,5811000.0,4490000.0,0.4358800116493544,1473000.0,4790000.0,0.0,0.0,6445000.0,12256000.0,0.0,632000.0,-1323000.0,-0.1284341326084846,-1955000.0,-0.18978739928162314,-715000.0,-1550000.0,-0.1504708280749442,-176000.0,-1977000.0,-0.19192311426075137,-0.15,-0.15,12905557.0,12905557.0,,,1620596246,17:37:26,20210509
55,2006-03-31,OTIVF,USD,2006-03-31,2006-03-31,Q1,9055000.0,4573000.0,4482000.0,0.4949751518498067,1828000.0,4575000.0,0.0,0.0,6589000.0,11162000.0,0.0,550000.0,-1557000.0,-0.17194919933738267,-2107000.0,-0.23268912203202652,-177000.0,-1762000.0,-0.19458862506902264,11000.0,-1962000.0,-0.21667586968525676,-0.16,-0.16,12365227.0,12365227.0,,,1620596246,17:37:26,20210509
56,2005-12-31,OTIVF,USD,2005-12-31,2005-12-31,Q4,9265000.0,4422000.0,4843000.0,0.5227199136535348,1220000.0,3807000.0,0.0,0.0,7346000.0,11768000.0,0.0,0.0,-47000.0,-0.005072854830005397,-2503000.0,-0.27015650296815974,-2046000.0,-2533000.0,-0.27339449541284405,-352000.0,-2292000.0,-0.2473826227738802,-0.1853585057516534,-0.1853585057516534,12365227.0,12365227.0,,,1620596246,17:37:26,20210509
57,2005-09-30,OTIVF,USD,2005-09-30,2005-09-30,Q3,12054000.0,7824000.0,4230000.0,0.350920856147337,1365000.0,5867000.0,0.0,0.0,7321000.0,15145000.0,0.0,530000.0,-2561000.0,-0.21246059399369505,-3091000.0,-0.25642940102870415,54000.0,-2376000.0,-0.19711299153807865,133000.0,-2139000.0,-0.17745146839223494,-0.22,-0.22,9495554.0,9495554.0,,,1620596246,17:37:26,20210509
58,2005-06-30,OTIVF,USD,2005-07-18 00:00:00,2005-07-18 06:42:32,Q2,7796000.0,5037000.0,2759000.0,0.35389943560800413,1116000.0,4478000.0,0.0,0.0,5669000.0,10706000.0,91000.0,0.0,-2835000.0,-0.3636480246280144,-2910000.0,-0.3732683427398666,0.0,-3001000.0,-0.3849409953822473,7000.0,-3008000.0,-0.38583889173935354,-0.34,-0.34,8919045.0,8919045.0,https://www.sec.gov/Archives/edgar/data/1021604/000117891305000979/0001178913-05-000979-index.html,https://www.sec.gov/Archives/edgar/data/1021604/000117891305000979/zk51676.htm,1620596246,17:37:26,20210509
59,2005-03-31,OTIVF,USD,2005-03-31,2005-03-31,Q1,6549000.0,4346000.0,2203000.0,0.33638723469231946,1086000.0,3134000.0,0.0,0.0,3831000.0,8177000.0,13000.0,1090000.0,-538000.0,-0.08214994655672622,-1628000.0,-0.24858757062146894,514000.0,-1637000.0,-0.24996182623301266,37000.0,-1674000.0,-0.25561154374713696,-0.2,-0.2,8530008.0,8530008.0,,,1620596246,17:37:26,20210509
60,2004-12-31,OTIVF,USD,2005-01-06 00:00:00,2005-01-06 07:14:02,Q4,7774000.0,3937000.0,3837000.0,0.4935683046050939,984000.0,3680000.0,0.0,0.0,5896000.0,9833000.0,244000.0,2051000.0,-8000.0,-0.0010290712631849757,-2059000.0,-0.2648572163622331,-1107000.0,-2167000.0,-0.27874967841523024,2000.0,-2169000.0,-0.2790069462310265,-0.254278776760819,-0.254278776760819,8530008.0,8530008.0,https://www.sec.gov/Archives/edgar/data/1021604/000117891305000024/0001178913-05-000024-index.html,https://www.sec.gov/Archives/edgar/data/1021604/000117891305000024/zk51231.htm,1620596246,17:37:26,20210509
61,2004-09-30,OTIVF,USD,2004-10-21 00:00:00,2004-10-21 13:35:38,Q3,5472000.0,2940000.0,2532000.0,0.46271929824561403,847000.0,2764000.0,0.0,0.0,3658000.0,6598000.0,0.0,788000.0,-338000.0,-0.061769005847953216,-1126000.0,-0.20577485380116958,2000.0,-1190000.0,-0.21747076023391812,-18000.0,-1172000.0,-0.2141812865497076,-0.15,-0.15,7723728.0,7723728.0,https://www.sec.gov/Archives/edgar/data/1021604/000117891304001394/0001178913-04-001394-index.html,https://www.sec.gov/Archives/edgar/data/1021604/000117891304001394/zk41060.htm,1620596246,17:37:26,20210509
62,2004-06-30,OTIVF,USD,2004-07-07 00:00:00,2004-07-07 08:39:41,Q2,4604000.0,2875000.0,1729000.0,0.37554300608166813,698000.0,3336000.0,0.0,0.0,5537000.0,8412000.0,102000.0,1512000.0,-2296000.0,-0.49869678540399653,-3808000.0,-0.8271068635968722,-1408000.0,-3862000.0,-0.8388357949609035,83000.0,-3945000.0,-0.856863596872285,-0.57,-0.57,6928584.0,6928584.0,https://www.sec.gov/Archives/edgar/data/1021604/000117891304000940/0001178913-04-000940-index.html,https://www.sec.gov/Archives/edgar/data/1021604/000117891304000940/zk40871.htm,1620596246,17:37:26,20210509
63,2004-03-31,OTIVF,USD,2004-04-02 00:00:00,2004-04-02 17:31:03,Q1,5302000.0,3047000.0,2255000.0,0.42531120331950206,621000.0,2779000.0,0.0,0.0,3447000.0,6494000.0,6000.0,1382000.0,190000.0,0.035835533760844966,-1192000.0,-0.22482082233119577,-685000.0,-1883000.0,-0.35514900037721614,106000.0,-1989000.0,-0.37514145605431914,-0.39,-0.39,5120321.0,5120321.0,https://www.sec.gov/Archives/edgar/data/1021604/000117891304000433/0001178913-04-000433-index.html,https://www.sec.gov/Archives/edgar/data/1021604/000117891304000433/d40632.htm,1620596246,17:37:26,20210509
64,2003-12-31,OTIVF,USD,2004-01-20 00:00:00,2004-01-20 06:04:51,Q4,5778000.0,2459000.0,3319000.0,0.5744202146071304,384000.0,2573000.0,0.0,0.0,3004000.0,5463000.0,212000.0,1035000.0,1350000.0,0.2336448598130841,315000.0,0.05451713395638629,96000.0,199000.0,0.03444098303911388,97000.0,102000.0,0.017653167185877467,0.019920626070123338,0.019920626070123338,5120321.0,5120321.0,https://www.sec.gov/Archives/edgar/data/1021604/000117891304000053/0001178913-04-000053-index.html,https://www.sec.gov/Archives/edgar/data/1021604/000117891304000053/d40457.htm,1620596246,17:37:26,20210509
65,2003-09-30,OTIVF,USD,2003-10-07 00:00:00,2003-10-07 08:11:49,Q3,4078000.0,2585000.0,1493000.0,0.36611083864639526,521000.0,2458000.0,0.0,0.0,3026000.0,5611000.0,141000.0,1379000.0,-154000.0,-0.03776360961255518,-1533000.0,-0.37591956841589014,-115000.0,-1789000.0,-0.4386954389406572,7000.0,-1796000.0,-0.4404119666503188,-0.67,-0.67,2665696.0,2665696.0,https://www.sec.gov/Archives/edgar/data/1021604/000117891303000600/0001178913-03-000600-index.html,https://www.sec.gov/Archives/edgar/data/1021604/000117891303000600/d30286.htm,1620596246,17:37:26,20210509
66,2003-06-30,OTIVF,USD,2003-07-21 00:00:00,2003-07-21 08:06:38,Q2,5010000.0,2100000.0,2910000.0,0.5808383233532934,638000.0,2675000.0,0.0,0.0,3360000.0,5460000.0,0.0,853000.0,403000.0,0.08043912175648703,-450000.0,-0.08982035928143713,-4000.0,-799000.0,-0.1594810379241517,-75000.0,-724000.0,-0.14451097804391216,-0.38,-0.38,1902396.0,1902396.0,https://www.sec.gov/Archives/edgar/data/1021604/000117891303000402/0001178913-03-000402-index.html,https://www.sec.gov/Archives/edgar/data/1021604/000117891303000402/d30200.htm,1620596246,17:37:26,20210509
67,2003-03-31,OTIVF,USD,2003-05-15 00:00:00,2003-05-15 14:52:31,Q1,4729000.0,2334000.0,2395000.0,0.5064495665045464,763000.0,2239000.0,0.0,0.0,3049000.0,5383000.0,0.0,352000.0,-302000.0,-0.06386128145485304,-654000.0,-0.1382956227532248,-221000.0,-1074000.0,-0.22710932543878198,75000.0,-1149000.0,-0.24296891520406005,-0.63,-0.63,1829919.0,1829919.0,https://www.sec.gov/Archives/edgar/data/1021604/000090873703000237/0000908737-03-000237-index.html,https://www.sec.gov/Archives/edgar/data/1021604/000090873703000237/ontrack6k_may15.htm,1620596246,17:37:26,20210509
68,2002-12-31,OTIVF,USD,2003-01-09 00:00:00,2003-01-09 13:22:12,Q4,3948000.0,2086000.0,1862000.0,0.4716312056737589,681000.0,2324000.0,0.0,0.0,3052000.0,5138000.0,0.0,292000.0,-898000.0,-0.22745694022289767,-1190000.0,-0.30141843971631205,-620000.0,-1846000.0,-0.4675785207700101,196000.0,-2042000.0,-0.5172239108409321,-1.1158963866706668,-1.1158963866706668,1829919.0,1829919.0,https://www.sec.gov/Archives/edgar/data/1021604/000090873703000009/0000908737-03-000009-index.html,https://www.sec.gov/Archives/edgar/data/1021604/000090873703000009/ontrack6k_jan09.txt,1620596246,17:37:26,20210509
69,2002-09-30,OTIVF,USD,2002-11-14 00:00:00,2002-11-14 11:41:55,Q3,4359000.0,2041000.0,2318000.0,0.53177334250975,724000.0,2430000.0,0.0,0.0,3201000.0,5242000.0,135000.0,1457000.0,574000.0,0.1316815783436568,-883000.0,-0.20256939665060794,-577000.0,-1595000.0,-0.36590961229639823,8000.0,-1603000.0,-0.36774489561826107,-0.95,-0.95,1679282.0,1679282.0,https://www.sec.gov/Archives/edgar/data/1021604/000113207202000377/0001132072-02-000377-index.html,https://www.sec.gov/Archives/edgar/data/1021604/000113207202000377/s15-3205_6k.txt,1620596246,17:37:26,20210509
70,2002-06-30,OTIVF,USD,2002-06-30,2002-06-30,Q2,5493000.0,3149000.0,2344000.0,0.4267249226288003,915000.0,2131000.0,0.0,0.0,3093000.0,6242000.0,0.0,591000.0,-158000.0,-0.02876388130347715,-749000.0,-0.1363553613690151,-271000.0,-948000.0,-0.1725832878208629,-19000.0,-929000.0,-0.16912434006917895,-0.58,-0.58,1590044.0,1590044.0,,,1620596246,17:37:26,20210509
71,2002-03-31,OTIVF,USD,2002-03-31,2002-03-31,Q1,4421000.0,2226000.0,2195000.0,0.4964940058810224,1036000.0,2167000.0,0.0,0.0,3223000.0,5449000.0,0.0,329000.0,-699000.0,-0.15810902510744176,-1028000.0,-0.23252657769735355,-309000.0,-909000.0,-0.20560959059036418,22000.0,-1237000.0,-0.27980095001130967,-0.08,-0.08,1576280.0,1576280.0,,,1620596246,17:37:26,20210509
72,2001-12-31,OTIVF,USD,2001-12-31,2001-12-31,Q4,5660000.0,3400000.0,2260000.0,0.3992932862190813,1090000.0,3110000.0,0.0,20000.0,4500000.0,7900000.0,-170000.0,670000.0000000002,-1569999.9999999998,-0.2773851590106007,-2240000.0,-0.3957597173144876,-1590000.0,-4000000.0,-0.7067137809187279,-70000.0,-3900000.0,-0.6890459363957597,-2.5,-2.5,1560000.0,1560000.0,,,1620596246,17:37:26,20210509
73,2001-09-30,OTIVF,USD,2001-09-30,2001-09-30,Q3,5420000.0,3480000.0,1940000.0,0.35793357933579334,1400000.0,2520000.0,0.0,320000.0,4510000.0,7990000.0,60000.0,459999.9999999999,-2120000.0,-0.39114391143911437,-2580000.0,-0.47601476014760147,0.0,-2520000.0,-0.46494464944649444,10000.0,-2540000.0,-0.46863468634686345,-1.60759,-1.60759,1580000.0,1580000.0,,,1620596246,17:37:26,20210509
74,2000-12-31,OTIVF,USD,2000-12-31,2000-12-31,Q2,4840000.0,2160000.0,2680000.0,0.5537190082644629,1600000.0,3730000.0,0.0,-30000.0,5450000.0,7610000.0,270000.0,449999.9999999999,-2320000.0,-0.4793388429752066,-2770000.0,-0.5723140495867769,0.0,-2500000.0,-0.5165289256198347,-120000.0,-2400000.0,-0.49586776859504134,-1.62162,-1.62162,1480000.0,1480000.0,,,1620596246,17:37:26,20210509
75,2000-09-30,OTIVF,USD,2000-09-30,2000-09-30,Q1,5640000.0,2790000.0,2860000.0,0.5070921985815603,1050000.0,2650000.0,0.0,0.0,3840000.0,6630000.0,290000.0,280000.0,-710000.0,-0.12588652482269502,-990000.0,-0.17553191489361702,0.0,-690000.0,-0.12234042553191489,40000.0,-1070000.0,-0.18971631205673758,-0.95536,-0.95536,1120000.0,1120000.0,,,1620596246,17:37:26,20210509
76,2000-06-30,OTIVF,USD,2000-06-30,2000-06-30,Q4,3990000.0,1900000.0,2090000.0,0.5238095238095238,440000.0,2790000.0,0.0,200000.0,3560000.0,5460000.0,280000.0,310000.0,-1150000.0,-0.2882205513784461,-1460000.0,-0.3659147869674185,0.0,-1180000.0,-0.2957393483709273,80000.0,-1260000.0,-0.3157894736842105,-0.85714,-0.85714,1470000.0,1470000.0,,,1620596246,17:37:26,20210509
77,2000-03-31,OTIVF,USD,2000-03-31,2000-03-31,Q3,1030000.0,600000.0,430000.0,0.4174757281553398,790000.0,2030000.0,0.0,430000.0,3290000.0,3890000.0,-40000.0,0.0,-3080000.0,-2.990291,-2870000.0,-2.7864077669902914,0.0,-2910000.0,-2.825242718446602,-50000.0,-2990000.0,-2.9029126213592233,-2.03401,-2.03401,1470000.0,1470000.0,,,1620596246,17:37:26,20210509
