,date,symbol,reportedCurrency,fillingDate,acceptedDate,period,revenue,costOfRevenue,grossProfit,grossProfitRatio,researchAndDevelopmentExpenses,generalAndAdministrativeExpenses,sellingAndMarketingExpenses,otherExpenses,operatingExpenses,costAndExpenses,interestExpense,depreciationAndAmortization,ebitda,ebitdaratio,operatingIncome,operatingIncomeRatio,totalOtherIncomeExpensesNet,incomeBeforeTax,incomeBeforeTaxRatio,incomeTaxExpense,netIncome,netIncomeRatio,eps,epsdiluted,weightedAverageShsOut,weightedAverageShsOutDil,link,finalLink,timestamp,est_time,est_date
0,2021-03-31,WELINV.NS,INR,2021-03-31,2021-03-31,Q1,612000.0,75000.0,537000.0,0.8774509803921569,0.0,128000.0,159000.0,-216000.0,730000.0,805000.0,0.0,0.0,-409000.0,-0.6683006535947712,-193000.0,-0.6683006535947712,0.0,-409000.0,-0.6683006535947712,-39000.0,-370000.0,-0.6045751633986928,-0.1,-0.1,3700000.0,3700000.0,https://www.nseindia.com/companies-listing/corporate-filings-annual-reports,https://www.nseindia.com/companies-listing/corporate-filings-annual-reports,1620599776,18:36:16,20210509
1,2020-12-31,WELINV.NS,INR,2020-12-31,2020-12-31,Q4,611000.0,75000.0,536000.0,0.8772504091653028,0.0,279000.0,-30000.0,145000.0,731000.0,806000.0,0.0,0.0,-50000.0,-0.08183306055646482,-195000.0,-0.3191489361702128,0.0,-50000.0,-0.08183306055646482,-137000.0,87000.0,0.14238952536824878,0.02,0.02,4350000.0,4350000.0,,,1620599776,18:36:16,20210509
2,2020-09-30,WELINV.NS,INR,2020-09-30,2020-09-30,Q3,3841000.0,75000.0,3766000.0,0.980473834938818,0.0,180000.0,227000.0,-353000.0,972000.0,1047000.0,0.0,0.0,2441000.0,0.635511585524603,2794000.0,0.7274147357458995,0.0,2441000.0,0.635511585524603,729000.0,1712000.0,0.4457172611299141,0.47,0.47,3642553.0,3642553.0,https://www.nseindia.com/companies-listing/corporate-filings-annual-reports,https://www.nseindia.com/companies-listing/corporate-filings-annual-reports,1620599776,18:36:16,20210509
3,2020-06-30,WELINV.NS,INR,2020-06-30,2020-06-30,Q2,8577000.0,75000.0,8502000.0,0.9912556838055264,0.0,79000.0,0.0,433000.0,312000.0,387000.0,0.0,0.0,8623000.0,1.005363180599277,8190000.0,0.9548793284365162,0.0,8623000.0,1.005363180599277,2132000.0,6491000.0,0.7567914189110412,1.78,1.78,3646629.0,3646629.0,https://www.nseindia.com/companies-listing/corporate-filings-annual-reports,https://www.nseindia.com/companies-listing/corporate-filings-annual-reports,1620599776,18:36:16,20210509
4,2020-03-31,WELINV.NS,INR,2020-03-31,2020-03-31,Q1,-10333131.0,74482.0,-10407613.0,1.0072080766226617,0.0,334129.0,54191.0,0.0,984019.0,1058501.0,0.0,0.0,-11502632.0,1.1131797322612091,-11391632.0,1.1024375864391924,0.0,64717328.0,-6.263089861146636,-90643.0,64807971.0,-6.2718619361353305,17.79190886172418,17.79190886172418,3642553.0,3642553.0,https://www.nseindia.com/companies-listing/corporate-filings-annual-reports,https://www.nseindia.com/companies-listing/corporate-filings-annual-reports,1620599776,18:36:16,20210509
5,2019-12-31,WELINV.NS,INR,2019-12-31,2019-12-31,Q4,4198000.0,3841000.0,357000.0,0.08504049547403525,0.0,131000.0,54000.0,-102000.0,632000.0,4473000.0,0.0,0.0,-377000.0,-0.08980466888994759,-275000.0,-0.06550738446879466,0.0,-377000.0,-0.08980466888994759,-73000.0,-304000.0,-0.07241543592186755,-0.08,-0.08,3800000.0,3800000.0,https://www.nseindia.com/companies-listing/corporate-filings-annual-reports,https://www.nseindia.com/companies-listing/corporate-filings-annual-reports,1620599776,18:36:16,20210509
6,2019-09-30,WELINV.NS,INR,2019-09-30,2019-09-30,Q3,12805000.0,3070000.0,9735000.0,0.7602499023818821,0.0,107000.0,86000.0,158000.0,831000.0,3901000.0,0.0,0.0,9062000.0,0.7076923076923077,8904000.0,0.6953533775868801,0.0,9062000.0,0.7076923076923077,-218000.0,9280000.0,0.7247169074580242,2.54,2.54,3653543.0,3653543.0,https://www.nseindia.com/companies-listing/corporate-filings-annual-reports,https://www.nseindia.com/companies-listing/corporate-filings-annual-reports,1620599776,18:36:16,20210509
7,2019-06-30,WELINV.NS,INR,2019-06-30,2019-06-30,Q2,108000.0,75000.0,33000.0,0.3055555555555556,0.0,178000.0,86000.0,55000.0,669000.0,744000.0,0.0,0.0,-581000.0,-5.37962962962963,-636000.0,-5.888888888888889,0.0,-581000.0,-5.37962962962963,-138000.0,-443000.0,-4.101851851851852,-0.12,-0.12,3691667.0,3691667.0,https://www.nseindia.com/companies-listing/corporate-filings-annual-reports,https://www.nseindia.com/companies-listing/corporate-filings-annual-reports,1620599776,18:36:16,20210509
8,2019-03-31,WELINV.NS,INR,2019-03-31,2019-03-31,Q1,-7959133.0,74942.0,-8034075.0,1.009415849691166,0.0,278278.0,47777.0,0.0,924032.0,998974.0,0.0,0.0,-10147986.0,1.275011486803902,-8958107.0,1.1255129170476232,0.0,-712813.0,0.08955912660336245,-219247.0,-493566.0,0.06201253327466698,-0.13550001880549165,-0.13550001880549165,3642553.0,3642553.0,https://www.nseindia.com/companies-listing/corporate-filings-annual-reports,https://www.nseindia.com/companies-listing/corporate-filings-annual-reports,1620599776,18:36:16,20210509
9,2018-12-31,WELINV.NS,INR,2018-12-31,2018-12-31,Q4,9615000.0,9503000.0,112000.0,0.011648465938637546,0.0,124000.0,43000.0,48000.0,505000.0,10008000.0,0.0,0.0,-345000.0,-0.0358814352574103,-393000.0,-0.040873634945397815,0.0,-345000.0,-0.0358814352574103,-102000.0,-243000.0,-0.02527301092043682,-0.07,-0.07,3471429.0,3471429.0,https://www.nseindia.com/companies-listing/corporate-filings-annual-reports,https://www.nseindia.com/companies-listing/corporate-filings-annual-reports,1620599776,18:36:16,20210509
10,2018-09-30,WELINV.NS,INR,2018-09-30,2018-09-30,Q3,7782000.0,75000.0,7707000.0,0.9903623747108713,0.0,218000.0,84000.0,-74000.0,781000.0,856000.0,0.0,0.0,6852000.0,0.8804934464148034,6926000.0,0.8900025700334104,0.0,7352000.0,0.9447442816756618,-18000.0,7370000.0,0.9470573117450527,2.02,2.02,3648515.0,3648515.0,https://www.nseindia.com/companies-listing/corporate-filings-annual-reports,https://www.nseindia.com/companies-listing/corporate-filings-annual-reports,1620599776,18:36:16,20210509
11,2018-06-30,WELINV.NS,INR,2018-06-30,2018-06-30,Q2,12000.0,75000.0,-63000.0,-5.25,0.0,90000.0,57000.0,209000.0,889000.0,964000.0,0.0,0.0,-743000.0,-61.916666666666664,-952000.0,-79.33333333333333,0.0,-743000.0,-61.916666666666664,-247000.0,-496000.0,-41.333333333333336,-0.14,-0.14,3542857.0,3542857.0,https://www.nseindia.com/companies-listing/corporate-filings-annual-reports,https://www.nseindia.com/companies-listing/corporate-filings-annual-reports,1620599776,18:36:16,20210509
12,2018-03-31,WELINV.NS,INR,2018-03-31,2018-03-31,Q1,7982000.0,8045000.0,-63000.0,-0.007892758707090955,0.0,125000.0,53000.0,-259000.0,568000.0,8613000.0,0.0,0.0,-890000.0,-0.11150087697318968,-631000.0,-0.07905286895514908,0.0,-890000.0,-0.11150087697318968,0.0,-890000.0,-0.11150087697318968,-0.24,-0.24,3708333.0,3708333.0,https://www.nseindia.com/companies-listing/corporate-filings-annual-reports,https://www.nseindia.com/companies-listing/corporate-filings-annual-reports,1620599776,18:36:16,20210509
13,2017-12-31,WELINV.NS,INR,2017-12-31,2017-12-31,Q4,4000.0,0.0,4000.0,1.0,0.0,0.0,218000.0,0.0,245000.0,245000.0,0.0,0.0,-241000.0,-60.25,-241000.0,-60.25,0.0,-241000.0,-60.25,0.0,-241000.0,-60.25,-0.07,-0.07,3442857.0,3442857.0,https://www.nseindia.com/companies-listing/corporate-filings-annual-reports,https://www.nseindia.com/companies-listing/corporate-filings-annual-reports,1620599776,18:36:16,20210509
14,2017-09-30,WELINV.NS,INR,2017-09-30,2017-09-30,Q3,5348000.0,0.0,5348000.0,1.0,0.0,0.0,33000.0,0.0,1187000.0,1187000.0,0.0,0.0,4161000.0,0.7780478683620045,4161000.0,0.7780478683620045,0.0,4161000.0,0.7780478683620045,0.0,4161000.0,0.7780478683620045,1.14,1.14,3650000.0,3650000.0,https://www.nseindia.com/companies-listing/corporate-filings-annual-reports,https://www.nseindia.com/companies-listing/corporate-filings-annual-reports,1620599776,18:36:16,20210509
15,2017-06-30,WELINV.NS,INR,2017-06-30,2017-06-30,Q2,298000.0,75000.0,223000.0,0.7483221476510067,0.0,122000.0,91000.0,1000.0,694000.0,769000.0,0.0,0.0,-470000.0,-1.5771812080536913,-471000.0,-1.580536912751678,0.0,-470000.0,-1.5771812080536913,0.0,-470000.0,-1.5771812080536913,-0.13,-0.13,3615385.0,3615385.0,https://www.nseindia.com/companies-listing/corporate-filings-annual-reports,https://www.nseindia.com/companies-listing/corporate-filings-annual-reports,1620599776,18:36:16,20210509
16,2017-03-31,WELINV.NS,INR,2017-03-31,2017-03-31,Q1,1971000.0,1734000.0,237000.0,0.1202435312024353,0.0,0.0,65000.0,0.0,639000.0,2373000.0,0.0,0.0,-402000.0,-0.2039573820395738,-402000.0,-0.2039573820395738,0.0,-402000.0,-0.2039573820395738,0.0,-402000.0,-0.2039573820395738,-0.11,-0.11,3654545.0,3654545.0,https://www.nseindia.com/companies-listing/corporate-filings-annual-reports,https://www.nseindia.com/companies-listing/corporate-filings-annual-reports,1620599776,18:36:16,20210509
17,2016-12-31,WELINV.NS,INR,2016-12-31,2016-12-31,Q4,3474000.0,3444000.0,30000.0,0.008635578583765112,0.0,0.0,84000.0,0.0,581000.0,4025000.0,0.0,0.0,-551000.0,-0.15860679332181923,-551000.0,-0.15860679332181923,0.0,-551000.0,-0.15860679332181923,-1000.0,-550000.0,-0.15831894070236038,-0.15,-0.15,3666667.0,3666667.0,https://www.nseindia.com/companies-listing/corporate-filings-annual-reports,https://www.nseindia.com/companies-listing/corporate-filings-annual-reports,1620599776,18:36:16,20210509
18,2016-09-30,WELINV.NS,INR,2016-09-30,2016-09-30,Q3,2617000.0,0.0,2617000.0,1.0,0.0,0.0,149000.0,0.0,1016000.0,1016000.0,0.0,0.0,15044000.0,5.748567061520825,1601000.0,0.611769201375621,0.0,-11842000.0,-4.525028658769584,0.0,-11842000.0,-4.525028658769584,-3.24,-3.24,3654938.0,3654938.0,https://www.nseindia.com/companies-listing/corporate-filings-annual-reports,https://www.nseindia.com/companies-listing/corporate-filings-annual-reports,1620599776,18:36:16,20210509
19,2016-06-30,WELINV.NS,INR,2016-06-30,2016-06-30,Q2,22000.0,0.0,22000.0,1.0,0.0,0.0,96000.0,0.0,623000.0,623000.0,0.0,0.0,-601000.0,-27.318181818181817,-601000.0,-27.318181818181817,0.0,-601000.0,-27.318181818181817,1000.0,-602000.0,-27.363636363636363,-0.16,-0.16,3762500.0,3762500.0,https://www.nseindia.com/companies-listing/corporate-filings-annual-reports,https://www.nseindia.com/companies-listing/corporate-filings-annual-reports,1620599776,18:36:16,20210509
20,2016-03-31,WELINV.NS,INR,2016-03-31,2016-03-31,Q1,268000.0,0.0,268000.0,1.0,0.0,0.0,66000.0,0.0,540000.0,540000.0,0.0,0.0,-272000.0,-1.0149253731343284,-272000.0,-1.0149253731343284,0.0,-272000.0,-1.0149253731343284,0.0,-272000.0,-1.0149253731343284,-0.07,-0.07,3885714.0,3885714.0,https://www.nseindia.com/companies-listing/corporate-filings-annual-reports,https://www.nseindia.com/companies-listing/corporate-filings-annual-reports,1620599776,18:36:16,20210509
21,2015-12-31,WELINV.NS,INR,2015-12-31,2015-12-31,Q4,4348000.0,3926000.0,422000.0,0.09705611775528979,0.0,0.0,87000.0,0.0,476000.0,4402000.0,0.0,0.0,-54000.0,-0.012419503219871205,-54000.0,-0.012419503219871205,0.0,-54000.0,-0.012419503219871205,0.0,-54000.0,-0.012419503219871205,-0.01,-0.01,3654476.0,3654476.0,https://www.nseindia.com/companies-listing/corporate-filings-annual-reports,https://www.nseindia.com/companies-listing/corporate-filings-annual-reports,1620599776,18:36:16,20210509
22,2015-09-30,WELINV.NS,INR,2015-09-30,2015-09-30,Q3,2647000.0,0.0,2647000.0,1.0,0.0,0.0,98000.0,0.0,943000.0,943000.0,0.0,0.0,1704000.0,0.6437476388364186,1704000.0,0.6437476388364186,0.0,1704000.0,0.6437476388364186,0.0,1704000.0,0.6437476388364186,0.47,0.47,3625532.0,3625532.0,https://www.nseindia.com/companies-listing/corporate-filings-annual-reports,https://www.nseindia.com/companies-listing/corporate-filings-annual-reports,1620599776,18:36:16,20210509
23,2015-06-30,WELINV.NS,INR,2015-06-30,2015-06-30,Q2,35000.0,0.0,35000.0,1.0,0.0,27000.0,98000.0,0.0,423000.0,423000.0,0.0,0.0,-388000.0,-11.085714285714285,-388000.0,-11.085714285714285,0.0,-388000.0,-11.085714285714285,0.0,-388000.0,-11.085714285714285,-0.11,-0.11,3527273.0,3527273.0,https://www.nseindia.com/companies-listing/corporate-filings-annual-reports,https://www.nseindia.com/companies-listing/corporate-filings-annual-reports,1620599776,18:36:16,20210509
24,2015-03-31,WELINV.NS,INR,2015-03-31,2015-03-31,Q1,1885975.0,1753804.0,132171.0,0.07008099259003964,0.0,0.0,0.0,0.0,580601.0,2334405.0,0.0,0.0,-448430.0,-0.2377709142485982,-448430.0,-0.2377709142485982,0.0,-448430.0,-0.2377709142485982,94100.0,-542530.0,-0.28766553109134535,-0.14894223913831864,-0.14894223913831864,3642553.0,3642553.0,https://www.nseindia.com/companies-listing/corporate-filings-annual-reports,https://www.nseindia.com/companies-listing/corporate-filings-annual-reports,1620599776,18:36:16,20210509
25,2014-12-31,WELINV.NS,INR,2014-12-31,2014-12-31,Q4,3921000.0,3756000.0,165000.0,0.042081101759755164,0.0,0.0,7000.0,0.0,383000.0,4139000.0,0.0,0.0,-218000.0,-0.055598061718949245,-218000.0,-0.055598061718949245,0.0,-218000.0,-0.055598061718949245,0.0,-218000.0,-0.055598061718949245,-0.06,-0.06,3633333.0,3633333.0,https://www.nseindia.com/companies-listing/corporate-filings-annual-reports,https://www.nseindia.com/companies-listing/corporate-filings-annual-reports,1620599776,18:36:16,20210509
26,2014-09-30,WELINV.NS,INR,2014-09-30,2014-09-30,Q3,2741000.0,0.0,2741000.0,1.0,0.0,0.0,67000.0,0.0,1094000.0,1094000.0,0.0,0.0,1647000.0,0.600875592849325,1647000.0,0.600875592849325,0.0,1647000.0,0.600875592849325,0.0,1647000.0,0.600875592849325,0.45,0.45,3660000.0,3660000.0,https://www.nseindia.com/companies-listing/corporate-filings-annual-reports,https://www.nseindia.com/companies-listing/corporate-filings-annual-reports,1620599776,18:36:16,20210509
27,2014-06-30,WELINV.NS,INR,2014-06-30,2014-06-30,Q2,129000.0,0.0,129000.0,1.0,0.0,172000.0,102000.0,0.0,508000.0,508000.0,0.0,0.0,-379000.0,-2.937984496124031,-379000.0,-2.937984496124031,0.0,-379000.0,-2.937984496124031,0.0,-379000.0,-2.937984496124031,-0.1,-0.1,3790000.0,3790000.0,https://www.nseindia.com/companies-listing/corporate-filings-annual-reports,https://www.nseindia.com/companies-listing/corporate-filings-annual-reports,1620599776,18:36:16,20210509
28,2014-03-31,WELINV.NS,INR,2014-03-31,2014-03-31,Q1,136608.0,396.0,136212.0,0.9971011946591708,0.0,0.0,0.0,0.0,119889429.0,119889825.0,5218.0,0.0,-119752673.0,-876.6153739166081,-119753217.0,-876.619356113844,0.0,-119757891.0,-876.6535708011244,0.0,-119757891.0,-876.6535708011244,-32.87746012206274,-32.87746012206274,3642553.0,3642553.0,https://www.nseindia.com/companies-listing/corporate-filings-annual-reports,https://www.nseindia.com/companies-listing/corporate-filings-annual-reports,1620599776,18:36:16,20210509
29,2013-12-31,WELINV.NS,INR,2013-12-31,2013-12-31,Q4,8050000.0,7807000.0,243000.0,0.030186335403726706,0.0,0.0,0.0,0.0,493000.0,8300000.0,0.0,0.0,-250000.0,-0.031055900621118012,-250000.0,-0.031055900621118012,0.0,-250000.0,-0.031055900621118012,0.0,-250000.0,-0.031055900621118012,-0.07,-0.07,3654476.0,3654476.0,https://www.nseindia.com/companies-listing/corporate-filings-annual-reports,https://www.nseindia.com/companies-listing/corporate-filings-annual-reports,1620599776,18:36:16,20210509
30,2013-09-30,WELINV.NS,INR,2013-09-30,2013-09-30,Q3,2726000.0,0.0,2726000.0,1.0,0.0,0.0,0.0,0.0,691000.0,691000.0,0.0,0.0,2035000.0,0.7465150403521643,2035000.0,0.7465150403521643,0.0,2035000.0,0.7465150403521643,0.0,2035000.0,0.7465150403521643,0.56,0.56,3654476.0,3654476.0,https://www.nseindia.com/companies-listing/corporate-filings-annual-reports,https://www.nseindia.com/companies-listing/corporate-filings-annual-reports,1620599776,18:36:16,20210509
31,2013-06-30,WELINV.NS,INR,2013-06-30,2013-06-30,Q2,319000.0,0.0,319000.0,1.0,0.0,0.0,0.0,0.0,926000.0,926000.0,0.0,0.0,-607000.0,-1.90282131661442,-607000.0,-1.90282131661442,0.0,-607000.0,-1.90282131661442,0.0,-607000.0,-1.90282131661442,-0.17,-0.17,3654476.0,3654476.0,https://www.nseindia.com/companies-listing/corporate-filings-annual-reports,https://www.nseindia.com/companies-listing/corporate-filings-annual-reports,1620599776,18:36:16,20210509
32,2013-03-31,WELINV.NS,INR,2013-03-31,2013-03-31,Q1,18147094.0,16364139.0,1782955.0,0.09825016611475093,0.0,0.0,0.0,0.0,911639.0,17275778.0,244.0,0.0,871316.0,0.048014078727977055,871316.0,0.048014078727977055,0.0,871072.0,0.048000633049016,-113763.0,984835.0,0.054269570654122364,0.2703694359423185,0.2703694359423185,3642553.0,3642553.0,https://www.nseindia.com/companies-listing/corporate-filings-annual-reports,https://www.nseindia.com/companies-listing/corporate-filings-annual-reports,1620599776,18:36:16,20210509
33,2012-12-31,WELINV.NS,INR,2012-12-31,2012-12-31,Q4,2027000.0,0.0,2027000.0,1.0,0.0,0.0,0.0,0.0,1011000.0,1011000.0,396000.0,0.0,1016000.0,0.501233349777997,1016000.0,0.501233349777997,0.0,620000.0,0.30587074494326594,51000.0,569000.0,0.2807104094721263,0.16,0.16,3654476.0,3654476.0,https://www.nseindia.com/companies-listing/corporate-filings-annual-reports,https://www.nseindia.com/companies-listing/corporate-filings-annual-reports,1620599776,18:36:16,20210509
34,2012-09-30,WELINV.NS,INR,2012-09-30,2012-09-30,Q3,5709000.0,0.0,5709000.0,1.0,0.0,0.0,0.0,0.0,1123000.0,1123000.0,1069000.0,0.0,4586000.0,0.8032930460676125,4586000.0,0.8032930460676125,0.0,3517000.0,0.6160448414783675,217000.0,3300000.0,0.5780346820809249,0.9,0.9,3666667.0,3666667.0,https://www.nseindia.com/companies-listing/corporate-filings-annual-reports,https://www.nseindia.com/companies-listing/corporate-filings-annual-reports,1620599776,18:36:16,20210509
35,2012-06-30,WELINV.NS,INR,2012-06-30,2012-06-30,Q2,3116000.0,0.0,3116000.0,1.0,0.0,0.0,0.0,0.0,768000.0,768000.0,1903000.0,0.0,2348000.0,0.7535301668806161,2348000.0,0.7535301668806161,0.0,445000.0,0.14281129653401797,100000.0,345000.0,0.1107188703465982,0.09,0.09,3654476.0,3654476.0,https://www.nseindia.com/companies-listing/corporate-filings-annual-reports,https://www.nseindia.com/companies-listing/corporate-filings-annual-reports,1620599776,18:36:16,20210509
36,2012-03-31,WELINV.NS,INR,2012-03-31,2012-03-31,Q1,44160320.0,40280000.0,3880320.0,0.08786892848602547,0.0,0.0,0.0,0.0,808562.0,41088562.0,3191358.0,0.0,3143416.0,0.07118191172527735,3071758.0,0.0695592332664256,0.0,-47942.0,-0.0010856352490199346,21234.0,-69176.0,-0.0015664741559843769,-0.018991075764717768,-0.018991075764717768,3642553.0,3642553.0,https://www.nseindia.com/companies-listing/corporate-filings-annual-reports,https://www.nseindia.com/companies-listing/corporate-filings-annual-reports,1620599776,18:36:16,20210509
37,2011-12-31,WELINV.NS,INR,2011-12-31,2011-12-31,Q4,4297000.0,0.0,4297000.0,1.0,0.0,0.0,0.0,0.0,999000.0,999000.0,2928000.0,0.0,3298000.0,0.7675122178263905,3298000.0,0.7675122178263905,0.0,370000.0,0.08610658599022573,0.0,370000.0,0.08610658599022573,0.1,0.1,3654476.0,3654476.0,https://www.nseindia.com/companies-listing/corporate-filings-annual-reports,https://www.nseindia.com/companies-listing/corporate-filings-annual-reports,1620599776,18:36:16,20210509
38,2011-09-30,WELINV.NS,INR,2011-09-30,2011-09-30,Q3,12714000.0,0.0,12714000.0,1.0,0.0,0.0,0.0,0.0,1132000.0,1132000.0,2508000.0,0.0,11582000.0,0.9109642913323895,11582000.0,0.9109642913323895,0.0,9074000.0,0.7137014314928425,0.0,9074000.0,0.7137014314928425,2.48,2.48,3658871.0,3658871.0,https://www.nseindia.com/companies-listing/corporate-filings-annual-reports,https://www.nseindia.com/companies-listing/corporate-filings-annual-reports,1620599776,18:36:16,20210509
