,date,symbol,reportedCurrency,fillingDate,acceptedDate,period,revenue,costOfRevenue,grossProfit,grossProfitRatio,researchAndDevelopmentExpenses,generalAndAdministrativeExpenses,sellingAndMarketingExpenses,otherExpenses,operatingExpenses,costAndExpenses,interestExpense,depreciationAndAmortization,ebitda,ebitdaratio,operatingIncome,operatingIncomeRatio,totalOtherIncomeExpensesNet,incomeBeforeTax,incomeBeforeTaxRatio,incomeTaxExpense,netIncome,netIncomeRatio,eps,epsdiluted,weightedAverageShsOut,weightedAverageShsOutDil,link,finalLink,timestamp,est_time,est_date
0,2020-03-31,SCRA,USD,2020-05-07 00:00:00,2020-05-07 13:03:18,Q2,8131726.0,3695834.0,4435892.0,0.5455043615586654,323737.0,2080787.0,642432.0,509287.0,4198675.0,7894509.0,-602533.0,1003444.0,1240661.0,0.15257043830547168,237217.0,0.029171789605306427,-4347000.0,-1697694000.0,-208.7741274115729,23365.0,-1721059000.0,-211.64744114595106,-151.81318,-151.81318,11336690,11336690.0,https://www.sec.gov/Archives/edgar/data/1045942/000165495420005029/0001654954-20-005029-index.html,https://www.sec.gov/Archives/edgar/data/1045942/000165495420005029/trck10q_03312020.htm,1620597685,18:01:25,20210509
1,2019-12-31,SCRA,USD,2020-01-10 00:00:00,2020-01-10 13:26:15,Q1,8420831.0,3754351.0,4666480.0,0.5541590847744124,296155.0,2470305.0,541549.0,515939.0,4365497.0,8119848.0,602533.0,1003381.0,1304364.0,0.1548973017033592,300983.0,0.03574267195244745,-459225.0,-158242000.0,-18.791732074898547,74383.0,-232625000.0,-27.62494580404238,-20.38477,-20.38477,11411704,11411704.0,https://www.sec.gov/Archives/edgar/data/1045942/000165495420000262/0001654954-20-000262-index.html,https://www.sec.gov/Archives/edgar/data/1045942/000165495420000262/trck10k_sep302019.htm,1620597685,18:01:25,20210509
2,2019-09-30,SCRA,USD,2020-01-10,2020-01-10 13:26:15,Q4,8760911.0,3662205.0,5098706.0,0.5819835402962089,359223.0,2159052.0,620075.0,481039.0,4239464.0,7901669.0,619837.0,991994.0,1851236.0,0.21130633560824896,859242.0,0.09807678676338567,-927253.0,-68011000.0,-7.763005468266941,426665.0,-495029000.0,-56.50428362986452,-43.37906065562163,-44.14607803802422,11411704,11213431.0,https://www.sec.gov/Archives/edgar/data/1045942/000165495420000262/0001654954-20-000262-index.htm,https://www.sec.gov/Archives/edgar/data/1045942/000165495420000262/trck10k_sep302019.htm,1620597685,18:01:25,20210509
3,2019-06-30,SCRA,USD,2019-08-09,2019-08-08 19:01:17,Q3,8955464.0,4162174.0,4793290.0,0.5352363651955946,350532.0,2169869.0,556122.0,521013.0,4153658.0,8315832.0,597623.0,1021717.0,1661349.0,0.18551233079603693,639632.0,0.07142365822697741,-395651.0,243981.0,0.02724381450252047,313328.0,-69347000.0,-7.743540703195278,-6.076831295308746,-6.191391834205299,11411704,11200551.0,https://www.sec.gov/Archives/edgar/data/1045942/000165495419009091/0001654954-19-009091-index.htm,https://www.sec.gov/Archives/edgar/data/1045942/000165495419009091/trck_10qjune302019.htm,1620597685,18:01:25,20210509
4,2019-03-31,SCRA,USD,2019-05-10 00:00:00,2019-05-09 19:01:15,Q2,8091242.0,3599300.0,4491942.0,0.5551610000046965,354879.0,2739095.0,576974.0,520384.0,4768306.0,8367606.0,584348.0,1053974.0,-275310026.0,-34.0256818421696,-276364000.0,-34.15594293187622,11705.0,-264659000.0,-32.70931706158338,0.0,-264659000.0,-32.70931706158338,-23.19189141253576,-23.683127752460358,11411704,11175002.0,https://www.sec.gov/Archives/edgar/data/1045942/000165495419005586/0001654954-19-005586-index.html,https://www.sec.gov/Archives/edgar/data/1045942/000165495419005586/trck10q_mar312019.htm,1620597685,18:01:25,20210509
5,2018-12-31,SCRA,USD,2019-02-14 00:00:00,2019-02-13 18:31:32,Q1,8211535.0,3578482.0,4633053.0,0.5642127811669804,248865.0,2918342.0,503930.0,514981.0,4690048.0,8268530.0,601239.0,993270.0,-56001730.0,-6.819885685197713,-56995000.0,-6.940846017218462,-1533916.0,-1590911000.0,-193.74099970346592,144007.0,-1734918000.0,-211.27815932100393,-152.02970564255784,-156.27568874896974,11411704,11101650.0,https://www.sec.gov/Archives/edgar/data/1045942/000165495419001474/0001654954-19-001474-index.html,https://www.sec.gov/Archives/edgar/data/1045942/000165495419001474/trck10q_12312018.htm,1620597685,18:01:25,20210509
6,2018-09-30,SCRA,USD,2018-12-19 00:00:00,2018-12-19 11:59:42,Q4,8084374.0,3580711.0,4503663.0,0.557082465506915,261328.0,2626300.0,500674.0,487330.0,4376306.0,7957017.0,930738.0,807574.0,934931.0,0.11564667839464132,127357.0,0.015753477016278564,2541000.0,-560587000.0,-69.34204182043038,232193.0,-792505000.0,-98.02923516403372,-69.44668386071002,-73.84144436494569,11411704,10732523.0,https://www.sec.gov/Archives/edgar/data/1045942/000165495418014088/0001654954-18-014088-index.html,https://www.sec.gov/Archives/edgar/data/1045942/000165495418014088/trck10k_09302018.htm,1620597685,18:01:25,20210509
7,2018-06-30,SCRA,USD,2018-08-08 00:00:00,2018-08-08 17:27:19,Q3,7678975.0,3472707.0,4206268.0,0.5477642523904558,254060.0,3237821.0,466048.0,520639.0,4944616.0,8417323.0,594452.0,1009334.0,-737338666.0,-96.02045403195088,-738348000.0,-96.15189527248103,3733000.0,-1495653000.0,-194.77247939991992,360807.0,-1856460000.0,-241.75882848947938,-162.6803499284594,-175.00356094907235,11411704,10608127.0,https://www.sec.gov/Archives/edgar/data/1045942/000165495418008664/0001654954-18-008664-index.html,https://www.sec.gov/Archives/edgar/data/1045942/000165495418008664/trck10q_jun302018.htm,1620597685,18:01:25,20210509
8,2018-03-31,SCRA,USD,2018-05-11 00:00:00,2018-05-11 08:02:04,Q2,7316176.0,3295508.0,4020668.0,0.549558676554528,182808.0,2976350.0,518993.0,539537.0,4736681.0,8032189.0,805966.0,1062946.0,-714950054.0,-97.72182271175544,-716013000.0,-97.86710981255781,6542000.0,-2779076000.0,-379.8536284528967,0.0,-2779076000.0,-379.8536284528967,-243.52857382210405,-265.4458212099834,11411704,10469466.0,https://www.sec.gov/Archives/edgar/data/1045942/000165495418005083/0001654954-18-005083-index.html,https://www.sec.gov/Archives/edgar/data/1045942/000165495418005083/trck10q_mar312018.htm,1620597685,18:01:25,20210509
9,2017-12-31,SCRA,USD,2018-02-08 00:00:00,2018-02-08 17:03:47,Q1,7490694.0,3019149.0,4471545.0,0.5969466914547571,163946.0,3248001.0,409737.0,564740.0,4796161.0,7815310.0,673827.0,1097626.0,-323518374.0,-43.18937257348919,-324616000.0,-43.3359045236663,10924000.0,-1042591.0,-0.1391848338752057,0.0,-1042591.0,-0.1391848338752057,-0.09136155301609646,-0.09951857260155401,11411704,10476346.0,https://www.sec.gov/Archives/edgar/data/1045942/000165495418001241/0001654954-18-001241-index.html,https://www.sec.gov/Archives/edgar/data/1045942/000165495418001241/trck10q_dec312017.htm,1620597685,18:01:25,20210509
10,2017-09-30,SCRA,USD,2017-12-19 00:00:00,2017-12-19 16:46:02,Q4,7484131.0,3210782.0,4273349.0,0.5709880011453567,324513.0,2548515.0,525413.0,1084052.0,5007906.0,8218688.0,704119.0,915750.0,-733641250.0,-98.0262437950378,-734557000.0,-98.14860269014532,648133.0,-1273119000.0,-170.1091282341263,-501651.0,-1273119000.0,-170.1091282341263,-111.56256769365908,-122.31097131581046,11411704,10408870.0,https://www.sec.gov/Archives/edgar/data/1045942/000165495417011751/0001654954-17-011751-index.html,https://www.sec.gov/Archives/edgar/data/1045942/000165495417011751/trck_sep30-10k.htm,1620597685,18:01:25,20210509
11,2017-06-30,SCRA,USD,2017-08-10 00:00:00,2017-08-10 08:02:20,Q3,7351354.0,3617482.0,3733872.0,0.5079162287654764,292938.0,3039569.0,572334.0,532127.0,5009302.0,8626784.0,672369.0,1264197.0,-1274165803.0,-173.3239622251901,-1275430000.0,-173.49593013749575,-209006000.0,1239101.0,0.16855411941800108,492552.0,746549.0,0.1015525847347305,0.06541959027328434,0.07189024558176046,11411704,10384566.0,https://www.sec.gov/Archives/edgar/data/1045942/000165495417007163/0001654954-17-007163-index.html,https://www.sec.gov/Archives/edgar/data/1045942/000165495417007163/trck10q_063017.htm,1620597685,18:01:25,20210509
12,2017-03-31,SCRA,USD,2017-05-12 00:00:00,2017-05-12 06:11:09,Q2,7220043.0,3843533.0,3376510.0,0.46765787959988603,636610.0,1175882.0,586229.0,1403374.0,4388324.0,8231857.0,797333.0,1204591.0,-1010609409.0,-139.97276872173754,-1011814000.0,-140.13960858681867,222414000.0,-4190157000.0,-580.3506987423759,9099.0,-4199256000.0,-581.61094054426,-367.97799872832314,-406.00184782907155,11411704,10342948.0,https://www.sec.gov/Archives/edgar/data/1045942/000165495417004484/0001654954-17-004484-index.html,https://www.sec.gov/Archives/edgar/data/1045942/000165495417004484/trck10q_mar312017.htm,1620597685,18:01:25,20210509
13,2016-12-31,SCRA,USD,2017-02-14 00:00:00,2017-02-14 06:11:03,Q1,7671490.0,3453902.0,4217588.0,0.5497742941723186,530806.0,3140350.0,627749.0,1141441.0,6068095.0,9521997.0,647103.0,1076347.0,-1849430653.0,-241.07841540561222,-1850507000.0,-241.21872022253825,293000.0,-2613759.0,-0.34071073546338454,0.0,-2613759.0,-0.34071073546338454,-0.22904195552215514,-0.2529399480293058,11411704,10333516.0,https://www.sec.gov/Archives/edgar/data/1045942/000165495417001015/0001654954-17-001015-index.html,https://www.sec.gov/Archives/edgar/data/1045942/000165495417001015/trck10q_dec312016.htm,1620597685,18:01:25,20210509
14,2016-09-30,SCRA,USD,2016-12-20 00:00:00,2016-12-20 14:01:40,Q4,7529753.0,3073205.0,4456548.0,0.5918584580397259,815531.0,3678605.0,585103.0,-2042714000.0,3608427.0,6681632.0,819604.0,997803.0,-1860799197.0,-247.12619351524546,-1861797000.0,-247.2587082205751,-27192000.0,-2663842.0,-0.35377548240958234,0.0,-2663842.0,-0.35377548240958234,-0.23343069536328667,-0.25897877949400283,11411704,10285947.0,https://www.sec.gov/Archives/edgar/data/1045942/000165495416005033/0001654954-16-005033-index.html,https://www.sec.gov/Archives/edgar/data/1045942/000165495416005033/trck_10k.htm,1620597685,18:01:25,20210509
15,2016-06-30,SCRA,USD,2016-08-09,2016-08-09 16:41:05,Q3,6754411.0,2557376.0,4197035.0,0.6213769046627455,651952.0,3142128.0,470829.0,2055915.0,6791653.0,9349029.0,683482.0,1165710.0,-1158848290.0,-171.56911091137331,-1160014000.0,-171.74169590805178,41197000.0,-1783861.0,-0.26410311720740715,0.0,-1783861.0,-0.26410311720740715,-0.17356,-0.17356,10278000,10278000.0,https://www.sec.gov/Archives/edgar/data/1045942/000141588916006734/0001415889-16-006734-index.htm,https://www.sec.gov/Archives/edgar/data/1045942/000141588916006734/trck10q_jun302016.htm,1620597685,18:01:25,20210509
16,2016-03-31,SCRA,USD,2016-05-09 00:00:00,2016-05-06 21:57:00,Q2,6592039.0,2473469.0,4118570.0,0.6247793740297957,612586.0,2831070.0,593272.0,0.0,4630200.0,7103669.0,631409.0,1311096.0,-1244887904.0,-188.84716913841075,-1246199000.0,-189.0460599520118,-10469000.0,-1920680.0,-0.29136356747889386,0.0,-1920680.0,-0.29136356747889386,-0.18709,-0.18709,10266000,10266000.0,https://www.sec.gov/Archives/edgar/data/1045942/000141588916005771/0001415889-16-005771-index.html,https://www.sec.gov/Archives/edgar/data/1045942/000141588916005771/trackgroup10q_mar312016.htm,1620597685,18:01:25,20210509
17,2015-12-31,SCRA,USD,2016-02-09 00:00:00,2016-02-08 19:40:03,Q1,6317604.0,2429179.0,3888425.0,0.6154904612571475,547159.0,2791614.0,620029.0,0.0,4578831.0,7008010.0,694508.0,1244746.0,-1389196254.0,-219.89289832031258,-1390441000.0,-220.08992649745062,9665000.0,-2127238.0,-0.3367159448423801,0.0,-2127238.0,-0.3367159448423801,-0.2072119618157023,-0.20730711388277961,10266000,10261288.0,https://www.sec.gov/Archives/edgar/data/1045942/000141588916004686/0001415889-16-004686-index.html,https://www.sec.gov/Archives/edgar/data/1045942/000141588916004686/trck10q_dec312015.htm,1620597685,18:01:25,20210509
18,2015-09-30,SCRA,USD,2015-12-11 00:00:00,2015-12-11 15:56:28,Q4,8530517.0,2783013.0,5747504.0,0.673757991455852,327517000.0,-1017182.0,2183688.0,328779000.0,3307098.0,6090111.0,1400115.0,1941591.0,-1879442409.0,-220.31987146851708,-1881384000.0,-220.54747678247404,328779000.0,3043955.0,0.35683124481200845,-1035000.0,3079143.0,0.36095619995833783,0.29993600233781414,0.30309508809922237,10266000,10159000.0,https://www.sec.gov/Archives/edgar/data/1045942/000141588915004030/0001415889-15-004030-index.html,https://www.sec.gov/Archives/edgar/data/1045942/000141588915004030/trck10k_sep302015.htm,1620597685,18:01:25,20210509
19,2015-06-30,SCRA,USD,2015-08-14 00:00:00,2015-08-14 13:49:06,Q3,5441669000.0,2070311000.0,3371358000.0,0.6195448491997584,425173000.0,5428055000.0,0.0,-250733000.0,5853228000.0,7923539000.0,544248000.0,1503386000.0,-978484000.0,-0.1798132153940271,-2481870000.0,-0.4560861750319617,-265062000.0,-3736878000.0,-0.6867154176411685,0.0,-3736878000.0,-0.6867154176411685,-364.0052600818235,-368.201596216376,10266000,10149000.0,https://www.sec.gov/Archives/edgar/data/1045942/000141588915002717/0001415889-15-002717-index.html,https://www.sec.gov/Archives/edgar/data/1045942/000141588915002717/trck10q_june202015.htm,1620597685,18:01:25,20210509
20,2015-03-31,SCRA,USD,2015-05-08 00:00:00,2015-05-08 15:04:18,Q2,4816117000.0,2029408000.0,2786709000.0,0.5786215326579484,345698000.0,4674824000.0,0.0,0.0,5020522000.0,7049930000.0,644655000.0,987892000.0,-1245921000.0,-0.25869824175783107,-2233813000.0,-0.46382033492957087,9208000.0,0.0,0.0,0.0,0.0,0.0,-0.08,-0.08,10126000,10126000.0,https://www.sec.gov/Archives/edgar/data/1045942/000141588915001576/0001415889-15-001576-index.html,https://www.sec.gov/Archives/edgar/data/1045942/000141588915001576/scra10q_mar312015.htm,1620597685,18:01:25,20210509
21,2014-12-31,SCRA,USD,2015-02-11,2015-02-11 13:54:20,Q1,4620619000.0,2045167000.0,2575452000.0,0.5573824632587105,464178000.0,3739681000.0,0.0,0.0,4203859000.0,6249026000.0,683941000.0,997120000.0,-631287000.0,-0.13662390255504728,-1628407000.0,-0.3524218291964778,5121000.0,0.0,0.0,0.0,0.0,0.0,-0.22,-0.22,10126000,10108000.0,https://www.sec.gov/Archives/edgar/data/1045942/000141588915000481/0001415889-15-000481-index.htm,https://www.sec.gov/Archives/edgar/data/1045942/000141588915000481/scra10q_dec312014.htm,1620597685,18:01:25,20210509
22,2014-09-30,SCRA,USD,2014-12-18 00:00:00,2014-12-17 17:36:42,Q4,7147115.0,3006497.0,4140618.0,0.579341174725746,882917.0,8155728.0,0.0,-619238000.0,9038645.0,12045142.0,1661574.0,3418258.0,-2464443742.0,-344.8165787174265,-2467862000.0,-345.29484974006994,4763000.0,5379030000.0,752.6155658611901,2955000.0,5379030000.0,752.6155658611901,531.209757061031,540.5517033463974,10126000,9951000.0,https://www.sec.gov/Archives/edgar/data/1045942/000141588914003914/0001415889-14-003914-index.html,https://www.sec.gov/Archives/edgar/data/1045942/000141588914003914/scra10k_sep302014.htm,1620597685,18:01:25,20210509
23,2014-06-30,SCRA,USD,2014-08-14 00:00:00,2014-08-14 16:36:33,Q3,3150821000.0,1538460000.0,1612361000.0,0.5117272609265966,430729000.0,3611797000.0,0.0,-5542000.0,4042526000.0,5580986000.0,157160000.0,840330000.0,-1604126000.0,-0.5091136564089169,-2444456000.0,-0.7758155731474432,-5542000.0,-2816718000.0,-0.8939631924504756,0.0,-2816718000.0,-0.8939631924504756,-278.16689709658306,-284.40205977382874,10126000,9904000.0,https://www.sec.gov/Archives/edgar/data/1045942/000141588914002515/0001415889-14-002515-index.html,https://www.sec.gov/Archives/edgar/data/1045942/000141588914002515/scra10qjune302014.htm,1620597685,18:01:25,20210509
24,2014-03-31,SCRA,USD,2014-05-15 00:00:00,2014-05-15 16:11:53,Q2,2455789.0,1093767.0,1362022.0,0.5546168665141834,403175.0,2563976.0,0.0,624691000.0,2967151.0,4060918.0,-327367.0,-500468.0,-1605629468.0,-653.8140972208931,-1605129000.0,-653.6103060971443,624691000.0,-1292119000.0,-526.1522875133002,0.0,-1292119000.0,-526.1522875133002,-127.6040884850879,-131.59374681739484,10126000,9819000.0,https://www.sec.gov/Archives/edgar/data/1045942/000109690614000692/0001096906-14-000692-index.html,https://www.sec.gov/Archives/edgar/data/1045942/000109690614000692/securealert.htm,1620597685,18:01:25,20210509
25,2013-12-31,SCRA,USD,2014-02-14,2014-02-14 16:21:28,Q1,2659294.0,1398829.0,1260465.0,0.4739848245436571,319570.0,2171447.0,0.0,89000.0,2491017.0,3889846.0,-43918.0,-459799.0,-1231011799.0,-462.90925298218247,-1230552000.0,-462.73635032455985,89000.0,-1270193000.0,-477.6429383137028,0.0,-1270193000.0,-477.6429383137028,-125.43877147936006,-129.50581158238174,10126000,9808000.0,https://www.sec.gov/Archives/edgar/data/1045942/000109690614000203/0001096906-14-000203-index.htm,https://www.sec.gov/Archives/edgar/data/1045942/000109690614000203/securealert.htm,1620597685,18:01:25,20210509
26,2013-09-30,SCRA,USD,2014-01-14,2014-01-14 16:44:10,Q4,2559452.0,1412929.0,1146523.0,0.44795643754991304,319665.0,1440341.0,0.0,35918000.0,1760006.0,3172935.0,22987690.0,-492027.0,-623975027.0,-243.7924317392942,-623483000.0,-243.60019254121585,35918000.0,-11721684000.0,-4579.763168053161,0.0,-11721684000.0,-4579.763168053161,-1157.5828560142209,-2425.8451986754967,10126000,4832000.0,https://www.sec.gov/Archives/edgar/data/1045942/000109690614000038/0001096906-14-000038-index.htm,https://www.sec.gov/Archives/edgar/data/1045942/000109690614000038/securealert10k.htm,1620597685,18:01:25,20210509
27,2013-06-30,SCRA,USD,2013-08-14 00:00:00,2013-08-14 11:17:40,Q3,2685214.0,1595651.0,1089563.0,0.4057639353883899,269072.0,2075796.0,0.0,76156000.0,2344868.0,3940519.0,-2737220.0,-618888.0,-1255923888.0,-467.71835987746226,-1255305000.0,-467.4878799231644,76156000.0,-4132763000.0,-1539.081428891701,0.0,-4132763000.0,-1539.081428891701,-408.1338139443018,-942.0476407567814,10126000,4387000.0,https://www.sec.gov/Archives/edgar/data/1045942/000109690613001347/0001096906-13-001347-index.html,https://www.sec.gov/Archives/edgar/data/1045942/000109690613001347/secure.htm,1620597685,18:01:25,20210509
28,2013-03-31,SCRA,USD,2013-05-15 00:00:00,2013-05-15 16:14:17,Q2,4331026.0,1879583.0,2451443.0,0.5660189987314784,197603.0,1804989.0,0.0,173728000.0,2002592.0,3882175.0,-4046825.0,-1782924.0,-1334073.0,-0.30802701253698317,448851.0,0.10363618228105766,173728000.0,-1499221000.0,-346.15839295354033,0.0,-1499221000.0,-346.15839295354033,-148.05658700375272,-412.1003298515668,10126000,3638000.0,https://www.sec.gov/Archives/edgar/data/1045942/000109690613000808/0001096906-13-000808-index.html,https://www.sec.gov/Archives/edgar/data/1045942/000109690613000808/securealert.htm,1620597685,18:01:25,20210509
29,2012-12-31,SCRA,USD,2013-01-14 00:00:00,2013-01-14 17:07:12,Q1,6065370.0,3142005.0,2923365.0,0.4819763674763452,201594.0,2357998.0,0.0,-6628000.0,2559592.0,5701597.0,844874.0,479569.0,493342.0,0.08133749466232068,13773.0,0.002270760069047725,-6628000.0,-562043000.0,-92.66425626136575,0.0,-562043000.0,-92.66425626136575,-55.50493778392258,-0.8827382896919134,10126000,636704000.0,https://www.sec.gov/Archives/edgar/data/1045942/000109690613000051/0001096906-13-000051-index.html,https://www.sec.gov/Archives/edgar/data/1045942/000109690613000051/securealert10k.htm,1620597685,18:01:25,20210509
30,2012-09-30,SCRA,USD,2013-01-14,2013-01-14 17:07:12,Q4,4538995.0,4928243.0,-389248.0,-0.0857564284604852,261439.0,2400886.0,0.0,0.0,2662325.0,7590568.0,451595.0,1360106.0,-8968285894.0,-1975.8307497584817,-8969646000.0,-1976.1303989098908,-303286000.0,-9728333000.0,-2143.279073891908,0.0,-9728333000.0,-2143.279073891908,-960.728125617223,-17.783781264053058,10126000,547034000.0,https://www.sec.gov/Archives/edgar/data/1045942/000109690613000051/0001096906-13-000051-index.htm,https://www.sec.gov/Archives/edgar/data/1045942/000109690613000051/securealert10k.htm,1620597685,18:01:25,20210509
31,2012-06-30,SCRA,USD,2012-08-14 00:00:00,2012-08-14 10:15:42,Q3,4793839.0,2625703.0,2168136.0,0.4522755144676323,310810.0,5405999.0,0.0,0.0,5716809.0,8342512.0,663247.0,486956.0,-3548186044.0,-740.1554461883263,-3548673000.0,-740.2570257365757,-11446000.0,-4147909000.0,-865.2583034182,0.0,-4147909000.0,-865.2583034182,-409.6295674501284,-7.866332005181121,10126000,527299000.0,https://www.sec.gov/Archives/edgar/data/1045942/000109690612002039/0001096906-12-002039-index.html,https://www.sec.gov/Archives/edgar/data/1045942/000109690612002039/securealert.htm,1620597685,18:01:25,20210509
32,2012-03-31,SCRA,USD,2012-05-15,2012-05-15 13:42:02,Q2,4903954.0,2683808.0,2220146.0,0.45272569848738387,344771.0,3828688.0,0.0,-73370000.0,4173459.0,6857267.0,123077.0,507791.0,-1952805209.0,-398.210343938789,-1953313000.0,-398.3138911988163,51339000.0,-1963044000.0,-400.2982083437161,0.0,-1963044000.0,-400.2982083437161,-193.8617420501679,-3.797996761230732,10126000,516863000.0,https://www.sec.gov/Archives/edgar/data/1045942/000109690612001400/0001096906-12-001400-index.htm,https://www.sec.gov/Archives/edgar/data/1045942/000109690612001400/securealert10q20120331.htm,1620597685,18:01:25,20210509
33,2011-12-31,SCRA,USD,2012-02-14 00:00:00,2012-02-14 17:13:25,Q1,5554704.0,2829020.0,2725684.0,0.4906983342406724,331634.0,3770169.0,0.0,73370000.0,4101803.0,6930823.0,251978.0,646542.0,-1375472458.0,-247.62299809314771,-1376119000.0,-247.7393934942348,73370000.0,-1618821000.0,-291.4324507660534,0.0,-1618821000.0,-291.4324507660534,-3.18069,-3.18069,508953000,508953000.0,https://www.sec.gov/Archives/edgar/data/1045942/000109690612000323/0001096906-12-000323-index.html,https://www.sec.gov/Archives/edgar/data/1045942/000109690612000323/securealert10q.htm,1620597685,18:01:25,20210509
34,2011-09-30,SCRA,USD,2011-12-29 00:00:00,2011-12-29 13:40:07,Q4,5965302.0,3629329.0,2335973.0,0.39159341807003234,327291.0,4904135.0,0.0,630870000.0,5231426.0,8860755.0,-1348076.0,587208.0,-3547832792.0,-594.7448749451411,-3548420000.0,-594.8433122078312,630870000.0,-3265615000.0,-547.434983174364,0.0,-3265615000.0,-547.434983174364,-8.57885,-8.57885,380659000,380659000.0,https://www.sec.gov/Archives/edgar/data/1045942/000109690611003198/0001096906-11-003198-index.html,https://www.sec.gov/Archives/edgar/data/1045942/000109690611003198/scra10k20110930.htm,1620597685,18:01:25,20210509
35,2011-06-30,SCRA,USD,2011-08-15 00:00:00,2011-08-15 12:13:33,Q3,4430506.0,2401070.0,2029436.0,0.45805964375175207,350296.0,3859013.0,0.0,-56280000.0,4209309.0,6610379.0,143364.0,475880.0,-2179397120.0,-491.90704628320105,-2179873000.0,-492.01445613661286,-56280000.0,-2379517000.0,-537.0756748777679,0.0,-2379517000.0,-537.0756748777679,-6.80126,-6.80126,349864000,349864000.0,https://www.sec.gov/Archives/edgar/data/1045942/000109690611001894/0001096906-11-001894-index.html,https://www.sec.gov/Archives/edgar/data/1045942/000109690611001894/securealert10q20110630.htm,1620597685,18:01:25,20210509
36,2011-03-31,SCRA,USD,2011-05-16 00:00:00,2011-05-16 15:48:34,Q2,3889031.0,2136605.0,1752426.0,0.4506073620909682,445579.0,3478066.0,0.0,4150000.0,3923645.0,6060250.0,337723.0,401765.0,-2170817235.0,-558.1897482946266,-2171219000.0,-558.2930555194854,4150000.0,-2514566000.0,-646.5790578681425,0.0,-2514566000.0,-646.5790578681425,-7.85291,-7.85291,320208000,320208000.0,https://www.sec.gov/Archives/edgar/data/1045942/000109690611000961/0001096906-11-000961-index.html,https://www.sec.gov/Archives/edgar/data/1045942/000109690611000961/scra10q20110331.htm,1620597685,18:01:25,20210509
37,2010-12-31,SCRA,USD,2011-02-14,2011-02-14 19:18:06,Q1,3676964.0,1863250.0,1813714.0,0.4932640080240111,330828.0,3411089.0,0.0,-2681000.0,3741917.0,5605167.0,154149.0,347846.0,-1927855154.0,-524.3062357967062,-1928203000.0,-524.4008372124393,-2681000.0,-2069733000.0,-562.8918314130897,0.0,-2069733000.0,-562.8918314130897,-0.00709,-0.00709,291908000000,291908000000.0,https://www.sec.gov/Archives/edgar/data/1045942/000109690611000277/0001096906-11-000277-index.htm,https://www.sec.gov/Archives/edgar/data/1045942/000109690611000277/scra10q20101231.htm,1620597685,18:01:25,20210509
38,2010-09-30,SCRA,USD,2010-12-29 00:00:00,2010-12-29 16:17:41,Q4,3168834000.0,2194187000.0,974647000.0,0.3075727538899166,-2644924000.0,-21058214000.0,0.0,-121855000.0,-23703138000.0,-21508951000.0,306227000.0,375224000.0,-2166587000.0,-0.6837174178262414,-2541811000.0,-0.8021281644920497,25351000.0,-2834735000.0,-0.8945672130506047,0.0,-2834735000.0,-0.8945672130506047,-0.01247,-0.01247,227246000000,227246000000.0,https://www.sec.gov/Archives/edgar/data/1045942/000109690610001716/0001096906-10-001716-index.html,https://www.sec.gov/Archives/edgar/data/1045942/000109690610001716/securealert10k20100930.htm,1620597685,18:01:25,20210509
39,2010-06-30,SCRA,USD,2010-08-16 00:00:00,2010-08-16 16:16:49,Q3,3079226000.0,1715461000.0,1363765000.0,0.44289214237603863,490258000.0,2703819000.0,0.0,121855000.0,3194077000.0,4909538000.0,229582000.0,388367000.0,-1441945000.0,-0.4682816396068363,-1830312000.0,-0.5944065164427684,121855000.0,-2054238000.0,-0.667128038019944,0.0,-2054238000.0,-0.667128038019944,-0.00954,-0.00954,215230000000,215230000000.0,https://www.sec.gov/Archives/edgar/data/1045942/000109690610001048/0001096906-10-001048-index.html,https://www.sec.gov/Archives/edgar/data/1045942/000109690610001048/scra10q20100630.htm,1620597685,18:01:25,20210509
40,2010-03-31,SCRA,USD,2010-05-17 00:00:00,2010-05-17 17:10:26,Q2,3006288000.0,1694389000.0,1311899000.0,0.43638500369891375,383564000.0,2755207000.0,0.0,-109222000.0,3138771000.0,4833160000.0,2147508000.0,322233000.0,-1709374000.0,-0.5685995486793015,-2031607000.0,-0.6757858861160341,-109222000.0,-3505433000.0,-1.1660336601150656,0.0,-3505433000.0,-1.1660336601150656,-0.01657,-0.01657,211611000000,211611000000.0,https://www.sec.gov/Archives/edgar/data/1045942/000109690610000682/0001096906-10-000682-index.html,https://www.sec.gov/Archives/edgar/data/1045942/000109690610000682/scra10q20100331.htm,1620597685,18:01:25,20210509
41,2009-12-31,SCRA,USD,2010-01-13 00:00:00,2010-01-13 17:08:55,Q1,3196623000.0,1965738000.0,1230885000.0,0.3850579189350762,287717000.0,3472775000.0,0.0,109222000.0,3760492000.0,5726230000.0,1463142000.0,351052000.0,-3328555000.0,-1.0412723051795598,-3679607000.0,-1.1510919492226641,109222000.0,-5525203000.0,-1.7284499923825862,0.0,-5525203000.0,-1.7284499923825862,-0.02615,-0.02615,211309000000,211309000000.0,https://www.sec.gov/Archives/edgar/data/1045942/000109690610000040/0001096906-10-000040-index.html,https://www.sec.gov/Archives/edgar/data/1045942/000109690610000040/rmdx10k20090930.htm,1620597685,18:01:25,20210509
42,2009-09-30,SCRA,USD,2010-01-13,2010-01-13 17:08:55,Q4,3146927000.0,4162603000.0,-1015676000.0,-0.32275168759872724,-500771000.0,-5462586000.0,0.0,0.0,-5963357000.0,-1800754000.0,5010013000.0,411408000.0,-9372205000.0,-2.9782085825314666,-9783613000.0,-3.108941834367305,-370693000.0,-9044043000.0,-2.873928438759463,0.0,-9044043000.0,-2.873928438759463,-0.04964,-0.04964,182188000000,182188000000.0,https://www.sec.gov/Archives/edgar/data/1045942/000109690610000040/0001096906-10-000040-index.htm,https://www.sec.gov/Archives/edgar/data/1045942/000109690610000040/rmdx10k20090930.htm,1620597685,18:01:25,20210509
43,2009-06-30,SCRA,USD,2009-08-17 00:00:00,2009-08-17 16:16:28,Q3,3209651000.0,2420826000.0,788825000.0,0.24576659580745694,-431201000.0,-3311394000.0,0.0,0.0,-3742595000.0,-1321769000.0,-1532113000.0,647969000.0,-2305801000.0,-0.7183961745373563,-2953770000.0,-0.9202776251997491,196568000.0,-5164687000.0,-1.609111707160685,0.0,-5164687000.0,-1.609111707160685,-0.02983,-0.02983,173137000000,173137000000.0,https://www.sec.gov/Archives/edgar/data/1045942/000109690609000984/0001096906-09-000984-index.html,https://www.sec.gov/Archives/edgar/data/1045942/000109690609000984/rmdx10q20090630.htm,1620597685,18:01:25,20210509
44,2009-03-31,SCRA,USD,2009-05-18 00:00:00,2009-05-18 16:17:54,Q2,3047715000.0,2759257000.0,288458000.0,0.0946473013388719,-1338304000.0,-12016667000.0,0.0,-25000.0,-13354971000.0,-10595714000.0,1055158000.0,627958000.0,-3275203000.0,-1.0746421499385606,-3903161000.0,-1.2806843815776738,1079726000.0,-4098658000.0,-1.3448298151237894,0.0,-4098658000.0,-1.3448298151237894,-0.02503,-0.02503,163724000000,163724000000.0,https://www.sec.gov/Archives/edgar/data/1045942/000109690609000565/0001096906-09-000565-index.html,https://www.sec.gov/Archives/edgar/data/1045942/000109690609000565/rmdx10q20090331.htm,1620597685,18:01:25,20210509
45,2008-12-31,SCRA,USD,2009-02-09 00:00:00,2009-02-09 17:12:23,Q1,3222297000.0,3115457000.0,106840000.0,0.033156471920496464,492403000.0,4089273000.0,0.0,25000.0,4581676000.0,7697133000.0,479745000.0,400614000.0,-4074222000.0,-1.2643843817003833,-4474836000.0,-1.3887099792477229,25000.0,-4934159000.0,-1.5312551884571781,0.0,-4934159000.0,-1.5312551884571781,-0.0315,-0.0315,156631000000,156631000000.0,https://www.sec.gov/Archives/edgar/data/1045942/000109690609000088/0001096906-09-000088-index.html,https://www.sec.gov/Archives/edgar/data/1045942/000109690609000088/remotemdx10q123108.htm,1620597685,18:01:25,20210509
46,2008-09-30,SCRA,USD,2008-12-26 00:00:00,2008-12-24 17:36:19,Q4,3196452000.0,3405675000.0,-209223000.0,-0.06545476046566631,-43292000.0,7555261000.0,0.0,269000000.0,7511969000.0,10917644000.0,402956000.0,111786000.0,-8314719000.0,-2.601233805481828,-8426505000.0,-2.6362057055760575,269000000.0,-9624208000.0,-3.0109033390772018,0.0,-9624208000.0,-3.0109033390772018,-0.06793,-0.06793,141677285714,141677285714.0,https://www.sec.gov/Archives/edgar/data/1045942/000109690608002225/0001096906-08-002225-index.html,https://www.sec.gov/Archives/edgar/data/1045942/000109690608002225/remotemdx10k093008.htm,1620597685,18:01:25,20210509
47,2008-06-30,SCRA,USD,2008-08-15 00:00:00,2008-08-15 16:15:39,Q3,3610378000.0,3510270000.0,100108000.0,0.02772784456364403,770697000.0,16814431000.0,0.0,11136000.0,17585128000.0,21095398000.0,389838000.0,432965000.0,-17052055000.0,-4.723066393601999,-17485020000.0,-4.842988739683213,11136000.0,-17502818000.0,-4.847918417406709,0.0,-17502818000.0,-4.847918417406709,-0.12861,-0.12861,136097000000,136097000000.0,https://www.sec.gov/Archives/edgar/data/1045942/000109690608001592/0001096906-08-001592-index.html,https://www.sec.gov/Archives/edgar/data/1045942/000109690608001592/remotemdx10q063008.htm,1620597685,18:01:25,20210509
48,2008-03-31,SCRA,USD,2008-06-18 00:00:00,2008-06-18 16:15:42,Q2,2663282000.0,3336038000.0,-672756000.0,-0.2526041177764878,3043276000.0,7779757000.0,0.0,33923000.0,10823033000.0,14159071000.0,398238000.0,750576000.0,-10745213000.0,-4.03457576028374,-11495789000.0,-4.316399465020978,23321000.0,-20118080000.0,-7.55386774663742,0.0,-20118080000.0,-7.55386774663742,-0.15342,-0.15342,131131000000,131131000000.0,https://www.sec.gov/Archives/edgar/data/1045942/000109690608001194/0001096906-08-001194-index.html,https://www.sec.gov/Archives/edgar/data/1045942/000109690608001194/remotemdx10q033108.htm,1620597685,18:01:25,20210509
49,2007-12-31,SCRA,USD,2008-06-18,2008-06-18 16:20:22,Q1,3638878000.0,2857007000.0,781871000.0,0.2148659559347689,1040447000.0,4317229000.0,0.0,0.0,5357676000.0,8214683000.0,375510000.0,441165000.0,-4134640000.0,-1.136240346612335,-4575805000.0,-1.2574768926026099,10602000.0,-2341944000.0,-0.6435895899780097,0.0,-2341944000.0,-0.6435895899780097,-0.01807,-0.01807,129617000000,129617000000.0,https://www.sec.gov/Archives/edgar/data/1045942/000109690608001196/0001096906-08-001196-index.htm,https://www.sec.gov/Archives/edgar/data/1045942/000109690608001196/remotemdx10qsba123107.htm,1620597685,18:01:25,20210509
50,2007-09-30,SCRA,USD,2008-06-19,2008-06-19 06:20:11,Q4,8124504000.0,8822287000.0,-697783000.0,-0.08588622763925034,822468000.0,417875000.0,0.0,-298057000.0,1240343000.0,10062630000.0,361905000.0,-1697771000.0,-10247252000.0,-1.2612772422784209,-8549481000.0,-1.052308054744019,186382000.0,-6228169000.0,-0.7665906743353195,0.0,-6228169000.0,-0.7665906743353195,-0.06057,-0.06057,102826000000,102826000000.0,https://www.sec.gov/Archives/edgar/data/1045942/000109690608001199/0001096906-08-001199-index.htm,https://www.sec.gov/Archives/edgar/data/1045942/000109690608001199/rmdx10ksba093007.htm,1620597685,18:01:25,20210509
51,2007-06-30,SCRA,USD,2007-08-14,2007-08-14 17:11:13,Q3,3119223000.0,708343000.0,2410880000.0,0.7729104331431257,731737000.0,6718891000.0,0.0,298057000.0,7450628000.0,8158971000.0,279418000.0,637665000.0,-4402083000.0,-1.4112755003409503,-5039748000.0,-1.61570621914496,275460000.0,-5284698000.0,-1.6942353913137984,0.0,-5284698000.0,-1.6942353913137984,-0.05929,-0.05929,89140000000,89140000000.0,https://www.sec.gov/Archives/edgar/data/1045942/000109690607001122/0001096906-07-001122-index.htm,https://www.sec.gov/Archives/edgar/data/1045942/000109690607001122/remote10qsb063007.htm,1620597685,18:01:25,20210509
