,date,symbol,reportedCurrency,fillingDate,acceptedDate,period,revenue,costOfRevenue,grossProfit,grossProfitRatio,researchAndDevelopmentExpenses,generalAndAdministrativeExpenses,sellingAndMarketingExpenses,otherExpenses,operatingExpenses,costAndExpenses,interestExpense,depreciationAndAmortization,ebitda,ebitdaratio,operatingIncome,operatingIncomeRatio,totalOtherIncomeExpensesNet,incomeBeforeTax,incomeBeforeTaxRatio,incomeTaxExpense,netIncome,netIncomeRatio,eps,epsdiluted,weightedAverageShsOut,weightedAverageShsOutDil,link,finalLink,timestamp,est_time,est_date
0,2020-03-31,FPACU,USD,2020-05-08,2020-05-08 17:04:56,Q1,0.0,0.0,0.0,0.0,0.0,6556526.0,0.0,0.0,6556526.0,6556526.0,0.0,0.0,-6606189.0,0.0,-6606189.0,0.0,0.0,-4094196.0,0.0,517071.0,-4611267.0,0.0,-0.07291,-0.07291,63250000,63250000,https://www.sec.gov/Archives/edgar/data/1735858/000119312520137682/0001193125-20-137682-index.htm,https://www.sec.gov/Archives/edgar/data/1735858/000119312520137682/d196958d10q.htm,1620592211,16:30:11,20210509
1,2019-12-31,FPACU,USD,2020-03-12,2020-03-12 16:15:59,Q4,0.0,0.0,0.0,0.0,0.0,632657.0,0.0,0.0,632657.0,632657.0,0.0,0.0,-2311284000.0,0.0,-2311284000.0,0.0,0.0,2078586.0,0.0,575368.0,1503218.0,0.0,0.02377,0.02377,63250000,63250000,https://www.sec.gov/Archives/edgar/data/1735858/000119312520071576/0001193125-20-071576-index.htm,https://www.sec.gov/Archives/edgar/data/1735858/000119312520071576/d891660d10k.htm,1620592211,16:30:11,20210509
2,2019-09-30,FPACU,USD,2019-11-12,2019-11-12 16:07:00,Q3,0.0,0.0,0.0,0.0,0.0,349670.0,0.0,0.0,349670.0,349670.0,0.0,0.0,-1628627000.0,0.0,-1628627000.0,0.0,0.0,3100746.0,0.0,705275.0,2395471.0,0.0,0.03787,0.03787,63250000,63250000,https://www.sec.gov/Archives/edgar/data/1735858/000119312519289923/0001193125-19-289923-index.htm,https://www.sec.gov/Archives/edgar/data/1735858/000119312519289923/d804330d10q.htm,1620592211,16:30:11,20210509
3,2019-06-30,FPACU,USD,2019-08-12,2019-08-12 17:20:28,Q2,0.0,0.0,0.0,0.0,0.0,799320.0,0.0,0.0,799320.0,799320.0,0.0,0.0,-1228957000.0,0.0,-1228957000.0,0.0,0.0,3477775.0,0.0,916758.0,2561017.0,0.0,0.04049,0.04049,63250000,63250000,https://www.sec.gov/Archives/edgar/data/1735858/000119312519219125/0001193125-19-219125-index.htm,https://www.sec.gov/Archives/edgar/data/1735858/000119312519219125/d782283d10q.htm,1620592211,16:30:11,20210509
4,2019-03-31,FPACU,USD,2019-05-14,2019-05-14 17:18:56,Q1,0.0,0.0,0.0,0.0,0.0,334396.0,0.0,0.0,334396.0,334396.0,0.0,0.0,-379637000.0,0.0,-379637000.0,0.0,0.0,3409212.0,0.0,821913.0,2587299.0,0.0,0.04090591304347826,0.16362365217391303,63250000,15812500,https://www.sec.gov/Archives/edgar/data/1735858/000119312519146708/0001193125-19-146708-index.htm,https://www.sec.gov/Archives/edgar/data/1735858/000119312519146708/d732050d10q.htm,1620592211,16:30:11,20210509
5,2018-12-31,FPACU,USD,2019-03-29,2019-03-29 17:01:33,Q4,0.0,0.0,0.0,0.0,0.0,988375.0,0.0,0.0,988375.0,988375.0,0.0,0.0,-1105369000.0,0.0,-1105369000.0,0.0,0.0,6114296.0,0.0,1491470.0,4622826.0,0.0,0.0730881581027668,0.2923526324110672,63250000,15812500,https://www.sec.gov/Archives/edgar/data/1735858/000119312519092860/0001193125-19-092860-index.htm,https://www.sec.gov/Archives/edgar/data/1735858/000119312519092860/d720787d10k.htm,1620592211,16:30:11,20210509
6,2018-09-30,FPACU,USD,2018-11-14,2018-11-14 11:40:26,Q3,0.0,0.0,0.0,0.0,0.0,723576000.0,0.0,0.0,723576000.0,723576000.0,0.0,0.0,-730697000.0,0.0,-730697000.0,0.0,0.0,2421611000.0,0.0,660490000.0,1761121000.0,0.0,27.843810276679843,111.37524110671937,63250000,15812500,https://www.sec.gov/Archives/edgar/data/1735858/000119312518326462/0001193125-18-326462-index.htm,https://www.sec.gov/Archives/edgar/data/1735858/000119312518326462/d651354d10q.htm,1620592211,16:30:11,20210509
7,2018-06-30,FPACU,USD,2018-07-26,2018-07-26 17:18:28,Q2,0.0,0.0,0.0,0.0,0.0,23592000.0,0.0,0.0,23592000.0,23592000.0,0.0,0.0,-82948000.0,0.0,-82948000.0,0.0,0.0,325116000.0,0.0,73206000.0,251910000.0,0.0,3.9827667984189725,15.93106719367589,63250000,15812500,https://www.sec.gov/Archives/edgar/data/1735858/000119312518227953/0001193125-18-227953-index.htm,https://www.sec.gov/Archives/edgar/data/1735858/000119312518227953/d527255d10q.htm,1620592211,16:30:11,20210509
8,2018-03-31,FPACU,USD,2018-03-31,2018-03-31,Q1,0.0,0.0,0.0,0.0,0.0,0.0,0.0,0.0,0.0,0.0,0.0,0.0,0.0,0.0,0.0,0.0,0.0,0.0,0.0,0.0,0.0,0.0,0.0,0.0,63250000,15812500,,processing...,1620592211,16:30:11,20210509
