,date,symbol,reportedCurrency,fillingDate,acceptedDate,period,revenue,costOfRevenue,grossProfit,grossProfitRatio,researchAndDevelopmentExpenses,generalAndAdministrativeExpenses,sellingAndMarketingExpenses,otherExpenses,operatingExpenses,costAndExpenses,interestExpense,depreciationAndAmortization,ebitda,ebitdaratio,operatingIncome,operatingIncomeRatio,totalOtherIncomeExpensesNet,incomeBeforeTax,incomeBeforeTaxRatio,incomeTaxExpense,netIncome,netIncomeRatio,eps,epsdiluted,weightedAverageShsOut,weightedAverageShsOutDil,link,finalLink,timestamp,est_time,est_date
0,2019-11-30,JMLP,USD,2019-11-30,2019-11-30,Q4,1125330.0,1163780.0,-38450.0,-0.03416775523624181,0.0,14820.0,0.0,0.0,32989.99999999985,0.0,0.0,0.0,-17031390.0,-15.134574,-71440.0,-0.06348360036611483,0.0,-17031390.0,-15.134573858334889,0.0,-17031390.0,-15.134573858334889,-1.26156,-1.26156,13500220,13500220,,,1620593955,16:59:15,20210509
1,2019-05-31,JMLP,USD,2019-05-31,2019-05-31,Q3,-685140.0,1342310.0,-2027450.0,2.959176226756575,0.0,17720.0,0.0,0.0,87610.00000000019,0.0,0.0,0.0,4074220.0,-5.946551,-2115060.0,3.0870479026184428,0.0,4074220.0,-5.946551069854336,0.0,4074220.0,-5.946551069854336,0.30179,0.30179,13500220,13500220,,,1620593955,16:59:15,20210509
2,2018-11-30,JMLP,USD,2018-11-30,2018-11-30,Q2,757260.0,1600030.0,-842770.0,-1.1129202651665213,0.0,5050.0,0.0,0.0,20319.999999999894,0.0,0.0,0.0,-13937250.0,-18.404841,-863090.0,-1.1397538494044317,0.0,-13937250.0,-18.404841137786228,0.0,-13937250.0,-18.404841137786228,-1.03237,-1.03237,13500220,13500220,,,1620593955,16:59:15,20210509
3,2018-05-31,JMLP,USD,2018-05-31,2018-05-31,Q1,-39490.0,1386300.0,-1425790.0,36.105089896176246,0.0,52350.0,0.0,0.0,157439.9999999998,0.0,0.0,0.0,7597280.0,-192.384908,-1583230.0,40.09192200557103,0.0,7597280.0,-192.3849075715371,0.0,7597280.0,-192.3849075715371,0.56275,0.56275,13500220,13500220,,,1620593955,16:59:15,20210509
4,2017-11-30,JMLP,USD,2017-11-30,2017-11-30,Q4,1467970.0,1300030.0,167940.0,0.11440288289270217,0.0,34260.0,0.0,0.0,80700.0,0.0,0.0,0.0,-3653070.0,-2.488518,87240.0,0.05942900740478348,0.0,-3653070.0,-2.488518157728019,6780.0,-3659850.0,-2.493136780724402,-0.26983,-0.26983,13563740,13563740,,,1620593955,16:59:15,20210509
5,2017-05-31,JMLP,USD,2017-05-31,2017-05-31,Q3,410000.0,1310000.0,-910000.0,-2.2195121951219514,0.0,30000.0,0.0,0.0,109999.99999999988,0.0,0.0,0.0,-890000.0,-2.170732,-1010000.0,-2.4634146341463414,40000.0,-890000.0,-2.1707317073170733,0.0,-890000.0,-2.1707317073170733,-0.06975,-0.06975,12760000,12760000,,,1620593955,16:59:15,20210509
6,2016-11-30,JMLP,USD,2016-11-30,2016-11-30,Q2,1030000.0,1130000.0,-90000.0,-0.08737864077669903,0.0,20000.0,0.0,0.0,90000.00000000007,0.0,0.0,0.0,16580000.0,16.097087,-180000.0,-0.17475728155339806,30000.0,16580000.0,16.097087378640776,-10000.0,16590000.0,16.106796116504853,1.30016,1.30016,12760000,12760000,,,1620593955,16:59:15,20210509
7,2016-05-31,JMLP,USD,2016-05-31,2016-05-31,Q1,540000.0,850000.0,-310000.0,-0.5740740740740741,0.0,40000.0,0.0,0.0,99999.99999999999,0.0,0.0,0.0,4310000.0,7.981481,-410000.0,-0.7592592592592593,30000.0,4310000.0,7.981481481481482,0.0,4310000.0,7.981481481481482,0.33777,0.33777,12760000,12760000,,,1620593955,16:59:15,20210509
