,date,symbol,reportedCurrency,fillingDate,acceptedDate,period,revenue,costOfRevenue,grossProfit,grossProfitRatio,researchAndDevelopmentExpenses,generalAndAdministrativeExpenses,sellingAndMarketingExpenses,otherExpenses,operatingExpenses,costAndExpenses,interestExpense,depreciationAndAmortization,ebitda,ebitdaratio,operatingIncome,operatingIncomeRatio,totalOtherIncomeExpensesNet,incomeBeforeTax,incomeBeforeTaxRatio,incomeTaxExpense,netIncome,netIncomeRatio,eps,epsdiluted,weightedAverageShsOut,weightedAverageShsOutDil,link,finalLink,timestamp,est_time,est_date
0,2016-06-26,TUMI,USD,2016-07-29,2016-07-29 16:29:16,Q2,147517000.0,61339000.0,86178000.0,0.5841902967115654,0.0,5026000.0,9373000.0,51010000.0,65409000.0,126748000.0,0.0,6193000.0,26962000.0,0.18277215507365252,20769000.0,0.14079055295321896,-3039000.0,20536000.0,0.1392110739779144,7336000.0,13200000.0,0.08948121233484954,0.1954159098988166,0.19500986594800213,67548236,67688883,https://www.sec.gov/Archives/edgar/data/1535031/000153503116000128/0001535031-16-000128-index.htm,https://www.sec.gov/Archives/edgar/data/1535031/000153503116000128/tumi6261610-q.htm,1620599126,18:25:26,20210509
1,2016-03-27,TUMI,USD,2016-05-05 00:00:00,2016-05-05 16:46:16,Q1,118342000.0,48992000.0,69350000.0,0.5860134187355293,0.0,4470000.0,9395000.0,47724000.0,61589000.0,110581000.0,0.0,5827000.0,13588000.0,0.11481975967957277,7761000.0,0.06558111236923493,3000000.0,10761000.0,0.09093136840682091,2858000.0,7903000.0,0.06678102448834733,0.11718130085359675,0.11710823247165156,67442501,67484581,https://www.sec.gov/Archives/edgar/data/1535031/000153503116000106/0001535031-16-000106-index.html,https://www.sec.gov/Archives/edgar/data/1535031/000153503116000106/tumi3271610-q.htm,1620599126,18:25:26,20210509
2,2015-12-31,TUMI,USD,2016-02-25 00:00:00,2016-02-25 16:52:09,Q4,167661000.0,66967000.0,100694000.0,0.6005809341468797,0.0,3874000.0,8687000.0,49210000.0,61771000.0,128738000.0,0.0,5871000.0,44794000.0,0.2671700634017452,38923000.0,0.23215297534906745,145000.0,38742000.0,0.23107341600014314,13691000.0,25051000.0,0.14941459254090098,0.3691977074872399,0.36906587131161744,67852534,67876772,https://www.sec.gov/Archives/edgar/data/1535031/000153503116000072/0001535031-16-000072-index.html,https://www.sec.gov/Archives/edgar/data/1535031/000153503116000072/tumi201510k.htm,1620599126,18:25:26,20210509
3,2015-09-27,TUMI,USD,2015-11-05 00:00:00,2015-11-05 17:23:08,Q3,131013000.0,51693000.0,79320000.0,0.6054361017608939,0.0,3275000.0,8416000.0,44507000.0,56198000.0,107891000.0,0.0,5604000.0,28726000.0,0.21926068405425417,23122000.0,0.17648630288597314,62000.0,23184000.0,0.17695953836642164,8315000.0,14869000.0,0.11349255417401327,0.21906628025706587,0.21896057827504922,67874435,67907201,https://www.sec.gov/Archives/edgar/data/1535031/000153503115000067/0001535031-15-000067-index.html,https://www.sec.gov/Archives/edgar/data/1535031/000153503115000067/tumi9271510-q.htm,1620599126,18:25:26,20210509
4,2015-06-28,TUMI,USD,2015-08-06 00:00:00,2015-08-06 17:24:15,Q2,138520000.0,56905000.0,81615000.0,0.5891928963326596,0.0,3667000.0,8207000.0,44461000.0,56335000.0,113240000.0,0.0,5109000.0,30389000.0,0.2193834825295986,25280000.0,0.18250072191741265,441000.0,25721000.0,0.1856843777071903,9002000.0,16719000.0,0.12069737222061797,0.24633304988604499,0.2461597989201743,67871526,67919295,https://www.sec.gov/Archives/edgar/data/1535031/000153503115000061/0001535031-15-000061-index.html,https://www.sec.gov/Archives/edgar/data/1535031/000153503115000061/tumi6281510-q.htm,1620599126,18:25:26,20210509
5,2015-03-29,TUMI,USD,2015-05-07 00:00:00,2015-05-07 16:54:14,Q1,110461000.0,45190000.0,65271000.0,0.5908963344528838,0.0,4891000.0,8636000.0,42181000.0,55708000.0,100898000.0,0.0,5075000.0,14638000.0,0.13251735906790632,9563000.0,0.08657354179303102,243000.0,9806000.0,0.08877341324087235,3432000.0,6374000.0,0.057703623903459136,0.09391640499906975,0.09384785910418023,67868867,67918438,https://www.sec.gov/Archives/edgar/data/1535031/000153503115000043/0001535031-15-000043-index.html,https://www.sec.gov/Archives/edgar/data/1535031/000153503115000043/tumi3291510-q.htm,1620599126,18:25:26,20210509
6,2014-12-31,TUMI,USD,2015-02-27,2015-02-27 16:03:40,Q4,163815000.0,69340000.0,94475000.0,0.5767176387998657,0.0,1201000.0,10096000.0,46252000.0,57549000.0,126889000.0,0.0,5486000.0,42412000.0,0.2589018099685621,36926000.0,0.2254128132344413,1004000.0,37930000.0,0.23154167811250495,14210000.0,23720000.0,0.14479748496779904,0.3495043999612834,0.34944873430905943,67867529,67878340,https://www.sec.gov/Archives/edgar/data/1535031/000153503115000009/0001535031-15-000009-index.htm,https://www.sec.gov/Archives/edgar/data/1535031/000153503115000009/tumi201410k.htm,1620599126,18:25:26,20210509
7,2014-09-28,TUMI,USD,2014-11-07 00:00:00,2014-11-07 16:04:18,Q3,130195000.0,53888000.0,76307000.0,0.5860977764123046,0.0,1316000.0,9515000.0,42209000.0,53040000.0,106928000.0,0.0,4595000.0,27862000.0,0.2140020738123584,23267000.0,0.1787088597872422,34000.0,23183000.0,0.17806367372018894,9266000.0,13917000.0,0.10689350589500365,0.20506264710283256,0.20504630492767953,67867065,67872474,https://www.sec.gov/Archives/edgar/data/1535031/000153503114000049/0001535031-14-000049-index.html,https://www.sec.gov/Archives/edgar/data/1535031/000153503114000049/tumi928201410-q.htm,1620599126,18:25:26,20210509
8,2014-06-29,TUMI,USD,2014-08-08 00:00:00,2014-08-08 16:21:04,Q2,124582000.0,52480000.0,72102000.0,0.5787513444959946,0.0,2128000.0,8569000.0,41549000.0,52246000.0,104726000.0,0.0,4278000.0,24134000.0,0.19371979900788236,19856000.0,0.15938096996355813,-72000.0,19702000.0,0.15814483633269655,7483000.0,12219000.0,0.0980799794512851,0.18004420343789684,0.18003422639385744,67866667,67870428,https://www.sec.gov/Archives/edgar/data/1535031/000153503114000037/0001535031-14-000037-index.html,https://www.sec.gov/Archives/edgar/data/1535031/000153503114000037/tumi629201410-q.htm,1620599126,18:25:26,20210509
9,2014-03-30,TUMI,USD,2014-05-09 00:00:00,2014-05-09 16:07:32,Q1,108602000.0,45519000.0,63083000.0,0.580864072484853,0.0,2707000.0,8267000.0,38728000.0,49702000.0,95221000.0,0.0,3961000.0,17342000.0,0.15968398372037348,13381000.0,0.12321135890683413,-357000.0,13024000.0,0.11992412662750225,4871000.0,8153000.0,0.07507228227841108,0.12013261237655888,0.12013051481281595,67866667,67867852,https://www.sec.gov/Archives/edgar/data/1535031/000153503114000018/0001535031-14-000018-index.html,https://www.sec.gov/Archives/edgar/data/1535031/000153503114000018/tumi330201410-q.htm,1620599126,18:25:26,20210509
10,2013-12-31,TUMI,USD,2014-02-28,2014-02-28 16:02:31,Q4,147414000.0,62884000.0,84530000.0,0.5734190782422294,0.0,2142000.0,7965000.0,42058000.0,52165000.0,115049000.0,0.0,3730000.0,36095000.0,0.24485462710461692,32365000.0,0.21955173864083466,150000.0,32140000.0,0.21802542499355557,11365000.0,20775000.0,0.1409296267654361,0.30611492973420956,0.30609679395028383,67866667,67870688,https://www.sec.gov/Archives/edgar/data/1535031/000153503114000007/0001535031-14-000007-index.htm,https://www.sec.gov/Archives/edgar/data/1535031/000153503114000007/tumi201310k.htm,1620599126,18:25:26,20210509
11,2013-09-29,TUMI,USD,2013-11-08 00:00:00,2013-11-08 16:07:48,Q3,108910000.0,44918000.0,63992000.0,0.5875677164631347,0.0,1929000.0,7304000.0,36233000.0,45466000.0,90384000.0,0.0,3676000.0,22202000.0,0.2038563951886879,18526000.0,0.17010375539436232,731000.0,19257000.0,0.17681571940134055,7202000.0,12055000.0,0.11068772380864934,0.1776277005028109,0.1776172109677707,67866667,67870675,https://www.sec.gov/Archives/edgar/data/1535031/000153503113000045/0001535031-13-000045-index.html,https://www.sec.gov/Archives/edgar/data/1535031/000153503113000045/tumi929201310-q.htm,1620599126,18:25:26,20210509
12,2013-06-30,TUMI,USD,2013-08-08 00:00:00,2013-08-08 16:21:28,Q2,108189000.0,45879000.0,62310000.0,0.5759365554723678,0.0,1983000.0,7237000.0,35232000.0,44452000.0,90331000.0,0.0,3506000.0,21364000.0,0.19746924363844753,17858000.0,0.16506299161652294,16000.0,17719000.0,0.16377820295963547,6525000.0,11194000.0,0.1034670807568237,0.16494106009360973,0.16493749481899708,67866667,67868134,https://www.sec.gov/Archives/edgar/data/1535031/000153503113000041/0001535031-13-000041-index.html,https://www.sec.gov/Archives/edgar/data/1535031/000153503113000041/tumi630201310-q.htm,1620599126,18:25:26,20210509
13,2013-03-31,TUMI,USD,2013-05-09 00:00:00,2013-05-09 16:02:55,Q1,102925000.0,44912000.0,58013000.0,0.5636434296818071,0.0,2585000.0,6369000.0,31445000.0,40399000.0,85311000.0,0.0,3440000.0,21054000.0,0.20455671605538014,17614000.0,0.17113432110760263,-222000.0,16992000.0,0.16509108574204517,6457000.0,10535000.0,0.10235608452756861,0.15523084403128268,0.15522827544553905,67866667,67867790,https://www.sec.gov/Archives/edgar/data/1535031/000153503113000030/0001535031-13-000030-index.html,https://www.sec.gov/Archives/edgar/data/1535031/000153503113000030/tumi331201310-q.htm,1620599126,18:25:26,20210509
14,2012-12-31,TUMI,USD,2013-03-21 00:00:00,2013-03-21 16:38:21,Q4,126847000.0,53661000.0,73186000.0,0.5769627977011675,0.0,936000.0,7332000.0,35802000.0,44070000.0,97731000.0,0.0,3308000.0,32424000.0,0.2556150322829866,29116000.0,0.22953637058818893,41000.0,29157000.0,0.2298595946297508,12220000.0,16937000.0,0.13352306321789242,0.26754669208694604,0.26754622719222515,63304838,63304948,https://www.sec.gov/Archives/edgar/data/1535031/000153503113000015/0001535031-13-000015-index.html,https://www.sec.gov/Archives/edgar/data/1535031/000153503113000015/tumi201210k.htm,1620599126,18:25:26,20210509
15,2012-09-23,TUMI,USD,2012-10-29 00:00:00,2012-10-29 16:06:33,Q3,95860000.0,40685000.0,55175000.0,0.5755789693302733,0.0,919000.0,6517000.0,30489000.0,37925000.0,78610000.0,0.0,2982000.0,20232000.0,0.21105779261422908,17250000.0,0.17994992697684123,343000.0,17593000.0,0.18352806175672856,7129000.0,10464000.0,0.1091591904861256,0.16983326006190247,0.16983317736889164,61613373,61613403,https://www.sec.gov/Archives/edgar/data/1535031/000153503112000013/0001535031-12-000013-index.html,https://www.sec.gov/Archives/edgar/data/1535031/000153503112000013/tumi923201210-q.htm,1620599126,18:25:26,20210509
16,2012-06-24,TUMI,USD,2012-08-07 00:00:00,2012-08-07 16:04:44,Q2,175844000.0,75746000.0,100098000.0,0.5692431928300085,0.0,14966000.0,6092000.0,53730000.0,74788000.0,150534000.0,0.0,5432000.0,30742000.0,0.17482541343463526,25310000.0,0.14393439639680625,55000.0,16754000.0,0.09527763244694161,7372000.0,9382000.0,0.0533541093241737,0.16070534676383763,0.16070522013788857,58380136,58380182,https://www.sec.gov/Archives/edgar/data/1535031/000153503112000002/0001535031-12-000002-index.html,https://www.sec.gov/Archives/edgar/data/1535031/000153503112000002/tumi624201210-q.htm,1620599126,18:25:26,20210509
17,2012-03-25,TUMI,USD,2012-03-25,2012-03-25,Q1,0.0,0.0,0.0,0.0,0.0,0.0,0.0,0.0,0.0,0.0,0.0,0.0,0.0,0.0,0.0,0.0,0.0,0.0,0.0,0.0,0.0,0.0,0.0,0.0,58380136,58380182,updating...,,1620599126,18:25:26,20210509
