,date,symbol,reportedCurrency,fillingDate,acceptedDate,period,revenue,costOfRevenue,grossProfit,grossProfitRatio,researchAndDevelopmentExpenses,generalAndAdministrativeExpenses,sellingAndMarketingExpenses,otherExpenses,operatingExpenses,costAndExpenses,interestExpense,depreciationAndAmortization,ebitda,ebitdaratio,operatingIncome,operatingIncomeRatio,totalOtherIncomeExpensesNet,incomeBeforeTax,incomeBeforeTaxRatio,incomeTaxExpense,netIncome,netIncomeRatio,eps,epsdiluted,weightedAverageShsOut,weightedAverageShsOutDil,link,finalLink,timestamp,est_time,est_date
0,2020-12-31,FMTX,USD,2021-03-30,2021-03-30 16:41:46,Q4,0.0,0.0,0.0,0.0,24866000,7941000.0,0.0,7000.0,32807000,32807000,0.0,200000.0,-32607000,0.0,-32807000,0.0,7000.0,-31778000.0,0.0,-3190000.0,-28588000,0.0,-0.6957705024313392,-0.6957705024313392,41088261.0,41088261.0,https://www.sec.gov/Archives/edgar/data/1538927/000156459021016642/0001564590-21-016642-index.htm,https://www.sec.gov/Archives/edgar/data/1538927/000156459021016642/fmtx-10k_20201231.htm,1620592158,16:29:18,20210509
1,2020-09-30,FMTX,USD,2020-11-12,2020-09-30,Q3,0.0,0.0,0.0,0.0,24780000,7460000.0,0.0,-52000.0,32240000,32240000,0.0,249000.0,-31991000,0.0,-32240000,0.0,-52000.0,-31422000.0,0.0,-3806000.0,-27616000,0.0,-0.6721141106458606,-0.6721032655905032,41088261.0,41088924.0,https://www.sec.gov/Archives/edgar/data/1538927/000156459020053556/0001564590-20-053556-index.htm,https://www.sec.gov/Archives/edgar/data/1538927/000156459020053556/fmtx-10q_20200930.htm,1620592158,16:29:18,20210509
2,2020-06-30,FMTX,USD,2020-08-13,2020-08-13,Q2,0.0,0.0,0.0,0.0,20511000,6448000.0,0.0,0.0,26959000,26959000,0.0,284000.0,-26675000,0.0,-26959000,0.0,-2580000.0,-28678000.0,0.0,-3238000.0,-25440000,0.0,-4.58,-4.58,5943165.0,5943165.0,https://www.sec.gov/Archives/edgar/data/1538927/000156459020040007/0001564590-20-040007-index.htm,https://www.sec.gov/Archives/edgar/data/1538927/000156459020040007/fmtx-10q_20200630.htm,1620592158,16:29:18,20210509
3,2020-03-31,FMTX,USD,2020-03-31,2020-03-31,Q1,0.0,0.0,0.0,0.0,23210000,8933000.0,0.0,18000.0,32143000,32143000,0.0,543000.0,-31600000,0.0,-32143000,0.0,23247000.0,-8255000.0,0.0,-19485000.0,11230000,0.0,0.45,0.42,24989062.0,27036237.0,,,1620592158,16:29:18,20210509
4,2019-12-31,FMTX,USD,2019-12-31,2019-12-31,Q4,7444000.0,0.0,0.0,0.0,27042000,6771000.0,0.0,446000.0,33813000,33813000,0.0,540000.0,-25829000,-3.4697743148844706,-26369000,-3.542315959161741,776000.0,-25287000.0,-3.396963997850618,-631000.0,-24656000,-3.3121977431488445,-0.986671688597195,-0.986671688597195,24989062.0,24989062.0,,,1620592158,16:29:18,20210509
5,2019-09-30,FMTX,USD,2019-09-30,2019-09-30,Q3,3377000.0,0.0,0.0,0.0,27558000,7025000.0,0.0,201000.0,34583000,34583000,0.0,591000.0,-30615000,-9.065738821439147,-31206000,-9.24074622445958,-344000.0,-30985000.0,-9.175303523837727,0.0,-30985000,-9.175303523837727,-1.2399424996424435,-1.1460544601676632,24989062.0,27036237.0,,,1620592158,16:29:18,20210509
6,2019-06-30,FMTX,USD,2019-06-30,2019-06-30,Q2,17727000.0,0.0,0.0,0.0,28065000,5688000.0,0.0,11000.0,33753000,33753000,0.0,682000.0,-15344000,-0.8655722908557567,-16026000,-0.9040446776104247,-838000.0,-16082000.0,-0.9072037005697523,-1325000.0,-14757000,-0.8324589609070909,-0.59053837234867,-0.5458230004419624,24989062.0,27036237.0,,,1620592158,16:29:18,20210509
7,2019-03-31,FMTX,USD,2019-03-31,2019-03-31,Q1,72009000.0,0.0,0.0,0.0,28650000,4918000.0,0.0,301000.0,33568000,33568000,0.0,855000.0,39296000,0.5457095640822675,38441000,0.5338360482717438,-3925000.0,35713000.0,0.4959518949020261,108000.0,35605000,0.49445208237859156,0.227339,0.198659,24989062.0,27036237.0,,,1620592158,16:29:18,20210509
