,date,symbol,reportedCurrency,fillingDate,acceptedDate,period,revenue,costOfRevenue,grossProfit,grossProfitRatio,researchAndDevelopmentExpenses,generalAndAdministrativeExpenses,sellingAndMarketingExpenses,otherExpenses,operatingExpenses,costAndExpenses,interestExpense,depreciationAndAmortization,ebitda,ebitdaratio,operatingIncome,operatingIncomeRatio,totalOtherIncomeExpensesNet,incomeBeforeTax,incomeBeforeTaxRatio,incomeTaxExpense,netIncome,netIncomeRatio,eps,epsdiluted,weightedAverageShsOut,weightedAverageShsOutDil,link,finalLink,timestamp,est_time,est_date
0,2021-03-31,MHM.L,USD,2021-03-31,2021-03-31,Q1,5083000000,2807000000.0,2276000000.0,0.4477670666928979,0.0,0.0,0.0,71000000.0,918000000.0,3725000000.0,118000000.0,197000000.0,1555000000.0,0.30592169978359235,1358000000,0.26008262836907337,82000000.0,1322000000.0,0.26008262836907337,324000000.0,983000000.0,0.19338973047412944,1.93,1.91,509000000,514000000,https://find-and-update.company-information.service.gov.uk/search/companies?q=Marsh+&+McLennan+Companies+Inc,https://find-and-update.company-information.service.gov.uk/search/companies?q=Marsh+&+McLennan+Companies+Inc,1620594993,17:16:33,20210509
1,2020-12-31,MHM.L,USD,2020-12-31,2020-12-31,Q4,4416000000,2650000000.0,1766000000.0,0.3999094202898551,0.0,0.0,0.0,70000000.0,1195000000.0,3845000000.0,128000000.0,194000000.0,765000000.0,0.17323369565217392,571000000,0.12930253623188406,95000000.0,540000000.0,0.12228260869565218,161000000.0,374000000.0,0.08469202898550725,0.74,0.73,507000000,513000000,,,1620594993,17:16:33,20210509
2,2020-09-30,MHM.L,USD,2020-09-30,2020-09-30,Q3,3968000000,2495000000.0,1473000000.0,0.3712197580645161,0.0,0.0,0.0,60000000.0,933000000.0,3428000000.0,128000000.0,185000000.0,725000000.0,0.1827116935483871,540000000,0.13608870967741934,46000000.0,459000000.0,0.11567540322580645,139000000.0,316000000.0,0.07963709677419355,0.6232741617357002,0.6171875,507000000,512000000,https://find-and-update.company-information.service.gov.uk/search/companies?q=Marsh+&+McLennan+Companies+Inc,https://find-and-update.company-information.service.gov.uk/search/companies?q=Marsh+&+McLennan+Companies+Inc,1620594993,17:16:33,20210509
3,2020-06-30,MHM.L,USD,2020-06-30,2020-06-30,Q2,4189000000,2429000000.0,1760000000.0,0.42014800668417285,0.0,2429000000.0,0.0,63000000.0,875000000.0,3304000000.0,132000000.0,179000000.0,1064000000.0,0.25399856767724993,885000000,0.2112676056338028,32000000.0,787000000.0,0.18787300071616136,207000000.0,572000000.0,0.13654810217235616,1.13,1.12,506000000,511000000,https://find-and-update.company-information.service.gov.uk/search/companies?q=Marsh+&+McLennan+Companies+Inc,https://find-and-update.company-information.service.gov.uk/search/companies?q=Marsh+&+McLennan+Companies+Inc,1620594993,17:16:33,20210509
4,2020-03-31,MHM.L,USD,2020-03-31,2020-03-31,Q1,4651000000,2555000000.0,2096000000.0,0.45065577295205334,0.0,2555000000.0,0.0,64000000.0,1026000000.0,3581000000.0,127000000.0,183000000.0,1253000000.0,0.26940442915502044,1070000000,0.23005805203182111,62000000.0,1007000000.0,0.2165125779402279,240000000.0,754000000.0,0.1621156740485917,1.49,1.48,505000000,510000000,https://find-and-update.company-information.service.gov.uk/search/companies?q=Marsh+&+McLennan+Companies+Inc,https://find-and-update.company-information.service.gov.uk/search/companies?q=Marsh+&+McLennan+Companies+Inc,1620594993,17:16:33,20210509
5,2019-12-31,MHM.L,USD,2019-12-31,2019-12-31,Q4,4264000000,2478000000.0,1786000000.0,0.41885553470919323,0.0,2478000000.0,0.0,62000000.0,1194000000.0,3672000000.0,130000000.0,167000000.0,759000000.0,0.17800187617260788,592000000,0.13883677298311445,64000000.0,531000000.0,0.12453095684803002,135000000.0,391000000.0,0.09169793621013134,0.77,0.76,504000000,510000000,https://find-and-update.company-information.service.gov.uk/search/companies?q=Marsh+&+McLennan+Companies+Inc,https://find-and-update.company-information.service.gov.uk/search/companies?q=Marsh+&+McLennan+Companies+Inc,1620594993,17:16:33,20210509
6,2019-09-30,MHM.L,USD,2019-09-30,2019-09-30,Q3,3968000000,2437000000.0,1531000000.0,0.3858366935483871,0.0,2437000000.0,0.0,69000000.0,1064000000.0,3501000000.0,133000000.0,170000000.0,637000000.0,0.16053427419354838,467000000,0.11769153225806452,76000000.0,414000000.0,0.10433467741935484,108000000.0,303000000.0,0.07636088709677419,0.6,0.59,506000000,511000000,https://find-and-update.company-information.service.gov.uk/search/companies?q=Marsh+&+McLennan+Companies+Inc,https://find-and-update.company-information.service.gov.uk/search/companies?q=Marsh+&+McLennan+Companies+Inc,1620594993,17:16:33,20210509
7,2019-06-30,MHM.L,USD,2019-06-30,2019-06-30,Q2,4349000000,2537000000.0,1812000000.0,0.4166475051736031,0.0,2537000000.0,0.0,70000000.0,1132000000.0,3669000000.0,141000000.0,117000000.0,797000000.0,0.1832605196596919,680000000,0.15635778339848241,9000000.0,550000000.0,0.12646585421936077,206000000.0,332000000.0,0.07633938836514141,0.66,0.65,507000000,512000000,https://find-and-update.company-information.service.gov.uk/search/companies?q=Marsh+&+McLennan+Companies+Inc,https://find-and-update.company-information.service.gov.uk/search/companies?q=Marsh+&+McLennan+Companies+Inc,1620594993,17:16:33,20210509
8,2019-03-31,MHM.L,USD,2019-03-31,2019-03-31,Q1,4071000000,2282000000.0,1789000000.0,0.43944976664210267,0.0,2282000000.0,0.0,64000000.0,851000000.0,3133000000.0,120000000.0,193000000.0,1131000000.0,0.2778187177597642,938000000,0.2304102186195038,98000000.0,944000000.0,0.2318840579710145,217000000.0,716000000.0,0.17587816261360845,1.42,1.4,505000000,511000000,https://find-and-update.company-information.service.gov.uk/search/companies?q=Marsh+&+McLennan+Companies+Inc,https://find-and-update.company-information.service.gov.uk/search/companies?q=Marsh+&+McLennan+Companies+Inc,1620594993,17:16:33,20210509
9,2018-12-31,MHM.L,USD,2018-12-31,2018-12-31,Q4,3712000000,2163000000.0,1549000000.0,0.41729525862068967,0.0,2163000000.0,0.0,21000000.0,928000000.0,3091000000.0,92000000.0,123000000.0,744000000.0,0.20043103448275862,621000000,0.16729525862068967,-308000000.0,224000000.0,0.0603448275862069,65000000.0,153000000.0,0.0412176724137931,0.30357142857142855,0.3005893909626719,504000000,509000000,https://find-and-update.company-information.service.gov.uk/search/companies?q=Marsh+&+McLennan+Companies+Inc,https://find-and-update.company-information.service.gov.uk/search/companies?q=Marsh+&+McLennan+Companies+Inc,1620594993,17:16:33,20210509
10,2018-09-30,MHM.L,USD,2018-09-30,2018-09-30,Q3,3504000000,2083000000.0,1421000000.0,0.4055365296803653,0.0,2083000000.0,0.0,63000000.0,880000000.0,2963000000.0,69000000.0,124000000.0,665000000.0,0.18978310502283105,541000000,0.15439497716894976,-89000000.0,385000000.0,0.1098744292237443,106000000.0,276000000.0,0.07876712328767123,0.55,0.54,504000000,510000000,https://find-and-update.company-information.service.gov.uk/search/companies?q=Marsh+&+McLennan+Companies+Inc,https://find-and-update.company-information.service.gov.uk/search/companies?q=Marsh+&+McLennan+Companies+Inc,1620594993,17:16:33,20210509
11,2018-06-30,MHM.L,USD,2018-06-30,2018-06-30,Q2,3734000000,2135000000.0,1599000000.0,0.42822710230316013,0.0,2135000000.0,0.0,65000000.0,908000000.0,3043000000.0,68000000.0,122000000.0,813000000.0,0.2177289769683985,691000000,0.1850562399571505,93000000.0,719000000.0,0.1925549009105517,183000000.0,531000000.0,0.14220674879485806,1.05,1.04,507000000,512000000,https://find-and-update.company-information.service.gov.uk/search/companies?q=Marsh+&+McLennan+Companies+Inc,https://find-and-update.company-information.service.gov.uk/search/companies?q=Marsh+&+McLennan+Companies+Inc,1620594993,17:16:33,20210509
12,2018-03-31,MHM.L,USD,2018-03-31,2018-03-31,Q1,4000000000,2224000000.0,1776000000.0,0.444,0.0,2224000000.0,0.0,66000000.0,868000000.0,3092000000.0,61000000.0,125000000.0,1033000000.0,0.25825,908000000,0.227,66000000.0,916000000.0,0.229,220000000.0,690000000.0,0.1725,1.36,1.34,508000000,514000000,https://find-and-update.company-information.service.gov.uk/search/companies?q=Marsh+&+McLennan+Companies+Inc,https://find-and-update.company-information.service.gov.uk/search/companies?q=Marsh+&+McLennan+Companies+Inc,1620594993,17:16:33,20210509
13,2017-12-31,MHM.L,USD,2017-12-31,2017-12-31,Q4,3685000000,2098000000.0,1587000000.0,0.4306648575305292,0.0,2098000000.0,0.0,0.0,901000000.0,2999000000.0,59000000.0,125000000.0,811000000.0,0.22008141112618723,686000000,0.18616010854816825,12000000.0,642000000.0,0.17421981004070555,614000000.0,29000000.0,0.007869742198100407,0.056862745098039215,0.05609284332688588,510000000,517000000,https://find-and-update.company-information.service.gov.uk/search/companies?q=Marsh+&+McLennan+Companies+Inc,https://find-and-update.company-information.service.gov.uk/search/companies?q=Marsh+&+McLennan+Companies+Inc,1620594993,17:16:33,20210509
14,2017-09-30,MHM.L,USD,2017-09-30,2017-09-30,Q3,3341000000,1906000000.0,1435000000.0,0.429512122119126,0.0,1906000000.0,0.0,0.0,838000000.0,2744000000.0,60000000.0,120000000.0,717000000.0,0.21460640526788385,597000000,0.17868901526489075,-2000000.0,537000000.0,0.1607303202633942,140000000.0,393000000.0,0.11762945225980245,0.77,0.76,512000000,519000000,https://find-and-update.company-information.service.gov.uk/search/companies?q=Marsh+&+McLennan+Companies+Inc,https://find-and-update.company-information.service.gov.uk/search/companies?q=Marsh+&+McLennan+Companies+Inc,1620594993,17:16:33,20210509
15,2017-06-30,MHM.L,USD,2017-06-30,2017-06-30,Q2,3495000000,1935000000.0,1560000000.0,0.44635193133047213,0.0,1935000000.0,0.0,0.0,796000000.0,2731000000.0,60000000.0,116000000.0,880000000.0,0.25178826895565093,764000000,0.21859799713876968,5000000.0,711000000.0,0.2034334763948498,204000000.0,501000000.0,0.14334763948497853,0.98,0.96,514000000,520000000,https://find-and-update.company-information.service.gov.uk/search/companies?q=Marsh+&+McLennan+Companies+Inc,https://find-and-update.company-information.service.gov.uk/search/companies?q=Marsh+&+McLennan+Companies+Inc,1620594993,17:16:33,20210509
16,2017-03-31,MHM.L,USD,2017-03-31,2017-03-31,Q1,3503000000,1945000000.0,1558000000.0,0.44476163288609766,0.0,1945000000.0,0.0,0.0,749000000.0,2694000000.0,58000000.0,120000000.0,929000000.0,0.26520125606622896,809000000,0.23094490436768483,0.0,753000000.0,0.21495860690836427,175000000.0,569000000.0,0.16243220097059663,1.1,1.09,515000000,522000000,https://find-and-update.company-information.service.gov.uk/search/companies?q=Marsh+&+McLennan+Companies+Inc,https://find-and-update.company-information.service.gov.uk/search/companies?q=Marsh+&+McLennan+Companies+Inc,1620594993,17:16:33,20210509
17,2016-12-31,MHM.L,USD,2016-12-31,2016-12-31,Q4,3364000000,1918000000.0,1446000000.0,0.42984542211652793,0.0,1918000000.0,0.0,0.0,813000000.0,2731000000.0,48000000.0,108000000.0,741000000.0,0.22027348394768134,633000000,0.18816884661117717,2000000.0,588000000.0,0.17479191438763378,147000000.0,436000000.0,0.12960760998810938,0.85,0.84,515000000,521000000,https://find-and-update.company-information.service.gov.uk/search/companies?q=Marsh+&+McLennan+Companies+Inc,https://find-and-update.company-information.service.gov.uk/search/companies?q=Marsh+&+McLennan+Companies+Inc,1620594993,17:16:33,20210509
18,2016-09-30,MHM.L,USD,2016-09-30,2016-09-30,Q3,3135000000,1817000000.0,1318000000.0,0.420414673046252,0.0,1817000000.0,0.0,0.0,746000000.0,2563000000.0,47000000.0,109000000.0,681000000.0,0.21722488038277513,572000000,0.1824561403508772,0.0,525000000.0,0.1674641148325359,141000000.0,379000000.0,0.12089314194577352,0.7316602316602316,0.7246653919694073,518000000,523000000,https://find-and-update.company-information.service.gov.uk/search/companies?q=Marsh+&+McLennan+Companies+Inc,https://find-and-update.company-information.service.gov.uk/search/companies?q=Marsh+&+McLennan+Companies+Inc,1620594993,17:16:33,20210509
19,2016-06-30,MHM.L,USD,2016-06-30,2016-06-30,Q2,3376000000,1872000000.0,1504000000.0,0.44549763033175355,0.0,1872000000.0,0.0,0.0,778000000.0,2650000000.0,48000000.0,110000000.0,836000000.0,0.2476303317535545,726000000,0.21504739336492892,1000000.0,681000000.0,0.201718009478673,201000000.0,472000000.0,0.13981042654028436,0.91,0.9,521000000,525000000,https://find-and-update.company-information.service.gov.uk/search/companies?q=Marsh+&+McLennan+Companies+Inc,https://find-and-update.company-information.service.gov.uk/search/companies?q=Marsh+&+McLennan+Companies+Inc,1620594993,17:16:33,20210509
20,2016-03-31,MHM.L,USD,2016-03-31,2016-03-31,Q1,3336000000,1854000000.0,1482000000.0,0.4442446043165468,0.0,1854000000.0,0.0,0.0,749000000.0,2603000000.0,46000000.0,111000000.0,844000000.0,0.2529976019184652,733000000,0.2197242206235012,-3000000.0,686000000.0,0.20563549160671463,196000000.0,481000000.0,0.14418465227817745,0.92,0.91,521000000,526000000,https://find-and-update.company-information.service.gov.uk/search/companies?q=Marsh+&+McLennan+Companies+Inc,https://find-and-update.company-information.service.gov.uk/search/companies?q=Marsh+&+McLennan+Companies+Inc,1620594993,17:16:33,20210509
21,2015-12-31,MHM.L,USD,2015-12-31,2015-12-31,Q4,3338000000,1900000000.0,1438000000.0,0.43079688436189334,0.0,1900000000.0,0.0,0.0,844000000.0,2744000000.0,46000000.0,111000000.0,705000000.0,0.21120431396045536,594000000,0.1779508687837028,-1000000.0,551000000.0,0.16506890353505094,171000000.0,375000000.0,0.11234272019173158,0.72,0.71,522000000,527000000,https://find-and-update.company-information.service.gov.uk/search/companies?q=Marsh+&+McLennan+Companies+Inc,https://find-and-update.company-information.service.gov.uk/search/companies?q=Marsh+&+McLennan+Companies+Inc,1620594993,17:16:33,20210509
22,2015-09-30,MHM.L,USD,2015-09-30,2015-09-30,Q3,3115000000,1878000000.0,1237000000.0,0.3971107544141252,0.0,1878000000.0,0.0,0.0,776000000.0,2654000000.0,41000000.0,108000000.0,569000000.0,0.1826645264847512,461000000,0.14799357945425362,34000000.0,457000000.0,0.14670947030497591,128000000.0,323000000.0,0.10369181380417336,0.6117424242424242,0.6060037523452158,528000000,533000000,https://find-and-update.company-information.service.gov.uk/search/companies?q=Marsh+&+McLennan+Companies+Inc,https://find-and-update.company-information.service.gov.uk/search/companies?q=Marsh+&+McLennan+Companies+Inc,1620594993,17:16:33,20210509
23,2015-06-30,MHM.L,USD,2015-06-30,2015-06-30,Q2,3225000000,1826000000.0,1399000000.0,0.4337984496124031,0.0,1826000000.0,0.0,0.0,770000000.0,2596000000.0,40000000.0,103000000.0,732000000.0,0.22697674418604652,629000000,0.1950387596899225,3000000.0,595000000.0,0.18449612403100776,166000000.0,419000000.0,0.12992248062015505,0.78,0.77,535000000,541000000,https://find-and-update.company-information.service.gov.uk/search/companies?q=Marsh+&+McLennan+Companies+Inc,https://find-and-update.company-information.service.gov.uk/search/companies?q=Marsh+&+McLennan+Companies+Inc,1620594993,17:16:33,20210509
24,2015-03-31,MHM.L,USD,2015-03-31,2015-03-31,Q1,3215000000,1730000000.0,1485000000.0,0.4618973561430793,0.0,1730000000.0,0.0,0.0,750000000.0,2480000000.0,36000000.0,101000000.0,836000000.0,0.2600311041990669,735000000,0.2286158631415241,2000000.0,704000000.0,0.21897356143079316,206000000.0,482000000.0,0.14992223950233283,0.89,0.88,539000000,545000000,https://find-and-update.company-information.service.gov.uk/search/companies?q=Marsh+&+McLennan+Companies+Inc,https://find-and-update.company-information.service.gov.uk/search/companies?q=Marsh+&+McLennan+Companies+Inc,1620594993,17:16:33,20210509
25,2014-12-31,MHM.L,USD,2014-12-31,2014-12-31,Q4,3246000000,1896000000.0,1350000000.0,0.41589648798521256,0.0,1896000000.0,0.0,0.0,814000000.0,2710000000.0,36000000.0,99000000.0,635000000.0,0.19562538508934071,536000000,0.16512630930375846,-137000000.0,368000000.0,0.11337030191004313,99000000.0,294000000.0,0.09057301293900184,0.5434380776340111,0.5364963503649635,541000000,548000000,https://find-and-update.company-information.service.gov.uk/search/companies?q=Marsh+&+McLennan+Companies+Inc,https://find-and-update.company-information.service.gov.uk/search/companies?q=Marsh+&+McLennan+Companies+Inc,1620594993,17:16:33,20210509
26,2014-09-30,MHM.L,USD,2014-09-30,2014-09-30,Q3,3141000000,1904000000.0,1237000000.0,0.3938236230499841,0.0,1904000000.0,0.0,0.0,792000000.0,2696000000.0,45000000.0,98000000.0,543000000.0,0.1728748806112703,445000000,0.1416746259153136,26000000.0,432000000.0,0.13753581661891118,127000000.0,297000000.0,0.09455587392550144,0.55,0.54,544000000,551000000,https://find-and-update.company-information.service.gov.uk/search/companies?q=Marsh+&+McLennan+Companies+Inc,https://find-and-update.company-information.service.gov.uk/search/companies?q=Marsh+&+McLennan+Companies+Inc,1620594993,17:16:33,20210509
27,2014-06-30,MHM.L,USD,2014-06-30,2014-06-30,Q2,3300000000,1876000000.0,1424000000.0,0.4315151515151515,0.0,1876000000.0,0.0,0.0,777000000.0,2653000000.0,42000000.0,94000000.0,741000000.0,0.22454545454545455,647000000,0.19606060606060607,-2000000.0,608000000.0,0.18424242424242424,168000000.0,431000000.0,0.13060606060606061,0.78,0.77,549000000,556000000,https://find-and-update.company-information.service.gov.uk/search/companies?q=Marsh+&+McLennan+Companies+Inc,https://find-and-update.company-information.service.gov.uk/search/companies?q=Marsh+&+McLennan+Companies+Inc,1620594993,17:16:33,20210509
28,2014-03-31,MHM.L,USD,2014-03-31,2014-03-31,Q1,3264000000,1839000000.0,1425000000.0,0.4365808823529412,0.0,1839000000.0,0.0,0.0,752000000.0,2591000000.0,42000000.0,97000000.0,770000000.0,0.23590686274509803,673000000,0.20618872549019607,13000000.0,649000000.0,0.19883578431372548,192000000.0,443000000.0,0.13572303921568626,0.81,0.8,548000000,556000000,https://find-and-update.company-information.service.gov.uk/search/companies?q=Marsh+&+McLennan+Companies+Inc,https://find-and-update.company-information.service.gov.uk/search/companies?q=Marsh+&+McLennan+Companies+Inc,1620594993,17:16:33,20210509
29,2013-12-31,MHM.L,USD,2013-12-31,2013-12-31,Q4,3115000000,1833000000.0,1282000000.0,0.4115569823434992,0.0,1833000000.0,0.0,0.0,793000000.0,2626000000.0,43000000.0,92000000.0,581000000.0,0.18651685393258427,489000000,0.15698234349919743,-13000000.0,438000000.0,0.1406099518459069,131000000.0,303000000.0,0.09727126805778491,0.55,0.54,548000000,557000000,https://find-and-update.company-information.service.gov.uk/search/companies?q=Marsh+&+McLennan+Companies+Inc,https://find-and-update.company-information.service.gov.uk/search/companies?q=Marsh+&+McLennan+Companies+Inc,1620594993,17:16:33,20210509
30,2013-09-30,MHM.L,USD,2013-09-30,2013-09-30,Q3,2932000000,1824000000.0,1108000000.0,0.37789904502046384,0.0,1824000000.0,0.0,0.0,704000000.0,2528000000.0,40000000.0,89000000.0,493000000.0,0.16814461118690313,404000000,0.1377899045020464,14000000.0,383000000.0,0.13062755798090042,123000000.0,253000000.0,0.08628922237380628,0.46,0.45,549000000,558000000,https://find-and-update.company-information.service.gov.uk/search/companies?q=Marsh+&+McLennan+Companies+Inc,https://find-and-update.company-information.service.gov.uk/search/companies?q=Marsh+&+McLennan+Companies+Inc,1620594993,17:16:33,20210509
31,2013-06-30,MHM.L,USD,2013-06-30,2013-06-30,Q2,3088000000,1766000000.0,1322000000.0,0.42810880829015546,0.0,1766000000.0,0.0,0.0,745000000.0,2511000000.0,40000000.0,90000000.0,667000000.0,0.21599740932642486,577000000,0.18685233160621761,23000000.0,564000000.0,0.18264248704663213,164000000.0,388000000.0,0.12564766839378239,0.71,0.69,551000000,559000000,https://find-and-update.company-information.service.gov.uk/search/companies?q=Marsh+&+McLennan+Companies+Inc,https://find-and-update.company-information.service.gov.uk/search/companies?q=Marsh+&+McLennan+Companies+Inc,1620594993,17:16:33,20210509
32,2013-03-31,MHM.L,USD,2013-03-31,2013-03-31,Q1,3126000000,1803000000.0,1323000000.0,0.42322456813819576,0.0,1803000000.0,0.0,0.0,716000000.0,2519000000.0,44000000.0,87000000.0,694000000.0,0.2220089571337172,607000000,0.19417786308381318,21000000.0,588000000.0,0.18809980806142035,176000000.0,413000000.0,0.13211772232885477,0.75,0.74,548000000,557000000,https://find-and-update.company-information.service.gov.uk/search/companies?q=Marsh+&+McLennan+Companies+Inc,https://find-and-update.company-information.service.gov.uk/search/companies?q=Marsh+&+McLennan+Companies+Inc,1620594993,17:16:33,20210509
33,2012-12-31,MHM.L,USD,2012-12-31,2012-12-31,Q4,3002000000,7134000000.0,-4132000000.0,-1.3764157228514324,0.0,1802000000.0,0.0,0.0,-4538000000.0,2596000000.0,46000000.0,95000000.0,501000000.0,0.16688874083944039,406000000,0.13524317121918722,4000000.0,370000000.0,0.12325116588940706,105000000.0,259000000.0,0.08627581612258495,0.48,0.47,545000000,554000000,https://find-and-update.company-information.service.gov.uk/search/companies?q=Marsh+&+McLennan+Companies+Inc,https://find-and-update.company-information.service.gov.uk/search/companies?q=Marsh+&+McLennan+Companies+Inc,1620594993,17:16:33,20210509
34,2012-09-30,MHM.L,USD,2012-09-30,2012-09-30,Q3,2845000000,0.0,2845000000.0,1.0,0.0,1760000000.0,0.0,0.0,2467000000.0,2467000000.0,44000000.0,87000000.0,465000000.0,0.1634446397188049,378000000,0.1328646748681898,-4000000.0,336000000.0,0.11810193321616871,90000000.0,241000000.0,0.08471001757469244,0.4430147058823529,0.4365942028985507,544000000,552000000,https://find-and-update.company-information.service.gov.uk/search/companies?q=Marsh+&+McLennan+Companies+Inc,https://find-and-update.company-information.service.gov.uk/search/companies?q=Marsh+&+McLennan+Companies+Inc,1620594993,17:16:33,20210509
35,2012-06-30,MHM.L,USD,2012-06-30,2012-06-30,Q2,3026000000,0.0,3026000000.0,1.0,0.0,1776000000.0,0.0,0.0,2508000000.0,2508000000.0,45000000.0,84000000.0,602000000.0,0.19894249834765368,518000000,0.17118307997356247,4000000.0,483000000.0,0.15961665565102445,144000000.0,329000000.0,0.10872438863185724,0.6,0.59,545000000,553000000,https://find-and-update.company-information.service.gov.uk/search/companies?q=Marsh+&+McLennan+Companies+Inc,https://find-and-update.company-information.service.gov.uk/search/companies?q=Marsh+&+McLennan+Companies+Inc,1620594993,17:16:33,20210509
36,2012-03-31,MHM.L,USD,2012-03-31,2012-03-31,Q1,3051000000,0.0,3051000000.0,1.0,0.0,1796000000.0,0.0,0.0,2524000000.0,2524000000.0,46000000.0,83000000.0,610000000.0,0.19993444772205834,527000000,0.17273025237627007,20000000.0,507000000.0,0.16617502458210423,153000000.0,347000000.0,0.11373320222877745,0.64,0.63,542000000,551000000,https://find-and-update.company-information.service.gov.uk/search/companies?q=Marsh+&+McLennan+Companies+Inc,https://find-and-update.company-information.service.gov.uk/search/companies?q=Marsh+&+McLennan+Companies+Inc,1620594993,17:16:33,20210509
37,2011-12-31,MHM.L,USD,2011-12-31,2011-12-31,Q4,2908000000,0.0,2908000000.0,1.0,0.0,1767000000.0,0.0,0.0,2517000000.0,2517000000.0,50000000.0,82000000.0,473000000.0,0.1626547455295736,391000000,0.1344566712517194,-4000000.0,344000000.0,0.11829436038514443,100000000.0,256000000.0,0.08803301237964237,0.504930966469428,0.504930966469428,507000000,507000000,https://find-and-update.company-information.service.gov.uk/search/companies?q=Marsh+&+McLennan+Companies+Inc,https://find-and-update.company-information.service.gov.uk/search/companies?q=Marsh+&+McLennan+Companies+Inc,1620594993,17:16:33,20210509
38,2011-09-30,MHM.L,USD,2011-09-30,2011-09-30,Q3,2806000000,0.0,2806000000.0,1.0,0.0,1753000000.0,0.0,0.0,2496000000.0,2496000000.0,49000000.0,85000000.0,395000000.0,0.1407697790449038,310000000,0.1104775481111903,-72000000.0,198000000.0,0.07056307911617961,65000000.0,130000000.0,0.04632929436920884,0.24074074074074073,0.23679417122040072,540000000,549000000,https://find-and-update.company-information.service.gov.uk/search/companies?q=Marsh+&+McLennan+Companies+Inc,https://find-and-update.company-information.service.gov.uk/search/companies?q=Marsh+&+McLennan+Companies+Inc,1620594993,17:16:33,20210509
39,2011-06-30,MHM.L,USD,2011-06-30,2011-06-30,Q2,2928000000,0.0,2928000000.0,1.0,0.0,1728000000.0,0.0,0.0,2463000000.0,2463000000.0,49000000.0,82000000.0,547000000.0,0.18681693989071038,465000000,0.15881147540983606,-6000000.0,415000000.0,0.14173497267759563,129000000.0,282000000.0,0.09631147540983606,0.51,0.5,547000000,555000000,https://find-and-update.company-information.service.gov.uk/search/companies?q=Marsh+&+McLennan+Companies+Inc,https://find-and-update.company-information.service.gov.uk/search/companies?q=Marsh+&+McLennan+Companies+Inc,1620594993,17:16:33,20210509
40,2011-03-31,MHM.L,USD,2011-03-31,2011-03-31,Q1,2884000000,0.0,2884000000.0,1.0,0.0,1721000000.0,0.0,0.0,2412000000.0,2412000000.0,51000000.0,83000000.0,555000000.0,0.19244105409153953,472000000,0.1636615811373093,19000000.0,447000000.0,0.15499306518723993,128000000.0,325000000.0,0.11269070735090153,0.59,0.58,544000000,552000000,https://find-and-update.company-information.service.gov.uk/search/companies?q=Marsh+&+McLennan+Companies+Inc,https://find-and-update.company-information.service.gov.uk/search/companies?q=Marsh+&+McLennan+Companies+Inc,1620594993,17:16:33,20210509
41,2010-12-31,MHM.L,USD,2010-12-31,2010-12-31,Q4,2785000000,0.0,2785000000.0,1.0,0.0,1690000000.0,0.0,0.0,2460000000.0,2460000000.0,53000000.0,83000000.0,408000000.0,0.1464991023339318,325000000,0.11669658886894076,19000000.0,298000000.0,0.10700179533213644,106000000.0,203000000.0,0.07289048473967684,0.40039447731755423,0.40039447731755423,507000000,507000000,https://find-and-update.company-information.service.gov.uk/search/companies?q=Marsh+&+McLennan+Companies+Inc,https://find-and-update.company-information.service.gov.uk/search/companies?q=Marsh+&+McLennan+Companies+Inc,1620594993,17:16:33,20210509
42,2010-09-30,MHM.L,USD,2010-09-30,2010-09-30,Q3,2524000000,0.0,2524000000.0,1.0,0.0,1586000000.0,0.0,0.0,2285000000.0,2285000000.0,60000000.0,84000000.0,323000000.0,0.1279714738510301,239000000,0.09469096671949287,-2000000.0,183000000.0,0.0725039619651347,55000000.0,168000000.0,0.06656101426307448,0.30939226519337015,0.30656934306569344,543000000,548000000,https://find-and-update.company-information.service.gov.uk/search/companies?q=Marsh+&+McLennan+Companies+Inc,https://find-and-update.company-information.service.gov.uk/search/companies?q=Marsh+&+McLennan+Companies+Inc,1620594993,17:16:33,20210509
43,2010-06-30,MHM.L,USD,2010-06-30,2010-06-30,Q2,2606000000,0.0,2606000000.0,1.0,0.0,1614000000.0,0.0,0.0,2656000000.0,2656000000.0,60000000.0,93000000.0,43000000.0,0.01650038372985418,-50000000,-0.01918649270913277,18000000.0,-89000000.0,-0.03415195702225633,-60000000.0,236000000.0,0.09056024558710668,0.43622920517560076,0.43302752293577984,541000000,545000000,https://find-and-update.company-information.service.gov.uk/search/companies?q=Marsh+&+McLennan+Companies+Inc,https://find-and-update.company-information.service.gov.uk/search/companies?q=Marsh+&+McLennan+Companies+Inc,1620594993,17:16:33,20210509
44,2010-03-31,MHM.L,USD,2010-03-31,2010-03-31,Q1,2795000000,0.0,2795000000.0,1.0,0.0,1650000000.0,0.0,0.0,2356000000.0,2356000000.0,60000000.0,97000000.0,536000000.0,0.19177101967799642,439000000,0.15706618962432917,8000000.0,391000000.0,0.13989266547406082,117000000.0,248000000.0,0.0887298747763864,0.46,0.45,533000000,536000000,https://find-and-update.company-information.service.gov.uk/search/companies?q=Marsh+&+McLennan+Companies+Inc,https://find-and-update.company-information.service.gov.uk/search/companies?q=Marsh+&+McLennan+Companies+Inc,1620594993,17:16:33,20210509
45,2009-12-31,MHM.L,USD,2009-12-31,2009-12-31,Q4,2732000000,0.0,2732000000.0,1.0,0.0,1703000000.0,0.0,0.0,2742000000.0,2742000000.0,61000000.0,88000000.0,78000000.0,0.02855051244509517,-10000000,-0.0036603221083455345,23000000.0,-44000000.0,-0.016105417276720352,-48000000.0,23000000.0,0.00841874084919473,0.045364891518737675,0.045364891518737675,507000000,507000000,https://find-and-update.company-information.service.gov.uk/search/companies?q=Marsh+&+McLennan+Companies+Inc,https://find-and-update.company-information.service.gov.uk/search/companies?q=Marsh+&+McLennan+Companies+Inc,1620594993,17:16:33,20210509
46,2009-09-30,MHM.L,USD,2009-09-30,2009-09-30,Q3,2523000000,0.0,2523000000.0,1.0,0.0,1606000000.0,0.0,0.0,2307000000.0,2307000000.0,59000000.0,94000000.0,310000000.0,0.12286959968291716,216000000,0.08561236623067776,21000000.0,181000000.0,0.07173999207292905,-40000000.0,221000000.0,0.08759413396749902,0.4217557251908397,0.42015209125475284,524000000,526000000,https://find-and-update.company-information.service.gov.uk/search/companies?q=Marsh+&+McLennan+Companies+Inc,https://find-and-update.company-information.service.gov.uk/search/companies?q=Marsh+&+McLennan+Companies+Inc,1620594993,17:16:33,20210509
47,2009-06-30,MHM.L,USD,2009-06-30,2009-06-30,Q2,2629000000,0.0,2629000000.0,1.0,0.0,1604000000.0,0.0,0.0,2335000000.0,2335000000.0,65000000.0,93000000.0,387000000.0,0.14720426017497149,294000000,0.11182959300114112,-346000000.0,-113000000.0,-0.04298212248003043,49000000.0,-193000000.0,-0.07341194370483073,-0.36,-0.37,522000000,522000000,https://find-and-update.company-information.service.gov.uk/search/companies?q=Marsh+&+McLennan+Companies+Inc,https://find-and-update.company-information.service.gov.uk/search/companies?q=Marsh+&+McLennan+Companies+Inc,1620594993,17:16:33,20210509
48,2009-03-31,MHM.L,USD,2009-03-31,2009-03-31,Q1,2629000000,0.0,2629000000.0,1.0,0.0,1578000000.0,0.0,0.0,2298000000.0,2298000000.0,56000000.0,90000000.0,421000000.0,0.1601369341955116,331000000,0.12590338531761125,-15000000.0,266000000.0,0.10117915557246102,82000000.0,176000000.0,0.06694560669456066,0.33,0.33,515000000,515000000,https://find-and-update.company-information.service.gov.uk/search/companies?q=Marsh+&+McLennan+Companies+Inc,https://find-and-update.company-information.service.gov.uk/search/companies?q=Marsh+&+McLennan+Companies+Inc,1620594993,17:16:33,20210509
49,2008-12-31,MHM.L,USD,2008-12-31,2008-12-31,Q4,2662000000,0.0,0.0,0.0,0.0,2563000000.0,0.0,0.0,2563000000.0,2563000000.0,0.0,102000000.0,201000000.0,0.07550713749060857,99000000,0.0371900826446281,19000000.0,71000000.0,0.02667167543200601,-5000000.0,80000000.0,0.03005259203606311,0.15779092702169625,0.15779092702169625,507000000,507000000,https://find-and-update.company-information.service.gov.uk/search/companies?q=Marsh+&+McLennan+Companies+Inc,https://find-and-update.company-information.service.gov.uk/search/companies?q=Marsh+&+McLennan+Companies+Inc,1620594993,17:16:33,20210509
50,2008-09-30,MHM.L,USD,2008-09-30,2008-09-30,Q3,2838000000,0.0,0.0,0.0,0.0,2768000000.0,0.0,0.0,2768000000.0,2768000000.0,0.0,98000000.0,168000000.0,0.05919661733615222,70000000,0.02466525722339676,-23000000.0,3000000.0,0.0010570824524312897,-18000000.0,-8000000.0,-0.0028188865398167725,-0.015594541910331383,-0.015296367112810707,513000000,523000000,https://find-and-update.company-information.service.gov.uk/search/companies?q=Marsh+&+McLennan+Companies+Inc,https://find-and-update.company-information.service.gov.uk/search/companies?q=Marsh+&+McLennan+Companies+Inc,1620594993,17:16:33,20210509
51,2008-06-30,MHM.L,USD,2008-06-30,2008-06-30,Q2,3048000000,0.0,0.0,0.0,0.0,2751000000.0,0.0,0.0,2866000000.0,2866000000.0,0.0,103000000.0,285000000.0,0.09350393700787402,182000000,0.05971128608923885,-131000000.0,123000000.0,0.040354330708661415,66000000.0,65000000.0,0.021325459317585303,0.126953125,0.12548262548262548,512000000,518000000,https://find-and-update.company-information.service.gov.uk/search/companies?q=Marsh+&+McLennan+Companies+Inc,https://find-and-update.company-information.service.gov.uk/search/companies?q=Marsh+&+McLennan+Companies+Inc,1620594993,17:16:33,20210509
52,2008-03-31,MHM.L,USD,2008-03-31,2008-03-31,Q1,3047000000,0.0,0.0,0.0,0.0,2702000000.0,0.0,0.0,3127000000.0,3127000000.0,0.0,101000000.0,21000000.0,0.006892024942566459,-80000000,-0.02625533311453889,-425000000.0,-118000000.0,-0.038726616343944864,94000000.0,-210000000.0,-0.06892024942566459,-0.4,-0.4,519000000,519000000,https://find-and-update.company-information.service.gov.uk/search/companies?q=Marsh+&+McLennan+Companies+Inc,https://find-and-update.company-information.service.gov.uk/search/companies?q=Marsh+&+McLennan+Companies+Inc,1620594993,17:16:33,20210509
53,2007-12-31,MHM.L,USD,2007-12-31,2007-12-31,Q4,2925000000,0.0,0.0,0.0,0.0,2760000000.0,0.0,0.0,2760000000.0,2760000000.0,0.0,104000000.0,269000000.0,0.09196581196581197,165000000,0.05641025641025641,0.0,140000000.0,0.04786324786324787,44000000.0,85000000.0,0.02905982905982906,0.16765285996055226,0.16765285996055226,507000000,507000000,https://find-and-update.company-information.service.gov.uk/search/companies?q=Marsh+&+McLennan+Companies+Inc,https://find-and-update.company-information.service.gov.uk/search/companies?q=Marsh+&+McLennan+Companies+Inc,1620594993,17:16:33,20210509
54,2007-09-30,MHM.L,USD,2007-09-30,2007-09-30,Q3,2794000000,0.0,0.0,0.0,0.0,2600000000.0,0.0,0.0,2600000000.0,2600000000.0,0.0,102000000.0,296000000.0,0.10594130279169649,194000000,0.06943450250536864,0.0,159000000.0,0.05690765926986399,75000000.0,1945000000.0,0.69613457408733,3.64,3.6,534000000,540000000,https://find-and-update.company-information.service.gov.uk/search/companies?q=Marsh+&+McLennan+Companies+Inc,https://find-and-update.company-information.service.gov.uk/search/companies?q=Marsh+&+McLennan+Companies+Inc,1620594993,17:16:33,20210509
55,2007-06-30,MHM.L,USD,2007-06-30,2007-06-30,Q2,2819000000,0.0,0.0,0.0,0.0,2546000000.0,0.0,0.0,2546000000.0,2546000000.0,0.0,116000000.0,389000000.0,0.13799219581411848,273000000,0.09684285207520398,0.0,213000000.0,0.07555870876197233,70000000.0,177000000.0,0.06278822277403334,0.32,0.31,548000000,558000000,https://find-and-update.company-information.service.gov.uk/search/companies?q=Marsh+&+McLennan+Companies+Inc,https://find-and-update.company-information.service.gov.uk/search/companies?q=Marsh+&+McLennan+Companies+Inc,1620594993,17:16:33,20210509
56,2007-03-31,MHM.L,USD,2007-03-31,2007-03-31,Q1,2812000000,0.0,0.0,0.0,0.0,2425000000.0,0.0,0.0,2425000000.0,2425000000.0,0.0,120000000.0,507000000.0,0.18029871977240397,387000000,0.137624466571835,0.0,335000000.0,0.11913229018492176,106000000.0,268000000.0,0.0953058321479374,0.49,0.47,553000000,562000000,https://find-and-update.company-information.service.gov.uk/search/companies?q=Marsh+&+McLennan+Companies+Inc,https://find-and-update.company-information.service.gov.uk/search/companies?q=Marsh+&+McLennan+Companies+Inc,1620594993,17:16:33,20210509
57,2006-12-31,MHM.L,USD,2006-12-31,2006-12-31,Q4,3032000000,1820000000.0,1212000000.0,0.3997361477572559,0.0,809000000.0,0.0,0.0,809000000.0,2629000000.0,0.0,145000000.0,548000000.0,0.18073878627968337,403000000,0.1329155672823219,0.0,350000000.0,0.11543535620052771,119000000.0,226000000.0,0.07453825857519789,0.4457593688362919,0.4457593688362919,507000000,507000000,https://find-and-update.company-information.service.gov.uk/search/companies?q=Marsh+&+McLennan+Companies+Inc,https://find-and-update.company-information.service.gov.uk/search/companies?q=Marsh+&+McLennan+Companies+Inc,1620594993,17:16:33,20210509
58,2006-09-30,MHM.L,USD,2006-09-30,2006-09-30,Q3,2884000000,1742000000.0,1142000000.0,0.3959778085991678,0.0,822000000.0,0.0,0.0,822000000.0,2564000000.0,0.0,111000000.0,431000000.0,0.14944521497919555,320000000,0.11095700416088766,0.0,261000000.0,0.090499306518724,77000000.0,176000000.0,0.06102635228848821,0.32,0.31,550000000,554000000,https://find-and-update.company-information.service.gov.uk/search/companies?q=Marsh+&+McLennan+Companies+Inc,https://find-and-update.company-information.service.gov.uk/search/companies?q=Marsh+&+McLennan+Companies+Inc,1620594993,17:16:33,20210509
59,2006-06-30,MHM.L,USD,2006-06-30,2006-06-30,Q2,2980000000,1802000000.0,1178000000.0,0.3953020134228188,0.0,841000000.0,0.0,0.0,841000000.0,2643000000.0,0.0,111000000.0,448000000.0,0.15033557046979865,337000000,0.11308724832214766,0.0,272000000.0,0.0912751677852349,96000000.0,172000000.0,0.05771812080536913,0.3132969034608379,0.3099099099099099,549000000,555000000,https://find-and-update.company-information.service.gov.uk/search/companies?q=Marsh+&+McLennan+Companies+Inc,https://find-and-update.company-information.service.gov.uk/search/companies?q=Marsh+&+McLennan+Companies+Inc,1620594993,17:16:33,20210509
60,2006-03-31,MHM.L,USD,2006-03-31,2006-03-31,Q1,3025000000,0.0,0.0,0.0,0.0,2627000000.0,0.0,0.0,2627000000.0,2627000000.0,0.0,121000000.0,519000000.0,0.17157024793388428,398000000,0.1315702479338843,0.0,336000000.0,0.11107438016528925,96000000.0,416000000.0,0.1375206611570248,0.76,0.75,547000000,555000000,https://find-and-update.company-information.service.gov.uk/search/companies?q=Marsh+&+McLennan+Companies+Inc,https://find-and-update.company-information.service.gov.uk/search/companies?q=Marsh+&+McLennan+Companies+Inc,1620594993,17:16:33,20210509
61,2005-12-31,MHM.L,USD,2005-12-31,2005-12-31,Q4,2476000000,993000000.0,1483000000.0,0.5989499192245558,0.0,1360000000.0,0.0,0.0,1400000000.0,2393000000.0,0.0,110000000.0,193000000.0,0.07794830371567044,83000000,0.033521809369951534,-13000000.0,18000000.0,0.007269789983844911,16000000.0,39000000.0,0.015751211631663976,0.07692307692307693,0.07692307692307693,507000000,507000000,https://find-and-update.company-information.service.gov.uk/search/companies?q=Marsh+&+McLennan+Companies+Inc,https://find-and-update.company-information.service.gov.uk/search/companies?q=Marsh+&+McLennan+Companies+Inc,1620594993,17:16:33,20210509
62,2005-09-30,MHM.L,USD,2005-09-30,2005-09-30,Q3,2898000000,887000000.0,2011000000.0,0.6939268461007592,0.0,1816000000.0,0.0,0.0,1816000000.0,2703000000.0,0.0,119000000.0,314000000.0,0.10835058661145618,195000000,0.06728778467908902,48000000.0,97000000.0,0.03347135955831608,27000000.0,65000000.0,0.022429261559696344,0.12059369202226346,0.11948529411764706,539000000,544000000,https://find-and-update.company-information.service.gov.uk/search/companies?q=Marsh+&+McLennan+Companies+Inc,https://find-and-update.company-information.service.gov.uk/search/companies?q=Marsh+&+McLennan+Companies+Inc,1620594993,17:16:33,20210509
63,2005-06-30,MHM.L,USD,2005-06-30,2005-06-30,Q2,3096000000,2790000000.0,306000000.0,0.09883720930232558,0.0,0.0,0.0,0.0,0.0,2790000000.0,0.0,130000000.0,436000000.0,0.14082687338501293,306000000,0.09883720930232558,0.0,244000000.0,0.07881136950904392,75000000.0,166000000.0,0.053617571059431525,0.3102803738317757,0.30855018587360594,535000000,538000000,https://find-and-update.company-information.service.gov.uk/search/companies?q=Marsh+&+McLennan+Companies+Inc,https://find-and-update.company-information.service.gov.uk/search/companies?q=Marsh+&+McLennan+Companies+Inc,1620594993,17:16:33,20210509
64,2005-03-31,MHM.L,USD,2005-03-31,2005-03-31,Q1,3182000000,2910000000.0,272000000.0,0.08548082966687617,0.0,0.0,0.0,0.0,0.0,2910000000.0,0.0,131000000.0,403000000.0,0.12664990571967316,272000000,0.08548082966687617,0.0,212000000.0,0.0666247642991829,74000000.0,134000000.0,0.04211187932118165,0.2523540489642185,0.25,531000000,536000000,https://find-and-update.company-information.service.gov.uk/search/companies?q=Marsh+&+McLennan+Companies+Inc,https://find-and-update.company-information.service.gov.uk/search/companies?q=Marsh+&+McLennan+Companies+Inc,1620594993,17:16:33,20210509
65,2004-12-31,MHM.L,USD,2004-12-31,2004-12-31,Q4,2944000000,0.0,0.0,0.0,0.0,0.0,0.0,0.0,0.0,3829000000.0,0.0,122000000.0,-763000000.0,-0.2591711956521739,-885000000,-0.30061141304347827,0.0,-941000000.0,-0.319633152173913,-268000000.0,-680000000.0,-0.23097826086956522,-1.3412228796844181,-1.3412228796844181,507000000,507000000,https://find-and-update.company-information.service.gov.uk/search/companies?q=Marsh+&+McLennan+Companies+Inc,https://find-and-update.company-information.service.gov.uk/search/companies?q=Marsh+&+McLennan+Companies+Inc,1620594993,17:16:33,20210509
66,2004-09-30,MHM.L,USD,2004-09-30,2004-09-30,Q3,2969000000,2841000000.0,128000000.0,0.04311215897608622,0.0,0.0,0.0,0.0,0.0,2841000000.0,0.0,123000000.0,251000000.0,0.08454024924216907,128000000,0.04311215897608622,0.0,79000000.0,0.026608285618053215,52000000.0,21000000.0,0.007073088582014146,0.04030710172744722,0.039399624765478425,521000000,533000000,https://find-and-update.company-information.service.gov.uk/search/companies?q=Marsh+&+McLennan+Companies+Inc,https://find-and-update.company-information.service.gov.uk/search/companies?q=Marsh+&+McLennan+Companies+Inc,1620594993,17:16:33,20210509
67,2004-06-30,MHM.L,USD,2004-06-30,2004-06-30,Q2,3036000000,2404000000.0,632000000.0,0.20816864295125165,0.0,0.0,0.0,0.0,0.0,2404000000.0,0.0,103000000.0,735000000.0,0.24209486166007904,632000000,0.20816864295125165,0.0,588000000.0,0.19367588932806323,194000000.0,389000000.0,0.12812911725955203,0.75,0.73,522000000,534000000,https://find-and-update.company-information.service.gov.uk/search/companies?q=Marsh+&+McLennan+Companies+Inc,https://find-and-update.company-information.service.gov.uk/search/companies?q=Marsh+&+McLennan+Companies+Inc,1620594993,17:16:33,20210509
68,2004-03-31,MHM.L,USD,2004-03-31,2004-03-31,Q1,3210000000,2437000000.0,773000000.0,0.24080996884735204,0.0,0.0,0.0,0.0,0.0,2437000000.0,0.0,108000000.0,881000000.0,0.27445482866043613,773000000,0.24080996884735204,0.0,728000000.0,0.226791277258567,281000000.0,446000000.0,0.13894080996884736,0.85,0.83,525000000,540000000,https://find-and-update.company-information.service.gov.uk/search/companies?q=Marsh+&+McLennan+Companies+Inc,https://find-and-update.company-information.service.gov.uk/search/companies?q=Marsh+&+McLennan+Companies+Inc,1620594993,17:16:33,20210509
69,2003-12-31,MHM.L,USD,2003-12-31,2003-12-31,Q4,3034000000,2447000000.0,587000000.0,0.1934739617666447,0.0,0.0,0.0,0.0,0.0,2447000000.0,0.0,99000000.0,686000000.0,0.22610415293342123,587000000,0.1934739617666447,0.0,561000000.0,0.18490441661173368,161000000.0,375000000.0,0.12359920896506263,0.7396449704142012,0.7396449704142012,507000000,507000000,https://find-and-update.company-information.service.gov.uk/search/companies?q=Marsh+&+McLennan+Companies+Inc,https://find-and-update.company-information.service.gov.uk/search/companies?q=Marsh+&+McLennan+Companies+Inc,1620594993,17:16:33,20210509
70,2003-09-30,MHM.L,USD,2003-09-30,2003-09-30,Q3,2837000000,2244000000.0,593000000.0,0.20902361649629891,0.0,0.0,0.0,0.0,0.0,2244000000.0,0.0,98000000.0,691000000.0,0.24356714839619317,593000000,0.20902361649629891,0.0,545000000.0,0.19210433556573844,188000000.0,357000000.0,0.12583715192104336,0.67,0.65,531000000,550000000,https://find-and-update.company-information.service.gov.uk/search/companies?q=Marsh+&+McLennan+Companies+Inc,https://find-and-update.company-information.service.gov.uk/search/companies?q=Marsh+&+McLennan+Companies+Inc,1620594993,17:16:33,20210509
71,2003-06-30,MHM.L,USD,2003-06-30,2003-06-30,Q2,2865000000,2266000000.0,599000000.0,0.20907504363001744,0.0,0.0,0.0,0.0,0.0,2266000000.0,0.0,99000000.0,698000000.0,0.243630017452007,599000000,0.20907504363001744,0.0,560000000.0,0.19546247818499127,189000000.0,365000000.0,0.1273996509598604,0.68,0.66,534000000,552000000,https://find-and-update.company-information.service.gov.uk/search/companies?q=Marsh+&+McLennan+Companies+Inc,https://find-and-update.company-information.service.gov.uk/search/companies?q=Marsh+&+McLennan+Companies+Inc,1620594993,17:16:33,20210509
72,2003-03-31,MHM.L,USD,2003-03-31,2003-03-31,Q1,2852000000,2135000000.0,717000000.0,0.25140252454417955,0.0,0.0,0.0,0.0,0.0,2135000000.0,0.0,95000000.0,812000000.0,0.2847124824684432,717000000,0.25140252454417955,0.0,680000000.0,0.23842917251051893,232000000.0,443000000.0,0.15532959326788218,0.83,0.81,536000000,547000000,https://find-and-update.company-information.service.gov.uk/search/companies?q=Marsh+&+McLennan+Companies+Inc,https://find-and-update.company-information.service.gov.uk/search/companies?q=Marsh+&+McLennan+Companies+Inc,1620594993,17:16:33,20210509
73,2002-12-31,MHM.L,USD,2002-12-31,2002-12-31,Q4,2640000000,2130000000.0,510000000.0,0.19318181818181818,0.0,0.0,0.0,0.0,0.0,2130000000.0,0.0,94000000.0,604000000.0,0.2287878787878788,510000000,0.19318181818181818,0.0,491000000.0,0.18598484848484848,158000000.0,312000000.0,0.11818181818181818,0.6153846153846154,0.6153846153846154,507000000,507000000,https://find-and-update.company-information.service.gov.uk/search/companies?q=Marsh+&+McLennan+Companies+Inc,https://find-and-update.company-information.service.gov.uk/search/companies?q=Marsh+&+McLennan+Companies+Inc,1620594993,17:16:33,20210509
74,2002-09-30,MHM.L,USD,2002-09-30,2002-09-30,Q3,2553000000,2041000000.0,512000000.0,0.20054837446141793,0.0,0.0,0.0,0.0,0.0,2041000000.0,0.0,90000000.0,602000000.0,0.23580101840971407,512000000,0.20054837446141793,0.0,467000000.0,0.18292205248726986,168000000.0,299000000.0,0.11711711711711711,0.56,0.55,535000000,548000000,https://find-and-update.company-information.service.gov.uk/search/companies?q=Marsh+&+McLennan+Companies+Inc,https://find-and-update.company-information.service.gov.uk/search/companies?q=Marsh+&+McLennan+Companies+Inc,1620594993,17:16:33,20210509
75,2002-06-30,MHM.L,USD,2002-06-30,2002-06-30,Q2,2612000000,2047000000.0,565000000.0,0.2163093415007657,0.0,0.0,0.0,0.0,0.0,2047000000.0,0.0,89000000.0,654000000.0,0.2503828483920367,565000000,0.2163093415007657,0.0,531000000.0,0.20329249617151607,189000000.0,336000000.0,0.12863705972434916,0.62,0.6,545000000,562000000,https://find-and-update.company-information.service.gov.uk/search/companies?q=Marsh+&+McLennan+Companies+Inc,https://find-and-update.company-information.service.gov.uk/search/companies?q=Marsh+&+McLennan+Companies+Inc,1620594993,17:16:33,20210509
76,2002-03-31,MHM.L,USD,2002-03-31,2002-03-31,Q1,2635000000,1948000000.0,687000000.0,0.26072106261859584,0.0,0.0,0.0,0.0,0.0,1948000000.0,0.0,86000000.0,773000000.0,0.29335863377609106,687000000,0.26072106261859584,0.0,650000000.0,0.24667931688804554,232000000.0,418000000.0,0.1586337760910816,0.765,0.735,548000000,568000000,https://find-and-update.company-information.service.gov.uk/search/companies?q=Marsh+&+McLennan+Companies+Inc,https://find-and-update.company-information.service.gov.uk/search/companies?q=Marsh+&+McLennan+Companies+Inc,1620594993,17:16:33,20210509
77,2001-12-31,MHM.L,USD,2001-12-31,2001-12-31,Q4,2473000000,2193000000.0,280000000.0,0.11322280630812778,0.0,0.0,0.0,0.0,0.0,2193000000.0,0.0,127000000.0,407000000.0,0.16457743631217145,280000000,0.11322280630812778,0.0,243000000.0,0.09826122118883947,96000000.0,144000000.0,0.058228871815608575,0.28402366863905326,0.28402366863905326,507000000,507000000,https://find-and-update.company-information.service.gov.uk/search/companies?q=Marsh+&+McLennan+Companies+Inc,https://find-and-update.company-information.service.gov.uk/search/companies?q=Marsh+&+McLennan+Companies+Inc,1620594993,17:16:33,20210509
78,2001-09-30,MHM.L,USD,2001-09-30,2001-09-30,Q3,2371000000,2059000000.0,312000000.0,0.1315900463939266,0.0,0.0,0.0,0.0,0.0,2059000000.0,0.0,128000000.0,440000000.0,0.18557570645297342,312000000,0.1315900463939266,0.0,272000000.0,0.11471952762547448,100000000.0,168000000.0,0.07085617882749895,0.31,0.29,548000000,568000000,https://find-and-update.company-information.service.gov.uk/search/companies?q=Marsh+&+McLennan+Companies+Inc,https://find-and-update.company-information.service.gov.uk/search/companies?q=Marsh+&+McLennan+Companies+Inc,1620594993,17:16:33,20210509
79,2001-06-30,MHM.L,USD,2001-06-30,2001-06-30,Q2,2505000000,1979000000.0,526000000.0,0.20998003992015968,0.0,0.0,0.0,0.0,0.0,1979000000.0,0.0,134000000.0,660000000.0,0.2634730538922156,526000000,0.20998003992015968,0.0,472000000.0,0.18842315369261478,179000000.0,293000000.0,0.11696606786427145,0.535,0.51,552000000,574000000,https://find-and-update.company-information.service.gov.uk/search/companies?q=Marsh+&+McLennan+Companies+Inc,https://find-and-update.company-information.service.gov.uk/search/companies?q=Marsh+&+McLennan+Companies+Inc,1620594993,17:16:33,20210509
80,2001-03-31,MHM.L,USD,2001-03-31,2001-03-31,Q1,2594000000,1949000000.0,645000000.0,0.24865073245952196,0.0,0.0,0.0,0.0,0.0,1949000000.0,0.0,131000000.0,776000000.0,0.2991518889745567,645000000,0.24865073245952196,0.0,593000000.0,0.22860447185813415,224000000.0,369000000.0,0.1422513492675405,0.665,0.635,552000000,576000000,https://find-and-update.company-information.service.gov.uk/search/companies?q=Marsh+&+McLennan+Companies+Inc,https://find-and-update.company-information.service.gov.uk/search/companies?q=Marsh+&+McLennan+Companies+Inc,1620594993,17:16:33,20210509
81,2000-12-31,MHM.L,USD,2000-12-31,2000-12-31,Q4,2476000000,1746000000.0,730000000.0,0.2948303715670436,0.0,0.0,0.0,0.0,185000000.0,1931000000.0,0.0,185000000.0,730000000.0,0.2948303715670436,545000000,0.22011308562197093,0.0,473000000.0,0.19103392568659128,187000000.0,286000000.0,0.11550888529886914,0.5641025641025641,0.5641025641025641,507000000,507000000,https://find-and-update.company-information.service.gov.uk/search/companies?q=Marsh+&+McLennan+Companies+Inc,https://find-and-update.company-information.service.gov.uk/search/companies?q=Marsh+&+McLennan+Companies+Inc,1620594993,17:16:33,20210509
82,2000-09-30,MHM.L,USD,2000-09-30,2000-09-30,Q3,2535000000,1916000000.0,619000000.0,0.24418145956607495,0.0,0.0,0.0,0.0,103000000.0,2019000000.0,0.0,103000000.0,619000000.0,0.24418145956607495,516000000,0.20355029585798817,0.0,460000000.0,0.1814595660749507,178000000.0,282000000.0,0.11124260355029586,0.52,0.485,544000000,572000000,https://find-and-update.company-information.service.gov.uk/search/companies?q=Marsh+&+McLennan+Companies+Inc,https://find-and-update.company-information.service.gov.uk/search/companies?q=Marsh+&+McLennan+Companies+Inc,1620594993,17:16:33,20210509
83,2000-06-30,MHM.L,USD,2000-06-30,2000-06-30,Q2,2481000000,1875000000.0,606000000.0,0.24425634824667472,0.0,0.0,0.0,0.0,100000000.0,1975000000.0,0.0,100000000.0,606000000.0,0.24425634824667472,506000000,0.20395002015316405,0.0,444000000.0,0.17896009673518742,168000000.0,276000000.0,0.11124546553808948,0.51,0.48,540000000,566000000,https://find-and-update.company-information.service.gov.uk/search/companies?q=Marsh+&+McLennan+Companies+Inc,https://find-and-update.company-information.service.gov.uk/search/companies?q=Marsh+&+McLennan+Companies+Inc,1620594993,17:16:33,20210509
84,2000-03-31,MHM.L,USD,2000-03-31,2000-03-31,Q1,2665000000,1953000000.0,712000000.0,0.2671669793621013,0.0,0.0,0.0,0.0,100000000.0,2053000000.0,0.0,100000000.0,712000000.0,0.2671669793621013,612000000,0.22964352720450282,0.0,557000000.0,0.20900562851782364,220000000.0,337000000.0,0.12645403377110695,0.63,0.595,536000000,560000000,https://find-and-update.company-information.service.gov.uk/search/companies?q=Marsh+&+McLennan+Companies+Inc,https://find-and-update.company-information.service.gov.uk/search/companies?q=Marsh+&+McLennan+Companies+Inc,1620594993,17:16:33,20210509
85,1999-12-31,MHM.L,USD,1999-12-31,1999-12-31,Q4,2334000000,2043000000.0,291000000.0,0.12467866323907455,0.0,0.0,0.0,0.0,123000000.0,2166000000.0,0.0,123000000.0,291000000.0,0.12467866323907455,168000000,0.07197943444730077,0.0,113000000.0,0.048414738646101116,66000000.0,47000000.0,0.020137103684661525,0.09270216962524655,0.09270216962524655,507000000,507000000,https://find-and-update.company-information.service.gov.uk/search/companies?q=Marsh+&+McLennan+Companies+Inc,https://find-and-update.company-information.service.gov.uk/search/companies?q=Marsh+&+McLennan+Companies+Inc,1620594993,17:16:33,20210509
86,1999-09-30,MHM.L,USD,1999-09-30,1999-09-30,Q3,2227000000,1703000000.0,524000000.0,0.23529411764705882,0.0,0.0,0.0,0.0,99000000.0,1802000000.0,0.0,99000000.0,524000000.0,0.23529411764705882,425000000,0.19083969465648856,0.0,372000000.0,0.16704086214638528,149000000.0,223000000.0,0.1001347103726987,0.42,0.405,530952381,550617284,https://find-and-update.company-information.service.gov.uk/search/companies?q=Marsh+&+McLennan+Companies+Inc,https://find-and-update.company-information.service.gov.uk/search/companies?q=Marsh+&+McLennan+Companies+Inc,1620594993,17:16:33,20210509
87,1999-06-30,MHM.L,USD,1999-06-30,1999-06-30,Q2,2245000000,1810000000.0,435000000.0,0.19376391982182628,0.0,0.0,0.0,0.0,88000000.0,1898000000.0,0.0,88000000.0,435000000.0,0.19376391982182628,347000000,0.15456570155902005,4000000.0,296000000.0,0.13184855233853007,119000000.0,177000000.0,0.07884187082405346,0.34,0.315,520588235,561904762,https://find-and-update.company-information.service.gov.uk/search/companies?q=Marsh+&+McLennan+Companies+Inc,https://find-and-update.company-information.service.gov.uk/search/companies?q=Marsh+&+McLennan+Companies+Inc,1620594993,17:16:33,20210509
88,1999-03-31,MHM.L,USD,1999-03-31,1999-03-31,Q1,2351000000,1742000000.0,609000000.0,0.2590387069332199,0.0,0.0,0.0,0.0,90000000.0,1832000000.0,0.0,90000000.0,609000000.0,0.2590387069332199,519000000,0.22075712462781796,7000000.0,466000000.0,0.19821352615908125,187000000.0,279000000.0,0.11867290514674607,0.54,0.515,516666667,541747573,https://find-and-update.company-information.service.gov.uk/search/companies?q=Marsh+&+McLennan+Companies+Inc,https://find-and-update.company-information.service.gov.uk/search/companies?q=Marsh+&+McLennan+Companies+Inc,1620594993,17:16:33,20210509
89,1998-12-31,MHM.L,USD,1998-12-31,1998-12-31,Q4,1945000000,1540000000.0,405000000.0,0.20822622107969152,0.0,0.0,0.0,0.0,70000000.0,1610000000.0,0.0,70000000.0,405000000.0,0.20822622107969152,335000000,0.17223650385604114,8000000.0,297000000.0,0.15269922879177378,111000000.0,186000000.0,0.09562982005141388,0.3668639053254438,0.3668639053254438,507000000,507000000,https://find-and-update.company-information.service.gov.uk/search/companies?q=Marsh+&+McLennan+Companies+Inc,https://find-and-update.company-information.service.gov.uk/search/companies?q=Marsh+&+McLennan+Companies+Inc,1620594993,17:16:33,20210509
90,1998-09-30,MHM.L,USD,1998-09-30,1998-09-30,Q3,1719000000,1324000000.0,395000000.0,0.2297847585805701,0.0,0.0,0.0,0.0,60000000.0,1384000000.0,0.0,60000000.0,395000000.0,0.2297847585805701,335000000,0.1948807446189645,5000000.0,307000000.0,0.17859220477021523,121000000.0,186000000.0,0.1082024432809773,0.365,0.345,509589041,539130435,https://find-and-update.company-information.service.gov.uk/search/companies?q=Marsh+&+McLennan+Companies+Inc,https://find-and-update.company-information.service.gov.uk/search/companies?q=Marsh+&+McLennan+Companies+Inc,1620594993,17:16:33,20210509
91,1998-06-30,MHM.L,USD,1998-06-30,1998-06-30,Q2,1750000000,1339000000.0,411000000.0,0.23485714285714285,0.0,0.0,0.0,0.0,65000000.0,1404000000.0,0.0,65000000.0,411000000.0,0.23485714285714285,346000000,0.1977142857142857,7000000.0,320000000.0,0.18285714285714286,127000000.0,193000000.0,0.11028571428571429,0.375,0.36,514666667,536111111,https://find-and-update.company-information.service.gov.uk/search/companies?q=Marsh+&+McLennan+Companies+Inc,https://find-and-update.company-information.service.gov.uk/search/companies?q=Marsh+&+McLennan+Companies+Inc,1620594993,17:16:33,20210509
92,1998-03-31,MHM.L,USD,1998-03-31,1998-03-31,Q1,1776000000,1316000000.0,460000000.0,0.25900900900900903,0.0,0.0,0.0,0.0,56000000.0,1372000000.0,0.0,56000000.0,460000000.0,0.25900900900900903,404000000,0.22747747747747749,5000000.0,381000000.0,0.21452702702702703,150000000.0,231000000.0,0.13006756756756757,0.45,0.435,513333333,531034483,https://find-and-update.company-information.service.gov.uk/search/companies?q=Marsh+&+McLennan+Companies+Inc,https://find-and-update.company-information.service.gov.uk/search/companies?q=Marsh+&+McLennan+Companies+Inc,1620594993,17:16:33,20210509
93,1997-12-31,MHM.L,USD,1997-12-31,1997-12-31,Q4,1894300000,1885500000.0,8800000.0,0.004645515493849971,0.0,0.0,0.0,0.0,51800000.0,1937300000.0,0.0,51800000.0,8800000.0,0.004645515493849971,-43000000,-0.02269967798131236,7000000.0,-65400000.0,-0.03452462651111229,-15400000.0,-50000000.0,-0.026394974396874837,-0.09861932938856016,-0.09861932938856016,507000000,507000000,https://find-and-update.company-information.service.gov.uk/search/companies?q=Marsh+&+McLennan+Companies+Inc,https://find-and-update.company-information.service.gov.uk/search/companies?q=Marsh+&+McLennan+Companies+Inc,1620594993,17:16:33,20210509
94,1997-09-30,MHM.L,USD,1997-09-30,1997-09-30,Q3,1455800000,1149200000.0,306600000.0,0.21060585245225993,0.0,0.0,0.0,0.0,57700000.0,1206900000.0,0.0,57700000.0,306600000.0,0.21060585245225993,248900000,0.17097128726473418,6000000.0,226800000.0,0.15579063058112377,86800000.0,140000000.0,0.09616705591427394,0.275,0.27,509090909,518518519,https://find-and-update.company-information.service.gov.uk/search/companies?q=Marsh+&+McLennan+Companies+Inc,https://find-and-update.company-information.service.gov.uk/search/companies?q=Marsh+&+McLennan+Companies+Inc,1620594993,17:16:33,20210509
95,1997-06-30,MHM.L,USD,1997-06-30,1997-06-30,Q2,1449800000,1135700000.0,314100000.0,0.21665057249275763,0.0,0.0,0.0,0.0,52500000.0,1188200000.0,0.0,52500000.0,314100000.0,0.21665057249275763,261600000,0.18043868119740653,7800000.0,238000000.0,0.16416057387225824,93000000.0,145000000.0,0.10001379500620776,0.29,0.285,500000000,508771930,https://find-and-update.company-information.service.gov.uk/search/companies?q=Marsh+&+McLennan+Companies+Inc,https://find-and-update.company-information.service.gov.uk/search/companies?q=Marsh+&+McLennan+Companies+Inc,1620594993,17:16:33,20210509
96,1997-03-31,MHM.L,USD,1997-03-31,1997-03-31,Q1,1208700000,894300000.0,314400000.0,0.26011417225117894,0.0,0.0,0.0,0.0,37100000.0,931400000.0,0.0,37100000.0,314400000.0,0.26011417225117894,277300000,0.22942003805741706,3200000.0,263000000.0,0.21758914536278645,98600000.0,164400000.0,0.1360138992305783,0.375,0.365,438400000,450410959,https://find-and-update.company-information.service.gov.uk/search/companies?q=Marsh+&+McLennan+Companies+Inc,https://find-and-update.company-information.service.gov.uk/search/companies?q=Marsh+&+McLennan+Companies+Inc,1620594993,17:16:33,20210509
97,1996-12-31,MHM.L,USD,1996-12-31,1996-12-31,Q4,1052500000,911300000.0,141200000.0,0.13415676959619952,0.0,0.0,0.0,0.0,35900000.0,947200000.0,0.0,35900000.0,141200000.0,0.13415676959619952,105300000,0.10004750593824228,3600000.0,92900000.0,0.08826603325415677,-5500000.0,98400000.0,0.0934916864608076,0.1940828402366864,0.1940828402366864,507000000,507000000,https://find-and-update.company-information.service.gov.uk/search/companies?q=Marsh+&+McLennan+Companies+Inc,https://find-and-update.company-information.service.gov.uk/search/companies?q=Marsh+&+McLennan+Companies+Inc,1620594993,17:16:33,20210509
98,1996-09-30,MHM.L,USD,1996-09-30,1996-09-30,Q3,989000000,780000000.0,209000000.0,0.21132457027300303,0.0,0.0,0.0,0.0,34800000.0,814800000.0,0.0,34800000.0,209000000.0,0.21132457027300303,174200000,0.17613751263902933,3700000.0,163400000.0,0.16521739130434782,60800000.0,102600000.0,0.10374115267947422,0.24,0.235,427500000,436595745,https://find-and-update.company-information.service.gov.uk/search/companies?q=Marsh+&+McLennan+Companies+Inc,https://find-and-update.company-information.service.gov.uk/search/companies?q=Marsh+&+McLennan+Companies+Inc,1620594993,17:16:33,20210509
99,1996-06-30,MHM.L,USD,1996-06-30,1996-06-30,Q2,1036800000,809200000.0,227600000.0,0.2195216049382716,0.0,0.0,0.0,0.0,34300000.0,843500000.0,0.0,34300000.0,227600000.0,0.2195216049382716,193300000,0.18643904320987653,3500000.0,180900000.0,0.17447916666666666,65700000.0,115200000.0,0.1111111111111111,0.265,0.26,434716981,443076923,https://find-and-update.company-information.service.gov.uk/search/companies?q=Marsh+&+McLennan+Companies+Inc,https://find-and-update.company-information.service.gov.uk/search/companies?q=Marsh+&+McLennan+Companies+Inc,1620594993,17:16:33,20210509
100,1996-03-31,MHM.L,USD,1996-03-31,1996-03-31,Q1,1070700000,793300000.0,277400000.0,0.2590828429999066,0.0,0.0,0.0,0.0,34900000.0,828200000.0,0.0,34900000.0,277400000.0,0.2590828429999066,242500000,0.2264873447277482,3500000.0,230800000.0,0.21555991407490427,87700000.0,143100000.0,0.1336508826001681,0.325,0.325,440307692,440307692,https://find-and-update.company-information.service.gov.uk/search/companies?q=Marsh+&+McLennan+Companies+Inc,https://find-and-update.company-information.service.gov.uk/search/companies?q=Marsh+&+McLennan+Companies+Inc,1620594993,17:16:33,20210509
101,1995-12-31,MHM.L,USD,1995-12-31,1995-12-31,Q4,958300000,775100000.0,183200000.0,0.19117186684754253,0.0,0.0,0.0,0.0,35200000.0,810300000.0,0.0,35200000.0,183200000.0,0.19117186684754253,148000000,0.15444015444015444,4500000.0,137000000.0,0.14296149431284566,52000000.0,85000000.0,0.088698737347386,0.16765285996055226,0.16765285996055226,507000000,507000000,https://find-and-update.company-information.service.gov.uk/search/companies?q=Marsh+&+McLennan+Companies+Inc,https://find-and-update.company-information.service.gov.uk/search/companies?q=Marsh+&+McLennan+Companies+Inc,1620594993,17:16:33,20210509
102,1995-09-30,MHM.L,USD,1995-09-30,1995-09-30,Q3,921600000,728600000.0,193000000.0,0.2094184027777778,0.0,0.0,0.0,0.0,34600000.0,763200000.0,0.0,34600000.0,193000000.0,0.2094184027777778,158400000,0.171875,4700000.0,147300000.0,0.15983072916666666,56000000.0,91300000.0,0.09906684027777778,0.21,0.21,434761905,434761905,https://find-and-update.company-information.service.gov.uk/search/companies?q=Marsh+&+McLennan+Companies+Inc,https://find-and-update.company-information.service.gov.uk/search/companies?q=Marsh+&+McLennan+Companies+Inc,1620594993,17:16:33,20210509
103,1995-06-30,MHM.L,USD,1995-06-30,1995-06-30,Q2,935200000,727200000.0,208000000.0,0.22241231822070145,0.0,0.0,0.0,0.0,33100000.0,760300000.0,0.0,33100000.0,208000000.0,0.22241231822070145,174900000,0.18701881950384944,4400000.0,162500000.0,0.173759623609923,60700000.0,101800000.0,0.10885372112917023,0.235,0.235,433191489,433191489,https://find-and-update.company-information.service.gov.uk/search/companies?q=Marsh+&+McLennan+Companies+Inc,https://find-and-update.company-information.service.gov.uk/search/companies?q=Marsh+&+McLennan+Companies+Inc,1620594993,17:16:33,20210509
104,1995-03-31,MHM.L,USD,1995-03-31,1995-03-31,Q1,955200000,709400000.0,245800000.0,0.2573283082077052,0.0,0.0,0.0,0.0,32200000.0,741600000.0,0.0,32200000.0,245800000.0,0.2573283082077052,213600000,0.2236180904522613,4100000.0,203000000.0,0.2125209380234506,78200000.0,124800000.0,0.1306532663316583,0.285,0.285,437894737,437894737,https://find-and-update.company-information.service.gov.uk/search/companies?q=Marsh+&+McLennan+Companies+Inc,https://find-and-update.company-information.service.gov.uk/search/companies?q=Marsh+&+McLennan+Companies+Inc,1620594993,17:16:33,20210509
105,1994-12-31,MHM.L,USD,1994-12-31,1994-12-31,Q4,857400000,698100000.0,159300000.0,0.18579426172148356,0.0,0.0,0.0,0.0,29800000.0,727900000.0,0.0,29800000.0,159300000.0,0.18579426172148356,129500000,0.1510380219267553,3500000.0,119400000.0,0.13925822253324002,47200000.0,72200000.0,0.08420807091205972,0.14240631163708087,0.14240631163708087,507000000,507000000,https://find-and-update.company-information.service.gov.uk/search/companies?q=Marsh+&+McLennan+Companies+Inc,https://find-and-update.company-information.service.gov.uk/search/companies?q=Marsh+&+McLennan+Companies+Inc,1620594993,17:16:33,20210509
106,1994-09-30,MHM.L,USD,1994-09-30,1994-09-30,Q3,826900000,646900000.0,180000000.0,0.21768049340911838,0.0,0.0,0.0,0.0,31400000.0,678300000.0,0.0,31400000.0,180000000.0,0.21768049340911838,148600000,0.17970734066997218,2400000.0,137900000.0,0.1667674446728746,54500000.0,83400000.0,0.10085862861289152,0.19,0.19,438947368,438947368,https://find-and-update.company-information.service.gov.uk/search/companies?q=Marsh+&+McLennan+Companies+Inc,https://find-and-update.company-information.service.gov.uk/search/companies?q=Marsh+&+McLennan+Companies+Inc,1620594993,17:16:33,20210509
107,1994-06-30,MHM.L,USD,1994-06-30,1994-06-30,Q2,840500000,646200000.0,194300000.0,0.23117192147531232,0.0,0.0,0.0,0.0,30500000.0,676700000.0,0.0,30500000.0,194300000.0,0.23117192147531232,163800000,0.19488399762046402,3000000.0,154500000.0,0.18381915526472337,58800000.0,95700000.0,0.11386079714455681,0.215,0.215,445116279,445116279,https://find-and-update.company-information.service.gov.uk/search/companies?q=Marsh+&+McLennan+Companies+Inc,https://find-and-update.company-information.service.gov.uk/search/companies?q=Marsh+&+McLennan+Companies+Inc,1620594993,17:16:33,20210509
108,1994-03-31,MHM.L,USD,1994-03-31,1994-03-31,Q1,910200000,652900000.0,257300000.0,0.2826851241485388,0.0,0.0,0.0,0.0,28900000.0,681800000.0,0.0,28900000.0,257300000.0,0.2826851241485388,228400000,0.25093386068995827,2900000.0,219700000.0,0.24137552186332675,89000000.0,120200000.0,0.13205888815644914,0.27,0.27,445185185,445185185,https://find-and-update.company-information.service.gov.uk/search/companies?q=Marsh+&+McLennan+Companies+Inc,https://find-and-update.company-information.service.gov.uk/search/companies?q=Marsh+&+McLennan+Companies+Inc,1620594993,17:16:33,20210509
109,1993-12-31,MHM.L,USD,1993-12-31,1993-12-31,Q4,779800000,634700000.0,145100000.0,0.18607335214157475,0.0,0.0,0.0,0.0,31700000.0,666400000.0,0.0,31700000.0,145100000.0,0.18607335214157475,113400000,0.14542190305206462,3100000.0,105100000.0,0.13477814824313927,42500000.0,62600000.0,0.08027699410105155,0.12347140039447732,0.12347140039447732,507000000,507000000,https://find-and-update.company-information.service.gov.uk/search/companies?q=Marsh+&+McLennan+Companies+Inc,https://find-and-update.company-information.service.gov.uk/search/companies?q=Marsh+&+McLennan+Companies+Inc,1620594993,17:16:33,20210509
110,1993-09-30,MHM.L,USD,1993-09-30,1993-09-30,Q3,766400000,598100000.0,168300000.0,0.21959812108559498,0.0,0.0,0.0,0.0,28600000.0,626700000.0,0.0,28600000.0,168300000.0,0.21959812108559498,139700000,0.18228079331941544,2600000.0,130700000.0,0.1705375782881002,54600000.0,76100000.0,0.09929540709812108,0.175,0.175,434857143,434857143,https://find-and-update.company-information.service.gov.uk/search/companies?q=Marsh+&+McLennan+Companies+Inc,https://find-and-update.company-information.service.gov.uk/search/companies?q=Marsh+&+McLennan+Companies+Inc,1620594993,17:16:33,20210509
111,1993-06-30,MHM.L,USD,1993-06-30,1993-06-30,Q2,783300000,601100000.0,182200000.0,0.23260564279331036,0.0,0.0,0.0,0.0,29700000.0,630800000.0,0.0,29700000.0,182200000.0,0.23260564279331036,152500000,0.19468913570790247,3100000.0,143800000.0,0.1835822800970254,57500000.0,86300000.0,0.11017490105961956,0.195,0.195,442564103,442564103,https://find-and-update.company-information.service.gov.uk/search/companies?q=Marsh+&+McLennan+Companies+Inc,https://find-and-update.company-information.service.gov.uk/search/companies?q=Marsh+&+McLennan+Companies+Inc,1620594993,17:16:33,20210509
112,1993-03-31,MHM.L,USD,1993-03-31,1993-03-31,Q1,833900000,616800000.0,217100000.0,0.26034296678258784,0.0,0.0,0.0,0.0,29900000.0,646700000.0,0.0,29900000.0,217100000.0,0.26034296678258784,187200000,0.22448734860295,3100000.0,179000000.0,0.21465403525602592,71600000.0,107400000.0,0.12879242115361555,0.245,0.245,438367347,438367347,https://find-and-update.company-information.service.gov.uk/search/companies?q=Marsh+&+McLennan+Companies+Inc,https://find-and-update.company-information.service.gov.uk/search/companies?q=Marsh+&+McLennan+Companies+Inc,1620594993,17:16:33,20210509
113,1992-12-31,MHM.L,USD,1992-12-31,1992-12-31,Q4,705200000,586800000.0,118400000.0,0.16789563244469655,0.0,0.0,0.0,0.0,27700000.0,614500000.0,0.0,27700000.0,118400000.0,0.16789563244469655,90700000,0.1286159954622802,4400000.0,85300000.0,0.1209585933068633,33200000.0,12000000.0,0.017016449234259785,0.023668639053254437,0.023668639053254437,507000000,507000000,https://find-and-update.company-information.service.gov.uk/search/companies?q=Marsh+&+McLennan+Companies+Inc,https://find-and-update.company-information.service.gov.uk/search/companies?q=Marsh+&+McLennan+Companies+Inc,1620594993,17:16:33,20210509
114,1992-09-30,MHM.L,USD,1992-09-30,1992-09-30,Q3,730000000,575800000.0,154200000.0,0.21123287671232877,0.0,0.0,0.0,0.0,29100000.0,604900000.0,0.0,29100000.0,154200000.0,0.21123287671232877,125100000,0.17136986301369864,4500000.0,120200000.0,0.16465753424657534,50500000.0,69700000.0,0.09547945205479452,0.165,0.165,422424242,422424242,https://find-and-update.company-information.service.gov.uk/search/companies?q=Marsh+&+McLennan+Companies+Inc,https://find-and-update.company-information.service.gov.uk/search/companies?q=Marsh+&+McLennan+Companies+Inc,1620594993,17:16:33,20210509
115,1992-06-30,MHM.L,USD,1992-06-30,1992-06-30,Q2,733000000,560600000.0,172400000.0,0.23519781718963165,0.0,0.0,0.0,0.0,28000000.0,588600000.0,0.0,28000000.0,172400000.0,0.23519781718963165,144400000,0.19699863574351978,4100000.0,138400000.0,0.1888130968622101,58100000.0,80300000.0,0.10954979536152797,0.185,0.185,434054054,434054054,https://find-and-update.company-information.service.gov.uk/search/companies?q=Marsh+&+McLennan+Companies+Inc,https://find-and-update.company-information.service.gov.uk/search/companies?q=Marsh+&+McLennan+Companies+Inc,1620594993,17:16:33,20210509
116,1992-03-31,MHM.L,USD,1992-03-31,1992-03-31,Q1,768800000,560800000.0,208000000.0,0.27055150884495316,0.0,0.0,0.0,0.0,27200000.0,588000000.0,0.0,27200000.0,208000000.0,0.27055150884495316,180800000,0.2351716961498439,3600000.0,175400000.0,0.2281477627471384,73700000.0,101700000.0,0.1322840790842872,0.235,0.235,432765957,432765957,https://find-and-update.company-information.service.gov.uk/search/companies?q=Marsh+&+McLennan+Companies+Inc,https://find-and-update.company-information.service.gov.uk/search/companies?q=Marsh+&+McLennan+Companies+Inc,1620594993,17:16:33,20210509
117,1991-12-31,MHM.L,USD,1991-12-31,1991-12-31,Q4,665900000,587700000.0,78200000.0,0.11743505030785403,0.0,0.0,0.0,0.0,28900000.0,616600000.0,0.0,28900000.0,78200000.0,0.11743505030785403,49300000,0.07403514041147319,50200000.0,89700000.0,0.13470491064724432,35500000.0,54200000.0,0.08139360264303949,0.10690335305719921,0.10690335305719921,507000000,507000000,https://find-and-update.company-information.service.gov.uk/search/companies?q=Marsh+&+McLennan+Companies+Inc,https://find-and-update.company-information.service.gov.uk/search/companies?q=Marsh+&+McLennan+Companies+Inc,1620594993,17:16:33,20210509
118,1991-09-30,MHM.L,USD,1991-09-30,1991-09-30,Q3,679000000,517800000.0,161200000.0,0.2374079528718704,0.0,0.0,0.0,0.0,27800000.0,545600000.0,0.0,27800000.0,161200000.0,0.2374079528718704,133400000,0.19646539027982327,5300000.0,128700000.0,0.18954344624447717,54700000.0,74000000.0,0.10898379970544919,0.17,0.17,435294118,435294118,https://find-and-update.company-information.service.gov.uk/search/companies?q=Marsh+&+McLennan+Companies+Inc,https://find-and-update.company-information.service.gov.uk/search/companies?q=Marsh+&+McLennan+Companies+Inc,1620594993,17:16:33,20210509
119,1991-06-30,MHM.L,USD,1991-06-30,1991-06-30,Q2,690200000,518300000.0,171900000.0,0.24905824398725007,0.0,0.0,0.0,0.0,27700000.0,546000000.0,0.0,27700000.0,171900000.0,0.24905824398725007,144200000,0.20892494929006086,5800000.0,140300000.0,0.2032744132135613,59600000.0,80700000.0,0.11692263112141409,0.185,0.185,436216216,436216216,https://find-and-update.company-information.service.gov.uk/search/companies?q=Marsh+&+McLennan+Companies+Inc,https://find-and-update.company-information.service.gov.uk/search/companies?q=Marsh+&+McLennan+Companies+Inc,1620594993,17:16:33,20210509
120,1991-03-31,MHM.L,USD,1991-03-31,1991-03-31,Q1,744100000,544200000.0,199900000.0,0.26864668727321594,0.0,0.0,0.0,0.0,28700000.0,572900000.0,0.0,28700000.0,199900000.0,0.26864668727321594,171200000,0.23007660260717647,6500000.0,168100000.0,0.22591049590108855,71500000.0,96600000.0,0.12982126058325494,0.22,0.22,439090909,439090909,https://find-and-update.company-information.service.gov.uk/search/companies?q=Marsh+&+McLennan+Companies+Inc,https://find-and-update.company-information.service.gov.uk/search/companies?q=Marsh+&+McLennan+Companies+Inc,1620594993,17:16:33,20210509
121,1990-12-31,MHM.L,USD,1990-12-31,1990-12-31,Q4,668500000,547400000.0,121100000.0,0.181151832460733,0.0,0.0,0.0,0.0,27500000.0,574900000.0,0.0,27500000.0,121100000.0,0.181151832460733,93600000,0.1400149588631264,8700000.0,90900000.0,0.13597606581899777,36400000.0,54500000.0,0.08152580403889305,0.10749506903353057,0.10749506903353057,507000000,507000000,https://find-and-update.company-information.service.gov.uk/search/companies?q=Marsh+&+McLennan+Companies+Inc,https://find-and-update.company-information.service.gov.uk/search/companies?q=Marsh+&+McLennan+Companies+Inc,1620594993,17:16:33,20210509
122,1990-09-30,MHM.L,USD,1990-09-30,1990-09-30,Q3,681500000,521200000.0,160300000.0,0.2352164343360235,0.0,0.0,0.0,0.0,26600000.0,547800000.0,0.0,26600000.0,160300000.0,0.2352164343360235,133700000,0.19618488628026412,8700000.0,130900000.0,0.1920763022743947,56300000.0,74600000.0,0.10946441672780631,0.17,0.17,438823529,438823529,https://find-and-update.company-information.service.gov.uk/search/companies?q=Marsh+&+McLennan+Companies+Inc,https://find-and-update.company-information.service.gov.uk/search/companies?q=Marsh+&+McLennan+Companies+Inc,1620594993,17:16:33,20210509
123,1990-06-30,MHM.L,USD,1990-06-30,1990-06-30,Q2,677300000,513500000.0,163800000.0,0.2418426103646833,0.0,0.0,0.0,0.0,25600000.0,539100000.0,0.0,25600000.0,163800000.0,0.2418426103646833,138200000,0.204045474678872,7800000.0,141700000.0,0.2092130518234165,60900000.0,80800000.0,0.11929720950834194,0.185,0.185,436756757,436756757,https://find-and-update.company-information.service.gov.uk/search/companies?q=Marsh+&+McLennan+Companies+Inc,https://find-and-update.company-information.service.gov.uk/search/companies?q=Marsh+&+McLennan+Companies+Inc,1620594993,17:16:33,20210509
124,1990-03-31,MHM.L,USD,1990-03-31,1990-03-31,Q1,695700000,508600000.0,187100000.0,0.2689377605289636,0.0,0.0,0.0,0.0,25300000.0,533900000.0,0.0,25300000.0,187100000.0,0.2689377605289636,161800000,0.23257151070863877,7300000.0,165300000.0,0.23760241483398017,71100000.0,94200000.0,0.13540319103061665,0.215,0.215,438139535,438139535,https://find-and-update.company-information.service.gov.uk/search/companies?q=Marsh+&+McLennan+Companies+Inc,https://find-and-update.company-information.service.gov.uk/search/companies?q=Marsh+&+McLennan+Companies+Inc,1620594993,17:16:33,20210509
125,1989-12-31,MHM.L,USD,1989-12-31,1989-12-31,Q4,592100000,0.0,0.0,0.0,0.0,0.0,0.0,0.0,0.0,0.0,0.0,0.0,-1326100000.0,-2.239655463604121,-1326100000,-2.239655463604121,0.0,0.0,0.0,0.0,0.0,0.0,0.0,0.0,507000000,507000000,https://find-and-update.company-information.service.gov.uk/search/companies?q=Marsh+&+McLennan+Companies+Inc,https://find-and-update.company-information.service.gov.uk/search/companies?q=Marsh+&+McLennan+Companies+Inc,1620594993,17:16:33,20210509
126,1989-09-30,MHM.L,USD,1989-09-30,1989-09-30,Q3,606600000,0.0,0.0,0.0,0.0,0.0,0.0,0.0,0.0,0.0,0.0,0.0,606600000.0,1.0,606600000,1.0,0.0,0.0,0.0,0.0,0.0,0.0,0.17,0.17,430129870,430129870,https://find-and-update.company-information.service.gov.uk/search/companies?q=Marsh+&+McLennan+Companies+Inc,https://find-and-update.company-information.service.gov.uk/search/companies?q=Marsh+&+McLennan+Companies+Inc,1620594993,17:16:33,20210509
127,1989-06-30,MHM.L,USD,1989-06-30,1989-06-30,Q2,606300000,451900000.0,154400000.0,0.25465940953323435,0.0,0.0,0.0,0.0,21400000.0,473300000.0,0.0,0.0,147200000.0,0.24278410028038924,133000000,0.21936335147616692,7200000.0,135600000.0,0.22365165759524988,58300000.0,77300000.0,0.12749463961735114,0.18,0.18,429444444,429444444,https://find-and-update.company-information.service.gov.uk/search/companies?q=Marsh+&+McLennan+Companies+Inc,https://find-and-update.company-information.service.gov.uk/search/companies?q=Marsh+&+McLennan+Companies+Inc,1620594993,17:16:33,20210509
128,1989-03-31,MHM.L,USD,1989-03-31,1989-03-31,Q1,622700000,0.0,0.0,0.0,0.0,0.0,0.0,0.0,0.0,0.0,0.0,0.0,622700000.0,1.0,622700000,1.0,0.0,0.0,0.0,0.0,0.0,0.0,0.205,0.205,430698000,430698000,https://find-and-update.company-information.service.gov.uk/search/companies?q=Marsh+&+McLennan+Companies+Inc,https://find-and-update.company-information.service.gov.uk/search/companies?q=Marsh+&+McLennan+Companies+Inc,1620594993,17:16:33,20210509
129,1988-12-31,MHM.L,USD,1988-12-31,1988-12-31,Q4,544400000,0.0,0.0,0.0,0.0,0.0,0.0,0.0,0.0,0.0,0.0,0.0,-1212600000.0,-2.2274063188831743,-1212600000,-2.2274063188831743,0.0,0.0,0.0,0.0,0.0,0.0,0.0,0.0,507000000,507000000,https://find-and-update.company-information.service.gov.uk/search/companies?q=Marsh+&+McLennan+Companies+Inc,https://find-and-update.company-information.service.gov.uk/search/companies?q=Marsh+&+McLennan+Companies+Inc,1620594993,17:16:33,20210509
130,1988-09-30,MHM.L,USD,1988-09-30,1988-09-30,Q3,562700000,0.0,0.0,0.0,0.0,0.0,0.0,0.0,0.0,0.0,0.0,0.0,562700000.0,1.0,562700000,1.0,0.0,0.0,0.0,0.0,0.0,0.0,0.175,0.175,432984000,432984000,https://find-and-update.company-information.service.gov.uk/search/companies?q=Marsh+&+McLennan+Companies+Inc,https://find-and-update.company-information.service.gov.uk/search/companies?q=Marsh+&+McLennan+Companies+Inc,1620594993,17:16:33,20210509
131,1988-06-30,MHM.L,USD,1988-06-30,1988-06-30,Q2,570000000,0.0,0.0,0.0,0.0,0.0,0.0,0.0,0.0,0.0,0.0,0.0,570000000.0,1.0,570000000,1.0,0.0,0.0,0.0,0.0,0.0,0.0,0.175,0.175,437326000,437326000,https://find-and-update.company-information.service.gov.uk/search/companies?q=Marsh+&+McLennan+Companies+Inc,https://find-and-update.company-information.service.gov.uk/search/companies?q=Marsh+&+McLennan+Companies+Inc,1620594993,17:16:33,20210509
132,1988-03-31,MHM.L,USD,1988-03-31,1988-03-31,Q1,595300000,0.0,0.0,0.0,0.0,0.0,0.0,0.0,0.0,0.0,0.0,0.0,595300000.0,1.0,595300000,1.0,0.0,0.0,0.0,0.0,0.0,0.0,0.215,0.215,449368000,449368000,https://find-and-update.company-information.service.gov.uk/search/companies?q=Marsh+&+McLennan+Companies+Inc,https://find-and-update.company-information.service.gov.uk/search/companies?q=Marsh+&+McLennan+Companies+Inc,1620594993,17:16:33,20210509
133,1987-12-31,MHM.L,USD,1987-12-31,1987-12-31,Q4,514300000,0.0,0.0,0.0,0.0,0.0,0.0,0.0,0.0,0.0,0.0,0.0,-1082600000.0,-2.1049970834143497,-1082600000,-2.1049970834143497,0.0,0.0,0.0,0.0,0.0,0.0,0.0,0.0,507000000,507000000,https://find-and-update.company-information.service.gov.uk/search/companies?q=Marsh+&+McLennan+Companies+Inc,https://find-and-update.company-information.service.gov.uk/search/companies?q=Marsh+&+McLennan+Companies+Inc,1620594993,17:16:33,20210509
134,1987-09-30,MHM.L,USD,1987-09-30,1987-09-30,Q3,533700000,0.0,0.0,0.0,0.0,0.0,0.0,0.0,0.0,0.0,0.0,0.0,533700000.0,1.0,533700000,1.0,0.0,0.0,0.0,0.0,0.0,0.0,0.175,0.175,447772000,447772000,https://find-and-update.company-information.service.gov.uk/search/companies?q=Marsh+&+McLennan+Companies+Inc,https://find-and-update.company-information.service.gov.uk/search/companies?q=Marsh+&+McLennan+Companies+Inc,1620594993,17:16:33,20210509
135,1987-06-30,MHM.L,USD,1987-06-30,1987-06-30,Q2,539100000,0.0,0.0,0.0,0.0,0.0,0.0,0.0,0.0,0.0,0.0,0.0,539100000.0,1.0,539100000,1.0,0.0,0.0,0.0,0.0,0.0,0.0,0.175,0.175,447142000,447142000,https://find-and-update.company-information.service.gov.uk/search/companies?q=Marsh+&+McLennan+Companies+Inc,https://find-and-update.company-information.service.gov.uk/search/companies?q=Marsh+&+McLennan+Companies+Inc,1620594993,17:16:33,20210509
136,1987-03-31,MHM.L,USD,1987-03-31,1987-03-31,Q1,560000000,0.0,0.0,0.0,0.0,0.0,0.0,0.0,0.0,0.0,0.0,0.0,560000000.0,1.0,560000000,1.0,0.0,0.0,0.0,0.0,0.0,0.0,0.21,0.21,443466000,443466000,https://find-and-update.company-information.service.gov.uk/search/companies?q=Marsh+&+McLennan+Companies+Inc,https://find-and-update.company-information.service.gov.uk/search/companies?q=Marsh+&+McLennan+Companies+Inc,1620594993,17:16:33,20210509
137,1986-12-31,MHM.L,USD,1986-12-31,1986-12-31,Q4,444700000,0.0,0.0,0.0,0.0,0.0,0.0,0.0,0.0,0.0,0.0,0.0,-878900000.0,-1.9763885765684732,-878900000,-1.9763885765684732,0.0,0.0,0.0,0.0,0.0,0.0,0.0,0.0,507000000,507000000,https://find-and-update.company-information.service.gov.uk/search/companies?q=Marsh+&+McLennan+Companies+Inc,https://find-and-update.company-information.service.gov.uk/search/companies?q=Marsh+&+McLennan+Companies+Inc,1620594993,17:16:33,20210509
138,1986-09-30,MHM.L,USD,1986-09-30,1986-09-30,Q3,461800000,0.0,0.0,0.0,0.0,0.0,0.0,0.0,0.0,0.0,0.0,0.0,461800000.0,1.0,461800000,1.0,0.0,0.0,0.0,0.0,0.0,0.0,0.145,0.145,443952000,443952000,https://find-and-update.company-information.service.gov.uk/search/companies?q=Marsh+&+McLennan+Companies+Inc,https://find-and-update.company-information.service.gov.uk/search/companies?q=Marsh+&+McLennan+Companies+Inc,1620594993,17:16:33,20210509
139,1986-06-30,MHM.L,USD,1986-06-30,1986-06-30,Q2,453400000,0.0,0.0,0.0,0.0,0.0,0.0,0.0,0.0,0.0,0.0,0.0,453400000.0,1.0,453400000,1.0,0.0,0.0,0.0,0.0,0.0,0.0,0.145,0.145,441986000,441986000,https://find-and-update.company-information.service.gov.uk/search/companies?q=Marsh+&+McLennan+Companies+Inc,https://find-and-update.company-information.service.gov.uk/search/companies?q=Marsh+&+McLennan+Companies+Inc,1620594993,17:16:33,20210509
140,1986-03-31,MHM.L,USD,1986-03-31,1986-03-31,Q1,444200000,0.0,0.0,0.0,0.0,0.0,0.0,0.0,0.0,0.0,0.0,0.0,444200000.0,1.0,444200000,1.0,0.0,0.0,0.0,0.0,0.0,0.0,0.15,0.15,439748000,439748000,https://find-and-update.company-information.service.gov.uk/search/companies?q=Marsh+&+McLennan+Companies+Inc,https://find-and-update.company-information.service.gov.uk/search/companies?q=Marsh+&+McLennan+Companies+Inc,1620594993,17:16:33,20210509
141,1985-12-31,MHM.L,USD,1985-12-31,1985-12-31,Q4,361700000,0.0,0.0,0.0,0.0,0.0,0.0,0.0,0.0,0.0,0.0,0.0,-692500000.0,-1.9145700857063865,-692500000,-1.9145700857063865,0.0,0.0,0.0,0.0,0.0,0.0,0.0,0.0,507000000,507000000,https://find-and-update.company-information.service.gov.uk/search/companies?q=Marsh+&+McLennan+Companies+Inc,https://find-and-update.company-information.service.gov.uk/search/companies?q=Marsh+&+McLennan+Companies+Inc,1620594993,17:16:33,20210509
142,1985-09-30,MHM.L,USD,1985-09-30,1985-09-30,Q3,350900000,0.0,0.0,0.0,0.0,0.0,0.0,0.0,0.0,0.0,0.0,0.0,350900000.0,1.0,350900000,1.0,0.0,0.0,0.0,0.0,0.0,0.0,0.095,0.095,437806000,437806000,https://find-and-update.company-information.service.gov.uk/search/companies?q=Marsh+&+McLennan+Companies+Inc,https://find-and-update.company-information.service.gov.uk/search/companies?q=Marsh+&+McLennan+Companies+Inc,1620594993,17:16:33,20210509
