,date,symbol,reportedCurrency,fillingDate,acceptedDate,period,revenue,costOfRevenue,grossProfit,grossProfitRatio,researchAndDevelopmentExpenses,generalAndAdministrativeExpenses,sellingAndMarketingExpenses,otherExpenses,operatingExpenses,costAndExpenses,interestExpense,depreciationAndAmortization,ebitda,ebitdaratio,operatingIncome,operatingIncomeRatio,totalOtherIncomeExpensesNet,incomeBeforeTax,incomeBeforeTaxRatio,incomeTaxExpense,netIncome,netIncomeRatio,eps,epsdiluted,weightedAverageShsOut,weightedAverageShsOutDil,link,finalLink,timestamp,est_time,est_date
0,2020-06-30,RVT,USD,2020-06-30,2020-06-30,Q1,12954490.0,7669360.0,5285130.0,0.4079766937949699,0.0,727530.0,0.0,72880.0,800410.0000000003,8469770.0,-161961560.0,0.0,-319438400.0,-24.658508,4484720.0,0.34619039421852965,0.0,-157476840.0,-12.15615898425951,0.0,-157476840.0,-12.15615898425951,-1.56738,-1.56738,100471690,100471690,,,1620597479,17:57:59,20210509
1,2019-12-31,RVT,USD,2019-12-31,2019-12-31,Q4,10522230.0,6153460.0,4368770.0,0.4151943076705223,0.0,0.0,0.0,-32450.0,-32449.99999999987,6121010.0,129802830.0,0.0,264006890.0,25.090393,4401220.0,0.4182782547045636,0.0,134204060.0,12.75433629563315,0.0,134204060.0,12.75433629563315,1.34516,1.34516,99767940,99767940,,,1620597479,17:57:59,20210509
2,2019-06-30,RVT,USD,2019-06-30,2019-06-30,Q3,11369380.0,4778040.0,6591340.0,0.5797448937409075,0.0,501410.0,0.0,80280.0,581690.0,5359730.0,244321970.0,0.0,494653590.0,43.507525,6009650.0,0.5285820334969893,0.0,250331620.0,22.018053754910117,0.0,250331620.0,22.018053754910117,2.58961,2.58961,96667730,96667730,,,1620597479,17:57:59,20210509
3,2018-12-31,RVT,USD,2018-12-31,2018-12-31,Q2,9263110.0,4094370.0,5168740.0,0.5579918623442882,0.0,471510.0,0.0,65240.0,536740.0,4631110.0,-262705480.0,0.0,-520778960.0,-56.220747,4632000.0,0.500048040021116,0.0,-258073480.0,-27.86034927794229,0.0,-258073480.0,-27.86034927794229,-2.47901,-2.47901,104103320,104103320,,,1620597479,17:57:59,20210509
4,2018-06-30,RVT,USD,2018-06-30,2018-06-30,Q1,0.0,0.0,0.0,0.0,0.0,0.0,0.0,0.0,0.0,0.0,0.0,0.0,0.0,0.0,0.0,0.0,0.0,0.0,0.0,0.0,0.0,0.0,0.0,0.0,104103320,104103320,,,1620597479,17:57:59,20210509
5,2017-12-31,RVT,USD,2017-12-31,2017-12-31,Q4,11577500.0,4167410.0,7410090.0,0.6400423234722522,0.0,381440.0,0.0,51360.0,432799.9999999994,4600209.999999999,142208600.0,0.0,291394490.0,25.169034,6977290.0,0.602659468797236,0.0,149185890.0,12.885846685381127,0.0,149185890.0,12.885846685381127,1.73337,1.73337,86067020,86067020,,,1620597479,17:57:59,20210509
6,2017-06-30,RVT,USD,2017-06-30,2017-06-30,Q3,8345410.0,3953250.0,4392160.0,0.5262964911250616,0.0,351820.0,0.0,47940.0,399769.99999999977,4353020.0,85871390.0,0.0,175735170.0,21.057704,3992390.0,0.47839351212223247,0.0,89863780.0,10.768048544049963,0.0,89863780.0,10.768048544049963,1.08128,1.08128,83108430,83108430,,,1620597479,17:57:59,20210509
7,2016-12-31,RVT,USD,2016-12-31,2016-12-31,Q2,9650000.0,3780000.0,5870000.0,0.6082901554404145,0.0,340000.0,0.0,70000.0,420000.0000000004,4200000.0,183730000.0,0.0,372920000.0,38.64456,5460000.0,0.5658031088082901,0.0,189190000.0,19.60518134715026,0.0,189190000.0,19.60518134715026,2.27638,2.27638,83110000,83110000,,,1620597479,17:57:59,20210509
8,2016-06-30,RVT,USD,2016-06-30,2016-06-30,Q1,8370000.0,3730000.0,4640000.0,0.5543608124253285,0.0,340000.0,0.0,80000.0,420000.0000000004,4150000.0000000005,78490000.0,0.0,161200000.0,19.259259,4220000.0,0.5041816009557945,0.0,82710000.0,9.881720430107526,0.0,82710000.0,9.881720430107526,1.02771,1.02771,80480000,80480000,,,1620597479,17:57:59,20210509
9,2015-12-31,RVT,USD,2015-12-31,2015-12-31,Q4,8090000.0,3710000.0,4380000.0,0.5414091470951793,0.0,330000.0,0.0,70000.0,389999.9999999997,4099999.9999999995,-126680000.0,0.0,-249370000.0,-30.824475,3990000.0,0.4932014833127318,0.0,-122690000.0,-15.165636588380718,0.0,-122690000.0,-15.165636588380718,-1.5175,-1.5175,80850000,80850000,,,1620597479,17:57:59,20210509
10,2015-06-30,RVT,USD,2015-06-30,2015-06-30,Q3,9180000.0,3610000.0,5570000.0,0.6067538126361656,0.0,300000.0,0.0,70000.0,360000.0000000003,3970000.0000000005,12360000.0,0.0,29930000.0,3.260349,5210000.0,0.5675381263616558,0.0,17570000.0,1.9139433551198257,0.0,17570000.0,1.9139433551198257,0.22744,0.22744,77250000,77250000,,,1620597479,17:57:59,20210509
11,2014-12-31,RVT,USD,2014-12-31,2014-12-31,Q2,9000000.0,3460000.0,5540000.0,0.6155555555555555,0.0,270000.0,0.0,60000.0,319999.9999999998,3780000.0,-40610000.0,0.0,-76010000.0,-8.445556,5220000.0,0.58,0.0,-35400000.0,-3.933333333333333,0.0,-35400000.0,-3.933333333333333,-0.45078,-0.45078,78530000,78530000,,,1620597479,17:57:59,20210509
12,2014-06-30,RVT,USD,2014-06-30,2014-06-30,Q1,7890000.0,3610000.0,4270000.0,0.541191381495564,0.0,300000.0,0.0,60000.0,370000.0000000001,3980000.0,31080000.0,0.0,66070000.0,8.373891,3910000.0,0.4955640050697085,0.0,34990000.0,4.434727503168568,0.0,34990000.0,4.434727503168568,0.47794,0.47794,73210000,73210000,,,1620597479,17:57:59,20210509
13,2013-12-31,RVT,USD,2013-12-31,2013-12-31,Q4,10030000.0,4770000.0,5250000.0,0.5234297108673978,0.0,310000.0,0.0,210000.0,530000.0000000002,5300000.0,234070000.0,0.0,472870000.0,47.145563,4720000.0,0.47058823529411764,0.0,238800000.0,23.808574277168496,0.0,238800000.0,23.808574277168496,3.27887,3.27887,72830000,72830000,,,1620597479,17:57:59,20210509
14,2013-06-30,RVT,USD,2013-06-30,2013-06-30,Q3,8200000.0,4030000.0,4180000.0,0.5097560975609756,0.0,270000.0,0.0,70000.0,330000.00000000006,4360000.0,128540000.0,0.0,260920000.0,31.819512,3840000.0,0.4682926829268293,0.0,132380000.0,16.14390243902439,0.0,132380000.0,16.14390243902439,1.86136,1.86136,71120000,71120000,,,1620597479,17:57:59,20210509
15,2012-12-31,RVT,USD,2012-12-31,2012-12-31,Q2,13940000.0,3470000.0,10470000.0,0.7510760401721664,0.0,290000.0,0.0,50000.0,339999.9999999999,3810000.0,99960000.0,0.0,210050000.0,15.068149,10130000.0,0.7266857962697274,-20000.0,110090000.0,7.897417503586801,0.0,110090000.0,7.897417503586801,1.54231,1.54231,71380000,71380000,,,1620597479,17:57:59,20210509
16,2012-06-30,RVT,USD,2012-06-30,2012-06-30,Q1,9600000.0,3240000.0,6360000.0,0.6625,0.0,270000.0,0.0,20000.0,289999.9999999996,3529999.9999999995,38640000.0,0.0,83360000.0,8.683333,6080000.0,0.6333333333333333,-30000.0,44720000.0,4.658333333333333,0.0,44720000.0,4.658333333333333,0.64652,0.64652,69170000,69170000,,,1620597479,17:57:59,20210509
17,2011-12-31,RVT,USD,2011-12-31,2011-12-31,Q4,8680000.0,3610000.0,5070000.0,0.5841013824884793,0.0,270000.0,0.0,110000.0,380000.00000000035,3990000.0000000005,-205920000.0,0.0,-371000000.0,-42.741935,4690000.0,0.5403225806451613,0.0,-165080000.0,-19.018433179723502,0.0,-165080000.0,-19.018433179723502,-2.37936,-2.37936,69380000,69380000,,,1620597479,17:57:59,20210509
18,2011-06-30,RVT,USD,2011-06-30,2011-06-30,Q3,8580000.0,6210000.0,2360000.0,0.27505827505827507,0.0,250000.0,0.0,60000.0,309999.9999999996,6520000.0,61810000.0,0.0,125670000.0,14.646853,2050000.0,0.23892773892773891,0.0,63860000.0,7.442890442890443,0.0,63860000.0,7.442890442890443,0.95356,0.95356,66970000,66970000,,,1620597479,17:57:59,20210509
19,2010-12-31,RVT,USD,2010-12-31,2010-12-31,Q2,9930000.0,1220000.0,8710000.0,0.877139979859013,0.0,290000.0,0.0,50000.0,340000.0000000001,1560000.0,280880000.0,0.0,570130000.0,57.414904,8370000.0,0.8429003021148036,0.0,289250000.0,29.128902316213495,0.0,289250000.0,29.128902316213495,4.37132,4.37132,66170000,66170000,,,1620597479,17:57:59,20210509
20,2010-06-30,RVT,USD,2010-06-30,2010-06-30,Q1,7720000.0,260000.0,7460000.0,0.966321243523316,0.0,190000.0,0.0,70000.0,270000.0,530000.0,-26360000.0,0.0,-45530000.0,-5.897668,7190000.0,0.9313471502590673,0.0,-19170000.0,-2.483160621761658,0.0,-19170000.0,-2.483160621761658,-0.29037,-0.29037,66020000,66020000,,,1620597479,17:57:59,20210509
21,2009-12-31,RVT,USD,2009-12-31,2009-12-31,Q4,6240000.0,200000.0,6040000.0,0.967948717948718,0.0,330000.0,0.0,0.0,340000.0,540000.0,189640000.0,0.0,389230000.0,62.376603,5710000.0,0.9150641025641025,0.0,199590000.0,31.985576923076923,0.0,199590000.0,31.985576923076923,3.02317,3.02317,66020000,66020000,,,1620597479,17:57:59,20210509
22,2009-06-30,RVT,USD,2009-06-30,2009-06-30,Q3,5980000.0,190000.0,5790000.0,0.9682274247491639,0.0,360000.0,0.0,0.0,360000.00000000006,550000.0,148100000.0,0.0,218640000.0,36.561873,5430000.0,0.9080267558528428,0.0,70540000.0,11.79598662207358,0.0,70540000.0,11.79598662207358,1.06846,1.06846,66020000,66020000,,,1620597479,17:57:59,20210509
23,2008-12-31,RVT,USD,2008-12-31,2008-12-31,Q2,10810000.0,3200000.0,7610000.0,0.7039777983348752,0.0,340000.0,0.0,0.0,339999.9999999999,3540000.0,-391470000.0,0.0,-775680000.0,-71.755782,7260000.0,0.6716003700277521,0.0,-384210000.0,-35.54209065679926,0.0,-384210000.0,-35.54209065679926,-5.73619,-5.73619,66980000,66980000,,,1620597479,17:57:59,20210509
24,2008-06-30,RVT,USD,2008-06-30,2008-06-30,Q1,11120000.0,9160000.0,1960000.0,0.17625899280575538,0.0,370000.0,0.0,0.0,359999.9999999994,9520000.0,-134470000.0,0.0,-267350000.0,-24.042266,1600000.0,0.14388489208633093,0.0,-132880000.0,-11.949640287769784,0.0,-132880000.0,-11.949640287769784,-2.15086,-2.15086,61780000,61780000,,,1620597479,17:57:59,20210509
25,2007-12-31,RVT,USD,2007-12-31,2007-12-31,Q4,11170000.0,9050000.0,2130000.0,0.19068934646374217,0.0,280000.0,0.0,-10000.0,269999.9999999996,9320000.0,-53100000.0,0.0,-104320000.0,-9.339302,1850000.0,0.1656222023276634,-10000.0,-51220000.0,-4.585496866606983,0.0,-51220000.0,-4.585496866606983,-0.85352,-0.85352,60010000,60010000,,,1620597479,17:57:59,20210509
26,2007-06-30,RVT,USD,2007-06-30,2007-06-30,Q3,11050000.0,7290000.0,3760000.0,0.3402714932126697,0.0,380000.0,0.0,-60000.0,320000.0000000003,7610000.0,113220000.0,0.0,235200000.0,21.285068,3440000.0,0.31131221719457014,-60000.0,121980000.0,11.038914027149321,0.0,121980000.0,11.038914027149321,2.08513,2.08513,58500000,58500000,,,1620597479,17:57:59,20210509
27,2006-12-31,RVT,USD,2006-12-31,2006-12-31,Q2,11140000.0,6960000.0,4180000.0,0.3752244165170557,0.0,270000.0,0.0,0.0,270000.00000000047,7230000.0,101090000.0,0.0,206300000.0,18.518851,3910000.0,0.3509874326750449,0.0,105210000.0,9.444344703770197,0.0,105210000.0,9.444344703770197,1.79539,1.79539,58600000,58600000,,,1620597479,17:57:59,20210509
28,2006-06-30,RVT,USD,2006-06-30,2006-06-30,Q1,10300000.0,6840000.0,3470000.0,0.33689320388349514,0.0,390000.0,0.0,0.0,379999.9999999999,7220000.0,101910000.0,0.0,206900000.0,20.087379,3080000.0,0.29902912621359223,0.0,104990000.0,10.193203883495146,0.0,104990000.0,10.193203883495146,1.8775,1.8775,55920000,55920000,,,1620597479,17:57:59,20210509
29,2005-12-31,RVT,USD,2005-12-31,2005-12-31,Q4,8550000.0,6880000.0,1670000.0,0.1953216374269006,0.0,300000.0,0.0,0.0,299999.9999999998,7180000.0,29590000.0,0.0,137320000.0,16.060819,1380000.0,0.16140350877192983,0.0,107730000.0,12.6,0.0,107730000.0,12.6,1.87129,1.87129,57570000,57570000,,,1620597479,17:57:59,20210509
30,2005-06-30,RVT,USD,2005-06-30,2005-06-30,Q3,6270000.0,6930000.0,-650000.0,-0.10366826156299841,0.0,400000.0,0.0,0.0,400000.00000000035,7330000.0,-39970000.0,0.0,-53180000.0,-8.481659,-1050000.0,-0.1674641148325359,0.0,-13210000.0,-2.106858054226475,0.0,-13210000.0,-2.106858054226475,-0.25477,-0.25477,51850000,51850000,,,1620597479,17:57:59,20210509
31,2004-12-31,RVT,USD,2004-12-31,2004-12-31,Q2,5230000.0,6630000.0,-1400000.0,-0.2676864244741874,0.0,310000.0,0.0,0.0,310000.0000000005,6940000.000000001,26540000.0,0.0,130770000.0,25.003824,-1710000.0,-0.32695984703632885,0.0,104230000.0,19.92925430210325,0.0,104230000.0,19.92925430210325,1.94025,1.94025,53720000,53720000,,,1620597479,17:57:59,20210509
32,2004-06-30,RVT,USD,2004-06-30,2004-06-30,Q1,3850000.0,6280000.0,-2440000.0,-0.6337662337662338,0.0,310000.0,0.0,0.0,309999.9999999996,6590000.0,68350000.0,0.0,155410000.0,40.366234,-2750000.0,-0.7142857142857143,0.0,87060000.0,22.612987012987013,0.0,87060000.0,22.612987012987013,1.70338,1.70338,51110000,51110000,,,1620597479,17:57:59,20210509
33,2003-12-31,RVT,USD,2003-12-31,2003-12-31,Q4,4390000.0,5950000.0,-1550000.0,-0.3530751708428246,0.0,300000.0,0.0,0.0,290000.00000000006,6240000.0,180270000.0,0.0,358940000.0,81.763098,-1850000.0,-0.4214123006833713,250000.0,178670000.0,40.699316628701595,0.0,178670000.0,40.699316628701595,3.49716,3.49716,51090000,51090000,,,1620597479,17:57:59,20210509
34,2003-06-30,RVT,USD,2003-06-30,2003-06-30,Q3,3480000.0,4690000.0,-1210000.0,-0.34770114942528735,0.0,300000.0,0.0,0.0,299999.9999999998,4990000.0,103000000.0,0.0,205110000.0,58.939655,-1510000.0,-0.4339080459770115,620000.0,102110000.0,29.341954022988507,0.0,102110000.0,29.341954022988507,2.09156,2.09156,48820000,48820000,,,1620597479,17:57:59,20210509
35,2002-12-31,RVT,USD,2002-12-31,2002-12-31,Q2,5230000.0,5630000.0,-400000.0,-0.07648183556405354,0.0,340000.0,0.0,0.0,339999.9999999999,5970000.0,-100010000.0,0.0,-200100000.0,-38.260038,-740000.0,-0.14149139579349904,670000.0,-100090000.0,-19.137667304015295,0.0,-100090000.0,-19.137667304015295,-2.28307,-2.28307,43840000,43840000,,,1620597479,17:57:59,20210509
36,2002-06-30,RVT,USD,2002-06-30,2002-06-30,Q1,5220000.0,5450000.0,-230000.0,-0.044061302681992334,0.0,280000.0,0.0,0.0,280000.00000000023,5730000.0,6560000.0,0.0,12620000.0,2.417625,-510000.0,-0.09770114942528736,0.0,6060000.0,1.160919540229885,0.0,6060000.0,1.160919540229885,0.1478,0.1478,41000000,41000000,,,1620597479,17:57:59,20210509
37,2001-12-31,RVT,USD,2001-12-31,2001-12-31,Q4,5920000.0,5130000.0,790000.0,0.13344594594594594,0.0,320000.0,0.0,0.0,320000.0000000003,5450000.0,1730000.0,0.0,4100000.0,0.692568,470000.0,0.07939189189189189,170000.0,2370000.0,0.40033783783783783,0.0,2370000.0,0.40033783783783783,0.05992,0.05992,39550000,39550000,,,1620597479,17:57:59,20210509
38,2001-06-30,RVT,USD,2001-06-30,2001-06-30,Q3,6800000.0,4910000.0,1900000.0,0.27941176470588236,0.0,370000.0,0.0,0.0,370000.0000000001,5280000.0,98430000.0,0.0,198460000.0,29.185294,1530000.0,0.225,80000.0,100030000.0,14.71029411764706,0.0,100030000.0,14.71029411764706,2.60971,2.60971,38330000,38330000,,,1620597479,17:57:59,20210509
39,2000-12-31,RVT,USD,2000-12-31,2000-12-31,Q2,7940000.0,4580000.0,3350000.0,0.42191435768261965,0.0,310000.0,0.0,0.0,309999.9999999996,4890000.0,0.0,0.0,52310000.0,6.588161,3050000.0,0.38413098236775817,210000.0,52310000.0,6.58816120906801,0.0,52310000.0,6.58816120906801,1.41877,1.41877,36870000,36870000,,,1620597479,17:57:59,20210509
40,2000-06-30,RVT,USD,2000-06-30,2000-06-30,Q1,7360000.0,3620000.0,3730000.0,0.5067934782608695,0.0,370000.0,0.0,0.0,370000.0000000001,3990000.0,0.0,0.0,47650000.0,6.474185,3360000.0,0.45652173913043476,300000.0,47650000.0,6.474184782608695,0.0,47650000.0,6.474184782608695,1.33999,1.33999,35560000,35560000,,,1620597479,17:57:59,20210509
41,1999-12-31,RVT,USD,1999-12-31,1999-12-31,Q4,7530000.0,3440000.0,4090000.0,0.5431606905710491,0.0,420000.0,0.0,0.0,419999.99999999994,3860000.0,0.0,0.0,38160000.0,5.067729,3660000.0,0.4860557768924303,260000.0,38160000.0,5.067729083665339,0.0,38160000.0,5.067729083665339,1.06921,1.06921,35690000,35690000,,,1620597479,17:57:59,20210509
42,1999-06-30,RVT,USD,1999-06-30,1999-06-30,Q3,6740000.0,3120000.0,3620000.0,0.5370919881305638,0.0,420000.0,0.0,0.0,419999.99999999994,3540000.0,0.0,0.0,28290000.0,4.197329,3200000.0,0.47477744807121663,190000.0,28290000.0,4.1973293768546,0.0,28290000.0,4.1973293768546,0.83476,0.83476,33890000,33890000,,,1620597479,17:57:59,20210509
43,1998-12-31,RVT,USD,1998-12-31,1998-12-31,Q2,6900000.0,3700000.0,3200000.0,0.463768115942029,0.0,120000.0,0.0,0.0,119999.99999999967,3819999.9999999995,0.0,0.0,-23010000.0,-3.334783,3080000.0,0.4463768115942029,120000.0,-23010000.0,-3.3347826086956522,0.0,-23010000.0,-3.3347826086956522,-0.67104,-0.67104,34290000,34290000,,,1620597479,17:57:59,20210509
44,1998-06-30,RVT,USD,1998-06-30,1998-06-30,Q1,5620000.0,2640000.0,2980000.0,0.5302491103202847,0.0,470000.0,0.0,0.0,469999.99999999977,3109999.9999999995,0.0,0.0,50390000.0,8.966192,2510000.0,0.44661921708185054,10000.0,50390000.0,8.966192170818506,0.0,50390000.0,8.966192170818506,1.63022,1.63022,30910000,30910000,,,1620597479,17:57:59,20210509
45,1997-12-31,RVT,USD,1997-12-31,1997-12-31,Q4,6220000.0,1030000.0,5200000.0,0.8360128617363344,0.0,1410000.0,0.0,0.0,1410000.0,2440000.0,0.0,0.0,59240000.0,9.524116,3790000.0,0.6093247588424437,80000.0,59240000.0,9.52411575562701,0.0,59240000.0,9.52411575562701,2.09996,2.09996,28210000,28210000,,,1620597479,17:57:59,20210509
46,1997-06-30,RVT,USD,1997-06-30,1997-06-30,Q3,5400000.0,920000.0,4470000.0,0.8277777777777777,0.0,1640000.0,0.0,0.0,1640000.0,2560000.0,0.0,0.0,57280000.0,10.607407,2840000.0,0.5259259259259259,0.0,57280000.0,10.607407407407408,0.0,57280000.0,10.607407407407408,1.9603,1.9603,29220000,29220000,,,1620597479,17:57:59,20210509
47,1996-12-31,RVT,USD,1996-12-31,1996-12-31,Q2,5300000.0,830000.0,4470000.0,0.8433962264150944,0.0,1510000.0,0.0,0.0,1509999.9999999998,2340000.0,0.0,0.0,31430000.0,5.930189,2960000.0,0.5584905660377358,0.0,31430000.0,5.930188679245283,0.0,31430000.0,5.930188679245283,1.26428,1.26428,24860000,24860000,,,1620597479,17:57:59,20210509
48,1996-06-30,RVT,USD,1996-06-30,1996-06-30,Q1,3860000.0,770000.0,3090000.0,0.8005181347150259,0.0,1490000.0,0.0,0.0,1489999.9999999998,2260000.0,0.0,0.0,25460000.0,6.595855,1600000.0,0.41450777202072536,0.0,25460000.0,6.595854922279793,0.0,25460000.0,6.595854922279793,0.91583,0.91583,27800000,27800000,,,1620597479,17:57:59,20210509
49,1995-12-31,RVT,USD,1995-12-31,1995-12-31,Q4,3800000.0,1540000.0,2250000.0,0.5921052631578947,0.0,1560000.0,0.0,0.0,1560000.0,3100000.0,0.0,0.0,26310000.0,6.923684,700000.0,0.18421052631578946,0.0,26310000.0,6.923684210526316,0.0,26310000.0,6.923684210526316,1.10361,1.10361,23840000,23840000,,,1620597479,17:57:59,20210509
50,1995-06-30,RVT,USD,1995-06-30,1995-06-30,Q3,3360000.0,1640000.0,1720000.0,0.5119047619047619,0.0,1390000.0,0.0,0.0,1390000.0,3030000.0,0.0,0.0,36330000.0,10.8125,340000.0,0.10119047619047619,0.0,36330000.0,10.8125,0.0,36330000.0,10.8125,1.65966,1.65966,21890000,21890000,,,1620597479,17:57:59,20210509
