,date,symbol,reportedCurrency,fillingDate,acceptedDate,period,revenue,costOfRevenue,grossProfit,grossProfitRatio,researchAndDevelopmentExpenses,generalAndAdministrativeExpenses,sellingAndMarketingExpenses,otherExpenses,operatingExpenses,costAndExpenses,interestExpense,depreciationAndAmortization,ebitda,ebitdaratio,operatingIncome,operatingIncomeRatio,totalOtherIncomeExpensesNet,incomeBeforeTax,incomeBeforeTaxRatio,incomeTaxExpense,netIncome,netIncomeRatio,eps,epsdiluted,weightedAverageShsOut,weightedAverageShsOutDil,link,finalLink,timestamp,est_time,est_date
0,2019-06-30,PNL.AX,USD,2019-06-30,2019-06-30,Q2,0.0,1409750.0,-1409750.0,0.0,0.0,1767000.0,0.0,2500.0,0.0,3176750.0,0.0,0.0,-2778000.0,0.0,-3176750.0,0.0,-15250.0,-3274250.0,0.0,0.0,-3274250.0,0.0,-0.007265,-0.007265,471241650,471241650,,,1620596678,17:44:38,20210509
1,2019-03-31,PNL.AX,USD,2019-03-31,2019-03-31,Q1,0.0,1409750.0,-1409750.0,0.0,0.0,1767000.0,0.0,2500.0,0.0,3176750.0,0.0,0.0,-2778000.0,0.0,-3176750.0,0.0,-15250.0,-3274250.0,0.0,0.0,-3274250.0,0.0,-0.007265,-0.007265,471241650,471241650,,,1620596678,17:44:38,20210509
2,2019-01-31,PNL.AX,USD,2019-01-31,2019-01-31,Q1,0.0,1409750.0,-1409750.0,0.0,0.0,1767000.0,0.0,2500.0,0.0,3176750.0,0.0,0.0,-2778000.0,0.0,-3176750.0,0.0,-15250.0,-3274250.0,0.0,0.0,-3274250.0,0.0,-0.007265,-0.007265,471241650,471241650,,,1620596678,17:44:38,20210509
3,2018-06-30,PNL.AX,USD,2018-06-30,2018-06-30,Q2,0.0,3250.0,-3250.0,0.0,0.0,1807500.0,67250.0,-190580.440241,106844.31460725,1878000.0,0.0,3230.17694475,-1874769.82305525,0.0,-1878000.0,0.0,14000.0,-1778750.0,0.0,0.0,-1778750.0,0.0,-0.005248,-0.005248,336646454,336646454,,,1620596678,17:44:38,20210509
4,2018-03-31,PNL.AX,USD,2018-03-31,2018-03-31,Q1,0.0,3250.0,-3250.0,0.0,0.0,1807500.0,67250.0,-190580.440241,106844.31460725,1878000.0,0.0,3230.17694475,-1874769.82305525,0.0,-1878000.0,0.0,14000.0,-1778750.0,0.0,0.0,-1778750.0,0.0,-0.005248,-0.005248,336646454,336646454,,,1620596678,17:44:38,20210509
5,2018-01-31,PNL.AX,USD,2018-01-31,2018-01-31,Q1,0.0,3250.0,-3250.0,0.0,0.0,1807500.0,67250.0,-190580.440241,106844.31460725,1878000.0,0.0,3230.17694475,-1874769.82305525,0.0,-1878000.0,0.0,14000.0,-1778750.0,0.0,0.0,-1778750.0,0.0,-0.005248,-0.005248,336646454,336646454,,,1620596678,17:44:38,20210509
6,2017-06-30,PNL.AX,USD,2017-06-30,2017-06-30,Q2,0.0,0.0,0.0,0.0,0.0,800469.26709025,0.0,-20475.81905,693573.52722625,1499287.6787415,0.0,5244.884425,-1494042.7943165,0.0,-1499287.6787415,0.0,-15734.65329425,-1487299.37148425,0.0,0.0,-1487299.37148425,0.0,-0.0061755,-0.0061755,240955237,240955237,,,1620596678,17:44:38,20210509
7,2017-03-31,PNL.AX,USD,2017-03-31,2017-03-31,Q1,0.0,0.0,0.0,0.0,0.0,800469.26709025,0.0,-20475.81905,693573.52722625,1499287.6787415,0.0,5244.884425,-1494042.7943165,0.0,-1499287.6787415,0.0,-15734.65329425,-1487299.37148425,0.0,0.0,-1487299.37148425,0.0,-0.0061755,-0.0061755,240955237,240955237,,,1620596678,17:44:38,20210509
8,2017-01-31,PNL.AX,USD,2017-01-31,2017-01-31,Q1,0.0,0.0,0.0,0.0,0.0,800469.26709025,0.0,-20475.81905,693573.52722625,1499287.6787415,0.0,5244.884425,-1494042.7943165,0.0,-1499287.6787415,0.0,-15734.65329425,-1487299.37148425,0.0,0.0,-1487299.37148425,0.0,-0.0061755,-0.0061755,240955237,240955237,,,1620596678,17:44:38,20210509
9,2016-06-30,PNL.AX,USD,2016-06-30,2016-06-30,Q2,0.0,0.0,0.0,0.0,0.0,232712.197927,0.0,650365.25,931395.0622815,1164107.2602085,0.0,10340.75,-1153766.5102085,0.0,-1164107.2602085,0.0,650365.25,-1151248.24506375,0.0,0.0,-1151248.24506375,0.0,-0.00666275,-0.00666275,172914759,172914759,,,1620596678,17:44:38,20210509
10,2016-03-31,PNL.AX,USD,2016-03-31,2016-03-31,Q1,0.0,0.0,0.0,0.0,0.0,232712.197927,0.0,650365.25,931395.0622815,1164107.2602085,0.0,10340.75,-1153766.5102085,0.0,-1164107.2602085,0.0,650365.25,-1151248.24506375,0.0,0.0,-1151248.24506375,0.0,-0.00666275,-0.00666275,172914759,172914759,,,1620596678,17:44:38,20210509
11,2016-01-31,PNL.AX,USD,2016-01-31,2016-01-31,Q1,0.0,0.0,0.0,0.0,0.0,232712.197927,0.0,650365.25,931395.0622815,1164107.2602085,0.0,10340.75,-1153766.5102085,0.0,-1164107.2602085,0.0,650365.25,-1151248.24506375,0.0,0.0,-1151248.24506375,0.0,-0.00666275,-0.00666275,172914759,172914759,,,1620596678,17:44:38,20210509
12,2015-09-30,PNL.AX,USD,2015-09-30,2015-09-30,Q3,0.0,0.0,0.0,0.0,0.0,246398.740585,0.0,577667.0,938359.9993865,1184758.7399715,0.0,10770.75,-1173987.9899715,0.0,-1184758.7399715,0.0,23529.851662,-1128411.6185245,0.0,0.0,-1128411.6185245,0.0,-0.00745425,-0.00745425,154687853,154687853,,,1620596678,17:44:38,20210509
13,2015-06-30,PNL.AX,USD,2015-06-30,2015-06-30,Q2,0.0,0.0,0.0,0.0,0.0,246398.740585,0.0,577667.0,938359.9993865,1184758.7399715,0.0,10770.75,-1173987.9899715,0.0,-1184758.7399715,0.0,23529.851662,-1128411.6185245,0.0,0.0,-1128411.6185245,0.0,-0.00745425,-0.00745425,154687853,154687853,,,1620596678,17:44:38,20210509
14,2015-03-31,PNL.AX,USD,2015-03-31,2015-03-31,Q1,0.0,0.0,0.0,0.0,0.0,246398.740585,0.0,577667.0,938359.9993865,1184758.7399715,0.0,10770.75,-1173987.9899715,0.0,-1184758.7399715,0.0,23529.851662,-1128411.6185245,0.0,0.0,-1128411.6185245,0.0,-0.00745425,-0.00745425,154687853,154687853,,,1620596678,17:44:38,20210509
15,2015-01-31,PNL.AX,USD,2015-01-31,2015-01-31,Q1,0.0,0.0,0.0,0.0,0.0,246398.740585,0.0,577667.0,938359.9993865,1184758.7399715,0.0,10770.75,-1173987.9899715,0.0,-1184758.7399715,0.0,23529.851662,-1128411.6185245,0.0,0.0,-1128411.6185245,0.0,-0.00745425,-0.00745425,154687853,154687853,,,1620596678,17:44:38,20210509
16,2014-09-30,PNL.AX,USD,2014-09-30,2014-09-30,Q3,0.0,0.0,0.0,0.0,0.0,345759.73977075,0.0,185389.75,687887.1900125,1033646.92978325,0.0,6106.25,-1027540.67978325,0.0,-1033646.92978325,0.0,185389.75,-978943.218408,0.0,0.0,-978943.218408,0.0,-0.00833725,-0.00833725,117898273,117898273,,,1620596678,17:44:38,20210509
17,2014-06-30,PNL.AX,USD,2014-06-30,2014-06-30,Q2,0.0,0.0,0.0,0.0,0.0,345759.73977075,0.0,185389.75,687887.1900125,1033646.92978325,0.0,6106.25,-1027540.67978325,0.0,-1033646.92978325,0.0,185389.75,-978943.218408,0.0,0.0,-978943.218408,0.0,-0.00833725,-0.00833725,117898273,117898273,,,1620596678,17:44:38,20210509
18,2014-03-31,PNL.AX,USD,2014-03-31,2014-03-31,Q1,0.0,0.0,0.0,0.0,0.0,345759.73977075,0.0,185389.75,687887.1900125,1033646.92978325,0.0,6106.25,-1027540.67978325,0.0,-1033646.92978325,0.0,185389.75,-978943.218408,0.0,0.0,-978943.218408,0.0,-0.00833725,-0.00833725,117898273,117898273,,,1620596678,17:44:38,20210509
19,2014-01-31,PNL.AX,USD,2014-01-31,2014-01-31,Q1,0.0,0.0,0.0,0.0,0.0,345759.73977075,0.0,185389.75,687887.1900125,1033646.92978325,0.0,6106.25,-1027540.67978325,0.0,-1033646.92978325,0.0,185389.75,-978943.218408,0.0,0.0,-978943.218408,0.0,-0.00833725,-0.00833725,117898273,117898273,,,1620596678,17:44:38,20210509
20,2013-09-30,PNL.AX,USD,2013-09-30,2013-09-30,Q3,0.0,0.0,0.0,0.0,0.0,-34423.7717815,98076.5,-98076.5,126795.312885,191114.467452,0.0,666.4263485,-190448.0411035,0.0,-191114.467452,0.0,-98076.5,-150810.6171915,0.0,0.0,-150810.6171915,0.0,-0.00379825,-0.00379825,39647310,39647310,,,1620596678,17:44:38,20210509
21,2013-06-30,PNL.AX,USD,2013-06-30,2013-06-30,Q2,0.0,0.0,0.0,0.0,0.0,-34423.7717815,98076.5,-98076.5,126795.312885,191114.467452,0.0,666.4263485,-190448.0411035,0.0,-191114.467452,0.0,-98076.5,-150810.6171915,0.0,0.0,-150810.6171915,0.0,-0.00379825,-0.00379825,39647310,39647310,,,1620596678,17:44:38,20210509
22,2013-03-31,PNL.AX,USD,2013-03-31,2013-03-31,Q1,0.0,0.0,0.0,0.0,0.0,-34423.7717815,98076.5,-98076.5,126795.312885,191114.467452,0.0,666.4263485,-190448.0411035,0.0,-191114.467452,0.0,-98076.5,-150810.6171915,0.0,0.0,-150810.6171915,0.0,-0.00379825,-0.00379825,39647310,39647310,,,1620596678,17:44:38,20210509
23,2013-01-31,PNL.AX,USD,2013-01-31,2013-01-31,Q1,0.0,0.0,0.0,0.0,0.0,-34423.7717815,98076.5,-98076.5,126795.312885,191114.467452,0.0,666.4263485,-190448.0411035,0.0,-191114.467452,0.0,-98076.5,-150810.6171915,0.0,0.0,-150810.6171915,0.0,-0.00379825,-0.00379825,39647310,39647310,,,1620596678,17:44:38,20210509
