,date,symbol,reportedCurrency,fillingDate,acceptedDate,period,revenue,costOfRevenue,grossProfit,grossProfitRatio,researchAndDevelopmentExpenses,generalAndAdministrativeExpenses,sellingAndMarketingExpenses,otherExpenses,operatingExpenses,costAndExpenses,interestExpense,depreciationAndAmortization,ebitda,ebitdaratio,operatingIncome,operatingIncomeRatio,totalOtherIncomeExpensesNet,incomeBeforeTax,incomeBeforeTaxRatio,incomeTaxExpense,netIncome,netIncomeRatio,eps,epsdiluted,weightedAverageShsOut,weightedAverageShsOutDil,link,finalLink,timestamp,est_time,est_date
0,2020-09-30,IPU.L,GBP,2020-09-30,2020-09-30,Q3,11913250.0,0.0,0.0,0.0,0.0,96000.0,0.0,0.0,1750.0,0.0,250.0,0.0,0.0,0.0,0.0,0.0,0.0,11815500.0,0.9917948502717563,0.0,11815500.0,0.9917948502717563,0.35835,0.35835,32971792,32971792,https://find-and-update.company-information.service.gov.uk/search/companies?q=Invesco+Perpetual+UK+Smaller+Companies+Investment+Trust+PLC,https://find-and-update.company-information.service.gov.uk/search/companies?q=Invesco+Perpetual+UK+Smaller+Companies+Investment+Trust+PLC,1620593730,16:55:30,20210509
1,2020-06-30,IPU.L,GBP,2020-06-30,2020-06-30,Q2,11913250.0,0.0,0.0,0.0,0.0,96000.0,0.0,0.0,1750.0,0.0,250.0,0.0,0.0,0.0,0.0,0.0,0.0,11815500.0,0.9917948502717563,0.0,11815500.0,0.9917948502717563,0.35835,0.35835,32971792,32971792,https://find-and-update.company-information.service.gov.uk/search/companies?q=Invesco+Perpetual+UK+Smaller+Companies+Investment+Trust+PLC,https://find-and-update.company-information.service.gov.uk/search/companies?q=Invesco+Perpetual+UK+Smaller+Companies+Investment+Trust+PLC,1620593730,16:55:30,20210509
2,2020-03-31,IPU.L,GBP,2020-03-31,2020-03-31,Q1,11913250.0,0.0,0.0,0.0,0.0,96000.0,0.0,0.0,1750.0,0.0,250.0,0.0,0.0,0.0,0.0,0.0,0.0,11815500.0,0.9917948502717563,0.0,11815500.0,0.9917948502717563,0.35835,0.35835,32971792,32971792,https://find-and-update.company-information.service.gov.uk/search/companies?q=Invesco+Perpetual+UK+Smaller+Companies+Investment+Trust+PLC,https://find-and-update.company-information.service.gov.uk/search/companies?q=Invesco+Perpetual+UK+Smaller+Companies+Investment+Trust+PLC,1620593730,16:55:30,20210509
3,2020-01-31,IPU.L,GBP,2020-01-31,2020-01-31,Q1,11913250.0,0.0,0.0,0.0,0.0,96000.0,0.0,0.0,1750.0,0.0,250.0,0.0,0.0,0.0,0.0,0.0,0.0,11815500.0,0.9917948502717563,0.0,11815500.0,0.9917948502717563,0.35835,0.35835,32971792,32971792,https://find-and-update.company-information.service.gov.uk/search/companies?q=Invesco+Perpetual+UK+Smaller+Companies+Investment+Trust+PLC,https://find-and-update.company-information.service.gov.uk/search/companies?q=Invesco+Perpetual+UK+Smaller+Companies+Investment+Trust+PLC,1620593730,16:55:30,20210509
4,2019-06-30,IPU.L,GBP,2019-06-30,2019-06-30,Q2,-3248250.0,0.0,0.0,0.0,0.0,98250.0,0.0,0.0,2750.0,0.0,0.0,0.0,0.0,0.0,0.0,0.0,0.0,-3349250.0,1.031093665820057,0.0,-3349250.0,1.031093665820057,-0.10195,-0.10195,32851929,32851929,https://find-and-update.company-information.service.gov.uk/search/companies?q=Invesco+Perpetual+UK+Smaller+Companies+Investment+Trust+PLC,https://find-and-update.company-information.service.gov.uk/search/companies?q=Invesco+Perpetual+UK+Smaller+Companies+Investment+Trust+PLC,1620593730,16:55:30,20210509
5,2019-03-31,IPU.L,GBP,2019-03-31,2019-03-31,Q1,-3248250.0,0.0,0.0,0.0,0.0,98250.0,0.0,0.0,2750.0,0.0,0.0,0.0,0.0,0.0,0.0,0.0,0.0,-3349250.0,1.031093665820057,0.0,-3349250.0,1.031093665820057,-0.10195,-0.10195,32851929,32851929,https://find-and-update.company-information.service.gov.uk/search/companies?q=Invesco+Perpetual+UK+Smaller+Companies+Investment+Trust+PLC,https://find-and-update.company-information.service.gov.uk/search/companies?q=Invesco+Perpetual+UK+Smaller+Companies+Investment+Trust+PLC,1620593730,16:55:30,20210509
6,2019-01-31,IPU.L,GBP,2019-01-31,2019-01-31,Q1,-3248250.0,0.0,0.0,0.0,0.0,98250.0,0.0,0.0,2750.0,0.0,0.0,0.0,0.0,0.0,0.0,0.0,0.0,-3349250.0,1.031093665820057,0.0,-3349250.0,1.031093665820057,-0.10195,-0.10195,32851929,32851929,https://find-and-update.company-information.service.gov.uk/search/companies?q=Invesco+Perpetual+UK+Smaller+Companies+Investment+Trust+PLC,https://find-and-update.company-information.service.gov.uk/search/companies?q=Invesco+Perpetual+UK+Smaller+Companies+Investment+Trust+PLC,1620593730,16:55:30,20210509
7,2018-06-30,IPU.L,GBP,2018-06-30,2018-06-30,Q2,11298500.0,0.0,0.0,0.0,0.0,82000.0,0.0,0.0,0.0,0.0,3000.0,0.0,0.0,0.0,0.0,0.0,0.0,11216500.0,0.9927423994335531,0.0,11216500.0,0.9927423994335531,0.262525,0.262525,42723755,42723755,https://find-and-update.company-information.service.gov.uk/search/companies?q=Invesco+Perpetual+UK+Smaller+Companies+Investment+Trust+PLC,https://find-and-update.company-information.service.gov.uk/search/companies?q=Invesco+Perpetual+UK+Smaller+Companies+Investment+Trust+PLC,1620593730,16:55:30,20210509
8,2018-03-31,IPU.L,GBP,2018-03-31,2018-03-31,Q1,11298500.0,0.0,0.0,0.0,0.0,82000.0,0.0,0.0,0.0,0.0,3000.0,0.0,0.0,0.0,0.0,0.0,0.0,11216500.0,0.9927423994335531,0.0,11216500.0,0.9927423994335531,0.262525,0.262525,42723755,42723755,https://find-and-update.company-information.service.gov.uk/search/companies?q=Invesco+Perpetual+UK+Smaller+Companies+Investment+Trust+PLC,https://find-and-update.company-information.service.gov.uk/search/companies?q=Invesco+Perpetual+UK+Smaller+Companies+Investment+Trust+PLC,1620593730,16:55:30,20210509
9,2018-01-31,IPU.L,GBP,2018-01-31,2018-01-31,Q1,11298500.0,0.0,0.0,0.0,0.0,82000.0,0.0,0.0,0.0,0.0,3000.0,0.0,0.0,0.0,0.0,0.0,0.0,11216500.0,0.9927423994335531,0.0,11216500.0,0.9927423994335531,0.262525,0.262525,42723755,42723755,https://find-and-update.company-information.service.gov.uk/search/companies?q=Invesco+Perpetual+UK+Smaller+Companies+Investment+Trust+PLC,https://find-and-update.company-information.service.gov.uk/search/companies?q=Invesco+Perpetual+UK+Smaller+Companies+Investment+Trust+PLC,1620593730,16:55:30,20210509
10,2017-06-30,IPU.L,GBP,2017-06-30,2017-06-30,Q2,10499000.0,0.0,0.0,0.0,0.0,96500.0,0.0,0.0,0.0,0.0,1000.0,0.0,0.0,0.0,0.0,0.0,0.0,10402500.0,0.9908086484427089,0.0,10402500.0,0.9908086484427089,0.1955,0.1955,53209084,53209084,https://find-and-update.company-information.service.gov.uk/search/companies?q=Invesco+Perpetual+UK+Smaller+Companies+Investment+Trust+PLC,https://find-and-update.company-information.service.gov.uk/search/companies?q=Invesco+Perpetual+UK+Smaller+Companies+Investment+Trust+PLC,1620593730,16:55:30,20210509
11,2017-03-31,IPU.L,GBP,2017-03-31,2017-03-31,Q1,10499000.0,0.0,0.0,0.0,0.0,96500.0,0.0,0.0,0.0,0.0,1000.0,0.0,0.0,0.0,0.0,0.0,0.0,10402500.0,0.9908086484427089,0.0,10402500.0,0.9908086484427089,0.1955,0.1955,53209084,53209084,https://find-and-update.company-information.service.gov.uk/search/companies?q=Invesco+Perpetual+UK+Smaller+Companies+Investment+Trust+PLC,https://find-and-update.company-information.service.gov.uk/search/companies?q=Invesco+Perpetual+UK+Smaller+Companies+Investment+Trust+PLC,1620593730,16:55:30,20210509
12,2017-01-31,IPU.L,GBP,2017-01-31,2017-01-31,Q1,10499000.0,0.0,0.0,0.0,0.0,96500.0,0.0,0.0,0.0,0.0,1000.0,0.0,0.0,0.0,0.0,0.0,0.0,10402500.0,0.9908086484427089,0.0,10402500.0,0.9908086484427089,0.1955,0.1955,53209084,53209084,https://find-and-update.company-information.service.gov.uk/search/companies?q=Invesco+Perpetual+UK+Smaller+Companies+Investment+Trust+PLC,https://find-and-update.company-information.service.gov.uk/search/companies?q=Invesco+Perpetual+UK+Smaller+Companies+Investment+Trust+PLC,1620593730,16:55:30,20210509
13,2016-06-30,IPU.L,GBP,2016-06-30,2016-06-30,Q2,5293250.0,0.0,0.0,0.0,0.0,87000.0,0.0,0.0,0.0,0.0,1500.0,0.0,0.0,0.0,0.0,0.0,0.0,5206250.0,0.9835639729844613,0.0,5206250.0,0.9835639729844613,0.09785,0.09785,53209084,53209084,https://find-and-update.company-information.service.gov.uk/search/companies?q=Invesco+Perpetual+UK+Smaller+Companies+Investment+Trust+PLC,https://find-and-update.company-information.service.gov.uk/search/companies?q=Invesco+Perpetual+UK+Smaller+Companies+Investment+Trust+PLC,1620593730,16:55:30,20210509
14,2016-03-31,IPU.L,GBP,2016-03-31,2016-03-31,Q1,5293250.0,0.0,0.0,0.0,0.0,87000.0,0.0,0.0,0.0,0.0,1500.0,0.0,0.0,0.0,0.0,0.0,0.0,5206250.0,0.9835639729844613,0.0,5206250.0,0.9835639729844613,0.09785,0.09785,53209084,53209084,https://find-and-update.company-information.service.gov.uk/search/companies?q=Invesco+Perpetual+UK+Smaller+Companies+Investment+Trust+PLC,https://find-and-update.company-information.service.gov.uk/search/companies?q=Invesco+Perpetual+UK+Smaller+Companies+Investment+Trust+PLC,1620593730,16:55:30,20210509
15,2016-01-31,IPU.L,GBP,2016-01-31,2016-01-31,Q1,5293250.0,0.0,0.0,0.0,0.0,87000.0,0.0,0.0,0.0,0.0,1500.0,0.0,0.0,0.0,0.0,0.0,0.0,5206250.0,0.9835639729844613,0.0,5206250.0,0.9835639729844613,0.09785,0.09785,53209084,53209084,https://find-and-update.company-information.service.gov.uk/search/companies?q=Invesco+Perpetual+UK+Smaller+Companies+Investment+Trust+PLC,https://find-and-update.company-information.service.gov.uk/search/companies?q=Invesco+Perpetual+UK+Smaller+Companies+Investment+Trust+PLC,1620593730,16:55:30,20210509
16,2015-09-30,IPU.L,GBP,2015-09-30,2015-09-30,Q3,1243250.0,0.0,0.0,0.0,0.0,88250.0,0.0,0.0,0.0,0.0,0.0,0.0,0.0,0.0,0.0,0.0,0.0,1155000.0,0.9290166901266841,0.0,1155000.0,0.9290166901266841,0.02175,0.02175,53209084,53209084,https://find-and-update.company-information.service.gov.uk/search/companies?q=Invesco+Perpetual+UK+Smaller+Companies+Investment+Trust+PLC,https://find-and-update.company-information.service.gov.uk/search/companies?q=Invesco+Perpetual+UK+Smaller+Companies+Investment+Trust+PLC,1620593730,16:55:30,20210509
17,2015-06-30,IPU.L,GBP,2015-06-30,2015-06-30,Q2,1243250.0,0.0,0.0,0.0,0.0,88250.0,0.0,0.0,0.0,0.0,0.0,0.0,0.0,0.0,0.0,0.0,0.0,1155000.0,0.9290166901266841,0.0,1155000.0,0.9290166901266841,0.02175,0.02175,53209084,53209084,https://find-and-update.company-information.service.gov.uk/search/companies?q=Invesco+Perpetual+UK+Smaller+Companies+Investment+Trust+PLC,https://find-and-update.company-information.service.gov.uk/search/companies?q=Invesco+Perpetual+UK+Smaller+Companies+Investment+Trust+PLC,1620593730,16:55:30,20210509
18,2015-03-31,IPU.L,GBP,2015-03-31,2015-03-31,Q1,1243250.0,0.0,0.0,0.0,0.0,88250.0,0.0,0.0,0.0,0.0,0.0,0.0,0.0,0.0,0.0,0.0,0.0,1155000.0,0.9290166901266841,0.0,1155000.0,0.9290166901266841,0.02175,0.02175,53209084,53209084,https://find-and-update.company-information.service.gov.uk/search/companies?q=Invesco+Perpetual+UK+Smaller+Companies+Investment+Trust+PLC,https://find-and-update.company-information.service.gov.uk/search/companies?q=Invesco+Perpetual+UK+Smaller+Companies+Investment+Trust+PLC,1620593730,16:55:30,20210509
19,2015-01-31,IPU.L,GBP,2015-01-31,2015-01-31,Q1,1243250.0,0.0,0.0,0.0,0.0,88250.0,0.0,0.0,0.0,0.0,0.0,0.0,0.0,0.0,0.0,0.0,0.0,1155000.0,0.9290166901266841,0.0,1155000.0,0.9290166901266841,0.02175,0.02175,53209084,53209084,https://find-and-update.company-information.service.gov.uk/search/companies?q=Invesco+Perpetual+UK+Smaller+Companies+Investment+Trust+PLC,https://find-and-update.company-information.service.gov.uk/search/companies?q=Invesco+Perpetual+UK+Smaller+Companies+Investment+Trust+PLC,1620593730,16:55:30,20210509
20,2014-09-30,IPU.L,GBP,2014-09-30,2014-09-30,Q3,11805250.0,0.0,0.0,0.0,0.0,79500.0,0.0,0.0,0.0,0.0,1500.0,0.0,0.0,0.0,0.0,0.0,0.0,11725750.0,0.9932657080536202,0.0,11725750.0,0.9932657080536202,0.22025,0.22025,53209084,53209084,https://find-and-update.company-information.service.gov.uk/search/companies?q=Invesco+Perpetual+UK+Smaller+Companies+Investment+Trust+PLC,https://find-and-update.company-information.service.gov.uk/search/companies?q=Invesco+Perpetual+UK+Smaller+Companies+Investment+Trust+PLC,1620593730,16:55:30,20210509
21,2014-06-30,IPU.L,GBP,2014-06-30,2014-06-30,Q2,11805250.0,0.0,0.0,0.0,0.0,79500.0,0.0,0.0,0.0,0.0,1500.0,0.0,0.0,0.0,0.0,0.0,0.0,11725750.0,0.9932657080536202,0.0,11725750.0,0.9932657080536202,0.22025,0.22025,53209084,53209084,https://find-and-update.company-information.service.gov.uk/search/companies?q=Invesco+Perpetual+UK+Smaller+Companies+Investment+Trust+PLC,https://find-and-update.company-information.service.gov.uk/search/companies?q=Invesco+Perpetual+UK+Smaller+Companies+Investment+Trust+PLC,1620593730,16:55:30,20210509
22,2014-03-31,IPU.L,GBP,2014-03-31,2014-03-31,Q1,11805250.0,0.0,0.0,0.0,0.0,79500.0,0.0,0.0,0.0,0.0,1500.0,0.0,0.0,0.0,0.0,0.0,0.0,11725750.0,0.9932657080536202,0.0,11725750.0,0.9932657080536202,0.22025,0.22025,53209084,53209084,https://find-and-update.company-information.service.gov.uk/search/companies?q=Invesco+Perpetual+UK+Smaller+Companies+Investment+Trust+PLC,https://find-and-update.company-information.service.gov.uk/search/companies?q=Invesco+Perpetual+UK+Smaller+Companies+Investment+Trust+PLC,1620593730,16:55:30,20210509
23,2014-01-31,IPU.L,GBP,2014-01-31,2014-01-31,Q1,11805250.0,0.0,0.0,0.0,0.0,79500.0,0.0,0.0,0.0,0.0,1500.0,0.0,0.0,0.0,0.0,0.0,0.0,11725750.0,0.9932657080536202,0.0,11725750.0,0.9932657080536202,0.22025,0.22025,53209084,53209084,https://find-and-update.company-information.service.gov.uk/search/companies?q=Invesco+Perpetual+UK+Smaller+Companies+Investment+Trust+PLC,https://find-and-update.company-information.service.gov.uk/search/companies?q=Invesco+Perpetual+UK+Smaller+Companies+Investment+Trust+PLC,1620593730,16:55:30,20210509
24,2013-09-30,IPU.L,GBP,2013-09-30,2013-09-30,Q3,7123250.0,0.0,0.0,0.0,0.0,73000.0,0.0,0.0,0.0,0.0,9000.0,0.0,0.0,0.0,0.0,0.0,0.0,7050250.0,0.9897518688800758,1250.0,7049000.0,0.9895763871828168,0.1325,0.1325,53217249,53217249,https://find-and-update.company-information.service.gov.uk/search/companies?q=Invesco+Perpetual+UK+Smaller+Companies+Investment+Trust+PLC,https://find-and-update.company-information.service.gov.uk/search/companies?q=Invesco+Perpetual+UK+Smaller+Companies+Investment+Trust+PLC,1620593730,16:55:30,20210509
25,2013-06-30,IPU.L,GBP,2013-06-30,2013-06-30,Q2,7123250.0,0.0,0.0,0.0,0.0,73000.0,0.0,0.0,0.0,0.0,9000.0,0.0,0.0,0.0,0.0,0.0,0.0,7050250.0,0.9897518688800758,1250.0,7049000.0,0.9895763871828168,0.1325,0.1325,53217249,53217249,https://find-and-update.company-information.service.gov.uk/search/companies?q=Invesco+Perpetual+UK+Smaller+Companies+Investment+Trust+PLC,https://find-and-update.company-information.service.gov.uk/search/companies?q=Invesco+Perpetual+UK+Smaller+Companies+Investment+Trust+PLC,1620593730,16:55:30,20210509
26,2013-03-31,IPU.L,GBP,2013-03-31,2013-03-31,Q1,7123250.0,0.0,0.0,0.0,0.0,73000.0,0.0,0.0,0.0,0.0,9000.0,0.0,0.0,0.0,0.0,0.0,0.0,7050250.0,0.9897518688800758,1250.0,7049000.0,0.9895763871828168,0.1325,0.1325,53217249,53217249,https://find-and-update.company-information.service.gov.uk/search/companies?q=Invesco+Perpetual+UK+Smaller+Companies+Investment+Trust+PLC,https://find-and-update.company-information.service.gov.uk/search/companies?q=Invesco+Perpetual+UK+Smaller+Companies+Investment+Trust+PLC,1620593730,16:55:30,20210509
27,2013-01-31,IPU.L,GBP,2013-01-31,2013-01-31,Q1,7123250.0,0.0,0.0,0.0,0.0,73000.0,0.0,0.0,0.0,0.0,9000.0,0.0,0.0,0.0,0.0,0.0,0.0,7050250.0,0.9897518688800758,1250.0,7049000.0,0.9895763871828168,0.1325,0.1325,53217249,53217249,https://find-and-update.company-information.service.gov.uk/search/companies?q=Invesco+Perpetual+UK+Smaller+Companies+Investment+Trust+PLC,https://find-and-update.company-information.service.gov.uk/search/companies?q=Invesco+Perpetual+UK+Smaller+Companies+Investment+Trust+PLC,1620593730,16:55:30,20210509
28,2012-09-30,IPU.L,GBP,2012-09-30,2012-09-30,Q3,37250.0,0.0,0.0,0.0,0.0,280750.0,0.0,0.0,0.0,0.0,3750.0,0.0,0.0,0.0,0.0,0.0,0.0,-352500.0,-9.463087248322148,1250.0,-353750.0,-9.496644295302014,-0.0065,-0.0065,54467398,54467398,https://find-and-update.company-information.service.gov.uk/search/companies?q=Invesco+Perpetual+UK+Smaller+Companies+Investment+Trust+PLC,https://find-and-update.company-information.service.gov.uk/search/companies?q=Invesco+Perpetual+UK+Smaller+Companies+Investment+Trust+PLC,1620593730,16:55:30,20210509
29,2012-06-30,IPU.L,GBP,2012-06-30,2012-06-30,Q2,37250.0,0.0,0.0,0.0,0.0,280750.0,0.0,0.0,0.0,0.0,3750.0,0.0,0.0,0.0,0.0,0.0,0.0,-352500.0,-9.463087248322148,1250.0,-353750.0,-9.496644295302014,-0.0065,-0.0065,54467398,54467398,https://find-and-update.company-information.service.gov.uk/search/companies?q=Invesco+Perpetual+UK+Smaller+Companies+Investment+Trust+PLC,https://find-and-update.company-information.service.gov.uk/search/companies?q=Invesco+Perpetual+UK+Smaller+Companies+Investment+Trust+PLC,1620593730,16:55:30,20210509
30,2012-03-31,IPU.L,GBP,2012-03-31,2012-03-31,Q1,37250.0,0.0,0.0,0.0,0.0,280750.0,0.0,0.0,0.0,0.0,3750.0,0.0,0.0,0.0,0.0,0.0,0.0,-352500.0,-9.463087248322148,1250.0,-353750.0,-9.496644295302014,-0.0065,-0.0065,54467398,54467398,https://find-and-update.company-information.service.gov.uk/search/companies?q=Invesco+Perpetual+UK+Smaller+Companies+Investment+Trust+PLC,https://find-and-update.company-information.service.gov.uk/search/companies?q=Invesco+Perpetual+UK+Smaller+Companies+Investment+Trust+PLC,1620593730,16:55:30,20210509
31,2012-01-31,IPU.L,GBP,2012-01-31,2012-01-31,Q1,37250.0,0.0,0.0,0.0,0.0,280750.0,0.0,0.0,0.0,0.0,3750.0,0.0,0.0,0.0,0.0,0.0,0.0,-352500.0,-9.463087248322148,1250.0,-353750.0,-9.496644295302014,-0.0065,-0.0065,54467398,54467398,https://find-and-update.company-information.service.gov.uk/search/companies?q=Invesco+Perpetual+UK+Smaller+Companies+Investment+Trust+PLC,https://find-and-update.company-information.service.gov.uk/search/companies?q=Invesco+Perpetual+UK+Smaller+Companies+Investment+Trust+PLC,1620593730,16:55:30,20210509
32,2011-09-30,IPU.L,GBP,2011-09-30,2011-09-30,Q3,7552500.0,0.0,0.0,0.0,0.0,168250.0,0.0,0.0,0.0,0.0,0.0,0.0,0.0,0.0,0.0,0.0,0.0,7290000.0,0.9652432969215492,250.0,7289750.0,0.9652101952995696,0.12825,0.12825,56878794,56878794,https://find-and-update.company-information.service.gov.uk/search/companies?q=Invesco+Perpetual+UK+Smaller+Companies+Investment+Trust+PLC,https://find-and-update.company-information.service.gov.uk/search/companies?q=Invesco+Perpetual+UK+Smaller+Companies+Investment+Trust+PLC,1620593730,16:55:30,20210509
33,2011-06-30,IPU.L,GBP,2011-06-30,2011-06-30,Q2,7552500.0,0.0,0.0,0.0,0.0,168250.0,0.0,0.0,0.0,0.0,0.0,0.0,0.0,0.0,0.0,0.0,0.0,7290000.0,0.9652432969215492,250.0,7289750.0,0.9652101952995696,0.12825,0.12825,56878794,56878794,https://find-and-update.company-information.service.gov.uk/search/companies?q=Invesco+Perpetual+UK+Smaller+Companies+Investment+Trust+PLC,https://find-and-update.company-information.service.gov.uk/search/companies?q=Invesco+Perpetual+UK+Smaller+Companies+Investment+Trust+PLC,1620593730,16:55:30,20210509
34,2011-03-31,IPU.L,GBP,2011-03-31,2011-03-31,Q1,7552500.0,0.0,0.0,0.0,0.0,168250.0,0.0,0.0,0.0,0.0,0.0,0.0,0.0,0.0,0.0,0.0,0.0,7290000.0,0.9652432969215492,250.0,7289750.0,0.9652101952995696,0.12825,0.12825,56878794,56878794,https://find-and-update.company-information.service.gov.uk/search/companies?q=Invesco+Perpetual+UK+Smaller+Companies+Investment+Trust+PLC,https://find-and-update.company-information.service.gov.uk/search/companies?q=Invesco+Perpetual+UK+Smaller+Companies+Investment+Trust+PLC,1620593730,16:55:30,20210509
35,2011-01-31,IPU.L,GBP,2011-01-31,2011-01-31,Q1,7552500.0,0.0,0.0,0.0,0.0,168250.0,0.0,0.0,0.0,0.0,0.0,0.0,0.0,0.0,0.0,0.0,0.0,7290000.0,0.9652432969215492,250.0,7289750.0,0.9652101952995696,0.12825,0.12825,56878794,56878794,https://find-and-update.company-information.service.gov.uk/search/companies?q=Invesco+Perpetual+UK+Smaller+Companies+Investment+Trust+PLC,https://find-and-update.company-information.service.gov.uk/search/companies?q=Invesco+Perpetual+UK+Smaller+Companies+Investment+Trust+PLC,1620593730,16:55:30,20210509
36,2010-09-30,IPU.L,GBP,2010-09-30,2010-09-30,Q3,7925250.0,0.0,0.0,0.0,0.0,108250.0,0.0,0.0,0.0,0.0,0.0,0.0,0.0,0.0,0.0,0.0,0.0,7740000.0,0.9766253430491152,500.0,7739500.0,0.9765622535566701,0.13425,0.13425,57671287,57671287,https://find-and-update.company-information.service.gov.uk/search/companies?q=Invesco+Perpetual+UK+Smaller+Companies+Investment+Trust+PLC,https://find-and-update.company-information.service.gov.uk/search/companies?q=Invesco+Perpetual+UK+Smaller+Companies+Investment+Trust+PLC,1620593730,16:55:30,20210509
37,2010-06-30,IPU.L,GBP,2010-06-30,2010-06-30,Q2,7925250.0,0.0,0.0,0.0,0.0,108250.0,0.0,0.0,0.0,0.0,0.0,0.0,0.0,0.0,0.0,0.0,0.0,7740000.0,0.9766253430491152,500.0,7739500.0,0.9765622535566701,0.13425,0.13425,57671287,57671287,https://find-and-update.company-information.service.gov.uk/search/companies?q=Invesco+Perpetual+UK+Smaller+Companies+Investment+Trust+PLC,https://find-and-update.company-information.service.gov.uk/search/companies?q=Invesco+Perpetual+UK+Smaller+Companies+Investment+Trust+PLC,1620593730,16:55:30,20210509
38,2010-03-31,IPU.L,GBP,2010-03-31,2010-03-31,Q1,7925250.0,0.0,0.0,0.0,0.0,108250.0,0.0,0.0,0.0,0.0,0.0,0.0,0.0,0.0,0.0,0.0,0.0,7740000.0,0.9766253430491152,500.0,7739500.0,0.9765622535566701,0.13425,0.13425,57671287,57671287,https://find-and-update.company-information.service.gov.uk/search/companies?q=Invesco+Perpetual+UK+Smaller+Companies+Investment+Trust+PLC,https://find-and-update.company-information.service.gov.uk/search/companies?q=Invesco+Perpetual+UK+Smaller+Companies+Investment+Trust+PLC,1620593730,16:55:30,20210509
39,2010-01-31,IPU.L,GBP,2010-01-31,2010-01-31,Q1,7925250.0,0.0,0.0,0.0,0.0,108250.0,0.0,0.0,0.0,0.0,0.0,0.0,0.0,0.0,0.0,0.0,0.0,7740000.0,0.9766253430491152,500.0,7739500.0,0.9765622535566701,0.13425,0.13425,57671287,57671287,https://find-and-update.company-information.service.gov.uk/search/companies?q=Invesco+Perpetual+UK+Smaller+Companies+Investment+Trust+PLC,https://find-and-update.company-information.service.gov.uk/search/companies?q=Invesco+Perpetual+UK+Smaller+Companies+Investment+Trust+PLC,1620593730,16:55:30,20210509
40,2009-09-30,IPU.L,GBP,2009-09-30,2009-09-30,Q3,-8279000.0,0.0,0.0,0.0,0.0,173250.0,0.0,0.0,0.0,0.0,5500.0,0.0,0.0,0.0,0.0,0.0,0.0,-8544500.0,1.0320690904698635,1000.0,-8545500.0,1.03218987800459,-0.14475,-0.14475,59034482,59034482,https://find-and-update.company-information.service.gov.uk/search/companies?q=Invesco+Perpetual+UK+Smaller+Companies+Investment+Trust+PLC,https://find-and-update.company-information.service.gov.uk/search/companies?q=Invesco+Perpetual+UK+Smaller+Companies+Investment+Trust+PLC,1620593730,16:55:30,20210509
41,2009-06-30,IPU.L,GBP,2009-06-30,2009-06-30,Q2,-8279000.0,0.0,0.0,0.0,0.0,173250.0,0.0,0.0,0.0,0.0,5500.0,0.0,0.0,0.0,0.0,0.0,0.0,-8544500.0,1.0320690904698635,1000.0,-8545500.0,1.03218987800459,-0.14475,-0.14475,59034482,59034482,https://find-and-update.company-information.service.gov.uk/search/companies?q=Invesco+Perpetual+UK+Smaller+Companies+Investment+Trust+PLC,https://find-and-update.company-information.service.gov.uk/search/companies?q=Invesco+Perpetual+UK+Smaller+Companies+Investment+Trust+PLC,1620593730,16:55:30,20210509
42,2009-03-31,IPU.L,GBP,2009-03-31,2009-03-31,Q1,-8279000.0,0.0,0.0,0.0,0.0,173250.0,0.0,0.0,0.0,0.0,5500.0,0.0,0.0,0.0,0.0,0.0,0.0,-8544500.0,1.0320690904698635,1000.0,-8545500.0,1.03218987800459,-0.14475,-0.14475,59034482,59034482,https://find-and-update.company-information.service.gov.uk/search/companies?q=Invesco+Perpetual+UK+Smaller+Companies+Investment+Trust+PLC,https://find-and-update.company-information.service.gov.uk/search/companies?q=Invesco+Perpetual+UK+Smaller+Companies+Investment+Trust+PLC,1620593730,16:55:30,20210509
43,2009-01-31,IPU.L,GBP,2009-01-31,2009-01-31,Q1,-8279000.0,0.0,0.0,0.0,0.0,173250.0,0.0,0.0,0.0,0.0,5500.0,0.0,0.0,0.0,0.0,0.0,0.0,-8544500.0,1.0320690904698635,1000.0,-8545500.0,1.03218987800459,-0.14475,-0.14475,59034482,59034482,https://find-and-update.company-information.service.gov.uk/search/companies?q=Invesco+Perpetual+UK+Smaller+Companies+Investment+Trust+PLC,https://find-and-update.company-information.service.gov.uk/search/companies?q=Invesco+Perpetual+UK+Smaller+Companies+Investment+Trust+PLC,1620593730,16:55:30,20210509
44,2008-09-30,IPU.L,GBP,2008-09-30,2008-09-30,Q3,-2775750.0,0.0,0.0,0.0,0.0,214500.0,0.0,0.0,0.0,0.0,44250.0,0.0,0.0,0.0,0.0,0.0,0.0,-3155500.0,1.1368098712059804,1250.0,-3156750.0,1.1372601999459606,-0.0495,-0.0495,63744492,63744492,https://find-and-update.company-information.service.gov.uk/search/companies?q=Invesco+Perpetual+UK+Smaller+Companies+Investment+Trust+PLC,https://find-and-update.company-information.service.gov.uk/search/companies?q=Invesco+Perpetual+UK+Smaller+Companies+Investment+Trust+PLC,1620593730,16:55:30,20210509
45,2008-06-30,IPU.L,GBP,2008-06-30,2008-06-30,Q2,-2775750.0,0.0,0.0,0.0,0.0,214500.0,0.0,0.0,0.0,0.0,44250.0,0.0,0.0,0.0,0.0,0.0,0.0,-3155500.0,1.1368098712059804,1250.0,-3156750.0,1.1372601999459606,-0.0495,-0.0495,63744492,63744492,https://find-and-update.company-information.service.gov.uk/search/companies?q=Invesco+Perpetual+UK+Smaller+Companies+Investment+Trust+PLC,https://find-and-update.company-information.service.gov.uk/search/companies?q=Invesco+Perpetual+UK+Smaller+Companies+Investment+Trust+PLC,1620593730,16:55:30,20210509
46,2008-03-31,IPU.L,GBP,2008-03-31,2008-03-31,Q1,-2775750.0,0.0,0.0,0.0,0.0,214500.0,0.0,0.0,0.0,0.0,44250.0,0.0,0.0,0.0,0.0,0.0,0.0,-3155500.0,1.1368098712059804,1250.0,-3156750.0,1.1372601999459606,-0.0495,-0.0495,63744492,63744492,https://find-and-update.company-information.service.gov.uk/search/companies?q=Invesco+Perpetual+UK+Smaller+Companies+Investment+Trust+PLC,https://find-and-update.company-information.service.gov.uk/search/companies?q=Invesco+Perpetual+UK+Smaller+Companies+Investment+Trust+PLC,1620593730,16:55:30,20210509
47,2008-01-31,IPU.L,GBP,2008-01-31,2008-01-31,Q1,-2775750.0,0.0,0.0,0.0,0.0,214500.0,0.0,0.0,0.0,0.0,44250.0,0.0,0.0,0.0,0.0,0.0,0.0,-3155500.0,1.1368098712059804,1250.0,-3156750.0,1.1372601999459606,-0.0495,-0.0495,63744492,63744492,https://find-and-update.company-information.service.gov.uk/search/companies?q=Invesco+Perpetual+UK+Smaller+Companies+Investment+Trust+PLC,https://find-and-update.company-information.service.gov.uk/search/companies?q=Invesco+Perpetual+UK+Smaller+Companies+Investment+Trust+PLC,1620593730,16:55:30,20210509
48,2007-09-30,IPU.L,GBP,2007-09-30,2007-09-30,Q3,7873000.0,0.0,0.0,0.0,0.0,527250.0,0.0,0.0,0.0,0.0,1000.0,0.0,0.0,0.0,0.0,0.0,0.0,7235250.0,0.9189953003937508,0.0,7235250.0,0.9189953003937508,0.107,0.107,67615567,67615567,https://find-and-update.company-information.service.gov.uk/search/companies?q=Invesco+Perpetual+UK+Smaller+Companies+Investment+Trust+PLC,https://find-and-update.company-information.service.gov.uk/search/companies?q=Invesco+Perpetual+UK+Smaller+Companies+Investment+Trust+PLC,1620593730,16:55:30,20210509
49,2007-06-30,IPU.L,GBP,2007-06-30,2007-06-30,Q2,7873000.0,0.0,0.0,0.0,0.0,527250.0,0.0,0.0,0.0,0.0,1000.0,0.0,0.0,0.0,0.0,0.0,0.0,7235250.0,0.9189953003937508,0.0,7235250.0,0.9189953003937508,0.107,0.107,67615567,67615567,https://find-and-update.company-information.service.gov.uk/search/companies?q=Invesco+Perpetual+UK+Smaller+Companies+Investment+Trust+PLC,https://find-and-update.company-information.service.gov.uk/search/companies?q=Invesco+Perpetual+UK+Smaller+Companies+Investment+Trust+PLC,1620593730,16:55:30,20210509
50,2007-03-31,IPU.L,GBP,2007-03-31,2007-03-31,Q1,7873000.0,0.0,0.0,0.0,0.0,527250.0,0.0,0.0,0.0,0.0,1000.0,0.0,0.0,0.0,0.0,0.0,0.0,7235250.0,0.9189953003937508,0.0,7235250.0,0.9189953003937508,0.107,0.107,67615567,67615567,https://find-and-update.company-information.service.gov.uk/search/companies?q=Invesco+Perpetual+UK+Smaller+Companies+Investment+Trust+PLC,https://find-and-update.company-information.service.gov.uk/search/companies?q=Invesco+Perpetual+UK+Smaller+Companies+Investment+Trust+PLC,1620593730,16:55:30,20210509
51,2007-01-31,IPU.L,GBP,2007-01-31,2007-01-31,Q1,7873000.0,0.0,0.0,0.0,0.0,527250.0,0.0,0.0,0.0,0.0,1000.0,0.0,0.0,0.0,0.0,0.0,0.0,7235250.0,0.9189953003937508,0.0,7235250.0,0.9189953003937508,0.107,0.107,67615567,67615567,https://find-and-update.company-information.service.gov.uk/search/companies?q=Invesco+Perpetual+UK+Smaller+Companies+Investment+Trust+PLC,https://find-and-update.company-information.service.gov.uk/search/companies?q=Invesco+Perpetual+UK+Smaller+Companies+Investment+Trust+PLC,1620593730,16:55:30,20210509
52,2006-09-30,IPU.L,GBP,2006-09-30,2006-09-30,Q3,8389250.0,0.0,0.0,0.0,0.0,532250.0,0.0,0.0,0.0,0.0,4000.0,0.0,0.0,0.0,0.0,0.0,0.0,7764000.0,0.9254700956581339,0.0,7764000.0,0.9254700956581339,0.0225,0.0225,345284600,345284600,https://find-and-update.company-information.service.gov.uk/search/companies?q=Invesco+Perpetual+UK+Smaller+Companies+Investment+Trust+PLC,https://find-and-update.company-information.service.gov.uk/search/companies?q=Invesco+Perpetual+UK+Smaller+Companies+Investment+Trust+PLC,1620593730,16:55:30,20210509
53,2006-06-30,IPU.L,GBP,2006-06-30,2006-06-30,Q2,8389250.0,0.0,0.0,0.0,0.0,532250.0,0.0,0.0,0.0,0.0,4000.0,0.0,0.0,0.0,0.0,0.0,0.0,7764000.0,0.9254700956581339,0.0,7764000.0,0.9254700956581339,0.0225,0.0225,345284600,345284600,https://find-and-update.company-information.service.gov.uk/search/companies?q=Invesco+Perpetual+UK+Smaller+Companies+Investment+Trust+PLC,https://find-and-update.company-information.service.gov.uk/search/companies?q=Invesco+Perpetual+UK+Smaller+Companies+Investment+Trust+PLC,1620593730,16:55:30,20210509
54,2006-03-31,IPU.L,GBP,2006-03-31,2006-03-31,Q1,8389250.0,0.0,0.0,0.0,0.0,532250.0,0.0,0.0,0.0,0.0,4000.0,0.0,0.0,0.0,0.0,0.0,0.0,7764000.0,0.9254700956581339,0.0,7764000.0,0.9254700956581339,0.0225,0.0225,345284600,345284600,https://find-and-update.company-information.service.gov.uk/search/companies?q=Invesco+Perpetual+UK+Smaller+Companies+Investment+Trust+PLC,https://find-and-update.company-information.service.gov.uk/search/companies?q=Invesco+Perpetual+UK+Smaller+Companies+Investment+Trust+PLC,1620593730,16:55:30,20210509
55,2006-01-31,IPU.L,GBP,2006-01-31,2006-01-31,Q1,8389250.0,0.0,0.0,0.0,0.0,532250.0,0.0,0.0,0.0,0.0,4000.0,0.0,0.0,0.0,0.0,0.0,0.0,7764000.0,0.9254700956581339,0.0,7764000.0,0.9254700956581339,0.0225,0.0225,345284600,345284600,https://find-and-update.company-information.service.gov.uk/search/companies?q=Invesco+Perpetual+UK+Smaller+Companies+Investment+Trust+PLC,https://find-and-update.company-information.service.gov.uk/search/companies?q=Invesco+Perpetual+UK+Smaller+Companies+Investment+Trust+PLC,1620593730,16:55:30,20210509
56,2005-09-30,IPU.L,GBP,2005-09-30,2005-09-30,Q3,5457500.0,0.0,0.0,0.0,0.0,349000.0,0.0,0.0,0.0,0.0,39000.0,0.0,0.0,0.0,0.0,0.0,0.0,4897250.0,0.8973431058176821,0.0,4897250.0,0.8973431058176821,0.0703,0.0703,69666030,69666030,https://find-and-update.company-information.service.gov.uk/search/companies?q=Invesco+Perpetual+UK+Smaller+Companies+Investment+Trust+PLC,https://find-and-update.company-information.service.gov.uk/search/companies?q=Invesco+Perpetual+UK+Smaller+Companies+Investment+Trust+PLC,1620593730,16:55:30,20210509
57,2005-06-30,IPU.L,GBP,2005-06-30,2005-06-30,Q2,5457500.0,0.0,0.0,0.0,0.0,349000.0,0.0,0.0,0.0,0.0,39000.0,0.0,0.0,0.0,0.0,0.0,0.0,4897250.0,0.8973431058176821,0.0,4897250.0,0.8973431058176821,0.0703,0.0703,69666030,69666030,https://find-and-update.company-information.service.gov.uk/search/companies?q=Invesco+Perpetual+UK+Smaller+Companies+Investment+Trust+PLC,https://find-and-update.company-information.service.gov.uk/search/companies?q=Invesco+Perpetual+UK+Smaller+Companies+Investment+Trust+PLC,1620593730,16:55:30,20210509
58,2005-03-31,IPU.L,GBP,2005-03-31,2005-03-31,Q1,5457500.0,0.0,0.0,0.0,0.0,349000.0,0.0,0.0,0.0,0.0,39000.0,0.0,0.0,0.0,0.0,0.0,0.0,4897250.0,0.8973431058176821,0.0,4897250.0,0.8973431058176821,0.0703,0.0703,69666030,69666030,https://find-and-update.company-information.service.gov.uk/search/companies?q=Invesco+Perpetual+UK+Smaller+Companies+Investment+Trust+PLC,https://find-and-update.company-information.service.gov.uk/search/companies?q=Invesco+Perpetual+UK+Smaller+Companies+Investment+Trust+PLC,1620593730,16:55:30,20210509
59,2005-01-31,IPU.L,GBP,2005-01-31,2005-01-31,Q1,5457500.0,0.0,0.0,0.0,0.0,349000.0,0.0,0.0,0.0,0.0,39000.0,0.0,0.0,0.0,0.0,0.0,0.0,4897250.0,0.8973431058176821,0.0,4897250.0,0.8973431058176821,0.0703,0.0703,69666030,69666030,https://find-and-update.company-information.service.gov.uk/search/companies?q=Invesco+Perpetual+UK+Smaller+Companies+Investment+Trust+PLC,https://find-and-update.company-information.service.gov.uk/search/companies?q=Invesco+Perpetual+UK+Smaller+Companies+Investment+Trust+PLC,1620593730,16:55:30,20210509
60,2004-09-30,IPU.L,GBP,2004-09-30,2004-09-30,Q3,7208750.0,0.0,0.0,0.0,0.0,250750.0,0.0,0.0,0.0,0.0,37250.0,0.0,0.0,0.0,0.0,0.0,0.0,6920750.0,0.9600485521068146,0.0,6920750.0,0.9600485521068146,0.09935,0.09935,69666030,69666030,https://find-and-update.company-information.service.gov.uk/search/companies?q=Invesco+Perpetual+UK+Smaller+Companies+Investment+Trust+PLC,https://find-and-update.company-information.service.gov.uk/search/companies?q=Invesco+Perpetual+UK+Smaller+Companies+Investment+Trust+PLC,1620593730,16:55:30,20210509
61,2004-06-30,IPU.L,GBP,2004-06-30,2004-06-30,Q2,7208750.0,0.0,0.0,0.0,0.0,250750.0,0.0,0.0,0.0,0.0,37250.0,0.0,0.0,0.0,0.0,0.0,0.0,6920750.0,0.9600485521068146,0.0,6920750.0,0.9600485521068146,0.09935,0.09935,69666030,69666030,https://find-and-update.company-information.service.gov.uk/search/companies?q=Invesco+Perpetual+UK+Smaller+Companies+Investment+Trust+PLC,https://find-and-update.company-information.service.gov.uk/search/companies?q=Invesco+Perpetual+UK+Smaller+Companies+Investment+Trust+PLC,1620593730,16:55:30,20210509
62,2004-03-31,IPU.L,GBP,2004-03-31,2004-03-31,Q1,7208750.0,0.0,0.0,0.0,0.0,250750.0,0.0,0.0,0.0,0.0,37250.0,0.0,0.0,0.0,0.0,0.0,0.0,6920750.0,0.9600485521068146,0.0,6920750.0,0.9600485521068146,0.09935,0.09935,69666030,69666030,https://find-and-update.company-information.service.gov.uk/search/companies?q=Invesco+Perpetual+UK+Smaller+Companies+Investment+Trust+PLC,https://find-and-update.company-information.service.gov.uk/search/companies?q=Invesco+Perpetual+UK+Smaller+Companies+Investment+Trust+PLC,1620593730,16:55:30,20210509
63,2004-01-31,IPU.L,GBP,2004-01-31,2004-01-31,Q1,7208750.0,0.0,0.0,0.0,0.0,250750.0,0.0,0.0,0.0,0.0,37250.0,0.0,0.0,0.0,0.0,0.0,0.0,6920750.0,0.9600485521068146,0.0,6920750.0,0.9600485521068146,0.09935,0.09935,69666030,69666030,https://find-and-update.company-information.service.gov.uk/search/companies?q=Invesco+Perpetual+UK+Smaller+Companies+Investment+Trust+PLC,https://find-and-update.company-information.service.gov.uk/search/companies?q=Invesco+Perpetual+UK+Smaller+Companies+Investment+Trust+PLC,1620593730,16:55:30,20210509
