,date,symbol,reportedCurrency,fillingDate,acceptedDate,period,revenue,costOfRevenue,grossProfit,grossProfitRatio,researchAndDevelopmentExpenses,generalAndAdministrativeExpenses,sellingAndMarketingExpenses,otherExpenses,operatingExpenses,costAndExpenses,interestExpense,depreciationAndAmortization,ebitda,ebitdaratio,operatingIncome,operatingIncomeRatio,totalOtherIncomeExpensesNet,incomeBeforeTax,incomeBeforeTaxRatio,incomeTaxExpense,netIncome,netIncomeRatio,eps,epsdiluted,weightedAverageShsOut,weightedAverageShsOutDil,link,finalLink,timestamp,est_time,est_date
0,2020-09-30,CRL.L,GBP,2020-09-30,2020-09-30,Q3,11952000.0,6906250.0,5045750.0,0.42216783801874164,0.0,3495500.0,611750.0,0.0,0.0,11013500.0,53250.0,340500.0,1279000.0,0.10701137884872824,938500.0,0.07852242302543508,0.0,888000.0,0.07429718875502007,96000.0,792000.0,0.06626506024096386,0.012859745076662023,0.012859745076662023,61587535.0,61587535.0,https://find-and-update.company-information.service.gov.uk/search/companies?q=Creightons+PLC,https://find-and-update.company-information.service.gov.uk/search/companies?q=Creightons+PLC,1620590684,16:04:44,20210509
1,2020-06-30,CRL.L,GBP,2020-06-30,2020-06-30,Q2,11952000.0,6906250.0,5045750.0,0.42216783801874164,0.0,3495500.0,611750.0,0.0,0.0,11013500.0,53250.0,340500.0,1279000.0,0.10701137884872824,938500.0,0.07852242302543508,0.0,888000.0,0.07429718875502007,96000.0,792000.0,0.06626506024096386,0.012859745076662023,0.012859745076662023,61587535.0,61587535.0,https://find-and-update.company-information.service.gov.uk/search/companies?q=Creightons+PLC,https://find-and-update.company-information.service.gov.uk/search/companies?q=Creightons+PLC,1620590684,16:04:44,20210509
2,2020-03-31,CRL.L,GBP,2020-03-31,2020-03-31,Q1,11952000.0,6906250.0,5045750.0,0.42216783801874164,0.0,3495500.0,611750.0,0.0,0.0,11013500.0,53250.0,340500.0,1279000.0,0.10701137884872824,938500.0,0.07852242302543508,0.0,888000.0,0.07429718875502007,96000.0,792000.0,0.06626506024096386,0.012859745076662023,0.012859745076662023,61587535.0,61587535.0,https://find-and-update.company-information.service.gov.uk/search/companies?q=Creightons+PLC,https://find-and-update.company-information.service.gov.uk/search/companies?q=Creightons+PLC,1620590684,16:04:44,20210509
3,2020-01-31,CRL.L,GBP,2020-01-31,2020-01-31,Q1,11952000.0,6906250.0,5045750.0,0.42216783801874164,0.0,3495500.0,611750.0,0.0,0.0,11013500.0,53250.0,340500.0,1279000.0,0.10701137884872824,938500.0,0.07852242302543508,0.0,888000.0,0.07429718875502007,96000.0,792000.0,0.06626506024096386,0.012859745076662023,0.012859745076662023,61587535.0,61587535.0,https://find-and-update.company-information.service.gov.uk/search/companies?q=Creightons+PLC,https://find-and-update.company-information.service.gov.uk/search/companies?q=Creightons+PLC,1620590684,16:04:44,20210509
4,2019-06-30,CRL.L,GBP,2019-06-30,2019-06-30,Q2,11007500.0,6672500.0,4335000.0,0.3938223938223938,0.0,3059000.0,551000.0,0.0,0.0,10282500.0,7750.0,250750.0,975750.0,0.08864410629116512,725000.0,0.06586418351124233,0.0,717250.0,0.06516011810129457,-5500.0,722750.0,0.06565977742448331,0.011725,0.0104,61587535.0,69476503.0,https://find-and-update.company-information.service.gov.uk/search/companies?q=Creightons+PLC,https://find-and-update.company-information.service.gov.uk/search/companies?q=Creightons+PLC,1620590684,16:04:44,20210509
5,2019-03-31,CRL.L,GBP,2019-03-31,2019-03-31,Q1,11007500.0,6672500.0,4335000.0,0.3938223938223938,0.0,3059000.0,551000.0,0.0,0.0,10282500.0,7750.0,250750.0,975750.0,0.08864410629116512,725000.0,0.06586418351124233,0.0,717250.0,0.06516011810129457,-5500.0,722750.0,0.06565977742448331,0.011725,0.0104,61587535.0,69476503.0,https://find-and-update.company-information.service.gov.uk/search/companies?q=Creightons+PLC,https://find-and-update.company-information.service.gov.uk/search/companies?q=Creightons+PLC,1620590684,16:04:44,20210509
6,2019-01-31,CRL.L,GBP,2019-01-31,2019-01-31,Q1,11007500.0,6672500.0,4335000.0,0.3938223938223938,0.0,3059000.0,551000.0,0.0,0.0,10282500.0,7750.0,250750.0,975750.0,0.08864410629116512,725000.0,0.06586418351124233,0.0,717250.0,0.06516011810129457,-5500.0,722750.0,0.06565977742448331,0.011725,0.0104,61587535.0,69476503.0,https://find-and-update.company-information.service.gov.uk/search/companies?q=Creightons+PLC,https://find-and-update.company-information.service.gov.uk/search/companies?q=Creightons+PLC,1620590684,16:04:44,20210509
7,2018-06-30,CRL.L,GBP,2018-06-30,2018-06-30,Q2,8702500.0,5165000.0,3537500.0,0.40649238724504455,0.0,2759000.0,369750.0,0.0,0.0,8293750.0,6500.0,206000.0,614750.0,0.07064062051134731,408750.0,0.0469692617064062,0.0,402250.0,0.04622234989945418,94250.0,308000.0,0.035392128698649813,0.005075,0.004625,60596963.0,66479914.0,https://find-and-update.company-information.service.gov.uk/search/companies?q=Creightons+PLC,https://find-and-update.company-information.service.gov.uk/search/companies?q=Creightons+PLC,1620590684,16:04:44,20210509
8,2018-03-31,CRL.L,GBP,2018-03-31,2018-03-31,Q1,8702500.0,5165000.0,3537500.0,0.40649238724504455,0.0,2759000.0,369750.0,0.0,0.0,8293750.0,6500.0,206000.0,614750.0,0.07064062051134731,408750.0,0.0469692617064062,0.0,402250.0,0.04622234989945418,94250.0,308000.0,0.035392128698649813,0.005075,0.004625,60596963.0,66479914.0,https://find-and-update.company-information.service.gov.uk/search/companies?q=Creightons+PLC,https://find-and-update.company-information.service.gov.uk/search/companies?q=Creightons+PLC,1620590684,16:04:44,20210509
9,2018-01-31,CRL.L,GBP,2018-01-31,2018-01-31,Q1,8702500.0,5165000.0,3537500.0,0.40649238724504455,0.0,2759000.0,369750.0,0.0,0.0,8293750.0,6500.0,206000.0,614750.0,0.07064062051134731,408750.0,0.0469692617064062,0.0,402250.0,0.04622234989945418,94250.0,308000.0,0.035392128698649813,0.005075,0.004625,60596963.0,66479914.0,https://find-and-update.company-information.service.gov.uk/search/companies?q=Creightons+PLC,https://find-and-update.company-information.service.gov.uk/search/companies?q=Creightons+PLC,1620590684,16:04:44,20210509
10,2017-06-30,CRL.L,GBP,2017-06-30,2017-06-30,Q2,7646500.0,4399500.0,3247000.0,0.42463872359903226,0.0,2548750.0,320000.0,0.0,0.0,7268250.0,6000.0,155250.0,533500.0,0.06977048322762049,378250.0,0.0494670764402014,0.0,372250.0,0.04868240371411757,59500.0,312750.0,0.0409010658471196,0.005225,0.0047,59905805.0,66755942.0,https://find-and-update.company-information.service.gov.uk/search/companies?q=Creightons+PLC,https://find-and-update.company-information.service.gov.uk/search/companies?q=Creightons+PLC,1620590684,16:04:44,20210509
11,2017-03-31,CRL.L,GBP,2017-03-31,2017-03-31,Q1,7646500.0,4399500.0,3247000.0,0.42463872359903226,0.0,2548750.0,320000.0,0.0,0.0,7268250.0,6000.0,155250.0,533500.0,0.06977048322762049,378250.0,0.0494670764402014,0.0,372250.0,0.04868240371411757,59500.0,312750.0,0.0409010658471196,0.005225,0.0047,59905805.0,66755942.0,https://find-and-update.company-information.service.gov.uk/search/companies?q=Creightons+PLC,https://find-and-update.company-information.service.gov.uk/search/companies?q=Creightons+PLC,1620590684,16:04:44,20210509
12,2017-01-31,CRL.L,GBP,2017-01-31,2017-01-31,Q1,7646500.0,4399500.0,3247000.0,0.42463872359903226,0.0,2548750.0,320000.0,0.0,0.0,7268250.0,6000.0,155250.0,533500.0,0.06977048322762049,378250.0,0.0494670764402014,0.0,372250.0,0.04868240371411757,59500.0,312750.0,0.0409010658471196,0.005225,0.0047,59905805.0,66755942.0,https://find-and-update.company-information.service.gov.uk/search/companies?q=Creightons+PLC,https://find-and-update.company-information.service.gov.uk/search/companies?q=Creightons+PLC,1620590684,16:04:44,20210509
13,2016-06-30,CRL.L,GBP,2016-06-30,2016-06-30,Q2,5251250.0,3037750.0,2213500.0,0.4215186860271364,0.0,1846250.0,227750.0,0.0,0.0,5111750.0,250.0,135250.0,274750.0,0.05232087598190907,139500.0,0.026565103546774577,0.0,140250.0,0.026707926684122828,0.0,332250.0,0.06327064984527493,0.005575,0.004975,59649743.0,66654743.0,https://find-and-update.company-information.service.gov.uk/search/companies?q=Creightons+PLC,https://find-and-update.company-information.service.gov.uk/search/companies?q=Creightons+PLC,1620590684,16:04:44,20210509
14,2016-03-31,CRL.L,GBP,2016-03-31,2016-03-31,Q1,5251250.0,3037750.0,2213500.0,0.4215186860271364,0.0,1846250.0,227750.0,0.0,0.0,5111750.0,250.0,135250.0,274750.0,0.05232087598190907,139500.0,0.026565103546774577,0.0,140250.0,0.026707926684122828,0.0,332250.0,0.06327064984527493,0.005575,0.004975,59649743.0,66654743.0,https://find-and-update.company-information.service.gov.uk/search/companies?q=Creightons+PLC,https://find-and-update.company-information.service.gov.uk/search/companies?q=Creightons+PLC,1620590684,16:04:44,20210509
15,2016-01-31,CRL.L,GBP,2016-01-31,2016-01-31,Q1,5251250.0,3037750.0,2213500.0,0.4215186860271364,0.0,1846250.0,227750.0,0.0,0.0,5111750.0,250.0,135250.0,274750.0,0.05232087598190907,139500.0,0.026565103546774577,0.0,140250.0,0.026707926684122828,0.0,332250.0,0.06327064984527493,0.005575,0.004975,59649743.0,66654743.0,https://find-and-update.company-information.service.gov.uk/search/companies?q=Creightons+PLC,https://find-and-update.company-information.service.gov.uk/search/companies?q=Creightons+PLC,1620590684,16:04:44,20210509
16,2015-09-30,CRL.L,GBP,2015-09-30,2015-09-30,Q3,5273250.0,3176750.0,2096500.0,0.39757265443512063,0.0,1741500.0,230500.0,0.0,0.0,5148750.0,5500.0,127250.0,251750.0,0.04774095671549803,124500.0,0.023609728345896742,0.0,212750.0,0.040345138197506285,0.0,212750.0,0.040345138197506285,0.003575,0.003175,59537243.0,66942243.0,https://find-and-update.company-information.service.gov.uk/search/companies?q=Creightons+PLC,https://find-and-update.company-information.service.gov.uk/search/companies?q=Creightons+PLC,1620590684,16:04:44,20210509
17,2015-06-30,CRL.L,GBP,2015-06-30,2015-06-30,Q2,5273250.0,3176750.0,2096500.0,0.39757265443512063,0.0,1741500.0,230500.0,0.0,0.0,5148750.0,5500.0,127250.0,251750.0,0.04774095671549803,124500.0,0.023609728345896742,0.0,212750.0,0.040345138197506285,0.0,212750.0,0.040345138197506285,0.003575,0.003175,59537243.0,66942243.0,https://find-and-update.company-information.service.gov.uk/search/companies?q=Creightons+PLC,https://find-and-update.company-information.service.gov.uk/search/companies?q=Creightons+PLC,1620590684,16:04:44,20210509
18,2015-03-31,CRL.L,GBP,2015-03-31,2015-03-31,Q1,5273250.0,3176750.0,2096500.0,0.39757265443512063,0.0,1741500.0,230500.0,0.0,0.0,5148750.0,5500.0,127250.0,251750.0,0.04774095671549803,124500.0,0.023609728345896742,0.0,212750.0,0.040345138197506285,0.0,212750.0,0.040345138197506285,0.003575,0.003175,59537243.0,66942243.0,https://find-and-update.company-information.service.gov.uk/search/companies?q=Creightons+PLC,https://find-and-update.company-information.service.gov.uk/search/companies?q=Creightons+PLC,1620590684,16:04:44,20210509
19,2015-01-31,CRL.L,GBP,2015-01-31,2015-01-31,Q1,5273250.0,3176750.0,2096500.0,0.39757265443512063,0.0,1741500.0,230500.0,0.0,0.0,5148750.0,5500.0,127250.0,251750.0,0.04774095671549803,124500.0,0.023609728345896742,0.0,212750.0,0.040345138197506285,0.0,212750.0,0.040345138197506285,0.003575,0.003175,59537243.0,66942243.0,https://find-and-update.company-information.service.gov.uk/search/companies?q=Creightons+PLC,https://find-and-update.company-information.service.gov.uk/search/companies?q=Creightons+PLC,1620590684,16:04:44,20210509
20,2014-09-30,CRL.L,GBP,2014-09-30,2014-09-30,Q3,4838000.0,2865000.0,1973000.0,0.40781314592806944,0.0,1646750.0,200500.0,0.0,0.0,4712250.0,8000.0,109750.0,235500.0,0.04867713931376602,125750.0,0.025992145514675484,0.0,117750.0,0.02433856965688301,0.0,117750.0,0.02433856965688301,0.002025,0.001975,58355426.0,59925426.0,https://find-and-update.company-information.service.gov.uk/search/companies?q=Creightons+PLC,https://find-and-update.company-information.service.gov.uk/search/companies?q=Creightons+PLC,1620590684,16:04:44,20210509
21,2014-06-30,CRL.L,GBP,2014-06-30,2014-06-30,Q2,4838000.0,2865000.0,1973000.0,0.40781314592806944,0.0,1646750.0,200500.0,0.0,0.0,4712250.0,8000.0,109750.0,235500.0,0.04867713931376602,125750.0,0.025992145514675484,0.0,117750.0,0.02433856965688301,0.0,117750.0,0.02433856965688301,0.002025,0.001975,58355426.0,59925426.0,https://find-and-update.company-information.service.gov.uk/search/companies?q=Creightons+PLC,https://find-and-update.company-information.service.gov.uk/search/companies?q=Creightons+PLC,1620590684,16:04:44,20210509
22,2014-03-31,CRL.L,GBP,2014-03-31,2014-03-31,Q1,4838000.0,2865000.0,1973000.0,0.40781314592806944,0.0,1646750.0,200500.0,0.0,0.0,4712250.0,8000.0,109750.0,235500.0,0.04867713931376602,125750.0,0.025992145514675484,0.0,117750.0,0.02433856965688301,0.0,117750.0,0.02433856965688301,0.002025,0.001975,58355426.0,59925426.0,https://find-and-update.company-information.service.gov.uk/search/companies?q=Creightons+PLC,https://find-and-update.company-information.service.gov.uk/search/companies?q=Creightons+PLC,1620590684,16:04:44,20210509
23,2014-01-31,CRL.L,GBP,2014-01-31,2014-01-31,Q1,4838000.0,2865000.0,1973000.0,0.40781314592806944,0.0,1646750.0,200500.0,0.0,0.0,4712250.0,8000.0,109750.0,235500.0,0.04867713931376602,125750.0,0.025992145514675484,0.0,117750.0,0.02433856965688301,0.0,117750.0,0.02433856965688301,0.002025,0.001975,58355426.0,59925426.0,https://find-and-update.company-information.service.gov.uk/search/companies?q=Creightons+PLC,https://find-and-update.company-information.service.gov.uk/search/companies?q=Creightons+PLC,1620590684,16:04:44,20210509
24,2013-09-30,CRL.L,GBP,2013-09-30,2013-09-30,Q3,4331500.0,2475500.0,1856000.0,0.4284889761052753,0.0,1582000.0,190750.0,0.0,0.0,4248250.0,7750.0,107250.0,190500.0,0.043980145446150296,83250.0,0.01921966986032552,0.0,75500.0,0.017430451344799723,0.0,75500.0,0.017430451344799723,0.001375,0.001275,54478876.0,59605426.0,https://find-and-update.company-information.service.gov.uk/search/companies?q=Creightons+PLC,https://find-and-update.company-information.service.gov.uk/search/companies?q=Creightons+PLC,1620590684,16:04:44,20210509
25,2013-06-30,CRL.L,GBP,2013-06-30,2013-06-30,Q2,4331500.0,2475500.0,1856000.0,0.4284889761052753,0.0,1582000.0,190750.0,0.0,0.0,4248250.0,7750.0,107250.0,190500.0,0.043980145446150296,83250.0,0.01921966986032552,0.0,75500.0,0.017430451344799723,0.0,75500.0,0.017430451344799723,0.001375,0.001275,54478876.0,59605426.0,https://find-and-update.company-information.service.gov.uk/search/companies?q=Creightons+PLC,https://find-and-update.company-information.service.gov.uk/search/companies?q=Creightons+PLC,1620590684,16:04:44,20210509
26,2013-03-31,CRL.L,GBP,2013-03-31,2013-03-31,Q1,4331500.0,2475500.0,1856000.0,0.4284889761052753,0.0,1582000.0,190750.0,0.0,0.0,4248250.0,7750.0,107250.0,190500.0,0.043980145446150296,83250.0,0.01921966986032552,0.0,75500.0,0.017430451344799723,0.0,75500.0,0.017430451344799723,0.001375,0.001275,54478876.0,59605426.0,https://find-and-update.company-information.service.gov.uk/search/companies?q=Creightons+PLC,https://find-and-update.company-information.service.gov.uk/search/companies?q=Creightons+PLC,1620590684,16:04:44,20210509
27,2013-01-31,CRL.L,GBP,2013-01-31,2013-01-31,Q1,4331500.0,2475500.0,1856000.0,0.4284889761052753,0.0,1582000.0,190750.0,0.0,0.0,4248250.0,7750.0,107250.0,190500.0,0.043980145446150296,83250.0,0.01921966986032552,0.0,75500.0,0.017430451344799723,0.0,75500.0,0.017430451344799723,0.001375,0.001275,54478876.0,59605426.0,https://find-and-update.company-information.service.gov.uk/search/companies?q=Creightons+PLC,https://find-and-update.company-information.service.gov.uk/search/companies?q=Creightons+PLC,1620590684,16:04:44,20210509
28,2012-09-30,CRL.L,GBP,2012-09-30,2012-09-30,Q3,4083250.0,2365250.0,1718000.0,0.4207432804751117,0.0,1423250.0,171500.0,0.0,171500.0,4019000.0,8500.0,59000.0,123250.0,0.030184289475295414,64250.0,0.015735015000306128,0.0,55750.0,0.01365333986407886,0.0,55750.0,0.01365333986407886,0.001025,0.000925,54478876.0,59855426.0,https://find-and-update.company-information.service.gov.uk/search/companies?q=Creightons+PLC,https://find-and-update.company-information.service.gov.uk/search/companies?q=Creightons+PLC,1620590684,16:04:44,20210509
29,2012-06-30,CRL.L,GBP,2012-06-30,2012-06-30,Q2,4083250.0,2365250.0,1718000.0,0.4207432804751117,0.0,1423250.0,171500.0,0.0,171500.0,4019000.0,8500.0,59000.0,123250.0,0.030184289475295414,64250.0,0.015735015000306128,0.0,55750.0,0.01365333986407886,0.0,55750.0,0.01365333986407886,0.001025,0.000925,54478876.0,59855426.0,https://find-and-update.company-information.service.gov.uk/search/companies?q=Creightons+PLC,https://find-and-update.company-information.service.gov.uk/search/companies?q=Creightons+PLC,1620590684,16:04:44,20210509
30,2012-03-31,CRL.L,GBP,2012-03-31,2012-03-31,Q1,4083250.0,2365250.0,1718000.0,0.4207432804751117,0.0,1423250.0,171500.0,0.0,171500.0,4019000.0,8500.0,59000.0,123250.0,0.030184289475295414,64250.0,0.015735015000306128,0.0,55750.0,0.01365333986407886,0.0,55750.0,0.01365333986407886,0.001025,0.000925,54478876.0,59855426.0,https://find-and-update.company-information.service.gov.uk/search/companies?q=Creightons+PLC,https://find-and-update.company-information.service.gov.uk/search/companies?q=Creightons+PLC,1620590684,16:04:44,20210509
31,2012-01-31,CRL.L,GBP,2012-01-31,2012-01-31,Q1,4083250.0,2365250.0,1718000.0,0.4207432804751117,0.0,1423250.0,171500.0,0.0,171500.0,4019000.0,8500.0,59000.0,123250.0,0.030184289475295414,64250.0,0.015735015000306128,0.0,55750.0,0.01365333986407886,0.0,55750.0,0.01365333986407886,0.001025,0.000925,54478876.0,59855426.0,https://find-and-update.company-information.service.gov.uk/search/companies?q=Creightons+PLC,https://find-and-update.company-information.service.gov.uk/search/companies?q=Creightons+PLC,1620590684,16:04:44,20210509
32,2011-09-30,CRL.L,GBP,2011-09-30,2011-09-30,Q3,3532500.0,2050500.0,1482000.0,0.41953290870488325,56000.0,0.0,163500.0,0.0,1071000.0,3503000.0,8000.0,65500.0,95000.0,0.02689313517338995,29500.0,0.00835102618542109,0.0,33750.0,0.009554140127388535,0.0,33750.0,0.009554140127388535,0.000625,0.000575,54275876.0,59702426.0,https://find-and-update.company-information.service.gov.uk/search/companies?q=Creightons+PLC,https://find-and-update.company-information.service.gov.uk/search/companies?q=Creightons+PLC,1620590684,16:04:44,20210509
33,2011-06-30,CRL.L,GBP,2011-06-30,2011-06-30,Q2,3532500.0,2050500.0,1482000.0,0.41953290870488325,56000.0,0.0,163500.0,0.0,1071000.0,3503000.0,8000.0,65500.0,95000.0,0.02689313517338995,29500.0,0.00835102618542109,0.0,33750.0,0.009554140127388535,0.0,33750.0,0.009554140127388535,0.000625,0.000575,54275876.0,59702426.0,https://find-and-update.company-information.service.gov.uk/search/companies?q=Creightons+PLC,https://find-and-update.company-information.service.gov.uk/search/companies?q=Creightons+PLC,1620590684,16:04:44,20210509
34,2011-03-31,CRL.L,GBP,2011-03-31,2011-03-31,Q1,3532500.0,2050500.0,1482000.0,0.41953290870488325,56000.0,0.0,163500.0,0.0,1071000.0,3503000.0,8000.0,65500.0,95000.0,0.02689313517338995,29500.0,0.00835102618542109,0.0,33750.0,0.009554140127388535,0.0,33750.0,0.009554140127388535,0.000625,0.000575,54275876.0,59702426.0,https://find-and-update.company-information.service.gov.uk/search/companies?q=Creightons+PLC,https://find-and-update.company-information.service.gov.uk/search/companies?q=Creightons+PLC,1620590684,16:04:44,20210509
35,2011-01-31,CRL.L,GBP,2011-01-31,2011-01-31,Q1,3532500.0,2050500.0,1482000.0,0.41953290870488325,56000.0,0.0,163500.0,0.0,1071000.0,3503000.0,8000.0,65500.0,95000.0,0.02689313517338995,29500.0,0.00835102618542109,0.0,33750.0,0.009554140127388535,0.0,33750.0,0.009554140127388535,0.000625,0.000575,54275876.0,59702426.0,https://find-and-update.company-information.service.gov.uk/search/companies?q=Creightons+PLC,https://find-and-update.company-information.service.gov.uk/search/companies?q=Creightons+PLC,1620590684,16:04:44,20210509
36,2010-09-30,CRL.L,GBP,2010-09-30,2010-09-30,Q3,3397500.0,1959250.0,1438250.0,0.4233259749816041,52500.0,0.0,127750.0,0.0,985000.0,3285250.0,7750.0,64500.0,176750.0,0.05202354672553348,112250.0,0.03303899926416483,0.0,75750.0,0.022295805739514347,0.0,75750.0,0.022295805739514347,0.0014,0.001275,54275876.0,59702426.0,https://find-and-update.company-information.service.gov.uk/search/companies?q=Creightons+PLC,https://find-and-update.company-information.service.gov.uk/search/companies?q=Creightons+PLC,1620590684,16:04:44,20210509
37,2010-06-30,CRL.L,GBP,2010-06-30,2010-06-30,Q2,3397500.0,1959250.0,1438250.0,0.4233259749816041,52500.0,0.0,127750.0,0.0,985000.0,3285250.0,7750.0,64500.0,176750.0,0.05202354672553348,112250.0,0.03303899926416483,0.0,75750.0,0.022295805739514347,0.0,75750.0,0.022295805739514347,0.0014,0.001275,54275876.0,59702426.0,https://find-and-update.company-information.service.gov.uk/search/companies?q=Creightons+PLC,https://find-and-update.company-information.service.gov.uk/search/companies?q=Creightons+PLC,1620590684,16:04:44,20210509
38,2010-03-31,CRL.L,GBP,2010-03-31,2010-03-31,Q1,3397500.0,1959250.0,1438250.0,0.4233259749816041,52500.0,0.0,127750.0,0.0,985000.0,3285250.0,7750.0,64500.0,176750.0,0.05202354672553348,112250.0,0.03303899926416483,0.0,75750.0,0.022295805739514347,0.0,75750.0,0.022295805739514347,0.0014,0.001275,54275876.0,59702426.0,https://find-and-update.company-information.service.gov.uk/search/companies?q=Creightons+PLC,https://find-and-update.company-information.service.gov.uk/search/companies?q=Creightons+PLC,1620590684,16:04:44,20210509
39,2010-01-31,CRL.L,GBP,2010-01-31,2010-01-31,Q1,3397500.0,1959250.0,1438250.0,0.4233259749816041,52500.0,0.0,127750.0,0.0,985000.0,3285250.0,7750.0,64500.0,176750.0,0.05202354672553348,112250.0,0.03303899926416483,0.0,75750.0,0.022295805739514347,0.0,75750.0,0.022295805739514347,0.0014,0.001275,54275876.0,59702426.0,https://find-and-update.company-information.service.gov.uk/search/companies?q=Creightons+PLC,https://find-and-update.company-information.service.gov.uk/search/companies?q=Creightons+PLC,1620590684,16:04:44,20210509
40,2009-09-30,CRL.L,GBP,2009-09-30,2009-09-30,Q3,3788750.0,2248500.0,1540250.0,0.40653249752556914,50500.0,0.0,129500.0,-6000.0,1111250.0,3686250.0,24250.0,51250.0,153750.0,0.040580666446717255,102500.0,0.027053777631144835,0.0,94500.0,0.024942263279445726,0.0,94500.0,0.024942263279445726,0.00175,0.001575,54275876.0,59702426.0,https://find-and-update.company-information.service.gov.uk/search/companies?q=Creightons+PLC,https://find-and-update.company-information.service.gov.uk/search/companies?q=Creightons+PLC,1620590684,16:04:44,20210509
41,2009-06-30,CRL.L,GBP,2009-06-30,2009-06-30,Q2,3788750.0,2248500.0,1540250.0,0.40653249752556914,50500.0,0.0,129500.0,-6000.0,1111250.0,3686250.0,24250.0,51250.0,153750.0,0.040580666446717255,102500.0,0.027053777631144835,0.0,94500.0,0.024942263279445726,0.0,94500.0,0.024942263279445726,0.00175,0.001575,54275876.0,59702426.0,https://find-and-update.company-information.service.gov.uk/search/companies?q=Creightons+PLC,https://find-and-update.company-information.service.gov.uk/search/companies?q=Creightons+PLC,1620590684,16:04:44,20210509
42,2009-03-31,CRL.L,GBP,2009-03-31,2009-03-31,Q1,3788750.0,2248500.0,1540250.0,0.40653249752556914,50500.0,0.0,129500.0,-6000.0,1111250.0,3686250.0,24250.0,51250.0,153750.0,0.040580666446717255,102500.0,0.027053777631144835,0.0,94500.0,0.024942263279445726,0.0,94500.0,0.024942263279445726,0.00175,0.001575,54275876.0,59702426.0,https://find-and-update.company-information.service.gov.uk/search/companies?q=Creightons+PLC,https://find-and-update.company-information.service.gov.uk/search/companies?q=Creightons+PLC,1620590684,16:04:44,20210509
43,2009-01-31,CRL.L,GBP,2009-01-31,2009-01-31,Q1,3788750.0,2248500.0,1540250.0,0.40653249752556914,50500.0,0.0,129500.0,-6000.0,1111250.0,3686250.0,24250.0,51250.0,153750.0,0.040580666446717255,102500.0,0.027053777631144835,0.0,94500.0,0.024942263279445726,0.0,94500.0,0.024942263279445726,0.00175,0.001575,54275876.0,59702426.0,https://find-and-update.company-information.service.gov.uk/search/companies?q=Creightons+PLC,https://find-and-update.company-information.service.gov.uk/search/companies?q=Creightons+PLC,1620590684,16:04:44,20210509
44,2008-09-30,CRL.L,GBP,2008-09-30,2008-09-30,Q3,3842250.0,2272000.0,1570250.0,0.40867981000715725,53000.0,0.0,108750.0,0.0,1105500.0,3677500.0,41750.0,64750.0,229500.0,0.05973062658598478,164750.0,0.04287852169952502,0.0,125750.0,0.032728219142429564,0.0,125750.0,0.032728219142429564,0.002325,0.0021,54275876.0,59702426.0,https://find-and-update.company-information.service.gov.uk/search/companies?q=Creightons+PLC,https://find-and-update.company-information.service.gov.uk/search/companies?q=Creightons+PLC,1620590684,16:04:44,20210509
45,2008-06-30,CRL.L,GBP,2008-06-30,2008-06-30,Q2,3842250.0,2272000.0,1570250.0,0.40867981000715725,53000.0,0.0,108750.0,0.0,1105500.0,3677500.0,41750.0,64750.0,229500.0,0.05973062658598478,164750.0,0.04287852169952502,0.0,125750.0,0.032728219142429564,0.0,125750.0,0.032728219142429564,0.002325,0.0021,54275876.0,59702426.0,https://find-and-update.company-information.service.gov.uk/search/companies?q=Creightons+PLC,https://find-and-update.company-information.service.gov.uk/search/companies?q=Creightons+PLC,1620590684,16:04:44,20210509
46,2008-03-31,CRL.L,GBP,2008-03-31,2008-03-31,Q1,3842250.0,2272000.0,1570250.0,0.40867981000715725,53000.0,0.0,108750.0,0.0,1105500.0,3677500.0,41750.0,64750.0,229500.0,0.05973062658598478,164750.0,0.04287852169952502,0.0,125750.0,0.032728219142429564,0.0,125750.0,0.032728219142429564,0.002325,0.0021,54275876.0,59702426.0,https://find-and-update.company-information.service.gov.uk/search/companies?q=Creightons+PLC,https://find-and-update.company-information.service.gov.uk/search/companies?q=Creightons+PLC,1620590684,16:04:44,20210509
47,2008-01-31,CRL.L,GBP,2008-01-31,2008-01-31,Q1,3842250.0,2272000.0,1570250.0,0.40867981000715725,53000.0,0.0,108750.0,0.0,1105500.0,3677500.0,41750.0,64750.0,229500.0,0.05973062658598478,164750.0,0.04287852169952502,0.0,125750.0,0.032728219142429564,0.0,125750.0,0.032728219142429564,0.002325,0.0021,54275876.0,59702426.0,https://find-and-update.company-information.service.gov.uk/search/companies?q=Creightons+PLC,https://find-and-update.company-information.service.gov.uk/search/companies?q=Creightons+PLC,1620590684,16:04:44,20210509
48,2007-09-30,CRL.L,GBP,2007-09-30,2007-09-30,Q3,3229250.0,1947250.0,1282000.0,0.3969962065495084,58000.0,0.0,94500.0,-500.0,921250.0,3115500.0,19750.0,43000.0,156750.0,0.04854068282108849,113750.0,0.035224897422002015,0.0,95750.0,0.029650847720058836,0.0,95750.0,0.029650847720058836,0.001775,0.001625,54275876.0,58532426.0,https://find-and-update.company-information.service.gov.uk/search/companies?q=Creightons+PLC,https://find-and-update.company-information.service.gov.uk/search/companies?q=Creightons+PLC,1620590684,16:04:44,20210509
49,2007-06-30,CRL.L,GBP,2007-06-30,2007-06-30,Q2,3229250.0,1947250.0,1282000.0,0.3969962065495084,58000.0,0.0,94500.0,-500.0,921250.0,3115500.0,19750.0,43000.0,156750.0,0.04854068282108849,113750.0,0.035224897422002015,0.0,95750.0,0.029650847720058836,0.0,95750.0,0.029650847720058836,0.001775,0.001625,54275876.0,58532426.0,https://find-and-update.company-information.service.gov.uk/search/companies?q=Creightons+PLC,https://find-and-update.company-information.service.gov.uk/search/companies?q=Creightons+PLC,1620590684,16:04:44,20210509
50,2007-03-31,CRL.L,GBP,2007-03-31,2007-03-31,Q1,3229250.0,1947250.0,1282000.0,0.3969962065495084,58000.0,0.0,94500.0,-500.0,921250.0,3115500.0,19750.0,43000.0,156750.0,0.04854068282108849,113750.0,0.035224897422002015,0.0,95750.0,0.029650847720058836,0.0,95750.0,0.029650847720058836,0.001775,0.001625,54275876.0,58532426.0,https://find-and-update.company-information.service.gov.uk/search/companies?q=Creightons+PLC,https://find-and-update.company-information.service.gov.uk/search/companies?q=Creightons+PLC,1620590684,16:04:44,20210509
51,2007-01-31,CRL.L,GBP,2007-01-31,2007-01-31,Q1,3229250.0,1947250.0,1282000.0,0.3969962065495084,58000.0,0.0,94500.0,-500.0,921250.0,3115500.0,19750.0,43000.0,156750.0,0.04854068282108849,113750.0,0.035224897422002015,0.0,95750.0,0.029650847720058836,0.0,95750.0,0.029650847720058836,0.001775,0.001625,54275876.0,58532426.0,https://find-and-update.company-information.service.gov.uk/search/companies?q=Creightons+PLC,https://find-and-update.company-information.service.gov.uk/search/companies?q=Creightons+PLC,1620590684,16:04:44,20210509
52,2006-09-30,CRL.L,GBP,2006-09-30,2006-09-30,Q3,3142000.0,1921500.0,1220500.0,0.38844684914067473,44000.0,0.0,74750.0,-1500.0,857250.0,3008750.0,30250.0,43000.0,176250.0,0.05609484404837683,133250.0,0.04240929344366645,0.0,202000.0,0.06429026098026734,-3750.0,205750.0,0.06548376830044558,0.0038,0.0035,54275876.0,58858079.0,https://find-and-update.company-information.service.gov.uk/search/companies?q=Creightons+PLC,https://find-and-update.company-information.service.gov.uk/search/companies?q=Creightons+PLC,1620590684,16:04:44,20210509
53,2006-06-30,CRL.L,GBP,2006-06-30,2006-06-30,Q2,3142000.0,1921500.0,1220500.0,0.38844684914067473,44000.0,0.0,74750.0,-1500.0,857250.0,3008750.0,30250.0,43000.0,176250.0,0.05609484404837683,133250.0,0.04240929344366645,0.0,202000.0,0.06429026098026734,-3750.0,205750.0,0.06548376830044558,0.0038,0.0035,54275876.0,58858079.0,https://find-and-update.company-information.service.gov.uk/search/companies?q=Creightons+PLC,https://find-and-update.company-information.service.gov.uk/search/companies?q=Creightons+PLC,1620590684,16:04:44,20210509
54,2006-03-31,CRL.L,GBP,2006-03-31,2006-03-31,Q1,3142000.0,1921500.0,1220500.0,0.38844684914067473,44000.0,0.0,74750.0,-1500.0,857250.0,3008750.0,30250.0,43000.0,176250.0,0.05609484404837683,133250.0,0.04240929344366645,0.0,202000.0,0.06429026098026734,-3750.0,205750.0,0.06548376830044558,0.0038,0.0035,54275876.0,58858079.0,https://find-and-update.company-information.service.gov.uk/search/companies?q=Creightons+PLC,https://find-and-update.company-information.service.gov.uk/search/companies?q=Creightons+PLC,1620590684,16:04:44,20210509
55,2006-01-31,CRL.L,GBP,2006-01-31,2006-01-31,Q1,3142000.0,1921500.0,1220500.0,0.38844684914067473,44000.0,0.0,74750.0,-1500.0,857250.0,3008750.0,30250.0,43000.0,176250.0,0.05609484404837683,133250.0,0.04240929344366645,0.0,202000.0,0.06429026098026734,-3750.0,205750.0,0.06548376830044558,0.0038,0.0035,54275876.0,58858079.0,https://find-and-update.company-information.service.gov.uk/search/companies?q=Creightons+PLC,https://find-and-update.company-information.service.gov.uk/search/companies?q=Creightons+PLC,1620590684,16:04:44,20210509
56,2005-09-30,CRL.L,GBP,2005-09-30,2005-09-30,Q3,2838500.0,1760000.0,1078500.0,0.3799542011625859,16000.0,0.0,69250.0,-500.0,817250.0,2781000.0,40500.0,50250.0,107750.0,0.037960190241324646,57500.0,0.02025717808701779,0.0,-90750.0,-0.03197111150255417,0.0,-90750.0,-0.03197111150255417,-0.0016720135479711096,-0.0015262854354914494,54275876.0,59458079.0,https://find-and-update.company-information.service.gov.uk/search/companies?q=Creightons+PLC,https://find-and-update.company-information.service.gov.uk/search/companies?q=Creightons+PLC,1620590684,16:04:44,20210509
57,2005-06-30,CRL.L,GBP,2005-06-30,2005-06-30,Q2,2838500.0,1760000.0,1078500.0,0.3799542011625859,16000.0,0.0,69250.0,-500.0,817250.0,2781000.0,40500.0,50250.0,107750.0,0.037960190241324646,57500.0,0.02025717808701779,0.0,-90750.0,-0.03197111150255417,0.0,-90750.0,-0.03197111150255417,-0.0016720135479711096,-0.0015262854354914494,54275876.0,59458079.0,https://find-and-update.company-information.service.gov.uk/search/companies?q=Creightons+PLC,https://find-and-update.company-information.service.gov.uk/search/companies?q=Creightons+PLC,1620590684,16:04:44,20210509
58,2005-03-31,CRL.L,GBP,2005-03-31,2005-03-31,Q1,2838500.0,1760000.0,1078500.0,0.3799542011625859,16000.0,0.0,69250.0,-500.0,817250.0,2781000.0,40500.0,50250.0,107750.0,0.037960190241324646,57500.0,0.02025717808701779,0.0,-90750.0,-0.03197111150255417,0.0,-90750.0,-0.03197111150255417,-0.0016720135479711096,-0.0015262854354914494,54275876.0,59458079.0,https://find-and-update.company-information.service.gov.uk/search/companies?q=Creightons+PLC,https://find-and-update.company-information.service.gov.uk/search/companies?q=Creightons+PLC,1620590684,16:04:44,20210509
59,2005-01-31,CRL.L,GBP,2005-01-31,2005-01-31,Q1,2838500.0,1760000.0,1078500.0,0.3799542011625859,16000.0,0.0,69250.0,-500.0,817250.0,2781000.0,40500.0,50250.0,107750.0,0.037960190241324646,57500.0,0.02025717808701779,0.0,-90750.0,-0.03197111150255417,0.0,-90750.0,-0.03197111150255417,-0.0016720135479711096,-0.0015262854354914494,54275876.0,59458079.0,https://find-and-update.company-information.service.gov.uk/search/companies?q=Creightons+PLC,https://find-and-update.company-information.service.gov.uk/search/companies?q=Creightons+PLC,1620590684,16:04:44,20210509
60,2004-09-30,CRL.L,GBP,2004-09-30,2004-09-30,Q3,3059500.0,1948500.0,1111000.0,0.3631312305932342,0.0,0.0,0.0,53500.0,883750.0,2943750.0,53750.0,51250.0,167000.0,0.054584082366399736,115750.0,0.03783297924497467,0.0,54250.0,0.017731655499264587,3750.0,50500.0,0.01650596502696519,0.000925,0.00085,54276000.0,59411765.0,https://find-and-update.company-information.service.gov.uk/search/companies?q=Creightons+PLC,https://find-and-update.company-information.service.gov.uk/search/companies?q=Creightons+PLC,1620590684,16:04:44,20210509
61,2004-06-30,CRL.L,GBP,2004-06-30,2004-06-30,Q2,3059500.0,1948500.0,1111000.0,0.3631312305932342,0.0,0.0,0.0,53500.0,883750.0,2943750.0,53750.0,51250.0,167000.0,0.054584082366399736,115750.0,0.03783297924497467,0.0,54250.0,0.017731655499264587,3750.0,50500.0,0.01650596502696519,0.000925,0.00085,54276000.0,59411765.0,https://find-and-update.company-information.service.gov.uk/search/companies?q=Creightons+PLC,https://find-and-update.company-information.service.gov.uk/search/companies?q=Creightons+PLC,1620590684,16:04:44,20210509
62,2004-03-31,CRL.L,GBP,2004-03-31,2004-03-31,Q1,3059500.0,1948500.0,1111000.0,0.3631312305932342,0.0,0.0,0.0,53500.0,883750.0,2943750.0,53750.0,51250.0,167000.0,0.054584082366399736,115750.0,0.03783297924497467,0.0,54250.0,0.017731655499264587,3750.0,50500.0,0.01650596502696519,0.000925,0.00085,54276000.0,59411765.0,https://find-and-update.company-information.service.gov.uk/search/companies?q=Creightons+PLC,https://find-and-update.company-information.service.gov.uk/search/companies?q=Creightons+PLC,1620590684,16:04:44,20210509
63,2004-01-31,CRL.L,GBP,2004-01-31,2004-01-31,Q1,3059500.0,1948500.0,1111000.0,0.3631312305932342,0.0,0.0,0.0,53500.0,883750.0,2943750.0,53750.0,51250.0,167000.0,0.054584082366399736,115750.0,0.03783297924497467,0.0,54250.0,0.017731655499264587,3750.0,50500.0,0.01650596502696519,0.000925,0.00085,54276000.0,59411765.0,https://find-and-update.company-information.service.gov.uk/search/companies?q=Creightons+PLC,https://find-and-update.company-information.service.gov.uk/search/companies?q=Creightons+PLC,1620590684,16:04:44,20210509
64,2003-09-30,CRL.L,GBP,2003-09-30,2003-09-30,Q3,961500.0,550750.0,410750.0,0.42719708788351535,0.0,0.0,0.0,14750.0,353750.0,968000.0,15000.0,55250.0,48750.0,0.05070202808112324,-6500.0,-0.006760270410816433,0.0,-20500.0,-0.021320852834113363,0.0,-20500.0,-0.021320852834113363,-0.0003777000301201956,-0.0003499999974390244,54275876.0,58571429.0,https://find-and-update.company-information.service.gov.uk/search/companies?q=Creightons+PLC,https://find-and-update.company-information.service.gov.uk/search/companies?q=Creightons+PLC,1620590684,16:04:44,20210509
65,2003-06-30,CRL.L,GBP,2003-06-30,2003-06-30,Q2,961500.0,550750.0,410750.0,0.42719708788351535,0.0,0.0,0.0,14750.0,353750.0,968000.0,15000.0,55250.0,48750.0,0.05070202808112324,-6500.0,-0.006760270410816433,0.0,-20500.0,-0.021320852834113363,0.0,-20500.0,-0.021320852834113363,-0.0003777000301201956,-0.0003499999974390244,54275876.0,58571429.0,https://find-and-update.company-information.service.gov.uk/search/companies?q=Creightons+PLC,https://find-and-update.company-information.service.gov.uk/search/companies?q=Creightons+PLC,1620590684,16:04:44,20210509
66,2003-03-31,CRL.L,GBP,2003-03-31,2003-03-31,Q1,961500.0,550750.0,410750.0,0.42719708788351535,0.0,0.0,0.0,14750.0,353750.0,968000.0,15000.0,55250.0,48750.0,0.05070202808112324,-6500.0,-0.006760270410816433,0.0,-20500.0,-0.021320852834113363,0.0,-20500.0,-0.021320852834113363,-0.0003777000301201956,-0.0003499999974390244,54275876.0,58571429.0,https://find-and-update.company-information.service.gov.uk/search/companies?q=Creightons+PLC,https://find-and-update.company-information.service.gov.uk/search/companies?q=Creightons+PLC,1620590684,16:04:44,20210509
67,2003-01-31,CRL.L,GBP,2003-01-31,2003-01-31,Q1,961500.0,550750.0,410750.0,0.42719708788351535,0.0,0.0,0.0,14750.0,353750.0,968000.0,15000.0,55250.0,48750.0,0.05070202808112324,-6500.0,-0.006760270410816433,0.0,-20500.0,-0.021320852834113363,0.0,-20500.0,-0.021320852834113363,-0.0003777000301201956,-0.0003499999974390244,54275876.0,58571429.0,https://find-and-update.company-information.service.gov.uk/search/companies?q=Creightons+PLC,https://find-and-update.company-information.service.gov.uk/search/companies?q=Creightons+PLC,1620590684,16:04:44,20210509
68,2002-09-30,CRL.L,GBP,2002-09-30,2002-09-30,Q3,1105250.0,723000.0,382250.0,0.3458493553494684,0.0,0.0,0.0,17500.0,336000.0,1124750.0,17750.0,61500.0,42000.0,0.03800045238633793,-19500.0,-0.017643067179371183,0.0,-37000.0,-0.03347658900701199,0.0,-37000.0,-0.03347658900701199,-0.000725,-0.000725,52158719.0,52158719.0,https://find-and-update.company-information.service.gov.uk/search/companies?q=Creightons+PLC,https://find-and-update.company-information.service.gov.uk/search/companies?q=Creightons+PLC,1620590684,16:04:44,20210509
69,2002-06-30,CRL.L,GBP,2002-06-30,2002-06-30,Q2,1105250.0,723000.0,382250.0,0.3458493553494684,0.0,0.0,0.0,17500.0,336000.0,1124750.0,17750.0,61500.0,42000.0,0.03800045238633793,-19500.0,-0.017643067179371183,0.0,-37000.0,-0.03347658900701199,0.0,-37000.0,-0.03347658900701199,-0.000725,-0.000725,52158719.0,52158719.0,https://find-and-update.company-information.service.gov.uk/search/companies?q=Creightons+PLC,https://find-and-update.company-information.service.gov.uk/search/companies?q=Creightons+PLC,1620590684,16:04:44,20210509
70,2002-03-31,CRL.L,GBP,2002-03-31,2002-03-31,Q1,1105250.0,723000.0,382250.0,0.3458493553494684,0.0,0.0,0.0,17500.0,336000.0,1124750.0,17750.0,61500.0,42000.0,0.03800045238633793,-19500.0,-0.017643067179371183,0.0,-37000.0,-0.03347658900701199,0.0,-37000.0,-0.03347658900701199,-0.000725,-0.000725,52158719.0,52158719.0,https://find-and-update.company-information.service.gov.uk/search/companies?q=Creightons+PLC,https://find-and-update.company-information.service.gov.uk/search/companies?q=Creightons+PLC,1620590684,16:04:44,20210509
71,2002-01-31,CRL.L,GBP,2002-01-31,2002-01-31,Q1,1105250.0,723000.0,382250.0,0.3458493553494684,0.0,0.0,0.0,17500.0,336000.0,1124750.0,17750.0,61500.0,42000.0,0.03800045238633793,-19500.0,-0.017643067179371183,0.0,-37000.0,-0.03347658900701199,0.0,-37000.0,-0.03347658900701199,-0.000725,-0.000725,52158719.0,52158719.0,https://find-and-update.company-information.service.gov.uk/search/companies?q=Creightons+PLC,https://find-and-update.company-information.service.gov.uk/search/companies?q=Creightons+PLC,1620590684,16:04:44,20210509
72,2001-09-30,CRL.L,GBP,2001-09-30,2001-09-30,Q3,1101000.0,773000.0,328000.0,0.29791099000908267,0.0,0.0,0.0,0.0,318250.0,1166750.0,37500.0,73250.0,7500.0,0.006811989100817439,-65750.0,-0.05971843778383288,0.0,-24750.0,-0.022479564032697547,0.0,-24750.0,-0.022479564032697547,-0.0005,-0.0005,51691000.0,51691000.0,https://find-and-update.company-information.service.gov.uk/search/companies?q=Creightons+PLC,https://find-and-update.company-information.service.gov.uk/search/companies?q=Creightons+PLC,1620590684,16:04:44,20210509
73,2001-06-30,CRL.L,GBP,2001-06-30,2001-06-30,Q2,1101000.0,773000.0,328000.0,0.29791099000908267,0.0,0.0,0.0,0.0,318250.0,1166750.0,37500.0,73250.0,7500.0,0.006811989100817439,-65750.0,-0.05971843778383288,0.0,-24750.0,-0.022479564032697547,0.0,-24750.0,-0.022479564032697547,-0.0005,-0.0005,51691000.0,51691000.0,https://find-and-update.company-information.service.gov.uk/search/companies?q=Creightons+PLC,https://find-and-update.company-information.service.gov.uk/search/companies?q=Creightons+PLC,1620590684,16:04:44,20210509
74,2001-03-31,CRL.L,GBP,2001-03-31,2001-03-31,Q1,1101000.0,773000.0,328000.0,0.29791099000908267,0.0,0.0,0.0,0.0,318250.0,1166750.0,37500.0,73250.0,7500.0,0.006811989100817439,-65750.0,-0.05971843778383288,0.0,-24750.0,-0.022479564032697547,0.0,-24750.0,-0.022479564032697547,-0.0005,-0.0005,51691000.0,51691000.0,https://find-and-update.company-information.service.gov.uk/search/companies?q=Creightons+PLC,https://find-and-update.company-information.service.gov.uk/search/companies?q=Creightons+PLC,1620590684,16:04:44,20210509
75,2001-01-31,CRL.L,GBP,2001-01-31,2001-01-31,Q1,1101000.0,773000.0,328000.0,0.29791099000908267,0.0,0.0,0.0,0.0,318250.0,1166750.0,37500.0,73250.0,7500.0,0.006811989100817439,-65750.0,-0.05971843778383288,0.0,-24750.0,-0.022479564032697547,0.0,-24750.0,-0.022479564032697547,-0.0005,-0.0005,51691000.0,51691000.0,https://find-and-update.company-information.service.gov.uk/search/companies?q=Creightons+PLC,https://find-and-update.company-information.service.gov.uk/search/companies?q=Creightons+PLC,1620590684,16:04:44,20210509
76,2000-09-30,CRL.L,GBP,2000-09-30,2000-09-30,Q3,1303500.0,1033500.0,270000.0,0.20713463751438435,0.0,0.0,0.0,0.0,428500.0,1576250.0,39750.0,89500.0,-183250.0,-0.14058304564633678,-272750.0,-0.20924434215573456,0.0,-456250.0,-0.3500191791331032,0.0,-456250.0,-0.3500191791331032,-0.02125,-0.02125,21441000.0,21441000.0,https://find-and-update.company-information.service.gov.uk/search/companies?q=Creightons+PLC,https://find-and-update.company-information.service.gov.uk/search/companies?q=Creightons+PLC,1620590684,16:04:44,20210509
77,2000-06-30,CRL.L,GBP,2000-06-30,2000-06-30,Q2,1303500.0,1033500.0,270000.0,0.20713463751438435,0.0,0.0,0.0,0.0,428500.0,1576250.0,39750.0,89500.0,-183250.0,-0.14058304564633678,-272750.0,-0.20924434215573456,0.0,-456250.0,-0.3500191791331032,0.0,-456250.0,-0.3500191791331032,-0.02125,-0.02125,21441000.0,21441000.0,https://find-and-update.company-information.service.gov.uk/search/companies?q=Creightons+PLC,https://find-and-update.company-information.service.gov.uk/search/companies?q=Creightons+PLC,1620590684,16:04:44,20210509
78,2000-03-31,CRL.L,GBP,2000-03-31,2000-03-31,Q1,1303500.0,1033500.0,270000.0,0.20713463751438435,0.0,0.0,0.0,0.0,428500.0,1576250.0,39750.0,89500.0,-183250.0,-0.14058304564633678,-272750.0,-0.20924434215573456,0.0,-456250.0,-0.3500191791331032,0.0,-456250.0,-0.3500191791331032,-0.02125,-0.02125,21441000.0,21441000.0,https://find-and-update.company-information.service.gov.uk/search/companies?q=Creightons+PLC,https://find-and-update.company-information.service.gov.uk/search/companies?q=Creightons+PLC,1620590684,16:04:44,20210509
79,2000-01-31,CRL.L,GBP,2000-01-31,2000-01-31,Q1,1303500.0,1033500.0,270000.0,0.20713463751438435,0.0,0.0,0.0,0.0,428500.0,1576250.0,39750.0,89500.0,-183250.0,-0.14058304564633678,-272750.0,-0.20924434215573456,0.0,-456250.0,-0.3500191791331032,0.0,-456250.0,-0.3500191791331032,-0.02125,-0.02125,21441000.0,21441000.0,https://find-and-update.company-information.service.gov.uk/search/companies?q=Creightons+PLC,https://find-and-update.company-information.service.gov.uk/search/companies?q=Creightons+PLC,1620590684,16:04:44,20210509
80,1999-09-30,CRL.L,GBP,1999-09-30,1999-09-30,Q3,1397250.0,1184250.0,213000.0,0.1524422973698336,0.0,0.0,0.0,0.0,429500.0,1729750.0,21250.0,95000.0,-237500.0,-0.1699767400250492,-332500.0,-0.2379674360350689,0.0,-494750.0,-0.354088387904813,-10250.0,-484500.0,-0.34675254965110036,-0.008374965583990758,-0.007625707305994215,57850984.0,63535090.0,https://find-and-update.company-information.service.gov.uk/search/companies?q=Creightons+PLC,https://find-and-update.company-information.service.gov.uk/search/companies?q=Creightons+PLC,1620590684,16:04:44,20210509
81,1999-06-30,CRL.L,GBP,1999-06-30,1999-06-30,Q2,1397250.0,1184250.0,213000.0,0.1524422973698336,0.0,0.0,0.0,0.0,429500.0,1729750.0,21250.0,95000.0,-237500.0,-0.1699767400250492,-332500.0,-0.2379674360350689,0.0,-494750.0,-0.354088387904813,-10250.0,-484500.0,-0.34675254965110036,-0.008374965583990758,-0.007625707305994215,57850984.0,63535090.0,https://find-and-update.company-information.service.gov.uk/search/companies?q=Creightons+PLC,https://find-and-update.company-information.service.gov.uk/search/companies?q=Creightons+PLC,1620590684,16:04:44,20210509
82,1999-03-31,CRL.L,GBP,1999-03-31,1999-03-31,Q1,1397250.0,1184250.0,213000.0,0.1524422973698336,0.0,0.0,0.0,0.0,429500.0,1729750.0,21250.0,95000.0,-237500.0,-0.1699767400250492,-332500.0,-0.2379674360350689,0.0,-494750.0,-0.354088387904813,-10250.0,-484500.0,-0.34675254965110036,-0.008374965583990758,-0.007625707305994215,57850984.0,63535090.0,https://find-and-update.company-information.service.gov.uk/search/companies?q=Creightons+PLC,https://find-and-update.company-information.service.gov.uk/search/companies?q=Creightons+PLC,1620590684,16:04:44,20210509
83,1999-01-31,CRL.L,GBP,1999-01-31,1999-01-31,Q1,1397250.0,1184250.0,213000.0,0.1524422973698336,0.0,0.0,0.0,0.0,429500.0,1729750.0,21250.0,95000.0,-237500.0,-0.1699767400250492,-332500.0,-0.2379674360350689,0.0,-494750.0,-0.354088387904813,-10250.0,-484500.0,-0.34675254965110036,-0.008374965583990758,-0.007625707305994215,57850984.0,63535090.0,https://find-and-update.company-information.service.gov.uk/search/companies?q=Creightons+PLC,https://find-and-update.company-information.service.gov.uk/search/companies?q=Creightons+PLC,1620590684,16:04:44,20210509
84,1998-09-30,CRL.L,GBP,1998-09-30,1998-09-30,Q3,2411500.0,2277500.0,134000.0,0.05556707443499896,0.0,0.0,0.0,0.0,156250.0,2584500.0,14750.0,112000.0,-61000.0,-0.025295459257723408,-173000.0,-0.07173958117354344,0.0,-372250.0,-0.1543645034211072,30500.0,-402750.0,-0.1670122330499689,-0.00695775,-0.00695775,57850984.0,57850984.0,https://find-and-update.company-information.service.gov.uk/search/companies?q=Creightons+PLC,https://find-and-update.company-information.service.gov.uk/search/companies?q=Creightons+PLC,1620590684,16:04:44,20210509
85,1998-06-30,CRL.L,GBP,1998-06-30,1998-06-30,Q2,2411500.0,2277500.0,134000.0,0.05556707443499896,0.0,0.0,0.0,0.0,156250.0,2584500.0,14750.0,112000.0,-61000.0,-0.025295459257723408,-173000.0,-0.07173958117354344,0.0,-372250.0,-0.1543645034211072,30500.0,-402750.0,-0.1670122330499689,-0.00695775,-0.00695775,57850984.0,57850984.0,https://find-and-update.company-information.service.gov.uk/search/companies?q=Creightons+PLC,https://find-and-update.company-information.service.gov.uk/search/companies?q=Creightons+PLC,1620590684,16:04:44,20210509
86,1998-03-31,CRL.L,GBP,1998-03-31,1998-03-31,Q1,2411500.0,2277500.0,134000.0,0.05556707443499896,0.0,0.0,0.0,0.0,156250.0,2584500.0,14750.0,112000.0,-61000.0,-0.025295459257723408,-173000.0,-0.07173958117354344,0.0,-372250.0,-0.1543645034211072,30500.0,-402750.0,-0.1670122330499689,-0.00695775,-0.00695775,57850984.0,57850984.0,https://find-and-update.company-information.service.gov.uk/search/companies?q=Creightons+PLC,https://find-and-update.company-information.service.gov.uk/search/companies?q=Creightons+PLC,1620590684,16:04:44,20210509
87,1998-01-31,CRL.L,GBP,1998-01-31,1998-01-31,Q1,2411500.0,2277500.0,134000.0,0.05556707443499896,0.0,0.0,0.0,0.0,156250.0,2584500.0,14750.0,112000.0,-61000.0,-0.025295459257723408,-173000.0,-0.07173958117354344,0.0,-372250.0,-0.1543645034211072,30500.0,-402750.0,-0.1670122330499689,-0.00695775,-0.00695775,57850984.0,57850984.0,https://find-and-update.company-information.service.gov.uk/search/companies?q=Creightons+PLC,https://find-and-update.company-information.service.gov.uk/search/companies?q=Creightons+PLC,1620590684,16:04:44,20210509
88,1997-09-30,CRL.L,GBP,1997-09-30,1997-09-30,Q3,2517250.0,2592250.0,-75000.0,-0.02979441851226537,0.0,0.0,0.0,0.0,-213250.0,2546000.0,46000.0,128500.0,99750.0,0.03962657662131294,-28750.0,-0.011421193763035058,0.0,-816750.0,-0.3244612175985699,-152250.0,-664500.0,-0.26397854801867116,-0.02911925,-0.02911925,22785901.0,22785901.0,https://find-and-update.company-information.service.gov.uk/search/companies?q=Creightons+PLC,https://find-and-update.company-information.service.gov.uk/search/companies?q=Creightons+PLC,1620590684,16:04:44,20210509
89,1997-06-30,CRL.L,GBP,1997-06-30,1997-06-30,Q2,2517250.0,2592250.0,-75000.0,-0.02979441851226537,0.0,0.0,0.0,0.0,-213250.0,2546000.0,46000.0,128500.0,99750.0,0.03962657662131294,-28750.0,-0.011421193763035058,0.0,-816750.0,-0.3244612175985699,-152250.0,-664500.0,-0.26397854801867116,-0.02911925,-0.02911925,22785901.0,22785901.0,https://find-and-update.company-information.service.gov.uk/search/companies?q=Creightons+PLC,https://find-and-update.company-information.service.gov.uk/search/companies?q=Creightons+PLC,1620590684,16:04:44,20210509
90,1997-03-31,CRL.L,GBP,1997-03-31,1997-03-31,Q1,2517250.0,2592250.0,-75000.0,-0.02979441851226537,0.0,0.0,0.0,0.0,-213250.0,2546000.0,46000.0,128500.0,99750.0,0.03962657662131294,-28750.0,-0.011421193763035058,0.0,-816750.0,-0.3244612175985699,-152250.0,-664500.0,-0.26397854801867116,-0.02911925,-0.02911925,22785901.0,22785901.0,https://find-and-update.company-information.service.gov.uk/search/companies?q=Creightons+PLC,https://find-and-update.company-information.service.gov.uk/search/companies?q=Creightons+PLC,1620590684,16:04:44,20210509
91,1997-01-31,CRL.L,GBP,1997-01-31,1997-01-31,Q1,2517250.0,2592250.0,-75000.0,-0.02979441851226537,0.0,0.0,0.0,0.0,-213250.0,2546000.0,46000.0,128500.0,99750.0,0.03962657662131294,-28750.0,-0.011421193763035058,0.0,-816750.0,-0.3244612175985699,-152250.0,-664500.0,-0.26397854801867116,-0.02911925,-0.02911925,22785901.0,22785901.0,https://find-and-update.company-information.service.gov.uk/search/companies?q=Creightons+PLC,https://find-and-update.company-information.service.gov.uk/search/companies?q=Creightons+PLC,1620590684,16:04:44,20210509
92,1996-09-30,CRL.L,GBP,1996-09-30,1996-09-30,Q3,2517250.0,2067250.0,450000.0,0.1787665110735922,0.0,0.0,0.0,0.0,211000.0,2446500.0,40750.0,128500.0,199250.0,0.07915383851425166,70750.0,0.028106068129903666,0.0,117500.0,0.04667792233588241,56000.0,61500.0,0.0244314231800576,0.00275325,0.00275325,22359745.0,22359745.0,https://find-and-update.company-information.service.gov.uk/search/companies?q=Creightons+PLC,https://find-and-update.company-information.service.gov.uk/search/companies?q=Creightons+PLC,1620590684,16:04:44,20210509
93,1996-06-30,CRL.L,GBP,1996-06-30,1996-06-30,Q2,2517250.0,2067250.0,450000.0,0.1787665110735922,0.0,0.0,0.0,0.0,211000.0,2446500.0,40750.0,128500.0,199250.0,0.07915383851425166,70750.0,0.028106068129903666,0.0,117500.0,0.04667792233588241,56000.0,61500.0,0.0244314231800576,0.00275325,0.00275325,22359745.0,22359745.0,https://find-and-update.company-information.service.gov.uk/search/companies?q=Creightons+PLC,https://find-and-update.company-information.service.gov.uk/search/companies?q=Creightons+PLC,1620590684,16:04:44,20210509
94,1996-03-31,CRL.L,GBP,1996-03-31,1996-03-31,Q1,2517250.0,2067250.0,450000.0,0.1787665110735922,0.0,0.0,0.0,0.0,211000.0,2446500.0,40750.0,128500.0,199250.0,0.07915383851425166,70750.0,0.028106068129903666,0.0,117500.0,0.04667792233588241,56000.0,61500.0,0.0244314231800576,0.00275325,0.00275325,22359745.0,22359745.0,https://find-and-update.company-information.service.gov.uk/search/companies?q=Creightons+PLC,https://find-and-update.company-information.service.gov.uk/search/companies?q=Creightons+PLC,1620590684,16:04:44,20210509
95,1996-01-31,CRL.L,GBP,1996-01-31,1996-01-31,Q1,2517250.0,2067250.0,450000.0,0.1787665110735922,0.0,0.0,0.0,0.0,211000.0,2446500.0,40750.0,128500.0,199250.0,0.07915383851425166,70750.0,0.028106068129903666,0.0,117500.0,0.04667792233588241,56000.0,61500.0,0.0244314231800576,0.00275325,0.00275325,22359745.0,22359745.0,https://find-and-update.company-information.service.gov.uk/search/companies?q=Creightons+PLC,https://find-and-update.company-information.service.gov.uk/search/companies?q=Creightons+PLC,1620590684,16:04:44,20210509
96,1995-09-30,CRL.L,GBP,1995-09-30,1995-09-30,Q3,2132500.0,0.0,0.0,0.0,0.0,0.0,0.0,0.0,1813000.0,1977000.0,12000.0,125500.0,281000.0,0.13177022274325909,155500.0,0.07291910902696366,0.0,250500.0,0.11746776084407971,90000.0,160500.0,0.07526377491207503,0.0072205,0.0072205,22244241.0,22244241.0,https://find-and-update.company-information.service.gov.uk/search/companies?q=Creightons+PLC,https://find-and-update.company-information.service.gov.uk/search/companies?q=Creightons+PLC,1620590684,16:04:44,20210509
97,1995-06-30,CRL.L,GBP,1995-06-30,1995-06-30,Q2,2132500.0,0.0,0.0,0.0,0.0,0.0,0.0,0.0,1813000.0,1977000.0,12000.0,125500.0,281000.0,0.13177022274325909,155500.0,0.07291910902696366,0.0,250500.0,0.11746776084407971,90000.0,160500.0,0.07526377491207503,0.0072205,0.0072205,22244241.0,22244241.0,https://find-and-update.company-information.service.gov.uk/search/companies?q=Creightons+PLC,https://find-and-update.company-information.service.gov.uk/search/companies?q=Creightons+PLC,1620590684,16:04:44,20210509
98,1995-03-31,CRL.L,GBP,1995-03-31,1995-03-31,Q1,2132500.0,0.0,0.0,0.0,0.0,0.0,0.0,0.0,1813000.0,1977000.0,12000.0,125500.0,281000.0,0.13177022274325909,155500.0,0.07291910902696366,0.0,250500.0,0.11746776084407971,90000.0,160500.0,0.07526377491207503,0.0072205,0.0072205,22244241.0,22244241.0,https://find-and-update.company-information.service.gov.uk/search/companies?q=Creightons+PLC,https://find-and-update.company-information.service.gov.uk/search/companies?q=Creightons+PLC,1620590684,16:04:44,20210509
99,1995-01-31,CRL.L,GBP,1995-01-31,1995-01-31,Q1,2132500.0,0.0,0.0,0.0,0.0,0.0,0.0,0.0,1813000.0,1977000.0,12000.0,125500.0,281000.0,0.13177022274325909,155500.0,0.07291910902696366,0.0,250500.0,0.11746776084407971,90000.0,160500.0,0.07526377491207503,0.0072205,0.0072205,22244241.0,22244241.0,https://find-and-update.company-information.service.gov.uk/search/companies?q=Creightons+PLC,https://find-and-update.company-information.service.gov.uk/search/companies?q=Creightons+PLC,1620590684,16:04:44,20210509
100,1994-09-30,CRL.L,GBP,1994-09-30,1994-09-30,Q3,2262250.0,0.0,0.0,0.0,0.0,0.0,0.0,3750.0,1870000.0,2004250.0,17750.0,128000.0,386000.0,0.17062658857332302,258000.0,0.11404575091170295,0.0,273000.0,0.12067631782517406,109500.0,163500.0,0.07227317935683501,0.00737625,0.00737625,22157613.0,22157613.0,https://find-and-update.company-information.service.gov.uk/search/companies?q=Creightons+PLC,https://find-and-update.company-information.service.gov.uk/search/companies?q=Creightons+PLC,1620590684,16:04:44,20210509
101,1994-06-30,CRL.L,GBP,1994-06-30,1994-06-30,Q2,2262250.0,0.0,0.0,0.0,0.0,0.0,0.0,3750.0,1870000.0,2004250.0,17750.0,128000.0,386000.0,0.17062658857332302,258000.0,0.11404575091170295,0.0,273000.0,0.12067631782517406,109500.0,163500.0,0.07227317935683501,0.00737625,0.00737625,22157613.0,22157613.0,https://find-and-update.company-information.service.gov.uk/search/companies?q=Creightons+PLC,https://find-and-update.company-information.service.gov.uk/search/companies?q=Creightons+PLC,1620590684,16:04:44,20210509
102,1994-03-31,CRL.L,GBP,1994-03-31,1994-03-31,Q1,2262250.0,0.0,0.0,0.0,0.0,0.0,0.0,3750.0,1870000.0,2004250.0,17750.0,128000.0,386000.0,0.17062658857332302,258000.0,0.11404575091170295,0.0,273000.0,0.12067631782517406,109500.0,163500.0,0.07227317935683501,0.00737625,0.00737625,22157613.0,22157613.0,https://find-and-update.company-information.service.gov.uk/search/companies?q=Creightons+PLC,https://find-and-update.company-information.service.gov.uk/search/companies?q=Creightons+PLC,1620590684,16:04:44,20210509
103,1994-01-31,CRL.L,GBP,1994-01-31,1994-01-31,Q1,2262250.0,0.0,0.0,0.0,0.0,0.0,0.0,3750.0,1870000.0,2004250.0,17750.0,128000.0,386000.0,0.17062658857332302,258000.0,0.11404575091170295,0.0,273000.0,0.12067631782517406,109500.0,163500.0,0.07227317935683501,0.00737625,0.00737625,22157613.0,22157613.0,https://find-and-update.company-information.service.gov.uk/search/companies?q=Creightons+PLC,https://find-and-update.company-information.service.gov.uk/search/companies?q=Creightons+PLC,1620590684,16:04:44,20210509
104,1993-09-30,CRL.L,GBP,1993-09-30,1993-09-30,Q3,2130750.0,0.0,0.0,0.0,0.0,0.0,0.0,5750.0,1766500.0,1896000.0,22500.0,125250.0,360000.0,0.1689545934530095,234750.0,0.11017247448081662,0.0,251000.0,0.1177988971019594,93250.0,157750.0,0.07403496421447847,0.0072205,0.0072205,21873664.0,21873664.0,https://find-and-update.company-information.service.gov.uk/search/companies?q=Creightons+PLC,https://find-and-update.company-information.service.gov.uk/search/companies?q=Creightons+PLC,1620590684,16:04:44,20210509
105,1993-06-30,CRL.L,GBP,1993-06-30,1993-06-30,Q2,2130750.0,0.0,0.0,0.0,0.0,0.0,0.0,5750.0,1766500.0,1896000.0,22500.0,125250.0,360000.0,0.1689545934530095,234750.0,0.11017247448081662,0.0,251000.0,0.1177988971019594,93250.0,157750.0,0.07403496421447847,0.0072205,0.0072205,21873664.0,21873664.0,https://find-and-update.company-information.service.gov.uk/search/companies?q=Creightons+PLC,https://find-and-update.company-information.service.gov.uk/search/companies?q=Creightons+PLC,1620590684,16:04:44,20210509
106,1993-03-31,CRL.L,GBP,1993-03-31,1993-03-31,Q1,2130750.0,0.0,0.0,0.0,0.0,0.0,0.0,5750.0,1766500.0,1896000.0,22500.0,125250.0,360000.0,0.1689545934530095,234750.0,0.11017247448081662,0.0,251000.0,0.1177988971019594,93250.0,157750.0,0.07403496421447847,0.0072205,0.0072205,21873664.0,21873664.0,https://find-and-update.company-information.service.gov.uk/search/companies?q=Creightons+PLC,https://find-and-update.company-information.service.gov.uk/search/companies?q=Creightons+PLC,1620590684,16:04:44,20210509
107,1993-01-31,CRL.L,GBP,1993-01-31,1993-01-31,Q1,2130750.0,0.0,0.0,0.0,0.0,0.0,0.0,5750.0,1766500.0,1896000.0,22500.0,125250.0,360000.0,0.1689545934530095,234750.0,0.11017247448081662,0.0,251000.0,0.1177988971019594,93250.0,157750.0,0.07403496421447847,0.0072205,0.0072205,21873664.0,21873664.0,https://find-and-update.company-information.service.gov.uk/search/companies?q=Creightons+PLC,https://find-and-update.company-information.service.gov.uk/search/companies?q=Creightons+PLC,1620590684,16:04:44,20210509
108,1992-09-30,CRL.L,GBP,1992-09-30,1992-09-30,Q3,2545000.0,0.0,0.0,0.0,0.0,0.0,0.0,7250.0,2192500.0,2327500.0,19750.0,131750.0,349250.0,0.13722986247544205,217500.0,0.08546168958742632,0.0,233500.0,0.09174852652259333,85500.0,148000.0,0.058153241650294694,0.006805,0.006805,21772598.0,21772598.0,https://find-and-update.company-information.service.gov.uk/search/companies?q=Creightons+PLC,https://find-and-update.company-information.service.gov.uk/search/companies?q=Creightons+PLC,1620590684,16:04:44,20210509
109,1992-06-30,CRL.L,GBP,1992-06-30,1992-06-30,Q2,2545000.0,0.0,0.0,0.0,0.0,0.0,0.0,7250.0,2192500.0,2327500.0,19750.0,131750.0,349250.0,0.13722986247544205,217500.0,0.08546168958742632,0.0,233500.0,0.09174852652259333,85500.0,148000.0,0.058153241650294694,0.006805,0.006805,21772598.0,21772598.0,https://find-and-update.company-information.service.gov.uk/search/companies?q=Creightons+PLC,https://find-and-update.company-information.service.gov.uk/search/companies?q=Creightons+PLC,1620590684,16:04:44,20210509
110,1992-03-31,CRL.L,GBP,1992-03-31,1992-03-31,Q1,2545000.0,0.0,0.0,0.0,0.0,0.0,0.0,7250.0,2192500.0,2327500.0,19750.0,131750.0,349250.0,0.13722986247544205,217500.0,0.08546168958742632,0.0,233500.0,0.09174852652259333,85500.0,148000.0,0.058153241650294694,0.006805,0.006805,21772598.0,21772598.0,https://find-and-update.company-information.service.gov.uk/search/companies?q=Creightons+PLC,https://find-and-update.company-information.service.gov.uk/search/companies?q=Creightons+PLC,1620590684,16:04:44,20210509
111,1992-01-31,CRL.L,GBP,1992-01-31,1992-01-31,Q1,2545000.0,0.0,0.0,0.0,0.0,0.0,0.0,7250.0,2192500.0,2327500.0,19750.0,131750.0,349250.0,0.13722986247544205,217500.0,0.08546168958742632,0.0,233500.0,0.09174852652259333,85500.0,148000.0,0.058153241650294694,0.006805,0.006805,21772598.0,21772598.0,https://find-and-update.company-information.service.gov.uk/search/companies?q=Creightons+PLC,https://find-and-update.company-information.service.gov.uk/search/companies?q=Creightons+PLC,1620590684,16:04:44,20210509
112,1991-09-30,CRL.L,GBP,1991-09-30,1991-09-30,Q3,2765000.0,0.0,0.0,0.0,0.0,0.0,0.0,6500.0,2629500.0,2778000.0,57000.0,141500.0,128500.0,0.04647377938517179,-13000.0,-0.004701627486437613,0.0,180000.0,0.0650994575045208,62750.0,117250.0,0.04240506329113924,0.00538175,0.00538175,21787036.0,21787036.0,https://find-and-update.company-information.service.gov.uk/search/companies?q=Creightons+PLC,https://find-and-update.company-information.service.gov.uk/search/companies?q=Creightons+PLC,1620590684,16:04:44,20210509
113,1991-06-30,CRL.L,GBP,1991-06-30,1991-06-30,Q2,2765000.0,0.0,0.0,0.0,0.0,0.0,0.0,6500.0,2629500.0,2778000.0,57000.0,141500.0,128500.0,0.04647377938517179,-13000.0,-0.004701627486437613,0.0,180000.0,0.0650994575045208,62750.0,117250.0,0.04240506329113924,0.00538175,0.00538175,21787036.0,21787036.0,https://find-and-update.company-information.service.gov.uk/search/companies?q=Creightons+PLC,https://find-and-update.company-information.service.gov.uk/search/companies?q=Creightons+PLC,1620590684,16:04:44,20210509
114,1991-03-31,CRL.L,GBP,1991-03-31,1991-03-31,Q1,2765000.0,0.0,0.0,0.0,0.0,0.0,0.0,6500.0,2629500.0,2778000.0,57000.0,141500.0,128500.0,0.04647377938517179,-13000.0,-0.004701627486437613,0.0,180000.0,0.0650994575045208,62750.0,117250.0,0.04240506329113924,0.00538175,0.00538175,21787036.0,21787036.0,https://find-and-update.company-information.service.gov.uk/search/companies?q=Creightons+PLC,https://find-and-update.company-information.service.gov.uk/search/companies?q=Creightons+PLC,1620590684,16:04:44,20210509
115,1991-01-31,CRL.L,GBP,1991-01-31,1991-01-31,Q1,2765000.0,0.0,0.0,0.0,0.0,0.0,0.0,6500.0,2629500.0,2778000.0,57000.0,141500.0,128500.0,0.04647377938517179,-13000.0,-0.004701627486437613,0.0,180000.0,0.0650994575045208,62750.0,117250.0,0.04240506329113924,0.00538175,0.00538175,21787036.0,21787036.0,https://find-and-update.company-information.service.gov.uk/search/companies?q=Creightons+PLC,https://find-and-update.company-information.service.gov.uk/search/companies?q=Creightons+PLC,1620590684,16:04:44,20210509
116,1990-09-30,CRL.L,GBP,1990-09-30,1990-09-30,Q3,1981000.0,0.0,0.0,0.0,0.0,0.0,0.0,6500.0,1852000.0,1994000.0,48000.0,135750.0,122750.0,0.06196365471983847,-13000.0,-0.006562342251388188,0.0,60750.0,0.0306663301362948,21000.0,39750.0,0.020065623422513883,0.001807,0.001807,21998794.0,21998794.0,https://find-and-update.company-information.service.gov.uk/search/companies?q=Creightons+PLC,https://find-and-update.company-information.service.gov.uk/search/companies?q=Creightons+PLC,1620590684,16:04:44,20210509
117,1990-06-30,CRL.L,GBP,1990-06-30,1990-06-30,Q2,1981000.0,0.0,0.0,0.0,0.0,0.0,0.0,6500.0,1852000.0,1994000.0,48000.0,135750.0,122750.0,0.06196365471983847,-13000.0,-0.006562342251388188,0.0,60750.0,0.0306663301362948,21000.0,39750.0,0.020065623422513883,0.001807,0.001807,21998794.0,21998794.0,https://find-and-update.company-information.service.gov.uk/search/companies?q=Creightons+PLC,https://find-and-update.company-information.service.gov.uk/search/companies?q=Creightons+PLC,1620590684,16:04:44,20210509
118,1990-03-31,CRL.L,GBP,1990-03-31,1990-03-31,Q1,1981000.0,0.0,0.0,0.0,0.0,0.0,0.0,6500.0,1852000.0,1994000.0,48000.0,135750.0,122750.0,0.06196365471983847,-13000.0,-0.006562342251388188,0.0,60750.0,0.0306663301362948,21000.0,39750.0,0.020065623422513883,0.001807,0.001807,21998794.0,21998794.0,https://find-and-update.company-information.service.gov.uk/search/companies?q=Creightons+PLC,https://find-and-update.company-information.service.gov.uk/search/companies?q=Creightons+PLC,1620590684,16:04:44,20210509
119,1990-01-31,CRL.L,GBP,1990-01-31,1990-01-31,Q1,1981000.0,0.0,0.0,0.0,0.0,0.0,0.0,6500.0,1852000.0,1994000.0,48000.0,135750.0,122750.0,0.06196365471983847,-13000.0,-0.006562342251388188,0.0,60750.0,0.0306663301362948,21000.0,39750.0,0.020065623422513883,0.001807,0.001807,21998794.0,21998794.0,https://find-and-update.company-information.service.gov.uk/search/companies?q=Creightons+PLC,https://find-and-update.company-information.service.gov.uk/search/companies?q=Creightons+PLC,1620590684,16:04:44,20210509
120,1989-09-30,CRL.L,GBP,1989-09-30,1989-09-30,Q3,2118500.0,0.0,0.0,0.0,0.0,0.0,0.0,7250.0,2019500.0,2133000.0,46750.0,109000.0,94500.0,0.044607033278262924,-14500.0,-0.006844465423648808,0.0,256250.0,0.12095822515931083,79500.0,176750.0,0.08343167335378805,0.00890325,0.00890325,19852335.0,19852335.0,https://find-and-update.company-information.service.gov.uk/search/companies?q=Creightons+PLC,https://find-and-update.company-information.service.gov.uk/search/companies?q=Creightons+PLC,1620590684,16:04:44,20210509
121,1989-06-30,CRL.L,GBP,1989-06-30,1989-06-30,Q2,2118500.0,0.0,0.0,0.0,0.0,0.0,0.0,7250.0,2019500.0,2133000.0,46750.0,109000.0,94500.0,0.044607033278262924,-14500.0,-0.006844465423648808,0.0,256250.0,0.12095822515931083,79500.0,176750.0,0.08343167335378805,0.00890325,0.00890325,19852335.0,19852335.0,https://find-and-update.company-information.service.gov.uk/search/companies?q=Creightons+PLC,https://find-and-update.company-information.service.gov.uk/search/companies?q=Creightons+PLC,1620590684,16:04:44,20210509
122,1989-03-31,CRL.L,GBP,1989-03-31,1989-03-31,Q1,2118500.0,0.0,0.0,0.0,0.0,0.0,0.0,7250.0,2019500.0,2133000.0,46750.0,109000.0,94500.0,0.044607033278262924,-14500.0,-0.006844465423648808,0.0,256250.0,0.12095822515931083,79500.0,176750.0,0.08343167335378805,0.00890325,0.00890325,19852335.0,19852335.0,https://find-and-update.company-information.service.gov.uk/search/companies?q=Creightons+PLC,https://find-and-update.company-information.service.gov.uk/search/companies?q=Creightons+PLC,1620590684,16:04:44,20210509
123,1989-01-31,CRL.L,GBP,1989-01-31,1989-01-31,Q1,2118500.0,0.0,0.0,0.0,0.0,0.0,0.0,7250.0,2019500.0,2133000.0,46750.0,109000.0,94500.0,0.044607033278262924,-14500.0,-0.006844465423648808,0.0,256250.0,0.12095822515931083,79500.0,176750.0,0.08343167335378805,0.00890325,0.00890325,19852335.0,19852335.0,https://find-and-update.company-information.service.gov.uk/search/companies?q=Creightons+PLC,https://find-and-update.company-information.service.gov.uk/search/companies?q=Creightons+PLC,1620590684,16:04:44,20210509
124,1988-09-30,CRL.L,GBP,1988-09-30,1988-09-30,Q3,1716000.0,0.0,0.0,0.0,0.0,0.0,0.0,5000.0,1663000.0,1726000.0,39500.0,60500.0,50500.0,0.029428904428904428,-10000.0,-0.005827505827505828,0.0,315250.0,0.18371212121212122,97250.0,218000.0,0.12703962703962704,0.01202375,0.01202375,18130948.0,18130948.0,https://find-and-update.company-information.service.gov.uk/search/companies?q=Creightons+PLC,https://find-and-update.company-information.service.gov.uk/search/companies?q=Creightons+PLC,1620590684,16:04:44,20210509
125,1988-06-30,CRL.L,GBP,1988-06-30,1988-06-30,Q2,1716000.0,0.0,0.0,0.0,0.0,0.0,0.0,5000.0,1663000.0,1726000.0,39500.0,60500.0,50500.0,0.029428904428904428,-10000.0,-0.005827505827505828,0.0,315250.0,0.18371212121212122,97250.0,218000.0,0.12703962703962704,0.01202375,0.01202375,18130948.0,18130948.0,https://find-and-update.company-information.service.gov.uk/search/companies?q=Creightons+PLC,https://find-and-update.company-information.service.gov.uk/search/companies?q=Creightons+PLC,1620590684,16:04:44,20210509
126,1988-03-31,CRL.L,GBP,1988-03-31,1988-03-31,Q1,1716000.0,0.0,0.0,0.0,0.0,0.0,0.0,5000.0,1663000.0,1726000.0,39500.0,60500.0,50500.0,0.029428904428904428,-10000.0,-0.005827505827505828,0.0,315250.0,0.18371212121212122,97250.0,218000.0,0.12703962703962704,0.01202375,0.01202375,18130948.0,18130948.0,https://find-and-update.company-information.service.gov.uk/search/companies?q=Creightons+PLC,https://find-and-update.company-information.service.gov.uk/search/companies?q=Creightons+PLC,1620590684,16:04:44,20210509
127,1988-01-31,CRL.L,GBP,1988-01-31,1988-01-31,Q1,1716000.0,0.0,0.0,0.0,0.0,0.0,0.0,5000.0,1663000.0,1726000.0,39500.0,60500.0,50500.0,0.029428904428904428,-10000.0,-0.005827505827505828,0.0,315250.0,0.18371212121212122,97250.0,218000.0,0.12703962703962704,0.01202375,0.01202375,18130948.0,18130948.0,https://find-and-update.company-information.service.gov.uk/search/companies?q=Creightons+PLC,https://find-and-update.company-information.service.gov.uk/search/companies?q=Creightons+PLC,1620590684,16:04:44,20210509
128,1987-09-30,CRL.L,GBP,1987-09-30,1987-09-30,Q3,1046500.0,0.0,0.0,0.0,0.0,0.0,0.0,5000.0,1016250.0,1056500.0,30250.0,38500.0,28500.0,0.027233635929288104,-10000.0,-0.009555661729574774,0.0,145000.0,0.1385570950788342,52000.0,91000.0,0.08695652173913043,0.0100245,0.0100245,9077842.0,9077842.0,https://find-and-update.company-information.service.gov.uk/search/companies?q=Creightons+PLC,https://find-and-update.company-information.service.gov.uk/search/companies?q=Creightons+PLC,1620590684,16:04:44,20210509
129,1987-06-30,CRL.L,GBP,1987-06-30,1987-06-30,Q2,1046500.0,0.0,0.0,0.0,0.0,0.0,0.0,5000.0,1016250.0,1056500.0,30250.0,38500.0,28500.0,0.027233635929288104,-10000.0,-0.009555661729574774,0.0,145000.0,0.1385570950788342,52000.0,91000.0,0.08695652173913043,0.0100245,0.0100245,9077842.0,9077842.0,https://find-and-update.company-information.service.gov.uk/search/companies?q=Creightons+PLC,https://find-and-update.company-information.service.gov.uk/search/companies?q=Creightons+PLC,1620590684,16:04:44,20210509
130,1987-03-31,CRL.L,GBP,1987-03-31,1987-03-31,Q1,1046500.0,0.0,0.0,0.0,0.0,0.0,0.0,5000.0,1016250.0,1056500.0,30250.0,38500.0,28500.0,0.027233635929288104,-10000.0,-0.009555661729574774,0.0,145000.0,0.1385570950788342,52000.0,91000.0,0.08695652173913043,0.0100245,0.0100245,9077842.0,9077842.0,https://find-and-update.company-information.service.gov.uk/search/companies?q=Creightons+PLC,https://find-and-update.company-information.service.gov.uk/search/companies?q=Creightons+PLC,1620590684,16:04:44,20210509
131,1987-01-31,CRL.L,GBP,1987-01-31,1987-01-31,Q1,1046500.0,0.0,0.0,0.0,0.0,0.0,0.0,5000.0,1016250.0,1056500.0,30250.0,38500.0,28500.0,0.027233635929288104,-10000.0,-0.009555661729574774,0.0,145000.0,0.1385570950788342,52000.0,91000.0,0.08695652173913043,0.0100245,0.0100245,9077842.0,9077842.0,https://find-and-update.company-information.service.gov.uk/search/companies?q=Creightons+PLC,https://find-and-update.company-information.service.gov.uk/search/companies?q=Creightons+PLC,1620590684,16:04:44,20210509
132,1986-09-30,CRL.L,GBP,1986-09-30,1986-09-30,Q3,838250.0,0.0,0.0,0.0,0.0,0.0,0.0,-14500.0,776500.0,809250.0,28000.0,31500.0,60500.0,0.07217417238294065,29000.0,0.03459588428273188,0.0,119750.0,0.14285714285714285,51000.0,68750.0,0.08201610498061437,2.77946225,2.77946225,24735.0,24735.0,https://find-and-update.company-information.service.gov.uk/search/companies?q=Creightons+PLC,https://find-and-update.company-information.service.gov.uk/search/companies?q=Creightons+PLC,1620590684,16:04:44,20210509
133,1986-06-30,CRL.L,GBP,1986-06-30,1986-06-30,Q2,838250.0,0.0,0.0,0.0,0.0,0.0,0.0,-14500.0,776500.0,809250.0,28000.0,31500.0,60500.0,0.07217417238294065,29000.0,0.03459588428273188,0.0,119750.0,0.14285714285714285,51000.0,68750.0,0.08201610498061437,2.77946225,2.77946225,24735.0,24735.0,https://find-and-update.company-information.service.gov.uk/search/companies?q=Creightons+PLC,https://find-and-update.company-information.service.gov.uk/search/companies?q=Creightons+PLC,1620590684,16:04:44,20210509
134,1986-03-31,CRL.L,GBP,1986-03-31,1986-03-31,Q1,838250.0,0.0,0.0,0.0,0.0,0.0,0.0,-14500.0,776500.0,809250.0,28000.0,31500.0,60500.0,0.07217417238294065,29000.0,0.03459588428273188,0.0,119750.0,0.14285714285714285,51000.0,68750.0,0.08201610498061437,2.77946225,2.77946225,24735.0,24735.0,https://find-and-update.company-information.service.gov.uk/search/companies?q=Creightons+PLC,https://find-and-update.company-information.service.gov.uk/search/companies?q=Creightons+PLC,1620590684,16:04:44,20210509
135,1986-01-31,CRL.L,GBP,1986-01-31,1986-01-31,Q1,838250.0,0.0,0.0,0.0,0.0,0.0,0.0,-14500.0,776500.0,809250.0,28000.0,31500.0,60500.0,0.07217417238294065,29000.0,0.03459588428273188,0.0,119750.0,0.14285714285714285,51000.0,68750.0,0.08201610498061437,2.77946225,2.77946225,24735.0,24735.0,https://find-and-update.company-information.service.gov.uk/search/companies?q=Creightons+PLC,https://find-and-update.company-information.service.gov.uk/search/companies?q=Creightons+PLC,1620590684,16:04:44,20210509
