,date,symbol,reportedCurrency,fillingDate,acceptedDate,period,revenue,costOfRevenue,grossProfit,grossProfitRatio,researchAndDevelopmentExpenses,generalAndAdministrativeExpenses,sellingAndMarketingExpenses,otherExpenses,operatingExpenses,costAndExpenses,interestExpense,depreciationAndAmortization,ebitda,ebitdaratio,operatingIncome,operatingIncomeRatio,totalOtherIncomeExpensesNet,incomeBeforeTax,incomeBeforeTaxRatio,incomeTaxExpense,netIncome,netIncomeRatio,eps,epsdiluted,weightedAverageShsOut,weightedAverageShsOutDil,link,finalLink,timestamp,est_time,est_date
0,2020-12-31,OESX,USD,2021-02-11,2021-02-11 16:49:01,Q3,44251000.0,66490000.0,11006000.0,0.24871754310637048,391000.0,3030000.0,3120000.0,-99000.0,6541000.0,73031000.0,1000.0,889000.0,5354000.0,0.12099161600867776,4465000.0,0.1009016745384285,12000.0,4366000.0,0.09866443696187657,51.0,4315000.0,0.09751192063456193,0.14069456881793607,0.13843377470982726,30669272.0,31170139.0,https://www.sec.gov/Archives/edgar/data/1409375/000156459021005578/0001564590-21-005578-index.htm,https://www.sec.gov/Archives/edgar/data/1409375/000156459021005578/oesx-10q_20201231.htm,1620596049,17:34:09,20210509
1,2020-09-30,OESX,USD,2020-11-06,2020-11-05 19:04:22,Q2,26281000.0,19018000.0,7263000.0,0.2763593470568091,424000.0,2638000.0,2332000.0,35000.0,5394000.0,24412000.0,1000.0,369000.0,2238000.0,0.08515657699478711,1869000.0,0.0711160153723222,35000.0,1842000.0,0.07008865720482478,-72000.0,1914000.0,0.07282827898481793,0.06240774153361058,0.061404923474996376,30669272.0,31170139.0,https://www.sec.gov/Archives/edgar/data/1409375/000156459020051568/0001564590-20-051568-index.htm,https://www.sec.gov/Archives/edgar/data/1409375/000156459020051568/oesx-10q_20200930.htm,1620596049,17:34:09,20210509
2,2020-06-30,OESX,USD,2020-08-05,2020-08-05 16:26:11,Q1,10811000.0,8176000.0,2635000.0,0.2437332346683933,415000.0,2411000.0,1854000.0,9000.0,4680000.0,12856000.0,49000.0,370000.0,-1675000.0,-0.15493478864119878,-2045000.0,-0.18915918971418,9000.0,-2146000.0,-0.1985015262232911,73000.0,-2219000.0,-0.205253908056609,-0.07,-0.07,30352217.0,30352217.0,https://www.sec.gov/Archives/edgar/data/1409375/000156459020036850/0001564590-20-036850-index.htm,https://www.sec.gov/Archives/edgar/data/1409375/000156459020036850/oesx-10q_20200630.htm,1620596049,17:34:09,20210509
3,2020-03-31,OESX,USD,2020-06-05,2020-06-05 16:47:50,Q4,25892000.0,20117000.0,5775000.0,0.22304186621350225,476000.0,2882000.0,2754000.0,6000.0,6112000.0,26229000.0,18000.0,370000.0,33000.0,0.0012745249497914414,-337000.0,-0.013015603275142902,6000.0,-438000.0,-0.01691642206086822,93000.0,-531000.0,-0.020508265101189558,-0.02,-0.02,30259345.0,30259345.0,https://www.sec.gov/Archives/edgar/data/1409375/000156459020028509/oesx-10k_20200331.htm,https://www.sec.gov/Archives/edgar/data/1409375/000156459020028509/oesx-10k_20200331.htm,1620596049,17:34:09,20210509
4,2019-12-31,OESX,USD,2020-02-06 00:00:00,2020-02-06 16:35:20,Q3,34249000.0,25975000.0,8274000.0,0.2415836958743321,439000.0,2662000.0,2735000.0,2000.0,5836000.0,31811000.0,38000.0,394000.0,2832000.0,0.0826885456509679,2438000.0,0.07118456013314257,2000.0,2343000.0,0.06841075651843849,39000.0,2304000.0,0.06727203713977051,0.08,0.07,30243865.0,30824078.0,https://www.sec.gov/Archives/edgar/data/1409375/000156459020003709/0001564590-20-003709-index.html,https://www.sec.gov/Archives/edgar/data/1409375/000156459020003709/oesx-10q_20191231.htm,1620596049,17:34:09,20210509
5,2019-09-30,OESX,USD,2019-11-06 00:00:00,2019-11-06 16:40:04,Q2,48322000.0,35531000.0,12791000.0,0.2647034477049791,390000.0,2605000.0,2918000.0,8000.0,5913000.0,41444000.0,87000.0,389000.0,7267000.0,0.15038698729357228,6878000.0,0.14233682380696164,8000.0,6740000.0,0.13948098174744422,19000.0,6721000.0,0.13908778610156863,0.22263026545338416,0.21799925210136067,30189067.0,30830381.0,https://www.sec.gov/Archives/edgar/data/1409375/000156459019041088/0001564590-19-041088-index.html,https://www.sec.gov/Archives/edgar/data/1409375/000156459019041088/oesx-10q_20190930.htm,1620596049,17:34:09,20210509
6,2019-06-30,OESX,USD,2019-08-05,2019-08-05 16:25:12,Q1,42378000.0,32095000.0,10283000.0,0.24264948794185662,411000.0,3007000.0,2706000.0,12000.0,6124000.0,38219000.0,136000.0,409000.0,4568000.0,0.10779177875312662,4159000.0,0.09814054462220964,12000.0,3976000.0,0.09382226627023456,8000.0,3968000.0,0.0936334890745198,0.13349719036860835,0.12988164142637798,29723472.0,30550892.0,https://www.sec.gov/Archives/edgar/data/1409375/000156459019021688/oesx-10k_20190331.htm,https://www.sec.gov/Archives/edgar/data/1409375/000156459019021688/oesx-10k_20190331.htm,1620596049,17:34:09,20210509
7,2019-03-31,OESX,USD,2019-06-05 00:00:00,2019-06-04 18:59:29,Q4,22443000.0,18059000.0,4384000.0,0.1953393040146148,317000.0,2550000.0,2201000.0,15000.0,5068000.0,23127000.0,158000.0,434000.0,-250000.0,-0.0111393307490086,-684000.0,-0.030477208929287528,15000.0,-894000.0,-0.039834246758454754,-12000.0,-882000.0,-0.03929955888250234,-0.03,-0.03,29590206.0,29590206.0,https://www.sec.gov/Archives/edgar/data/1409375/000156459019021688/0001564590-19-021688-index.html,https://www.sec.gov/Archives/edgar/data/1409375/000156459019021688/oesx-10k_20190331.htm,1620596049,17:34:09,20210509
8,2018-12-31,OESX,USD,2019-02-08 00:00:00,2019-02-07 20:45:45,Q3,16291000.0,12121000.0,4170000.0,0.25596955374132957,298000.0,2269000.0,2190000.0,31000.0,4757000.0,16878000.0,77000.0,438000.0,-149000.0,-0.009146154318335277,-587000.0,-0.03603216499907925,31000.0,-662000.0,-0.04063593395126143,0.0,-662000.0,-0.04063593395126143,-0.02,-0.02,29568986.0,29568986.0,https://www.sec.gov/Archives/edgar/data/1409375/000156459019002334/0001564590-19-002334-index.html,https://www.sec.gov/Archives/edgar/data/1409375/000156459019002334/oesx-10q_20181231.htm,1620596049,17:34:09,20210509
9,2018-09-30,OESX,USD,2018-11-13 00:00:00,2018-11-13 14:55:55,Q2,13198000.0,10656000.0,2542000.0,0.19260494014244584,354000.0,2336000.0,2135000.0,15000.0,4825000.0,15481000.0,169000.0,443000.0,-1840000.0,-0.1394150628883164,-2283000.0,-0.17298075465979693,15000.0,-2434000.0,-0.184421882103349,4000.0,-2438000.0,-0.18472495832701924,-0.08,-0.08,29488363.0,29488363.0,https://www.sec.gov/Archives/edgar/data/1409375/000140937518000030/0001409375-18-000030-index.html,https://www.sec.gov/Archives/edgar/data/1409375/000140937518000030/oesx-20180930x10q.htm,1620596049,17:34:09,20210509
10,2018-06-30,OESX,USD,2018-08-07 00:00:00,2018-08-07 14:54:43,Q1,13822000.0,10366000.0,3456000.0,0.25003617421501956,405000.0,3076000.0,2578000.0,19000.0,6059000.0,16425000.0,89000.0,468000.0,-2135000.0,-0.1544638981334105,-2603000.0,-0.1883229633916944,19000.0,-2670000.0,-0.19317030820431197,22000.0,-2692000.0,-0.19476197366517148,-0.09,-0.09,29070193.0,29070193.0,https://www.sec.gov/Archives/edgar/data/1409375/000140937518000024/0001409375-18-000024-index.html,https://www.sec.gov/Archives/edgar/data/1409375/000140937518000024/oesx-20180630x10q.htm,1620596049,17:34:09,20210509
11,2018-03-31,OESX,USD,2018-06-13 00:00:00,2018-06-13 11:50:22,Q4,15057000.0,11832000.0,3225000.0,0.2141860928471807,386000.0,1789000.0,2638000.0,248000.0,4813000.0,16645000.0,117000.0,475000.0,-1113000.0,-0.07391910739191074,-1588000.0,-0.10546589626087534,248000.0,-1454000.0,-0.09656638108520954,8000.0,-1462000.0,-0.09709769542405526,-0.05,-0.05,28934885.0,28934885.0,https://www.sec.gov/Archives/edgar/data/1409375/000140937518000017/0001409375-18-000017-index.html,https://www.sec.gov/Archives/edgar/data/1409375/000140937518000017/oesx20180331-10k.htm,1620596049,17:34:09,20210509
12,2017-12-31,OESX,USD,2018-02-07 00:00:00,2018-02-07 13:41:28,Q3,17263000.0,12147000.0,5116000.0,0.2963563691131321,616000.0,2878000.0,2981000.0,0.0,6475000.0,18622000.0,102000.0,511000.0,-848000.0,-0.04912240050976076,-1359000.0,-0.07872328100561896,0.0,-1456000.0,-0.08434223483751375,-23000.0,-1433000.0,-0.08300990557840468,-0.05,-0.05,28909847.0,28909847.0,https://www.sec.gov/Archives/edgar/data/1409375/000140937518000007/0001409375-18-000007-index.html,https://www.sec.gov/Archives/edgar/data/1409375/000140937518000007/oesx-20171231x10q.htm,1620596049,17:34:09,20210509
13,2017-09-30,OESX,USD,2017-11-02 00:00:00,2017-11-02 11:15:55,Q2,15422000.0,11801000.0,3621000.0,0.23479444948774478,380000.0,3157000.0,2906000.0,0.0,6443000.0,18244000.0,139000.0,510000.0,-2312000.0,-0.1499157048372455,-2822000.0,-0.1829853456101673,-710000.0,-3668000.0,-0.23784204383348465,0.0,-3668000.0,-0.23784204383348465,-0.13,-0.13,28834868.0,28834868.0,https://www.sec.gov/Archives/edgar/data/1409375/000140937517000037/0001409375-17-000037-index.html,https://www.sec.gov/Archives/edgar/data/1409375/000140937517000037/oesx-20170930x10q.htm,1620596049,17:34:09,20210509
14,2017-06-30,OESX,USD,2017-08-04 00:00:00,2017-08-04 11:36:55,Q1,12558000.0,9847000.0,2711000.0,0.21587832457397674,524000.0,5335000.0,3354000.0,0.0,9213000.0,19060000.0,67000.0,515000.0,-5987000.0,-0.47674788979136806,-6502000.0,-0.5177576047141265,0.0,-6564000.0,-0.52269469660774,0.0,-6564000.0,-0.52269469660774,-0.23,-0.23,28455434.0,28455434.0,https://www.sec.gov/Archives/edgar/data/1409375/000140937517000025/0001409375-17-000025-index.html,https://www.sec.gov/Archives/edgar/data/1409375/000140937517000025/oesx-20170630x10q.htm,1620596049,17:34:09,20210509
15,2017-03-31,OESX,USD,2017-06-13 00:00:00,2017-06-13 13:15:38,Q4,15290000.0,14378000.0,912000.0,0.059646827992151735,511000.0,3737000.0,3666000.0,25000.0,7914000.0,22292000.0,70000.0,508000.0,-6494000.0,-0.4247220405493787,-7002000.0,-0.457946370176586,-225000.0,-7292000.0,-0.47691301504251143,0.0,-7292000.0,-0.47691301504251143,-0.26,-0.26,28309690.0,28309690.0,https://www.sec.gov/Archives/edgar/data/1409375/000140937517000021/0001409375-17-000021-index.html,https://www.sec.gov/Archives/edgar/data/1409375/000140937517000021/oesx20170331-10k.htm,1620596049,17:34:09,20210509
16,2016-12-31,OESX,USD,2017-02-08 00:00:00,2017-02-08 12:35:48,Q3,20617000.0,14462000.0,6155000.0,0.29854003977300286,495000.0,3541000.0,3147000.0,0.0,7183000.0,21645000.0,65000.0,587000.0,-441000.0,-0.021390114953679002,-1028000.0,-0.049861764563224525,0.0,-1086000.0,-0.05267497696076054,0.0,-1086000.0,-0.05267497696076054,-0.04,-0.04,28258742.0,28258742.0,https://www.sec.gov/Archives/edgar/data/1409375/000140937517000005/0001409375-17-000005-index.html,https://www.sec.gov/Archives/edgar/data/1409375/000140937517000005/oesx-20161231x10q.htm,1620596049,17:34:09,20210509
17,2016-09-30,OESX,USD,2016-11-03 00:00:00,2016-11-02 18:58:56,Q2,18670000.0,12426000.0,6244000.0,0.33444027852169256,517000.0,3598000.0,3125000.0,90000.0,7240000.0,19666000.0,68000.0,605000.0,-391000.0,-0.020942688805570434,-996000.0,-0.0533476164970541,90000.0,-960000.0,-0.051419389394750936,10000.0,-970000.0,-0.05195500803427959,-0.03,-0.03,28171899.0,28171899.0,https://www.sec.gov/Archives/edgar/data/1409375/000140937516000049/0001409375-16-000049-index.html,https://www.sec.gov/Archives/edgar/data/1409375/000140937516000049/oesx-2016930x10q.htm,1620596049,17:34:09,20210509
18,2016-06-30,OESX,USD,2016-08-03 00:00:00,2016-08-03 16:59:05,Q1,15634000.0,11608000.0,4026000.0,0.25751567097351924,481000.0,3901000.0,2895000.0,100000.0,7277000.0,18885000.0,70000.0,632000.0,-2619000.0,-0.16751950876295255,-3251000.0,-0.20794422412690292,100000.0,-3211000.0,-0.20538569783804528,-271000.0,-2940000.0,-0.1880516822310349,-0.11,-0.11,27885588.0,27885588.0,https://www.sec.gov/Archives/edgar/data/1409375/000140937516000043/0001409375-16-000043-index.html,https://www.sec.gov/Archives/edgar/data/1409375/000140937516000043/oesx-2016630x10q.htm,1620596049,17:34:09,20210509
19,2016-03-31,OESX,USD,2016-06-23 00:00:00,2016-06-23 17:16:22,Q4,18575000.0,13957000.0,4618000.0,0.24861372812920593,424000.0,5749000.0,3231000.0,0.0,9404000.0,23361000.0,74000.0,790000.0,-3996000.0,-0.2151278600269179,-4786000.0,-0.25765814266487214,-6023000.0,-10862000.0,-0.584764468371467,8000.0,-10870000.0,-0.5851951547779273,-0.39,-0.39,27758859.0,27758859.0,https://www.sec.gov/Archives/edgar/data/1409375/000140937516000039/0001409375-16-000039-index.html,https://www.sec.gov/Archives/edgar/data/1409375/000140937516000039/oesx20160331-10k.htm,1620596049,17:34:09,20210509
20,2015-12-31,OESX,USD,2016-02-09 00:00:00,2016-02-09 17:24:04,Q3,16751000.0,12042000.0,4709000.0,0.2811175452211808,381000.0,3861000.0,2409000.0,0.0,6651000.0,18693000.0,71000.0,1110000.0,-832000.0,-0.04966867649692556,-1942000.0,-0.11593337711181421,0.0,-1986000.0,-0.11856008596501702,18000.0,-2004000.0,-0.11963464867769089,-0.07,-0.07,27671633.0,27671633.0,https://www.sec.gov/Archives/edgar/data/1409375/000140937516000030/0001409375-16-000030-index.html,https://www.sec.gov/Archives/edgar/data/1409375/000140937516000030/oesx-20151231x10q.htm,1620596049,17:34:09,20210509
21,2015-09-30,OESX,USD,2015-11-09 00:00:00,2015-11-09 17:25:43,Q2,15728000.0,12816000.0,2912000.0,0.18514750762970497,441000.0,3403000.0,2634000.0,0.0,6478000.0,19294000.0,60000.0,1128000.0,-2438000.0,-0.15501017293997965,-3566000.0,-0.2267293997965412,32000.0,-3594000.0,-0.22850966429298067,6000.0,-3600000.0,-0.2288911495422177,-0.13,-0.13,27598492.0,27598492.0,https://www.sec.gov/Archives/edgar/data/1409375/000140937515000024/0001409375-15-000024-index.html,https://www.sec.gov/Archives/edgar/data/1409375/000140937515000024/oesx-20150930x10q.htm,1620596049,17:34:09,20210509
22,2015-06-30,OESX,USD,2015-08-11 00:00:00,2015-08-10 17:59:56,Q1,16587000.0,12830000.0,3757000.0,0.22650268282389824,422000.0,3872000.0,3068000.0,0.0,7362000.0,20192000.0,91000.0,1137000.0,-2468000.0,-0.1487912220413577,-3605000.0,-0.21733887984566228,0.0,-3648000.0,-0.21993127147766323,4000.0,-3652000.0,-0.22017242418761682,-0.13,-0.13,27481624.0,27481624.0,https://www.sec.gov/Archives/edgar/data/1409375/000140937515000020/0001409375-15-000020-index.html,https://www.sec.gov/Archives/edgar/data/1409375/000140937515000020/oesx-20150630x10q.htm,1620596049,17:34:09,20210509
23,2015-03-31,OESX,USD,2015-06-12 00:00:00,2015-06-12 17:10:59,Q4,19367000.0,16384000.0,2983000.0,0.15402488769556463,680000.0,3604000.0,3274000.0,0.0,7558000.0,23942000.0,141000.0,1053000.0,-3522000.0,-0.18185573398048227,-4575000.0,-0.23622657097123972,-23000.0,-4685000.0,-0.24190633551918211,8000.0,-4693000.0,-0.242319409304487,-0.19,-0.19,24071357.0,24071357.0,https://www.sec.gov/Archives/edgar/data/1409375/000140937515000013/0001409375-15-000013-index.html,https://www.sec.gov/Archives/edgar/data/1409375/000140937515000013/oesx20150331-10k.htm,1620596049,17:34:09,20210509
24,2014-12-31,OESX,USD,2015-02-09,2015-02-09 16:28:35,Q3,26138000.0,22314000.0,3824000.0,0.14630040553982707,889000.0,3814000.0,3771000.0,0.0,8474000.0,30788000.0,62000.0,1060000.0,-3590000.0,-0.13734792256484812,-4650000.0,-0.17790190527201774,-2000.0,-4645000.0,-0.17771061290075751,18000.0,-4663000.0,-0.17839926543729437,-0.21,-0.21,21882741.0,21882741.0,https://www.sec.gov/Archives/edgar/data/1409375/000140937515000004/oesx-20141231x10q.htm,https://www.sec.gov/Archives/edgar/data/1409375/000140937515000004/oesx-20141231x10q.htm,1620596049,17:34:09,20210509
25,2014-09-30,OESX,USD,2014-11-10 00:00:00,2014-11-10 17:31:11,Q2,13393000.0,23948000.0,-10555000.0,-0.7880982602852237,569000.0,3842000.0,3367000.0,0.0,7778000.0,31726000.0,83000.0,1092000.0,-17241000.0,-1.2873142686478012,-18333000.0,-1.3688493989397446,83000.0,-18333000.0,-1.3688493989397446,13000.0,-18346000.0,-1.369820055252744,-0.84,-0.84,21820365.0,21820365.0,https://www.sec.gov/Archives/edgar/data/1409375/000140937514000027/0001409375-14-000027-index.html,https://www.sec.gov/Archives/edgar/data/1409375/000140937514000027/oesx-20140930x10q.htm,1620596049,17:34:09,20210509
26,2014-06-30,OESX,USD,2014-08-08 00:00:00,2014-08-08 16:59:56,Q1,13313000.0,10701000.0,2612000.0,0.1961992037857733,416000.0,3648000.0,2878000.0,0.0,6942000.0,17643000.0,90000.0,1108000.0,-3222000.0,-0.24201907909562081,-4330000.0,-0.3252460001502291,-22000.0,-4348000.0,-0.32659806204461805,11000.0,-4359000.0,-0.32742432209118905,-0.2,-0.2,21669120.0,21669120.0,https://www.sec.gov/Archives/edgar/data/1409375/000140937514000018/0001409375-14-000018-index.html,https://www.sec.gov/Archives/edgar/data/1409375/000140937514000018/oesx-20140630x10q.htm,1620596049,17:34:09,20210509
27,2014-03-31,OESX,USD,2014-06-13 00:00:00,2014-06-13 17:02:44,Q4,12584000.0,11306000.0,1278000.0,0.1015575333757152,610000.0,5817000.0,3183000.0,0.0,9610000.0,20916000.0,103000.0,1196000.0,-7136000.0,-0.5670692943420216,-8332000.0,-0.6621106166560712,-300000.0,-8627000.0,-0.685553083280356,212000.0,-8839000.0,-0.7023998728544183,-0.41,-0.41,21468941.0,21468941.0,https://www.sec.gov/Archives/edgar/data/1409375/000140937514000014/0001409375-14-000014-index.html,https://www.sec.gov/Archives/edgar/data/1409375/000140937514000014/oesx20140331-10k.htm,1620596049,17:34:09,20210509
28,2013-12-31,OESX,USD,2014-02-07,2014-02-07 16:53:04,Q3,27692000.0,19542000.0,8150000.0,0.2943088256536184,478000.0,3277000.0,3397000.0,0.0,7152000.0,26694000.0,123000.0,1146000.0,2144000.0,0.07742308247869421,998000.0,0.03603928932543695,-88000.0,919000.0,0.03318647984977611,-99000.0,1018000.0,0.03676151957243969,0.04797373188414334,0.04559141333650055,21219946.0,22328766.0,https://www.sec.gov/Archives/edgar/data/1409375/000140937514000006/oesx-20131231x10q.htm,https://www.sec.gov/Archives/edgar/data/1409375/000140937514000006/oesx-20131231x10q.htm,1620596049,17:34:09,20210509
29,2013-09-30,OESX,USD,2013-11-08 00:00:00,2013-11-08 16:26:03,Q2,27495000.0,19666000.0,7829000.0,0.28474268048736134,448000.0,3173000.0,3644000.0,0.0,7265000.0,26931000.0,142000.0,1142000.0,1706000.0,0.062047645026368434,564000.0,0.020512820512820513,-356000.0,219000.0,0.007965084560829241,-2184000.0,2403000.0,0.08739770867430442,0.1139407044608094,0.11154983148687338,21089917.0,21541942.0,https://www.sec.gov/Archives/edgar/data/1409375/000140937513000031/0001409375-13-000031-index.html,https://www.sec.gov/Archives/edgar/data/1409375/000140937513000031/oesx-20130930x10q.htm,1620596049,17:34:09,20210509
30,2013-06-30,OESX,USD,2013-08-09 00:00:00,2013-08-09 11:08:49,Q1,20852000.0,15129000.0,5723000.0,0.2744580855553424,490000.0,2759000.0,3303000.0,0.0,6552000.0,21681000.0,113000.0,1054000.0,225000.0,0.010790331862651065,-829000.0,-0.03975637828505659,174000.0,-768000.0,-0.036830999424515634,13000.0,-781000.0,-0.037454440821024365,-0.04,-0.04,20173743.0,20173743.0,https://www.sec.gov/Archives/edgar/data/1409375/000140937513000026/0001409375-13-000026-index.html,https://www.sec.gov/Archives/edgar/data/1409375/000140937513000026/oesx-20130630x10q.htm,1620596049,17:34:09,20210509
31,2013-03-31,OESX,USD,2013-06-14 00:00:00,2013-06-14 13:59:54,Q4,22281000.0,14310000.0,7971000.0,0.3577487545442305,425000.0,3158000.0,3886000.0,0.0,7469000.0,21779000.0,126000.0,1163000.0,1665000.0,0.07472734616938198,502000.0,0.022530407073291146,189000.0,565000.0,0.025357928279700192,16000.0,549000.0,0.024639827655850276,0.027236416110325245,0.027034273697646025,20156837.0,20307555.0,https://www.sec.gov/Archives/edgar/data/1409375/000140937513000014/0001409375-13-000014-index.html,https://www.sec.gov/Archives/edgar/data/1409375/000140937513000014/oesx20130331-10k.htm,1620596049,17:34:09,20210509
32,2012-12-31,OESX,USD,2013-02-08 00:00:00,2013-02-08 14:44:06,Q3,29087000.0,20506000.0,8581000.0,0.2950115171726201,427000.0,2848000.0,4730000.0,0.0,8005000.0,28511000.0,138000.0,1184000.0,1760000.0,0.060508130780073575,576000.0,0.019802660982569532,213000.0,651000.0,0.022381132464674942,0.0,651000.0,0.022381132464674942,0.032241214603318906,0.03215577978655082,20191547.0,20245194.0,https://www.sec.gov/Archives/edgar/data/1409375/000140937513000007/0001409375-13-000007-index.html,https://www.sec.gov/Archives/edgar/data/1409375/000140937513000007/oesx-20121231x10q.htm,1620596049,17:34:09,20210509
33,2012-09-30,OESX,USD,2012-11-09 00:00:00,2012-11-09 15:21:10,Q2,19408000.0,13603000.0,5805000.0,0.299103462489695,710000.0,4638000.0,4561000.0,0.0,9909000.0,23512000.0,142000.0,1133000.0,-2971000.0,-0.15308120362737015,-4104000.0,-0.21145919208573785,0.0,-4028000.0,-0.20754328112118714,5631000.0,-9659000.0,-0.49768136850783184,-0.46,-0.46,21075624.0,21075624.0,https://www.sec.gov/Archives/edgar/data/1409375/000119312512463060/0001193125-12-463060-index.html,https://www.sec.gov/Archives/edgar/data/1409375/000119312512463060/d398483d10q.htm,1620596049,17:34:09,20210509
34,2012-06-30,OESX,USD,2012-08-09 00:00:00,2012-08-09 16:34:13,Q1,15310000.0,10937000.0,4373000.0,0.28563030698889613,697000.0,3302000.0,3952000.0,0.0,7951000.0,18888000.0,161000.0,1097000.0,-2481000.0,-0.162050947093403,-3578000.0,-0.23370346178967996,0.0,-3514000.0,-0.22952318745917702,-1574000.0,-1940000.0,-0.12671456564337036,-0.09,-0.09,22561135.0,22561135.0,https://www.sec.gov/Archives/edgar/data/1409375/000119312512347689/0001193125-12-347689-index.html,https://www.sec.gov/Archives/edgar/data/1409375/000119312512347689/d376785d10q.htm,1620596049,17:34:09,20210509
35,2012-03-31,OESX,USD,2012-06-14,2012-06-14 15:42:40,Q4,21460000.0,14324000.0,7136000.0,0.3325256290773532,747000.0,2758000.0,4042000.0,0.0,7547000.0,21871000.0,154000.0,1207000.0,796000.0,0.03709226467847158,-411000.0,-0.019151910531220877,0.0,-277000.0,-0.012907735321528425,-120000.0,-157000.0,-0.007315936626281454,-0.006958869755444484,-0.006958869755444484,22561135.0,22561135.0,https://www.sec.gov/Archives/edgar/data/1409375/000119312512270902/d360028d10k.htm,https://www.sec.gov/Archives/edgar/data/1409375/000119312512270902/d360028d10k.htm,1620596049,17:34:09,20210509
36,2011-12-31,OESX,USD,2012-06-14,2012-06-14 15:35:42,Q3,27406000.0,19892000.0,7514000.0,0.27417353864117344,556000.0,2841000.0,4053000.0,0.0,7450000.0,27342000.0,160000.0,1153000.0,1217000.0,0.044406334379332994,64000.0,0.0023352550536378893,0.0,130000.0,0.004743486827701963,56000.0,74000.0,0.00270013865576881,0.0032179439512438008,0.003182134636116454,22996050.0,23254830.0,https://www.sec.gov/Archives/edgar/data/1409375/000119312512270890/d278426d10q.htm,https://www.sec.gov/Archives/edgar/data/1409375/000119312512270890/d278426d10q.htm,1620596049,17:34:09,20210509
37,2011-09-30,OESX,USD,2011-11-09 00:00:00,2011-11-09 15:29:00,Q2,19260000.0,12441000.0,6819000.0,0.3540498442367601,593000.0,2724000.0,3736000.0,0.0,7053000.0,19494000.0,150000.0,949000.0,715000.0,0.03712357217030114,-234000.0,-0.012149532710280374,0.0,-170000.0,-0.008826583592938734,-71000.0,-99000.0,-0.0051401869158878505,-0.004306313377297168,-0.004306313377297168,22989502.0,22989502.0,https://www.sec.gov/Archives/edgar/data/1409375/000095012311096980/0000950123-11-096980-index.html,https://www.sec.gov/Archives/edgar/data/1409375/000095012311096980/c24242e10vq.htm,1620596049,17:34:09,20210509
38,2011-06-30,OESX,USD,2011-07-22 00:00:00,2011-07-22 17:20:44,Q1,22774000.0,15738000.0,7036000.0,0.3089488012646,622000.0,3076000.0,3768000.0,0.0,7466000.0,23204000.0,87000.0,927000.0,497000.0,0.021823131641345393,-430000.0,-0.01888118029331694,0.0,-363000.0,-0.015939228945288486,-144000.0,-219000.0,-0.00961622903310793,-0.01,-0.01,22921436.0,22921436.0,https://www.sec.gov/Archives/edgar/data/1409375/000095012311067537/0000950123-11-067537-index.html,https://www.sec.gov/Archives/edgar/data/1409375/000095012311067537/c65487e10vk.htm,1620596049,17:34:09,20210509
39,2011-03-31,OESX,USD,2011-07-22,2011-07-22 17:20:44,Q4,34384000.0,24095000.0,10289000.0,0.2992380176826431,536000.0,2789000.0,3616000.0,0.0,6941000.0,31036000.0,183000.0,-278000.0,3070000.0,0.08928571428571429,3348000.0,0.09737087017217311,0.0,2705000.0,0.07867031177291764,534000.0,2171000.0,0.06313983248022335,0.09510660526106435,0.09304764377950357,22827016.0,23332133.0,https://www.sec.gov/Archives/edgar/data/1409375/000095012311067537/c65487e10vk.htm,https://www.sec.gov/Archives/edgar/data/1409375/000095012311067537/c65487e10vk.htm,1620596049,17:34:09,20210509
40,2010-12-31,OESX,USD,2011-02-09,2011-02-09 16:43:18,Q3,29671000.0,20458000.0,9213000.0,0.31050520710458024,614000.0,2709000.0,3235000.0,0.0,6558000.0,27016000.0,99000.0,1201000.0,3856000.0,0.12995854538101176,2655000.0,0.08948131171851302,0.0,2559000.0,0.08624582926089448,1915000.0,644000.0,0.021704694819857772,0.028337055725348104,0.027865961092454716,22726426.0,23110633.0,https://www.sec.gov/Archives/edgar/data/1409375/000095012311011040/c12009e10vq.htm,https://www.sec.gov/Archives/edgar/data/1409375/000095012311011040/c12009e10vq.htm,1620596049,17:34:09,20210509
41,2010-09-30,OESX,USD,2010-11-09 00:00:00,2010-11-09 16:25:56,Q2,13715000.0,8755000.0,4960000.0,0.36164783084214364,573000.0,2988000.0,3299000.0,0.0,6860000.0,15615000.0,54000.0,1036000.0,-864000.0,-0.06299671892088954,-1900000.0,-0.13853445133065986,0.0,-1948000.0,-0.14203426904848707,-1788000.0,-160000.0,-0.011666059059423988,-0.01,-0.01,22638638.0,22638638.0,https://www.sec.gov/Archives/edgar/data/1409375/000095012310103282/0000950123-10-103282-index.html,https://www.sec.gov/Archives/edgar/data/1409375/000095012310103282/c07906e10vq.htm,1620596049,17:34:09,20210509
42,2010-06-30,OESX,USD,2010-08-09 00:00:00,2010-08-09 17:27:26,Q1,14688000.0,9442000.0,5246000.0,0.3571623093681917,610000.0,2945000.0,3590000.0,0.0,7145000.0,16587000.0,70000.0,908000.0,-991000.0,-0.06747004357298475,-1899000.0,-0.12928921568627452,0.0,-1959000.0,-0.13337418300653595,-904000.0,-1055000.0,-0.07182734204793029,-0.05,-0.05,22523107.0,22523107.0,https://www.sec.gov/Archives/edgar/data/1409375/000095012310075196/0000950123-10-075196-index.html,https://www.sec.gov/Archives/edgar/data/1409375/000095012310075196/c04526e10vq.htm,1620596049,17:34:09,20210509
43,2010-03-31,OESX,USD,2010-06-14 00:00:00,2010-06-14 17:06:30,Q4,18876000.0,12712000.0,6164000.0,0.32655223564314473,576000.0,3479000.0,3420000.0,0.0,7475000.0,20187000.0,63000.0,1116000.0,-195000.0,-0.010330578512396695,-1311000.0,-0.06945327399872854,0.0,-1103000.0,-0.05843399025217207,-278000.0,-825000.0,-0.043706293706293704,-0.03662904944686361,-0.03662904944686361,22523107.0,22523107.0,https://www.sec.gov/Archives/edgar/data/1409375/000095012310057984/0000950123-10-057984-index.html,https://www.sec.gov/Archives/edgar/data/1409375/000095012310057984/c02317e10vk.htm,1620596049,17:34:09,20210509
44,2009-12-31,OESX,USD,2010-02-09 00:00:00,2010-02-09 17:16:17,Q3,19295000.0,12201000.0,7094000.0,0.36766001554806943,404000.0,3051000.0,3063000.0,0.0,6518000.0,18719000.0,67000.0,631000.0,1207000.0,0.06255506607929516,576000.0,0.029852293340243585,0.0,558000.0,0.028919409173360975,-249000.0,807000.0,0.041824306815237106,0.03703164094451334,0.035759269660120774,21792175.0,22567575.0,https://www.sec.gov/Archives/edgar/data/1409375/000095012310010519/0000950123-10-010519-index.html,https://www.sec.gov/Archives/edgar/data/1409375/000095012310010519/c56196e10vq.htm,1620596049,17:34:09,20210509
45,2009-09-30,OESX,USD,2009-11-09 00:00:00,2009-11-09 17:24:41,Q2,14619000.0,9854000.0,4765000.0,0.325945687119502,491000.0,3143000.0,2962000.0,0.0,6596000.0,16450000.0,74000.0,646000.0,-1185000.0,-0.08105889595731582,-1831000.0,-0.12524796497708462,0.0,-1829000.0,-0.12511115671386552,-430000.0,-1399000.0,-0.09569738012175935,-0.06,-0.06,21707477.0,21707477.0,https://www.sec.gov/Archives/edgar/data/1409375/000095012309060334/0000950123-09-060334-index.html,https://www.sec.gov/Archives/edgar/data/1409375/000095012309060334/c54540e10vq.htm,1620596049,17:34:09,20210509
46,2009-06-30,OESX,USD,2009-08-10 00:00:00,2009-08-10 16:28:33,Q1,12628000.0,9127000.0,3501000.0,0.27724105163129553,419000.0,3163000.0,3152000.0,0.0,6734000.0,15861000.0,56000.0,679000.0,-2554000.0,-0.20224897054165347,-3233000.0,-0.2560183718720304,0.0,-3166000.0,-0.2507127019322141,-393000.0,-2773000.0,-0.21959138422553057,-0.13,-0.13,21588364.0,21588364.0,https://www.sec.gov/Archives/edgar/data/1409375/000095012309032925/0000950123-09-032925-index.html,https://www.sec.gov/Archives/edgar/data/1409375/000095012309032925/c52923e10vq.htm,1620596049,17:34:09,20210509
47,2009-03-31,OESX,USD,2009-06-15 00:00:00,2009-06-15 17:28:31,Q4,15393000.0,10747000.0,4646000.0,0.30182550509972067,804000.0,0.0,0.0,0.0,6406000.0,17153000.0,0.0,504000.0,-1256000.0,-0.08159553043591243,-1760000.0,-0.11433768596115117,0.0,-1617000.0,-0.10504774897680765,-487000.0,-1130000.0,-0.07340999155460275,-0.05234301218934422,-0.05234301218934422,21588364.0,21588364.0,https://www.sec.gov/Archives/edgar/data/1409375/000095012309014118/0000950123-09-014118-index.html,https://www.sec.gov/Archives/edgar/data/1409375/000095012309014118/c51838e10vk.htm,1620596049,17:34:09,20210509
48,2008-12-31,OESX,USD,2009-02-09 00:00:00,2009-02-09 16:36:38,Q3,22375000.0,14955000.0,7420000.0,0.3316201117318436,347000.0,0.0,0.0,0.0,5526000.0,20481000.0,0.0,481000.0,2375000.0,0.10614525139664804,1894000.0,0.08464804469273743,0.0,2186000.0,0.09769832402234636,1032000.0,1154000.0,0.05157541899441341,0.05,0.04,25203827.0,26414750.0,https://www.sec.gov/Archives/edgar/data/1409375/000095013709000883/0000950137-09-000883-index.html,https://www.sec.gov/Archives/edgar/data/1409375/000095013709000883/c49256e10vq.htm,1620596049,17:34:09,20210509
49,2008-09-30,OESX,USD,2008-11-14 00:00:00,2008-11-14 15:18:29,Q2,18760000.0,12425000.0,6335000.0,0.3376865671641791,373000.0,0.0,0.0,0.0,6037000.0,18462000.0,0.0,455000.0,753000.0,0.040138592750533046,298000.0,0.015884861407249467,0.0,807000.0,0.04301705756929638,354000.0,453000.0,0.024147121535181237,0.01680280150550134,0.01561046695248639,26959790.0,29018991.0,https://www.sec.gov/Archives/edgar/data/1409375/000095012908005631/0000950129-08-005631-index.html,https://www.sec.gov/Archives/edgar/data/1409375/000095012908005631/c47638e10vq.htm,1620596049,17:34:09,20210509
50,2008-06-30,OESX,USD,2008-08-14 00:00:00,2008-08-14 16:13:02,Q1,16106000.0,10909000.0,5197000.0,0.3226747795852477,418000.0,0.0,0.0,0.0,5685000.0,16594000.0,0.0,401000.0,-87000.0,-0.005401713647088042,-488000.0,-0.0302992673537812,0.0,62000.0,0.0038494970818328572,28000.0,34000.0,0.002111014528747051,0.001257473042089509,0.0011327594773820916,27038353.0,30015198.0,https://www.sec.gov/Archives/edgar/data/1409375/000095013708010787/0000950137-08-010787-index.html,https://www.sec.gov/Archives/edgar/data/1409375/000095013708010787/c34864e10vq.htm,1620596049,17:34:09,20210509
51,2008-03-31,OESX,USD,2008-06-27 00:00:00,2008-06-27 16:40:46,Q4,22250000.0,14204000.0,8046000.0,0.3616179775280899,498000.0,0.0,0.0,0.0,6455000.0,20659000.0,0.0,321000.0,1912000.0,0.08593258426966292,1591000.0,0.0715056179775281,0.0,2182000.0,0.09806741573033707,727000.0,1455000.0,0.06539325842696629,0.053812449301183396,0.053812449301183396,27038353.0,27038353.0,https://www.sec.gov/Archives/edgar/data/1409375/000095013708008926/0000950137-08-008926-index.html,https://www.sec.gov/Archives/edgar/data/1409375/000095013708008926/c27679e10vk.htm,1620596049,17:34:09,20210509
52,2007-12-31,OESX,USD,2008-02-08,2008-02-08,Q3,23311000.0,15057000.0,8254000.0,0.35408176397408947,454000.0,0.0,0.0,0.0,6002000.0,21059000.0,0.0,542000.0,2794000.0,0.11985757796748316,2252000.0,0.09660675217708378,0.0,1890000.0,0.08107760284844065,737000.0,1153000.0,0.04946162755780533,0.06,0.05,13889162.0,22858230.0,https://www.sec.gov/Archives/edgar/data/1409375/000095013708001861/0000950137-08-001861-index.htm,https://www.sec.gov/Archives/edgar/data/1409375/000095013708001861/c23720e10vq.htm,1620596049,17:34:09,20210509
53,2007-09-30,OESX,USD,2007-09-30,2007-09-30,Q2,17563000.0,11601000.0,5962000.0,0.33946364516312705,440000.0,0.0,0.0,0.0,4203000.0,15804000.0,0.0,0.0,1759000.0,0.1001537322780846,1759000.0,0.1001537322780846,0.0,1544000.0,0.08791208791208792,643000.0,901000.0,0.051301030575641976,0.055,0.045,10711695.0,19782208.0,,,1620596049,17:34:09,20210509
54,2007-06-30,OESX,USD,2007-06-30,2007-06-30,Q1,17563000.0,0.0,0.0,0.0,0.0,0.0,0.0,0.0,0.0,0.0,0.0,0.0,17563000.0,1.0,17563000.0,1.0,0.0,0.0,0.0,0.0,901000.0,0.051301030575641976,0.055,0.045,10711695.0,19782208.0,,,1620596049,17:34:09,20210509
55,2007-03-31,OESX,USD,2007-03-31,2007-03-31,Q4,13936000.0,0.0,0.0,0.0,0.0,0.0,0.0,0.0,0.0,0.0,0.0,0.0,-32250000.0,-2.314150401836969,-32250000.0,-2.314150401836969,0.0,0.0,0.0,0.0,462000.0,0.03315154994259472,0.0,0.0,0.0,0.0,,,1620596049,17:34:09,20210509
56,2006-12-31,OESX,USD,2006-12-31,2006-12-31,Q3,13936000.0,0.0,0.0,0.0,0.0,0.0,0.0,0.0,0.0,0.0,0.0,0.0,13936000.0,1.0,13936000.0,1.0,0.0,0.0,0.0,0.0,462000.0,0.03315154994259472,0.025,0.025,9080461.0,16432647.0,,,1620596049,17:34:09,20210509
57,2006-09-30,OESX,USD,2006-09-30,2006-09-30,Q2,10155000.0,0.0,0.0,0.0,0.0,0.0,0.0,0.0,0.0,0.0,0.0,0.0,10155000.0,1.0,10155000.0,1.0,0.0,0.0,0.0,0.0,2000.0,0.00019694731659281143,-0.002333,-0.002333,9002919.0,15665720.0,,,1620596049,17:34:09,20210509
58,2006-06-30,OESX,USD,2006-06-30,2006-06-30,Q1,10155000.0,0.0,0.0,0.0,0.0,0.0,0.0,0.0,0.0,0.0,0.0,0.0,10155000.0,1.0,10155000.0,1.0,0.0,0.0,0.0,0.0,2000.0,0.00019694731659281143,-0.002333,-0.002333,9002919.0,15665720.0,,,1620596049,17:34:09,20210509
59,2006-03-31,OESX,USD,2006-03-31,2006-03-31,Q4,8320000.0,0.0,0.0,0.0,0.0,0.0,0.0,0.0,0.0,0.0,0.0,0.0,-26241000.0,-3.153966346153846,-26241000.0,-3.153966346153846,0.0,0.0,0.0,0.0,-392000.0,-0.047115384615384615,0.0,0.0,0.0,0.0,,,1620596049,17:34:09,20210509
60,2005-12-31,OESX,USD,2005-12-31,2005-12-31,Q3,8320000.0,0.0,0.0,0.0,0.0,0.0,0.0,0.0,0.0,0.0,0.0,0.0,8320000.0,1.0,8320000.0,1.0,0.0,0.0,0.0,0.0,-391000.0,-0.04699519230769231,-0.045,-0.045,8524012.0,8524012.0,,,1620596049,17:34:09,20210509
61,2005-09-30,OESX,USD,2005-09-30,2005-09-30,Q2,8320000.0,0.0,0.0,0.0,0.0,0.0,0.0,0.0,0.0,0.0,0.0,0.0,8320000.0,1.0,8320000.0,1.0,0.0,0.0,0.0,0.0,-391000.0,-0.04699519230769231,-0.045,-0.045,8524012.0,8524012.0,,,1620596049,17:34:09,20210509
62,2005-06-30,OESX,USD,2005-06-30,2005-06-30,Q1,8320000.0,0.0,0.0,0.0,0.0,0.0,0.0,0.0,0.0,0.0,0.0,0.0,8320000.0,1.0,8320000.0,1.0,0.0,0.0,0.0,0.0,-391000.0,-0.04699519230769231,-0.045,-0.045,8524012.0,8524012.0,,,1620596049,17:34:09,20210509
