,date,symbol,reportedCurrency,fillingDate,acceptedDate,period,revenue,costOfRevenue,grossProfit,grossProfitRatio,researchAndDevelopmentExpenses,generalAndAdministrativeExpenses,sellingAndMarketingExpenses,otherExpenses,operatingExpenses,costAndExpenses,interestExpense,depreciationAndAmortization,ebitda,ebitdaratio,operatingIncome,operatingIncomeRatio,totalOtherIncomeExpensesNet,incomeBeforeTax,incomeBeforeTaxRatio,incomeTaxExpense,netIncome,netIncomeRatio,eps,epsdiluted,weightedAverageShsOut,weightedAverageShsOutDil,link,finalLink,timestamp,est_time,est_date
0,2020-12-31,OLA.TO,USD,2020-12-31,2020-12-31,Q4,0.0,36000.0,-36000.0,0.0,0.0,32000.0,0.0,38000.0,5822000.0,5858000.0,1234000.0,36000.0,-5822000.0,0.0,-5858000.0,0.0,-610000.0,-7645000.0,0.0,0.0,-7645000.0,0.0,-0.033604395604395605,-0.033604395604395605,227500000.0,227500000.0,https://www.sedar.com/ModifyCompanyDocumentSearchForm.do?lang=EN&company_search=ORLA MINING LTD&document_selection=0&industry_group=A&FromDate=13&FromMonth=05&FromYear=2000&ToDate=13&ToMonth=11&ToYear=2020&Variable=Issuer,https://www.sedar.com/ModifyCompanyDocumentSearchForm.do?lang=EN&company_search=ORLA MINING LTD&document_selection=0&industry_group=A&FromDate=13&FromMonth=05&FromYear=2000&ToDate=13&ToMonth=11&ToYear=2020&Variable=Issuer,1620596090,17:34:50,20210509
1,2020-09-30,OLA.TO,USD,2020-09-30,2020-09-30,Q3,0.0,23000.0,-23000.0,0.0,0.0,2536000.0,0.0,1019000.0,5456000.0,5479000.0,1564000.0,23000.0,-5456000.0,0.0,-5479000.0,0.0,-669000.0,-7651000.0,0.0,0.0,-7651000.0,0.0,-0.03,-0.03,227500000.0,227500000.0,https://www.sedar.com/ModifyCompanyDocumentSearchForm.do?lang=EN&company_search=ORLA MINING LTD&document_selection=0&industry_group=A&FromDate=13&FromMonth=05&FromYear=2000&ToDate=13&ToMonth=11&ToYear=2020&Variable=Issuer,https://www.sedar.com/ModifyCompanyDocumentSearchForm.do?lang=EN&company_search=ORLA MINING LTD&document_selection=0&industry_group=A&FromDate=13&FromMonth=05&FromYear=2000&ToDate=13&ToMonth=11&ToYear=2020&Variable=Issuer,1620596090,17:34:50,20210509
2,2020-06-30,OLA.TO,USD,2020-06-30,2020-06-30,Q2,0.0,382000.0,-382000.0,0.0,0.0,1796000.0,0.0,0.0,2399000.0,2781000.0,576000.0,202000.0,-2579000.0,0.0,-2781000.0,0.0,1220000.0,-2209000.0,0.0,0.0,-2209000.0,0.0,-0.01,-0.01,224400000.0,224400000.0,https://www.sedar.com/ModifyCompanyDocumentSearchForm.do?lang=EN&company_search=ORLA MINING LTD&document_selection=0&industry_group=A&FromDate=13&FromMonth=05&FromYear=2000&ToDate=13&ToMonth=11&ToYear=2020&Variable=Issuer,https://www.sedar.com/ModifyCompanyDocumentSearchForm.do?lang=EN&company_search=ORLA MINING LTD&document_selection=0&industry_group=A&FromDate=13&FromMonth=05&FromYear=2000&ToDate=13&ToMonth=11&ToYear=2020&Variable=Issuer,1620596090,17:34:50,20210509
3,2020-03-31,OLA.TO,CAD,2020-03-31,2020-03-31,Q1,0.0,243000.0,-243000.0,0.0,0.0,2231000.0,0.0,0.0,8855000.0,9098000.0,612000.0,243000.0,-8855000.0,0.0,-9098000.0,0.0,-479000.0,-10189000.0,0.0,0.0,-10189000.0,0.0,-0.05,-0.05,187200000.0,187200000.0,https://www.sedar.com/ModifyCompanyDocumentSearchForm.do?lang=EN&company_search=ORLA MINING LTD&document_selection=0&industry_group=A&FromDate=13&FromMonth=05&FromYear=2000&ToDate=13&ToMonth=11&ToYear=2020&Variable=Issuer,https://www.sedar.com/ModifyCompanyDocumentSearchForm.do?lang=EN&company_search=ORLA MINING LTD&document_selection=0&industry_group=A&FromDate=13&FromMonth=05&FromYear=2000&ToDate=13&ToMonth=11&ToYear=2020&Variable=Issuer,1620596090,17:34:50,20210509
4,2019-12-31,OLA.TO,CAD,2019-12-31,2019-12-31,Q4,0.0,6331.960034,-6331.960034,0.0,0.0,2743120.584797,0.0,0.0,4823616.299567,4829948.259601,1293024.969221,6331.960034,-4823616.299567,0.0,-4829948.259601,0.0,668667.338762,-5430959.746827,0.0,0.0,-5430959.746827,0.0,-0.023872350535503295,-0.023872350535503295,227500000.0,227500000.0,https://www.sedar.com/ModifyCompanyDocumentSearchForm.do?lang=EN&company_search=ORLA MINING LTD&document_selection=0&industry_group=A&FromDate=13&FromMonth=05&FromYear=2000&ToDate=13&ToMonth=11&ToYear=2020&Variable=Issuer,https://www.sedar.com/ModifyCompanyDocumentSearchForm.do?lang=EN&company_search=ORLA MINING LTD&document_selection=0&industry_group=A&FromDate=13&FromMonth=05&FromYear=2000&ToDate=13&ToMonth=11&ToYear=2020&Variable=Issuer,1620596090,17:34:50,20210509
5,2019-09-30,OLA.TO,CAD,2019-09-30,2019-09-30,Q3,0.0,25683.638012,-25683.638012,0.0,0.0,1523644.054993,0.0,-481945.91328,4900287.052425,4925970.690437,1510.802236,34000.0,-4891970.690437,0.0,-4925970.690437,0.0,-481190.512162,-5392808.581357,0.0,0.0,-5392808.581357,0.0,-0.030216,-0.030216,185100000.0,185100000.0,https://www.sedar.com/ModifyCompanyDocumentSearchForm.do?lang=EN&company_search=ORLA MINING LTD&document_selection=0&industry_group=A&FromDate=13&FromMonth=05&FromYear=2000&ToDate=13&ToMonth=11&ToYear=2020&Variable=Issuer,https://www.sedar.com/ModifyCompanyDocumentSearchForm.do?lang=EN&company_search=ORLA MINING LTD&document_selection=0&industry_group=A&FromDate=13&FromMonth=05&FromYear=2000&ToDate=13&ToMonth=11&ToYear=2020&Variable=Issuer,1620596090,17:34:50,20210509
6,2019-06-30,OLA.TO,CAD,2019-06-30,2019-06-30,Q2,0.0,17519.804997,-17519.804997,0.0,0.0,2089427.17855,0.0,-57891.529555,4069165.143205,4086684.948202,761.730652,23000.0,-4063684.948202,0.0,-4086684.948202,0.0,-66270.566728,-4130865.326021,0.0,0.0,-4130865.326021,0.0,-0.022852,-0.022852,179500000.0,179500000.0,https://www.sedar.com/ModifyCompanyDocumentSearchForm.do?lang=EN&company_search=ORLA MINING LTD&document_selection=0&industry_group=A&FromDate=13&FromMonth=05&FromYear=2000&ToDate=13&ToMonth=11&ToYear=2020&Variable=Issuer,https://www.sedar.com/ModifyCompanyDocumentSearchForm.do?lang=EN&company_search=ORLA MINING LTD&document_selection=0&industry_group=A&FromDate=13&FromMonth=05&FromYear=2000&ToDate=13&ToMonth=11&ToYear=2020&Variable=Issuer,1620596090,17:34:50,20210509
7,2019-03-31,OLA.TO,CAD,2019-03-31,2019-03-31,Q1,0.0,29209.10725,-29209.10725,0.0,0.0,2140503.295386,0.0,-270371.479928,7256590.772918,7285799.880168,0.0,39000.0,-7246799.880168,0.0,-7285799.880168,0.0,-280107.849011,-7519472.738167,0.0,0.0,-7519472.738167,0.0,-0.044937,-0.044937,179500000.0,179500000.0,https://www.sedar.com/ModifyCompanyDocumentSearchForm.do?lang=EN&company_search=ORLA MINING LTD&document_selection=0&industry_group=A&FromDate=13&FromMonth=05&FromYear=2000&ToDate=13&ToMonth=11&ToYear=2020&Variable=Issuer,https://www.sedar.com/ModifyCompanyDocumentSearchForm.do?lang=EN&company_search=ORLA MINING LTD&document_selection=0&industry_group=A&FromDate=13&FromMonth=05&FromYear=2000&ToDate=13&ToMonth=11&ToYear=2020&Variable=Issuer,1620596090,17:34:50,20210509
8,2018-12-31,OLA.TO,CAD,2018-12-31,2018-12-31,Q4,0.0,105761.9449,-105761.9449,0.0,0.0,3148344.136957,0.0,0.0,16961804.986939,17067566.931838,0.0,144511.0,-16923055.931838,0.0,-17067566.931838,0.0,-278581.459404,-17036142.728131,0.0,0.0,-17036142.728131,0.0,-0.07488414385991649,-0.07488414385991649,227500000.0,227500000.0,https://www.sedar.com/ModifyCompanyDocumentSearchForm.do?lang=EN&company_search=ORLA MINING LTD&document_selection=0&industry_group=A&FromDate=13&FromMonth=05&FromYear=2000&ToDate=13&ToMonth=11&ToYear=2020&Variable=Issuer,https://www.sedar.com/ModifyCompanyDocumentSearchForm.do?lang=EN&company_search=ORLA MINING LTD&document_selection=0&industry_group=A&FromDate=13&FromMonth=05&FromYear=2000&ToDate=13&ToMonth=11&ToYear=2020&Variable=Issuer,1620596090,17:34:50,20210509
9,2018-09-30,OLA.TO,CAD,2018-09-30,2018-09-30,Q3,0.0,4378.449083,-4378.449083,0.0,0.0,1482702.146268,96478.355431,0.0,1579180.501699,1583558.950782,118191.035673,5657.0,-1577901.950782,0.0,-1583558.950782,0.0,-8271.607805,-1606601.342095,0.0,0.0,-1606601.342095,0.0,-0.00774,-0.00774,179200000.0,179200000.0,https://www.sedar.com/ModifyCompanyDocumentSearchForm.do?lang=EN&company_search=ORLA MINING LTD&document_selection=0&industry_group=A&FromDate=13&FromMonth=05&FromYear=2000&ToDate=13&ToMonth=11&ToYear=2020&Variable=Issuer,https://www.sedar.com/ModifyCompanyDocumentSearchForm.do?lang=EN&company_search=ORLA MINING LTD&document_selection=0&industry_group=A&FromDate=13&FromMonth=05&FromYear=2000&ToDate=13&ToMonth=11&ToYear=2020&Variable=Issuer,1620596090,17:34:50,20210509
10,2018-06-30,OLA.TO,CAD,2018-06-30,2018-06-30,Q2,0.0,1069.79927,-1069.79927,0.0,0.0,1958616.180049,64156.021898,-1105.53528,2022772.201946,2023842.001217,74363.594891,1407.0,-2022435.001217,0.0,-2023842.001217,0.0,110314.781022,-1898936.283455,0.0,0.0,-1895134.580292,0.0,-0.007603,-0.007603,178914901.0,178914901.0,https://www.sedar.com/ModifyCompanyDocumentSearchForm.do?lang=EN&company_search=ORLA MINING LTD&document_selection=0&industry_group=A&FromDate=13&FromMonth=05&FromYear=2000&ToDate=13&ToMonth=11&ToYear=2020&Variable=Issuer,https://www.sedar.com/ModifyCompanyDocumentSearchForm.do?lang=EN&company_search=ORLA MINING LTD&document_selection=0&industry_group=A&FromDate=13&FromMonth=05&FromYear=2000&ToDate=13&ToMonth=11&ToYear=2020&Variable=Issuer,1620596090,17:34:50,20210509
11,2018-03-31,OLA.TO,CAD,2018-03-31,2018-03-31,Q1,0.0,1103.445072,-1103.445072,0.0,0.0,1313408.5999019998,96441.099264,-1111.962893,1409849.699166,1410953.144238,49895.850272,1425.0,-1409528.144238,0.0,-1410953.144238,0.0,3457.461225,-1390823.208741,0.0,0.0,-1390823.208741,0.0,-0.007743,-0.007743,169646035.0,169646035.0,https://www.sedar.com/ModifyCompanyDocumentSearchForm.do?lang=EN&company_search=ORLA MINING LTD&document_selection=0&industry_group=A&FromDate=13&FromMonth=05&FromYear=2000&ToDate=13&ToMonth=11&ToYear=2020&Variable=Issuer,https://www.sedar.com/ModifyCompanyDocumentSearchForm.do?lang=EN&company_search=ORLA MINING LTD&document_selection=0&industry_group=A&FromDate=13&FromMonth=05&FromYear=2000&ToDate=13&ToMonth=11&ToYear=2020&Variable=Issuer,1620596090,17:34:50,20210509
12,2017-12-31,OLA.TO,CAD,2017-12-31,2017-12-31,Q4,0.0,1951.407411,-1951.407411,0.0,0.0,1828367.949202,106731.745296,-1082.488673,1935099.694498,1937051.101909,4826.8882,2536.0,-1934515.101909,0.0,-1937051.101909,0.0,-280721.218903,-2196467.831772,0.0,0.0,-2196467.831772,0.0,-0.00965480365614066,-0.00965480365614066,227500000.0,227500000.0,https://www.sedar.com/ModifyCompanyDocumentSearchForm.do?lang=EN&company_search=ORLA MINING LTD&document_selection=0&industry_group=A&FromDate=13&FromMonth=05&FromYear=2000&ToDate=13&ToMonth=11&ToYear=2020&Variable=Issuer,https://www.sedar.com/ModifyCompanyDocumentSearchForm.do?lang=EN&company_search=ORLA MINING LTD&document_selection=0&industry_group=A&FromDate=13&FromMonth=05&FromYear=2000&ToDate=13&ToMonth=11&ToYear=2020&Variable=Issuer,1620596090,17:34:50,20210509
13,2017-09-30,OLA.TO,CAD,2017-09-30,2017-09-30,Q3,0.0,1389.728584,-1389.728584,0.0,0.0,1378948.513942,125635.010842,-1129.356001,1504583.524784,1505973.253368,1928.208105,1724.0,-1504249.253368,0.0,-1505973.253368,0.0,-382160.850604,-1849395.016646,0.0,0.0,-1849395.016646,0.0,-0.016122,-0.016122,128301034.0,128301034.0,https://www.sedar.com/ModifyCompanyDocumentSearchForm.do?lang=EN&company_search=ORLA MINING LTD&document_selection=0&industry_group=A&FromDate=13&FromMonth=05&FromYear=2000&ToDate=13&ToMonth=11&ToYear=2020&Variable=Issuer,https://www.sedar.com/ModifyCompanyDocumentSearchForm.do?lang=EN&company_search=ORLA MINING LTD&document_selection=0&industry_group=A&FromDate=13&FromMonth=05&FromYear=2000&ToDate=13&ToMonth=11&ToYear=2020&Variable=Issuer,1620596090,17:34:50,20210509
14,2017-06-30,OLA.TO,CAD,2017-06-30,2017-06-30,Q2,0.0,1556.252691,-1556.252691,0.0,0.0,2385759.211417,122667.927662,-1063.388079,2508427.139079,2509983.39177,2269.022575,2024.0,-2507959.39177,0.0,-2509983.39177,0.0,-191506.73556,-2664464.538353,0.0,0.0,-2664464.538353,0.0,-0.023067,-0.023067,128242446.0,128242446.0,https://www.sedar.com/ModifyCompanyDocumentSearchForm.do?lang=EN&company_search=ORLA MINING LTD&document_selection=0&industry_group=A&FromDate=13&FromMonth=05&FromYear=2000&ToDate=13&ToMonth=11&ToYear=2020&Variable=Issuer,https://www.sedar.com/ModifyCompanyDocumentSearchForm.do?lang=EN&company_search=ORLA MINING LTD&document_selection=0&industry_group=A&FromDate=13&FromMonth=05&FromYear=2000&ToDate=13&ToMonth=11&ToYear=2020&Variable=Issuer,1620596090,17:34:50,20210509
15,2017-03-31,OLA.TO,CAD,2017-03-31,2017-03-31,Q1,0.0,1690.187315,-1690.187315,0.0,0.0,794449.526838,143913.376025,-1024.310503,938362.902863,940053.090178,2088.363653,2254.0,-937799.090178,0.0,-940053.090178,0.0,-75956.448057,-980079.185351,0.0,0.0,-980079.185351,0.0,-0.007499,-0.007499,122409516.0,122409516.0,https://www.sedar.com/ModifyCompanyDocumentSearchForm.do?lang=EN&company_search=ORLA MINING LTD&document_selection=0&industry_group=A&FromDate=13&FromMonth=05&FromYear=2000&ToDate=13&ToMonth=11&ToYear=2020&Variable=Issuer,https://www.sedar.com/ModifyCompanyDocumentSearchForm.do?lang=EN&company_search=ORLA MINING LTD&document_selection=0&industry_group=A&FromDate=13&FromMonth=05&FromYear=2000&ToDate=13&ToMonth=11&ToYear=2020&Variable=Issuer,1620596090,17:34:50,20210509
16,2016-12-31,OLA.TO,CAD,2016-12-31,2016-12-31,Q4,0.0,0.0,0.0,0.0,0.0,889202.295853,0.0,3545.239221,930313.076301,931242.322637,0.0,0.0,-1604631.404319,0.0,-931242.322637,0.0,-800615.712576,-1692195.827563,0.0,0.0,-1692195.827563,0.0,-0.00743822341785934,-0.00743822341785934,227500000.0,227500000.0,https://www.sedar.com/ModifyCompanyDocumentSearchForm.do?lang=EN&company_search=ORLA MINING LTD&document_selection=0&industry_group=A&FromDate=13&FromMonth=05&FromYear=2000&ToDate=13&ToMonth=11&ToYear=2020&Variable=Issuer,https://www.sedar.com/ModifyCompanyDocumentSearchForm.do?lang=EN&company_search=ORLA MINING LTD&document_selection=0&industry_group=A&FromDate=13&FromMonth=05&FromYear=2000&ToDate=13&ToMonth=11&ToYear=2020&Variable=Issuer,1620596090,17:34:50,20210509
17,2016-09-30,OLA.TO,CAD,2016-09-30,2016-09-30,Q3,0.0,0.0,0.0,0.0,0.0,194494.010268,0.0,-1013.880966,194494.010268,194494.010268,0.0,0.0,-192584.141472,0.0,-194494.010268,0.0,-2923.749762,-189199.467579,0.0,0.0,-189199.467579,0.0,-0.007606,-0.007606,31331946.0,31331946.0,https://www.sedar.com/ModifyCompanyDocumentSearchForm.do?lang=EN&company_search=ORLA MINING LTD&document_selection=0&industry_group=A&FromDate=13&FromMonth=05&FromYear=2000&ToDate=13&ToMonth=11&ToYear=2020&Variable=Issuer,https://www.sedar.com/ModifyCompanyDocumentSearchForm.do?lang=EN&company_search=ORLA MINING LTD&document_selection=0&industry_group=A&FromDate=13&FromMonth=05&FromYear=2000&ToDate=13&ToMonth=11&ToYear=2020&Variable=Issuer,1620596090,17:34:50,20210509
18,2016-06-30,OLA.TO,CAD,2016-06-30,2016-06-30,Q2,0.0,0.0,0.0,0.0,0.0,136500.796117,0.0,-1017.174481,136500.796117,136500.796117,0.0,0.0,-136303.699238,0.0,-136500.796117,0.0,-1214.27136,-137294.594135,0.0,0.0,-137294.594135,0.0,-0.007729,-0.007729,17812924.0,17812924.0,https://www.sedar.com/ModifyCompanyDocumentSearchForm.do?lang=EN&company_search=ORLA MINING LTD&document_selection=0&industry_group=A&FromDate=13&FromMonth=05&FromYear=2000&ToDate=13&ToMonth=11&ToYear=2020&Variable=Issuer,https://www.sedar.com/ModifyCompanyDocumentSearchForm.do?lang=EN&company_search=ORLA MINING LTD&document_selection=0&industry_group=A&FromDate=13&FromMonth=05&FromYear=2000&ToDate=13&ToMonth=11&ToYear=2020&Variable=Issuer,1620596090,17:34:50,20210509
19,2016-03-31,OLA.TO,CAD,2016-03-31,2016-03-31,Q1,0.0,0.0,0.0,0.0,0.0,135189.978737,0.0,-1001.509969,135189.978737,135189.978737,0.0,0.0,-135310.159933,0.0,-135189.978737,0.0,-881.328773,-135495.824474,0.0,0.0,-135495.824474,0.0,-0.007704,-0.007704,17627484.0,17627484.0,https://www.sedar.com/ModifyCompanyDocumentSearchForm.do?lang=EN&company_search=ORLA MINING LTD&document_selection=0&industry_group=A&FromDate=13&FromMonth=05&FromYear=2000&ToDate=13&ToMonth=11&ToYear=2020&Variable=Issuer,https://www.sedar.com/ModifyCompanyDocumentSearchForm.do?lang=EN&company_search=ORLA MINING LTD&document_selection=0&industry_group=A&FromDate=13&FromMonth=05&FromYear=2000&ToDate=13&ToMonth=11&ToYear=2020&Variable=Issuer,1620596090,17:34:50,20210509
20,2015-12-31,OLA.TO,CAD,2015-12-31,2015-12-31,Q4,0.0,0.0,0.0,0.0,0.0,123037.392154,0.0,1458.433266,123127.46991,123127.46991,0.0,0.0,-122949.416152,0.0,-123127.46991,0.0,1280.379508,-121465.16072,0.0,0.0,-121465.16072,0.0,-0.0005339127943736263,-0.0005339127943736263,227500000.0,227500000.0,https://www.sedar.com/ModifyCompanyDocumentSearchForm.do?lang=EN&company_search=ORLA MINING LTD&document_selection=0&industry_group=A&FromDate=13&FromMonth=05&FromYear=2000&ToDate=13&ToMonth=11&ToYear=2020&Variable=Issuer,https://www.sedar.com/ModifyCompanyDocumentSearchForm.do?lang=EN&company_search=ORLA MINING LTD&document_selection=0&industry_group=A&FromDate=13&FromMonth=05&FromYear=2000&ToDate=13&ToMonth=11&ToYear=2020&Variable=Issuer,1620596090,17:34:50,20210509
21,2015-09-30,OLA.TO,CAD,2015-09-30,2015-09-30,Q3,0.0,0.0,0.0,0.0,0.0,31607.44879,0.0,-28454.376164,31607.44879,31607.44879,0.0,0.0,-21179.143389,0.0,-31607.44879,0.0,-38882.681564,-70490.130354,0.0,0.0,-70490.130354,0.0,-0.007449,-0.007449,17437924.0,17437924.0,https://www.sedar.com/ModifyCompanyDocumentSearchForm.do?lang=EN&company_search=ORLA MINING LTD&document_selection=0&industry_group=A&FromDate=13&FromMonth=05&FromYear=2000&ToDate=13&ToMonth=11&ToYear=2020&Variable=Issuer,https://www.sedar.com/ModifyCompanyDocumentSearchForm.do?lang=EN&company_search=ORLA MINING LTD&document_selection=0&industry_group=A&FromDate=13&FromMonth=05&FromYear=2000&ToDate=13&ToMonth=11&ToYear=2020&Variable=Issuer,1620596090,17:34:50,20210509
22,2015-06-30,OLA.TO,CAD,2015-06-30,2015-06-30,Q2,0.0,0.0,0.0,0.0,0.0,9556.033545,0.0,0.0,9556.033545,9556.033545,0.0,0.0,-9556.033545,0.0,-9556.033545,0.0,0.0,-9556.033545,0.0,0.0,-9556.033545,0.0,-0.000806,-0.000806,17437924.0,17437924.0,https://www.sedar.com/ModifyCompanyDocumentSearchForm.do?lang=EN&company_search=ORLA MINING LTD&document_selection=0&industry_group=A&FromDate=13&FromMonth=05&FromYear=2000&ToDate=13&ToMonth=11&ToYear=2020&Variable=Issuer,https://www.sedar.com/ModifyCompanyDocumentSearchForm.do?lang=EN&company_search=ORLA MINING LTD&document_selection=0&industry_group=A&FromDate=13&FromMonth=05&FromYear=2000&ToDate=13&ToMonth=11&ToYear=2020&Variable=Issuer,1620596090,17:34:50,20210509
23,2015-03-31,OLA.TO,CAD,2015-03-31,2015-03-31,Q1,0.0,0.0,0.0,0.0,0.0,18080.138823,0.0,0.0,18080.138823,18080.138823,0.0,0.0,-32452.279539,0.0,-18080.138823,0.0,14372.140716,-3707.998107,0.0,0.0,-3707.998107,0.0,-0.000455,-0.000455,8144591.0,8144591.0,https://www.sedar.com/ModifyCompanyDocumentSearchForm.do?lang=EN&company_search=ORLA MINING LTD&document_selection=0&industry_group=A&FromDate=13&FromMonth=05&FromYear=2000&ToDate=13&ToMonth=11&ToYear=2020&Variable=Issuer,https://www.sedar.com/ModifyCompanyDocumentSearchForm.do?lang=EN&company_search=ORLA MINING LTD&document_selection=0&industry_group=A&FromDate=13&FromMonth=05&FromYear=2000&ToDate=13&ToMonth=11&ToYear=2020&Variable=Issuer,1620596090,17:34:50,20210509
24,2014-12-31,OLA.TO,CAD,2014-12-31,2014-12-31,Q4,0.0,0.0,0.0,0.0,0.0,23681.3197,0.0,0.0,-28725.028993,-28725.028993,0.0,0.0,28725.028993,0.0,28725.028993,0.0,0.0,-7542.083021,0.0,0.0,-7542.083021,0.0,-3.315201327912088e-05,-3.315201327912088e-05,227500000.0,227500000.0,https://www.sedar.com/ModifyCompanyDocumentSearchForm.do?lang=EN&company_search=ORLA MINING LTD&document_selection=0&industry_group=A&FromDate=13&FromMonth=05&FromYear=2000&ToDate=13&ToMonth=11&ToYear=2020&Variable=Issuer,https://www.sedar.com/ModifyCompanyDocumentSearchForm.do?lang=EN&company_search=ORLA MINING LTD&document_selection=0&industry_group=A&FromDate=13&FromMonth=05&FromYear=2000&ToDate=13&ToMonth=11&ToYear=2020&Variable=Issuer,1620596090,17:34:50,20210509
25,2014-09-30,OLA.TO,CAD,2014-09-30,2014-09-30,Q3,0.0,0.0,0.0,0.0,0.0,-19813.11258,0.0,0.0,61709.580892,61709.580892,0.0,0.0,-61709.580892,0.0,-61709.580892,0.0,0.0,-61709.580892,0.0,0.0,-61709.580892,0.0,-0.012127,-0.012127,5088549.0,5088549.0,https://www.sedar.com/ModifyCompanyDocumentSearchForm.do?lang=EN&company_search=ORLA MINING LTD&document_selection=0&industry_group=A&FromDate=13&FromMonth=05&FromYear=2000&ToDate=13&ToMonth=11&ToYear=2020&Variable=Issuer,https://www.sedar.com/ModifyCompanyDocumentSearchForm.do?lang=EN&company_search=ORLA MINING LTD&document_selection=0&industry_group=A&FromDate=13&FromMonth=05&FromYear=2000&ToDate=13&ToMonth=11&ToYear=2020&Variable=Issuer,1620596090,17:34:50,20210509
26,2014-06-30,OLA.TO,CAD,2014-06-30,2014-06-30,Q2,0.0,0.0,0.0,0.0,0.0,27987.890036,0.0,0.0,27987.890036,27987.890036,0.0,0.0,-27987.890036,0.0,-27987.890036,0.0,0.0,-27987.890036,0.0,0.0,-27987.890036,0.0,-0.006235,-0.006235,4489000.0,4489000.0,https://www.sedar.com/ModifyCompanyDocumentSearchForm.do?lang=EN&company_search=ORLA MINING LTD&document_selection=0&industry_group=A&FromDate=13&FromMonth=05&FromYear=2000&ToDate=13&ToMonth=11&ToYear=2020&Variable=Issuer,https://www.sedar.com/ModifyCompanyDocumentSearchForm.do?lang=EN&company_search=ORLA MINING LTD&document_selection=0&industry_group=A&FromDate=13&FromMonth=05&FromYear=2000&ToDate=13&ToMonth=11&ToYear=2020&Variable=Issuer,1620596090,17:34:50,20210509
27,2014-03-31,OLA.TO,CAD,2014-03-31,2014-03-31,Q1,0.0,0.0,0.0,0.0,0.0,25725.994681,0.0,0.0,25725.994681,25725.994681,0.0,0.0,-25725.994681,0.0,-25725.994681,0.0,0.0,-26968.101467,0.0,0.0,-26968.101467,0.0,-0.006008,-0.006008,4489000.0,4489000.0,https://www.sedar.com/ModifyCompanyDocumentSearchForm.do?lang=EN&company_search=ORLA MINING LTD&document_selection=0&industry_group=A&FromDate=13&FromMonth=05&FromYear=2000&ToDate=13&ToMonth=11&ToYear=2020&Variable=Issuer,https://www.sedar.com/ModifyCompanyDocumentSearchForm.do?lang=EN&company_search=ORLA MINING LTD&document_selection=0&industry_group=A&FromDate=13&FromMonth=05&FromYear=2000&ToDate=13&ToMonth=11&ToYear=2020&Variable=Issuer,1620596090,17:34:50,20210509
28,2013-12-31,OLA.TO,CAD,2013-12-31,2013-12-31,Q4,0.0,0.0,0.0,0.0,0.0,47462.219974,3239.200439,0.0,95119.463746,95119.463746,0.0,0.0,-95119.463746,0.0,-95119.463746,0.0,0.0,-694497.733231,0.0,0.0,-694497.733231,0.0,-0.0030527372889274725,-0.0030527372889274725,227500000.0,227500000.0,https://www.sedar.com/ModifyCompanyDocumentSearchForm.do?lang=EN&company_search=ORLA MINING LTD&document_selection=0&industry_group=A&FromDate=13&FromMonth=05&FromYear=2000&ToDate=13&ToMonth=11&ToYear=2020&Variable=Issuer,https://www.sedar.com/ModifyCompanyDocumentSearchForm.do?lang=EN&company_search=ORLA MINING LTD&document_selection=0&industry_group=A&FromDate=13&FromMonth=05&FromYear=2000&ToDate=13&ToMonth=11&ToYear=2020&Variable=Issuer,1620596090,17:34:50,20210509
29,2013-09-30,OLA.TO,CAD,2013-09-30,2013-09-30,Q3,0.0,0.0,0.0,0.0,0.0,33424.455689,0.0,0.0,33424.455689,33424.455689,0.0,0.0,-33424.455689,0.0,-33424.455689,0.0,0.0,-33424.455689,0.0,0.0,-33424.455689,0.0,-0.007446,-0.007446,4489000.0,4489000.0,https://www.sedar.com/ModifyCompanyDocumentSearchForm.do?lang=EN&company_search=ORLA MINING LTD&document_selection=0&industry_group=A&FromDate=13&FromMonth=05&FromYear=2000&ToDate=13&ToMonth=11&ToYear=2020&Variable=Issuer,https://www.sedar.com/ModifyCompanyDocumentSearchForm.do?lang=EN&company_search=ORLA MINING LTD&document_selection=0&industry_group=A&FromDate=13&FromMonth=05&FromYear=2000&ToDate=13&ToMonth=11&ToYear=2020&Variable=Issuer,1620596090,17:34:50,20210509
30,2013-06-30,OLA.TO,CAD,2013-06-30,2013-06-30,Q2,0.0,0.0,0.0,0.0,0.0,27684.002433,0.0,0.0,27684.002433,27684.002433,0.0,0.0,-27684.002433,0.0,-27684.002433,0.0,0.0,-27684.002433,0.0,0.0,-27684.002433,0.0,-0.006167,-0.006167,4489000.0,4489000.0,https://www.sedar.com/ModifyCompanyDocumentSearchForm.do?lang=EN&company_search=ORLA MINING LTD&document_selection=0&industry_group=A&FromDate=13&FromMonth=05&FromYear=2000&ToDate=13&ToMonth=11&ToYear=2020&Variable=Issuer,https://www.sedar.com/ModifyCompanyDocumentSearchForm.do?lang=EN&company_search=ORLA MINING LTD&document_selection=0&industry_group=A&FromDate=13&FromMonth=05&FromYear=2000&ToDate=13&ToMonth=11&ToYear=2020&Variable=Issuer,1620596090,17:34:50,20210509
31,2013-03-31,OLA.TO,CAD,2013-03-31,2013-03-31,Q1,0.0,0.0,0.0,0.0,0.0,60276.180648,794.142218,0.0,61070.322866,61070.322866,0.0,0.0,-61070.322866,0.0,-61070.322866,0.0,0.0,-61070.322866,0.0,0.0,-61070.322866,0.0,-0.013851,-0.013851,4409000.0,4409000.0,https://www.sedar.com/ModifyCompanyDocumentSearchForm.do?lang=EN&company_search=ORLA MINING LTD&document_selection=0&industry_group=A&FromDate=13&FromMonth=05&FromYear=2000&ToDate=13&ToMonth=11&ToYear=2020&Variable=Issuer,https://www.sedar.com/ModifyCompanyDocumentSearchForm.do?lang=EN&company_search=ORLA MINING LTD&document_selection=0&industry_group=A&FromDate=13&FromMonth=05&FromYear=2000&ToDate=13&ToMonth=11&ToYear=2020&Variable=Issuer,1620596090,17:34:50,20210509
32,2012-12-31,OLA.TO,CAD,2012-12-31,2012-12-31,Q4,0.0,0.0,0.0,0.0,0.0,47789.404082,456.135319,0.0,48245.539401,48245.539401,0.0,0.0,-48245.539401,0.0,-48245.539401,0.0,0.0,-24461.651631,0.0,0.0,-25066.183645,0.0,-0.00011018102701098902,-0.00011018102701098902,227500000.0,227500000.0,https://www.sedar.com/ModifyCompanyDocumentSearchForm.do?lang=EN&company_search=ORLA MINING LTD&document_selection=0&industry_group=A&FromDate=13&FromMonth=05&FromYear=2000&ToDate=13&ToMonth=11&ToYear=2020&Variable=Issuer,https://www.sedar.com/ModifyCompanyDocumentSearchForm.do?lang=EN&company_search=ORLA MINING LTD&document_selection=0&industry_group=A&FromDate=13&FromMonth=05&FromYear=2000&ToDate=13&ToMonth=11&ToYear=2020&Variable=Issuer,1620596090,17:34:50,20210509
33,2012-09-30,OLA.TO,CAD,2012-09-30,2012-09-30,Q3,0.0,0.0,0.0,0.0,0.0,30801.117602,0.0,0.0,30801.117602,30801.117602,0.0,0.0,-30801.117602,0.0,-30801.117602,0.0,0.0,-30797.053594,0.0,0.0,-30797.053594,0.0,-0.0508,-0.0508,3425000.0,3425000.0,https://www.sedar.com/ModifyCompanyDocumentSearchForm.do?lang=EN&company_search=ORLA MINING LTD&document_selection=0&industry_group=A&FromDate=13&FromMonth=05&FromYear=2000&ToDate=13&ToMonth=11&ToYear=2020&Variable=Issuer,https://www.sedar.com/ModifyCompanyDocumentSearchForm.do?lang=EN&company_search=ORLA MINING LTD&document_selection=0&industry_group=A&FromDate=13&FromMonth=05&FromYear=2000&ToDate=13&ToMonth=11&ToYear=2020&Variable=Issuer,1620596090,17:34:50,20210509
34,2012-06-30,OLA.TO,CAD,2012-06-30,2012-06-30,Q2,0.0,0.0,0.0,0.0,0.0,55318.061154,129.780749,0.0,55447.841903,55447.841903,0.0,0.0,-55447.841903,0.0,-55447.841903,0.0,0.0,-55447.841903,0.0,0.0,-55447.841903,0.0,-0.01619331153785498,-0.01619331153785498,3424120.0,3424120.0,https://www.sedar.com/ModifyCompanyDocumentSearchForm.do?lang=EN&company_search=ORLA MINING LTD&document_selection=0&industry_group=A&FromDate=13&FromMonth=05&FromYear=2000&ToDate=13&ToMonth=11&ToYear=2020&Variable=Issuer,https://www.sedar.com/ModifyCompanyDocumentSearchForm.do?lang=EN&company_search=ORLA MINING LTD&document_selection=0&industry_group=A&FromDate=13&FromMonth=05&FromYear=2000&ToDate=13&ToMonth=11&ToYear=2020&Variable=Issuer,1620596090,17:34:50,20210509
35,2012-03-31,OLA.TO,CAD,2012-03-31,2012-03-31,Q1,0.0,0.0,0.0,0.0,0.0,38238.566317,727.666356,0.0,38966.232673,38966.232673,0.0,0.0,-38966.232673,0.0,-38966.232673,0.0,0.0,-38966.232673,0.0,-597.367973,-38368.8647,0.0,-0.011218966286549708,-0.011218966286549708,3420000.0,3420000.0,https://www.sedar.com/ModifyCompanyDocumentSearchForm.do?lang=EN&company_search=ORLA MINING LTD&document_selection=0&industry_group=A&FromDate=13&FromMonth=05&FromYear=2000&ToDate=13&ToMonth=11&ToYear=2020&Variable=Issuer,https://www.sedar.com/ModifyCompanyDocumentSearchForm.do?lang=EN&company_search=ORLA MINING LTD&document_selection=0&industry_group=A&FromDate=13&FromMonth=05&FromYear=2000&ToDate=13&ToMonth=11&ToYear=2020&Variable=Issuer,1620596090,17:34:50,20210509
36,2011-12-31,OLA.TO,CAD,2011-12-31,2011-12-31,Q4,0.0,0.0,0.0,0.0,0.0,111012.468526,472.59483,0.0,111485.063356,111485.063356,0.0,0.0,-111485.063356,0.0,-111485.063356,0.0,0.0,-108588.968087,0.0,-70590.494385,-37998.473702,0.0,-0.00016702625803076925,-0.00016702625803076925,227500000.0,227500000.0,https://www.sedar.com/ModifyCompanyDocumentSearchForm.do?lang=EN&company_search=ORLA MINING LTD&document_selection=0&industry_group=A&FromDate=13&FromMonth=05&FromYear=2000&ToDate=13&ToMonth=11&ToYear=2020&Variable=Issuer,https://www.sedar.com/ModifyCompanyDocumentSearchForm.do?lang=EN&company_search=ORLA MINING LTD&document_selection=0&industry_group=A&FromDate=13&FromMonth=05&FromYear=2000&ToDate=13&ToMonth=11&ToYear=2020&Variable=Issuer,1620596090,17:34:50,20210509
37,2011-09-30,OLA.TO,CAD,2011-09-30,2011-09-30,Q3,0.0,0.0,0.0,0.0,0.0,63875.879349,792.136456,-2891.008962,64668.015804,64668.015804,0.0,0.0,-64668.015804,0.0,-64668.015804,0.0,-2891.008962,-67547.46073,0.0,-18001.349138,-49546.111593,0.0,-0.016645644896508372,-0.016645644896508372,2976521.0,2976521.0,https://www.sedar.com/ModifyCompanyDocumentSearchForm.do?lang=EN&company_search=ORLA MINING LTD&document_selection=0&industry_group=A&FromDate=13&FromMonth=05&FromYear=2000&ToDate=13&ToMonth=11&ToYear=2020&Variable=Issuer,https://www.sedar.com/ModifyCompanyDocumentSearchForm.do?lang=EN&company_search=ORLA MINING LTD&document_selection=0&industry_group=A&FromDate=13&FromMonth=05&FromYear=2000&ToDate=13&ToMonth=11&ToYear=2020&Variable=Issuer,1620596090,17:34:50,20210509
38,2011-06-30,OLA.TO,CAD,2011-06-30,2011-06-30,Q2,0.0,0.0,0.0,0.0,0.0,36432.907942,502.829059,0.0,36935.737001,36935.737001,0.0,0.0,-36935.737001,0.0,-36935.737001,0.0,0.0,-36932.639491,0.0,-8744.269607,-28188.369884,0.0,-0.010270345362246447,-0.010270345362246447,2744637.0,2744637.0,https://www.sedar.com/ModifyCompanyDocumentSearchForm.do?lang=EN&company_search=ORLA MINING LTD&document_selection=0&industry_group=A&FromDate=13&FromMonth=05&FromYear=2000&ToDate=13&ToMonth=11&ToYear=2020&Variable=Issuer,https://www.sedar.com/ModifyCompanyDocumentSearchForm.do?lang=EN&company_search=ORLA MINING LTD&document_selection=0&industry_group=A&FromDate=13&FromMonth=05&FromYear=2000&ToDate=13&ToMonth=11&ToYear=2020&Variable=Issuer,1620596090,17:34:50,20210509
39,2011-03-31,OLA.TO,CAD,2011-03-31,2011-03-31,Q1,0.0,0.0,0.0,0.0,0.0,50289.635872,8100.544289,0.0,58390.180161,58390.180161,0.0,0.0,-58390.180161,0.0,-58390.180161,0.0,0.0,-58390.180161,0.0,-27444.928028,-30945.252132,0.0,-0.011302137374726079,-0.011302137374726079,2738000.0,2738000.0,https://www.sedar.com/ModifyCompanyDocumentSearchForm.do?lang=EN&company_search=ORLA MINING LTD&document_selection=0&industry_group=A&FromDate=13&FromMonth=05&FromYear=2000&ToDate=13&ToMonth=11&ToYear=2020&Variable=Issuer,https://www.sedar.com/ModifyCompanyDocumentSearchForm.do?lang=EN&company_search=ORLA MINING LTD&document_selection=0&industry_group=A&FromDate=13&FromMonth=05&FromYear=2000&ToDate=13&ToMonth=11&ToYear=2020&Variable=Issuer,1620596090,17:34:50,20210509
40,2010-12-31,OLA.TO,CAD,2010-12-31,2010-12-31,Q4,0.0,0.0,0.0,0.0,0.0,52717.251536,-5442.946496,0.0,48207.811038,48207.811038,0.0,933.505999,-47274.305039,0.0,-48207.811038,0.0,0.0,0.0,0.0,0.0,-48147.30403,0.0,-0.00021163650123076923,-0.00021163650123076923,227500000.0,227500000.0,https://www.sedar.com/ModifyCompanyDocumentSearchForm.do?lang=EN&company_search=ORLA MINING LTD&document_selection=0&industry_group=A&FromDate=13&FromMonth=05&FromYear=2000&ToDate=13&ToMonth=11&ToYear=2020&Variable=Issuer,https://www.sedar.com/ModifyCompanyDocumentSearchForm.do?lang=EN&company_search=ORLA MINING LTD&document_selection=0&industry_group=A&FromDate=13&FromMonth=05&FromYear=2000&ToDate=13&ToMonth=11&ToYear=2020&Variable=Issuer,1620596090,17:34:50,20210509
41,2010-09-30,OLA.TO,CAD,2010-09-30,2010-09-30,Q3,0.0,0.0,0.0,0.0,0.0,35969.180074,2733.087808,0.0,39530.916844,39530.916844,0.0,863.70991,-38667.206934,0.0,-39530.916844,0.0,0.0,0.0,0.0,0.0,-39282.806745,0.0,-0.020117576345817324,-0.020117576345817324,1952661.0,1952661.0,https://www.sedar.com/ModifyCompanyDocumentSearchForm.do?lang=EN&company_search=ORLA MINING LTD&document_selection=0&industry_group=A&FromDate=13&FromMonth=05&FromYear=2000&ToDate=13&ToMonth=11&ToYear=2020&Variable=Issuer,https://www.sedar.com/ModifyCompanyDocumentSearchForm.do?lang=EN&company_search=ORLA MINING LTD&document_selection=0&industry_group=A&FromDate=13&FromMonth=05&FromYear=2000&ToDate=13&ToMonth=11&ToYear=2020&Variable=Issuer,1620596090,17:34:50,20210509
42,2010-06-30,OLA.TO,CAD,2010-06-30,2010-06-30,Q2,0.0,0.0,0.0,0.0,0.0,75870.410777,23022.483635,0.0,99704.012902,99704.012902,0.0,783.508315,-98920.504587,0.0,-99704.012902,0.0,0.0,0.0,0.0,0.0,-99402.333744,0.0,-0.047434,-0.047434,1951000.0,1951000.0,https://www.sedar.com/ModifyCompanyDocumentSearchForm.do?lang=EN&company_search=ORLA MINING LTD&document_selection=0&industry_group=A&FromDate=13&FromMonth=05&FromYear=2000&ToDate=13&ToMonth=11&ToYear=2020&Variable=Issuer,https://www.sedar.com/ModifyCompanyDocumentSearchForm.do?lang=EN&company_search=ORLA MINING LTD&document_selection=0&industry_group=A&FromDate=13&FromMonth=05&FromYear=2000&ToDate=13&ToMonth=11&ToYear=2020&Variable=Issuer,1620596090,17:34:50,20210509
43,2010-03-31,OLA.TO,CAD,2010-03-31,2010-03-31,Q1,0.0,0.0,0.0,0.0,0.0,90666.078085,6702.962527,0.0,98207.769276,98207.769276,0.0,838.728664,-97369.04061200001,0.0,-98207.769276,0.0,0.0,0.0,0.0,0.0,-97698.646263,0.0,-0.049048,-0.049048,1721233.0,1721233.0,https://www.sedar.com/ModifyCompanyDocumentSearchForm.do?lang=EN&company_search=ORLA MINING LTD&document_selection=0&industry_group=A&FromDate=13&FromMonth=05&FromYear=2000&ToDate=13&ToMonth=11&ToYear=2020&Variable=Issuer,https://www.sedar.com/ModifyCompanyDocumentSearchForm.do?lang=EN&company_search=ORLA MINING LTD&document_selection=0&industry_group=A&FromDate=13&FromMonth=05&FromYear=2000&ToDate=13&ToMonth=11&ToYear=2020&Variable=Issuer,1620596090,17:34:50,20210509
44,2009-12-31,OLA.TO,CAD,2009-12-31,2009-12-31,Q4,0.0,0.0,0.0,0.0,0.0,68636.460435,-1599.551748,0.0,68125.629917,68125.629917,0.0,0.0,-68125.629917,0.0,-68125.629917,0.0,0.0,0.0,0.0,0.0,-67283.957414,0.0,-0.0002957536589626374,-0.0002957536589626374,227500000.0,227500000.0,https://www.sedar.com/ModifyCompanyDocumentSearchForm.do?lang=EN&company_search=ORLA MINING LTD&document_selection=0&industry_group=A&FromDate=13&FromMonth=05&FromYear=2000&ToDate=13&ToMonth=11&ToYear=2020&Variable=Issuer,https://www.sedar.com/ModifyCompanyDocumentSearchForm.do?lang=EN&company_search=ORLA MINING LTD&document_selection=0&industry_group=A&FromDate=13&FromMonth=05&FromYear=2000&ToDate=13&ToMonth=11&ToYear=2020&Variable=Issuer,1620596090,17:34:50,20210509
45,2009-09-30,OLA.TO,CAD,2009-09-30,2009-09-30,Q3,0.0,0.0,0.0,0.0,0.0,99538.778183,413.509215,0.0,99952.287398,99952.287398,0.0,0.0,-99952.287398,0.0,-99952.287398,0.0,0.0,0.0,0.0,0.0,-99756.759285,0.0,-0.093554,-0.093554,1240000.0,1240000.0,https://www.sedar.com/ModifyCompanyDocumentSearchForm.do?lang=EN&company_search=ORLA MINING LTD&document_selection=0&industry_group=A&FromDate=13&FromMonth=05&FromYear=2000&ToDate=13&ToMonth=11&ToYear=2020&Variable=Issuer,https://www.sedar.com/ModifyCompanyDocumentSearchForm.do?lang=EN&company_search=ORLA MINING LTD&document_selection=0&industry_group=A&FromDate=13&FromMonth=05&FromYear=2000&ToDate=13&ToMonth=11&ToYear=2020&Variable=Issuer,1620596090,17:34:50,20210509
46,2009-06-30,OLA.TO,CAD,2009-06-30,2009-06-30,Q2,0.0,0.0,0.0,0.0,0.0,0.0,0.0,0.0,24299.065421,24299.065421,2622.851975,0.0,-24299.065421,0.0,-24299.065421,0.0,0.0,0.0,0.0,0.0,-27315.560532,0.0,-0.043068,-0.043068,1240000.0,1240000.0,https://www.sedar.com/ModifyCompanyDocumentSearchForm.do?lang=EN&company_search=ORLA MINING LTD&document_selection=0&industry_group=A&FromDate=13&FromMonth=05&FromYear=2000&ToDate=13&ToMonth=11&ToYear=2020&Variable=Issuer,https://www.sedar.com/ModifyCompanyDocumentSearchForm.do?lang=EN&company_search=ORLA MINING LTD&document_selection=0&industry_group=A&FromDate=13&FromMonth=05&FromYear=2000&ToDate=13&ToMonth=11&ToYear=2020&Variable=Issuer,1620596090,17:34:50,20210509
47,2009-03-31,OLA.TO,CAD,2009-03-31,2009-03-31,Q1,0.0,0.0,0.0,0.0,0.0,0.0,0.0,0.0,7788.073177,7788.073177,69.69193,0.0,-7788.073177,0.0,-7788.073177,0.0,0.0,0.0,0.0,0.0,-3439.455136,0.0,-0.039598,-0.039598,1240000.0,1240000.0,https://www.sedar.com/ModifyCompanyDocumentSearchForm.do?lang=EN&company_search=ORLA MINING LTD&document_selection=0&industry_group=A&FromDate=13&FromMonth=05&FromYear=2000&ToDate=13&ToMonth=11&ToYear=2020&Variable=Issuer,https://www.sedar.com/ModifyCompanyDocumentSearchForm.do?lang=EN&company_search=ORLA MINING LTD&document_selection=0&industry_group=A&FromDate=13&FromMonth=05&FromYear=2000&ToDate=13&ToMonth=11&ToYear=2020&Variable=Issuer,1620596090,17:34:50,20210509
48,2008-12-31,OLA.TO,CAD,2008-12-31,2008-12-31,Q4,0.0,0.0,0.0,0.0,0.0,0.0,0.0,0.0,16926.846065,16926.846065,0.0,0.0,-16926.846065,0.0,-16926.846065,0.0,0.0,0.0,0.0,0.0,-3523.791908,0.0,-1.54891952e-05,-1.54891952e-05,227500000.0,227500000.0,https://www.sedar.com/ModifyCompanyDocumentSearchForm.do?lang=EN&company_search=ORLA MINING LTD&document_selection=0&industry_group=A&FromDate=13&FromMonth=05&FromYear=2000&ToDate=13&ToMonth=11&ToYear=2020&Variable=Issuer,https://www.sedar.com/ModifyCompanyDocumentSearchForm.do?lang=EN&company_search=ORLA MINING LTD&document_selection=0&industry_group=A&FromDate=13&FromMonth=05&FromYear=2000&ToDate=13&ToMonth=11&ToYear=2020&Variable=Issuer,1620596090,17:34:50,20210509
49,2008-09-30,OLA.TO,CAD,2008-09-30,2008-09-30,Q3,0.0,0.0,0.0,0.0,0.0,0.0,0.0,0.0,30337.237861,30337.237861,0.0,0.0,-30337.237861,0.0,-30337.237861,0.0,0.0,0.0,0.0,0.0,-29539.958436,0.0,-0.023616,-0.023616,1240000.0,1240000.0,https://www.sedar.com/ModifyCompanyDocumentSearchForm.do?lang=EN&company_search=ORLA MINING LTD&document_selection=0&industry_group=A&FromDate=13&FromMonth=05&FromYear=2000&ToDate=13&ToMonth=11&ToYear=2020&Variable=Issuer,https://www.sedar.com/ModifyCompanyDocumentSearchForm.do?lang=EN&company_search=ORLA MINING LTD&document_selection=0&industry_group=A&FromDate=13&FromMonth=05&FromYear=2000&ToDate=13&ToMonth=11&ToYear=2020&Variable=Issuer,1620596090,17:34:50,20210509
50,2008-06-30,OLA.TO,CAD,2008-06-30,2008-06-30,Q2,0.0,0.0,0.0,0.0,0.0,0.0,0.0,0.0,12394.380035,12394.380035,0.0,0.0,-12394.380035,0.0,-12394.380035,0.0,0.0,0.0,0.0,0.0,-13157.791315,0.0,-0.010808,-0.010808,1240000.0,1240000.0,https://www.sedar.com/ModifyCompanyDocumentSearchForm.do?lang=EN&company_search=ORLA MINING LTD&document_selection=0&industry_group=A&FromDate=13&FromMonth=05&FromYear=2000&ToDate=13&ToMonth=11&ToYear=2020&Variable=Issuer,https://www.sedar.com/ModifyCompanyDocumentSearchForm.do?lang=EN&company_search=ORLA MINING LTD&document_selection=0&industry_group=A&FromDate=13&FromMonth=05&FromYear=2000&ToDate=13&ToMonth=11&ToYear=2020&Variable=Issuer,1620596090,17:34:50,20210509
51,2008-03-31,OLA.TO,CAD,2008-03-31,2008-03-31,Q1,0.0,0.0,0.0,0.0,0.0,0.0,0.0,0.0,18056.931895,18056.931895,0.0,0.0,-18056.931895,0.0,-18056.931895,0.0,0.0,0.0,0.0,0.0,-16182.842709,0.0,-0.009715,-0.009715,1240000.0,1240000.0,https://www.sedar.com/ModifyCompanyDocumentSearchForm.do?lang=EN&company_search=ORLA MINING LTD&document_selection=0&industry_group=A&FromDate=13&FromMonth=05&FromYear=2000&ToDate=13&ToMonth=11&ToYear=2020&Variable=Issuer,https://www.sedar.com/ModifyCompanyDocumentSearchForm.do?lang=EN&company_search=ORLA MINING LTD&document_selection=0&industry_group=A&FromDate=13&FromMonth=05&FromYear=2000&ToDate=13&ToMonth=11&ToYear=2020&Variable=Issuer,1620596090,17:34:50,20210509
52,2007-12-31,OLA.TO,CAD,2007-12-31,2007-12-31,Q4,0.0,0.0,0.0,0.0,0.0,0.0,0.0,0.0,97287.308874,97287.308874,0.0,0.0,-97287.308874,0.0,-97287.308874,0.0,0.0,0.0,0.0,0.0,-97156.035523,0.0,-0.0004270594968043956,-0.0004270594968043956,227500000.0,227500000.0,https://www.sedar.com/ModifyCompanyDocumentSearchForm.do?lang=EN&company_search=ORLA MINING LTD&document_selection=0&industry_group=A&FromDate=13&FromMonth=05&FromYear=2000&ToDate=13&ToMonth=11&ToYear=2020&Variable=Issuer,https://www.sedar.com/ModifyCompanyDocumentSearchForm.do?lang=EN&company_search=ORLA MINING LTD&document_selection=0&industry_group=A&FromDate=13&FromMonth=05&FromYear=2000&ToDate=13&ToMonth=11&ToYear=2020&Variable=Issuer,1620596090,17:34:50,20210509
53,2007-09-30,OLA.TO,CAD,2007-09-30,2007-09-30,Q3,0.0,0.0,0.0,0.0,0.0,0.0,0.0,0.0,1992.344883,1992.344883,0.0,0.0,-1992.344883,0.0,-1992.344883,0.0,0.0,0.0,0.0,0.0,-1992.344883,0.0,-0.050363,-0.050363,440000.0,440000.0,https://www.sedar.com/ModifyCompanyDocumentSearchForm.do?lang=EN&company_search=ORLA MINING LTD&document_selection=0&industry_group=A&FromDate=13&FromMonth=05&FromYear=2000&ToDate=13&ToMonth=11&ToYear=2020&Variable=Issuer,https://www.sedar.com/ModifyCompanyDocumentSearchForm.do?lang=EN&company_search=ORLA MINING LTD&document_selection=0&industry_group=A&FromDate=13&FromMonth=05&FromYear=2000&ToDate=13&ToMonth=11&ToYear=2020&Variable=Issuer,1620596090,17:34:50,20210509
54,2007-06-30,OLA.TO,CAD,2007-06-30,2007-06-30,Q2,0.0,0.0,0.0,0.0,0.0,0.0,0.0,0.0,3850.634101,3850.634101,0.0,0.0,-3850.634101,0.0,-3850.634101,0.0,0.0,0.0,0.0,0.0,-3850.634101,0.0,-0.009394,-0.009394,440000.0,440000.0,https://www.sedar.com/ModifyCompanyDocumentSearchForm.do?lang=EN&company_search=ORLA MINING LTD&document_selection=0&industry_group=A&FromDate=13&FromMonth=05&FromYear=2000&ToDate=13&ToMonth=11&ToYear=2020&Variable=Issuer,https://www.sedar.com/ModifyCompanyDocumentSearchForm.do?lang=EN&company_search=ORLA MINING LTD&document_selection=0&industry_group=A&FromDate=13&FromMonth=05&FromYear=2000&ToDate=13&ToMonth=11&ToYear=2020&Variable=Issuer,1620596090,17:34:50,20210509
