,date,symbol,reportedCurrency,fillingDate,acceptedDate,period,revenue,costOfRevenue,grossProfit,grossProfitRatio,researchAndDevelopmentExpenses,generalAndAdministrativeExpenses,sellingAndMarketingExpenses,otherExpenses,operatingExpenses,costAndExpenses,interestExpense,depreciationAndAmortization,ebitda,ebitdaratio,operatingIncome,operatingIncomeRatio,totalOtherIncomeExpensesNet,incomeBeforeTax,incomeBeforeTaxRatio,incomeTaxExpense,netIncome,netIncomeRatio,eps,epsdiluted,weightedAverageShsOut,weightedAverageShsOutDil,link,finalLink,timestamp,est_time,est_date
0,2020-12-31,UAL,USD,2021-03-01,2021-03-01 07:46:29,Q4,3412000000,4790000000.0,-1378000000.0,-0.40386869871043374,0.0,0.0,80000000.0,-10000000.0,453000000.0,5243000000.0,334000000.0,2.488,-1830999997.512,-0.5366354037256741,-1831000000,-0.5366354044548651,-213000000.0,-2373000000.0,-0.6954865181711606,-476000000.0,-1897000000.0,-0.555978898007034,-6.083146,-6.39,311845232,311845232,https://www.sec.gov/Archives/edgar/data/100517/000010051721000016/0000100517-21-000016-index.htm,https://www.sec.gov/Archives/edgar/data/100517/000010051721000016/ual-20201231.htm,1620599189,18:26:29,20210509
1,2020-09-30,UAL,USD,2020-10-15,2020-10-15 16:07:35,Q3,2489000000,4453000000.0,-1964000000.0,-0.7890719164323021,0.0,0.0,53000000.0,-411000000.0,4104000000.0,3691000000.0,329000000.0,0.0,-1605000000.0,-0.6448372840498192,-1202000000,-0.4829248694254721,-809000000.0,-2332000000.0,-0.9369224588188028,-491000000.0,-1841000000.0,-0.7396544797107272,-6.326668,-6.33,290990454,291000000,https://www.sec.gov/Archives/edgar/data/100517/000010051720000056/0000100517-20-000056-index.htm,https://www.sec.gov/Archives/edgar/data/100517/000010051720000056/ual-20200930.htm,1620599189,18:26:29,20210509
2,2020-06-30,UAL,USD,2020-07-22,2020-07-22 17:26:08,Q2,1475000000,4002000000.0,-2527000000.0,-1.713220338983051,0.0,0.0,31000000.0,-207000000.0,3112000000.0,2972000000.0,179000000.0,0.0,-1693000000.0,-1.1477966101694914,-1497000000,-1.0149152542372881,-338000000.0,-2003000000.0,-1.3579661016949152,-376000000.0,-1627000000.0,-1.103050847457627,-5.591407,-5.79,290982216,290982216,https://www.sec.gov/Archives/edgar/data/100517/000010051720000046/0000100517-20-000046-index.htm,https://www.sec.gov/Archives/edgar/data/100517/000010051720000046/ual10q06302020.htm,1620599189,18:26:29,20210509
3,2020-03-31,UAL,USD,2020-05-04,2020-05-04 08:41:11,Q1,7979000000,7140000000.0,839000000.0,0.10515102143125706,0.0,0.0,295000000.0,-699000000.0,1748000000.0,8888000000.0,150000000.0,0.0,-1582000000.0,-0.19827045995738815,-909000000,-0.11392405063291139,-1081000000.0,-2114000000.0,-0.26494548188996114,-410000000.0,-1704000000.0,-0.21356059656598572,-6.891618839040883,-6.857142857142857,247256855,248500000,https://www.sec.gov/Archives/edgar/data/100517/000010051720000037/0000100517-20-000037-index.htm,https://www.sec.gov/Archives/edgar/data/100517/000010051720000010/ual201910k.htm,1620599189,18:26:29,20210509
4,2019-12-31,UAL,USD,2020-02-25,2020-02-24 21:53:59,Q4,10888000000,7850000000.0,3038000000.0,0.2790227773695812,0.0,0.0,417000000.0,-59000000.0,2047000000.0,9897000000.0,141000000.0,0.0,1115000000.0,0.10240631888317414,991000000,0.09101763409257899,-36000000.0,844000000.0,0.0775165319617928,203000000.0,641000000.0,0.05887215282880235,2.551585,2.53,251216381,253400000,https://www.sec.gov/Archives/edgar/data/100517/000010051720000010/0000100517-20-000010-index.htm,https://www.sec.gov/Archives/edgar/data/100517/000010051720000010/ual201910k.htm,1620599189,18:26:29,20210509
5,2019-09-30,UAL,USD,2019-10-16,2019-10-16 16:24:41,Q3,11380000000,7857000000.0,3523000000.0,0.3095782073813708,0.0,0.0,432000000.0,9000000.0,2023000000.0,9880000000.0,169000000.0,0.0,1545000000.0,0.13576449912126537,1500000000,0.13181019332161686,-18000000.0,1349000000.0,0.11854130052724077,325000000.0,1024000000.0,0.08998242530755712,4.037466,3.99,253624406,256400000,https://www.sec.gov/Archives/edgar/data/100517/000010051719000026/0000100517-19-000026-index.htm,https://www.sec.gov/Archives/edgar/data/100517/000010051719000026/ual09301910q.htm,1620599189,18:26:29,20210509
6,2019-06-30,UAL,USD,2019-07-17,2019-07-17 16:46:41,Q2,11402000000,7871000000.0,3531000000.0,0.30968251184002804,0.0,0.0,442000000.0,14000000.0,1988000000.0,9859000000.0,170000000.0,0.0,1595000000.0,0.1398877389931591,1543000000,0.13532713559024734,-57000000.0,1354000000.0,0.11875109629889494,302000000.0,1052000000.0,0.09226451499736889,4.081804,4.02,257729166,261600000,https://www.sec.gov/Archives/edgar/data/100517/000010051719000021/0000100517-19-000021-index.htm,https://www.sec.gov/Archives/edgar/data/100517/000010051719000021/ual06301910q.htm,1620599189,18:26:29,20210509
7,2019-03-31,UAL,USD,2019-04-17,2019-04-17 17:03:52,Q1,9589000000,7208000000.0,2381000000.0,0.2483053498800709,0.0,0.0,360000000.0,9000000.0,1868000000.0,9076000000.0,166000000.0,0.0,551000000.0,0.05746167483574929,513000000,0.053498800709145894,-9000000.0,367000000.0,0.03827302117009073,75000000.0,292000000.0,0.030451559078110334,1.104926,1.09,264271125,268300000,https://www.sec.gov/Archives/edgar/data/100517/000010051719000014/0000100517-19-000014-index.htm,https://www.sec.gov/Archives/edgar/data/100517/000010051719000009/ual_201810k.htm,1620599189,18:26:29,20210509
8,2018-12-31,UAL,USD,2019-02-28,2019-02-28 16:23:37,Q4,10491000000,7634000000.0,2857000000.0,0.27232866266323513,0.0,0.0,396000000.0,43000000.0,1904000000.0,9538000000.0,170000000.0,0.0,1027000000.0,0.09789343246592318,953000000,0.09083976741969307,-258000000.0,556000000.0,0.052997807644647794,94000000.0,462000000.0,0.04403774663997712,1.711651,1.7,269914769,272700000,https://www.sec.gov/Archives/edgar/data/100517/000010051719000009/0000100517-19-000009-index.htm,https://www.sec.gov/Archives/edgar/data/100517/000010051719000009/ual_201810k.htm,1620599189,18:26:29,20210509
9,2018-09-30,UAL,USD,2018-10-17,2018-10-17 16:19:49,Q3,11003000000,7889000000.0,3114000000.0,0.28301372352994636,0.0,0.0,427000000.0,-1000000.0,1894000000.0,9783000000.0,169000000.0,0.0,1247000000.0,0.11333272743797146,1220000000,0.1108788512223939,-18000000.0,1061000000.0,0.09642824684177043,225000000.0,836000000.0,0.07597927837862402,3.068291,3.06,272464412,273600000,https://www.sec.gov/Archives/edgar/data/100517/000010051718000028/0000100517-18-000028-index.htm,https://www.sec.gov/Archives/edgar/data/100517/000010051718000028/ual_09301810q.htm,1620599189,18:26:29,20210509
10,2018-06-30,UAL,USD,2018-07-18,2018-07-18 16:23:51,Q2,10777000000,7666000000.0,3111000000.0,0.2886703164145866,0.0,0.0,393000000.0,-166000000.0,1821000000.0,9487000000.0,163000000.0,0.0,1149000000.0,0.10661594135659275,1290000000,0.11969935974761066,-295000000.0,857000000.0,0.07952120256100956,173000000.0,684000000.0,0.06346849772664007,2.505331,2.48,273017840,275600000,https://www.sec.gov/Archives/edgar/data/100517/000010051718000012/0000100517-18-000012-index.htm,https://www.sec.gov/Archives/edgar/data/100517/000010051718000012/ual_06301810q.htm,1620599189,18:26:29,20210509
11,2018-03-31,UAL,USD,2018-04-18,2018-04-18 16:46:58,Q1,9032000000,6976000000.0,2056000000.0,0.22763507528786536,0.0,0.0,342000000.0,48000000.0,1740000000.0,8716000000.0,157000000.0,0.0,381000000.0,0.04218334809565988,316000000,0.034986713906111605,8000000.0,184000000.0,0.02037201062887511,37000000.0,147000000.0,0.016275465013286094,0.526108,0.52,279410451,284900000,https://www.sec.gov/Archives/edgar/data/100517/000119312518121112/0001193125-18-121112-index.htm,https://www.sec.gov/Archives/edgar/data/100517/000119312518054235/d471340d10k.htm,1620599189,18:26:29,20210509
12,2017-12-31,UAL,USD,2018-02-22,2018-02-22 16:59:42,Q4,9438000000,6892000000.0,2546000000.0,0.2697605424878152,0.0,0.0,328000000.0,6000000.0,1786000000.0,8678000000.0,151000000.0,0.0,782000000.0,0.08285653740199195,760000000,0.08052553507098961,-25000000.0,600000000.0,0.06357279084551812,20000000.0,580000000.0,0.06145369781733418,2.021095,1.99,286973195,291800000,https://www.sec.gov/Archives/edgar/data/100517/000119312518054235/0001193125-18-054235-index.htm,https://www.sec.gov/Archives/edgar/data/100517/000119312518054235/d471340d10k.htm,1620599189,18:26:29,20210509
13,2017-09-30,UAL,USD,2017-10-19,2017-10-19 16:07:08,Q3,9878000000,6925000000.0,2953000000.0,0.29894715529459404,0.0,0.0,352000000.0,15000000.0,1811000000.0,8736000000.0,144000000.0,0.0,1174000000.0,0.11884996962947965,1142000000,0.1156104474589998,-35000000.0,980000000.0,0.09921036647094554,343000000.0,637000000.0,0.0644867382061146,2.150193,2.12,296252431,301000000,https://www.sec.gov/Archives/edgar/data/100517/000119312517313831/0001193125-17-313831-index.htm,https://www.sec.gov/Archives/edgar/data/100517/000119312517313831/d437791d10q.htm,1620599189,18:26:29,20210509
14,2017-06-30,UAL,USD,2017-07-19,2017-07-19 16:07:13,Q2,10000000000,6787000000.0,3213000000.0,0.3213,0.0,0.0,362000000.0,-1000000.0,1770000000.0,8557000000.0,137000000.0,0.0,1455000000.0,0.1455,1443000000,0.1443,-45000000.0,1274000000.0,0.1274,456000000.0,818000000.0,0.0818,2.681878,2.66,305010180,308000000,https://www.sec.gov/Archives/edgar/data/100517/000119312517231250/0001193125-17-231250-index.htm,https://www.sec.gov/Archives/edgar/data/100517/000119312517231250/d414345d10q.htm,1620599189,18:26:29,20210509
15,2017-03-31,UAL,USD,2017-04-18,2017-04-18 16:37:07,Q1,8420000000,6452000000.0,1968000000.0,0.233729216152019,0.0,0.0,307000000.0,-17000000.0,1639000000.0,8091000000.0,127000000.0,0.0,323000000.0,0.03836104513064133,329000000,0.03907363420427554,-68000000.0,145000000.0,0.0172209026128266,49000000.0,96000000.0,0.01140142517814727,0.3085524659286484,0.3047619047619048,311130231,315000000,https://www.sec.gov/Archives/edgar/data/100517/000119312517127429/0001193125-17-127429-index.htm,https://www.sec.gov/Archives/edgar/data/100517/000119312517054129/d300268d10k.htm,1620599189,18:26:29,20210509
16,2016-12-31,UAL,USD,2017-02-23,2017-02-23 16:58:35,Q4,9052000000,6339000000.0,2713000000.0,0.299712770658418,0.0,0.0,316000000.0,-8000000.0,1739000000.0,8078000000.0,124000000.0,0.0,977000000.0,0.10793194874060981,974000000,0.10760053026955368,23000000.0,884000000.0,0.09765797613787008,487000000.0,397000000.0,0.04385771100309324,1.261869,1.26,314612744,316000000,https://www.sec.gov/Archives/edgar/data/100517/000119312517054129/0001193125-17-054129-index.htm,https://www.sec.gov/Archives/edgar/data/100517/000119312517054129/d300268d10k.htm,1620599189,18:26:29,20210509
17,2016-09-30,UAL,USD,2016-10-17,2016-10-17 17:18:08,Q3,9913000000,6468000000.0,3445000000.0,0.34752345405023705,0.0,0.0,345000000.0,2000000.0,1776000000.0,8244000000.0,130000000.0,0.0,1685000000.0,0.16997881569656006,1669000000,0.16836477352970847,-43000000.0,1510000000.0,0.1523252294966206,545000000.0,965000000.0,0.09734691818823767,3.02,3.01,320000000,321000000,https://www.sec.gov/Archives/edgar/data/100517/000119312516739859/0001193125-16-739859-index.htm,https://www.sec.gov/Archives/edgar/data/100517/000119312516739859/d259980d10q.htm,1620599189,18:26:29,20210509
18,2016-06-30,UAL,USD,2016-07-19,2016-07-19 16:33:18,Q2,9396000000,6235000000.0,3161000000.0,0.33641975308641975,0.0,0.0,339000000.0,5000000.0,1667000000.0,7902000000.0,143000000.0,0.0,1508000000.0,0.16049382716049382,1494000000,0.15900383141762453,-429000000.0,931000000.0,0.09908471690080886,343000000.0,588000000.0,0.06257982120051085,1.78,1.78,331000000,331000000,https://www.sec.gov/Archives/edgar/data/100517/000119312516651221/0001193125-16-651221-index.htm,https://www.sec.gov/Archives/edgar/data/100517/000119312516651221/d188420d10q.htm,1620599189,18:26:29,20210509
19,2016-03-31,UAL,USD,2016-04-21,2016-04-21 17:23:39,Q1,8195000000,5814000000.0,2381000000.0,0.2905430140329469,0.0,0.0,303000000.0,-18000000.0,1542000000.0,7356000000.0,145000000.0,0.0,829000000.0,0.10115924344112263,839000000,0.10237949969493594,-208000000.0,494000000.0,0.06028065893837706,181000000.0,313000000.0,0.038194020744356315,0.884180790960452,0.8816901408450705,354000000,355000000,https://www.sec.gov/Archives/edgar/data/100517/000119312516550432/0001193125-16-550432-index.htm,https://www.sec.gov/Archives/edgar/data/100517/000119312516468479/d13806d10k.htm,1620599189,18:26:29,20210509
20,2015-12-31,UAL,USD,2016-02-18,2016-02-18 17:09:20,Q4,9036000000,6212000000.0,2824000000.0,0.31252766710934043,0.0,0.0,316000000.0,-31000000.0,1612000000.0,7824000000.0,154000000.0,0.0,1190000000.0,0.1316954404603807,1212000000,0.1341301460823373,-162000000.0,905000000.0,0.10015493581230633,82000000.0,823000000.0,0.09108012394864984,2.24,2.24,367000000,367000000,https://www.sec.gov/Archives/edgar/data/100517/000119312516468479/0001193125-16-468479-index.htm,https://www.sec.gov/Archives/edgar/data/100517/000119312516468479/d13806d10k.htm,1620599189,18:26:29,20210509
21,2015-09-30,UAL,USD,2015-10-22,2015-10-22 09:01:19,Q3,10306000000,6669000000.0,3637000000.0,0.35290122258878326,0.0,0.0,366000000.0,-147000000.0,1662000000.0,8331000000.0,151000000.0,0.0,1833000000.0,0.17785755870366776,1975000000,0.19163594022899283,-223000000.0,1606000000.0,0.1558315544343101,-3210000000.0,4816000000.0,0.46730060159130604,12.83,12.82,375000000,376000000,https://www.sec.gov/Archives/edgar/data/100517/000119312515350093/0001193125-15-350093-index.htm,https://www.sec.gov/Archives/edgar/data/100517/000119312515350093/d63220d10q.htm,1620599189,18:26:29,20210509
22,2015-06-30,UAL,USD,2015-07-23,2015-07-23 16:45:06,Q2,9914000000,6766000000.0,3148000000.0,0.317530764575348,0.0,0.0,348000000.0,-100000000.0,1648000000.0,8414000000.0,154000000.0,0.0,1406000000.0,0.14181964898123867,1500000000,0.15130119023602986,-155000000.0,1197000000.0,0.12073834980835182,4000000.0,1193000000.0,0.12033487996772241,3.14,3.14,380000000,380000000,https://www.sec.gov/Archives/edgar/data/100517/000119312515261239/0001193125-15-261239-index.htm,https://www.sec.gov/Archives/edgar/data/100517/000119312515261239/d941677d10q.htm,1620599189,18:26:29,20210509
23,2015-03-31,UAL,USD,2015-04-23,2015-04-23 16:32:03,Q1,8608000000,6305000000.0,2303000000.0,0.26754182156133827,0.0,0.0,312000000.0,-74000000.0,1498000000.0,7803000000.0,161000000.0,0.0,736000000.0,0.08550185873605948,805000000,0.09351765799256506,-138000000.0,511000000.0,0.05936338289962825,3000000.0,508000000.0,0.05901486988847584,1.33,1.32,382000000,384000000,https://www.sec.gov/Archives/edgar/data/100517/000119312515144255/0001193125-15-144255-index.htm,https://www.sec.gov/Archives/edgar/data/100517/000119312515056493/d820060d10k.htm,1620599189,18:26:29,20210509
24,2014-12-31,UAL,USD,2015-02-20,2015-02-20 17:01:57,Q4,9313000000,7007000000.0,2306000000.0,0.24761086653065606,0.0,0.0,334000000.0,-443000000.0,1502000000.0,8509000000.0,164000000.0,0.0,366000000.0,0.039299903360893375,804000000,0.08633093525179857,-622000000.0,23000000.0,0.0024696660581982176,-5000000.0,28000000.0,0.003006549983893482,0.08,0.07,372000000,376000000,https://www.sec.gov/Archives/edgar/data/100517/000119312515056493/0001193125-15-056493-index.htm,https://www.sec.gov/Archives/edgar/data/100517/000119312515056493/d820060d10k.htm,1620599189,18:26:29,20210509
25,2014-09-30,UAL,USD,2014-10-23,2014-10-23 16:06:10,Q3,10563000000,7714000000.0,2849000000.0,0.26971504307488403,0.0,0.0,375000000.0,-106000000.0,1615000000.0,9329000000.0,173000000.0,0.0,1136000000.0,0.10754520496071192,1234000000,0.11682287229006912,-149000000.0,920000000.0,0.08709646880621036,-4000000.0,924000000.0,0.0874751491053678,2.49,2.37,370000000,392000000,https://www.sec.gov/Archives/edgar/data/100517/000119312514380216/0001193125-14-380216-index.htm,https://www.sec.gov/Archives/edgar/data/100517/000119312514380216/d787177d10q.htm,1620599189,18:26:29,20210509
26,2014-06-30,UAL,USD,2014-07-24,2014-07-24 16:31:24,Q2,10329000000,7556000000.0,2773000000.0,0.2684674218220544,0.0,0.0,346000000.0,54000000.0,1698000000.0,9254000000.0,173000000.0,0.0,1133000000.0,0.10969116080937168,1075000000,0.10407590279794753,-115000000.0,791000000.0,0.0765805015006293,2000000.0,789000000.0,0.07638687191402846,2.11,2.01,373000000,396000000,https://www.sec.gov/Archives/edgar/data/100517/000119312514278970/0001193125-14-278970-index.htm,https://www.sec.gov/Archives/edgar/data/100517/000119312514278970/d732259d10q.htm,1620599189,18:26:29,20210509
27,2014-03-31,UAL,USD,2014-04-24,2014-04-24 16:10:02,Q1,8696000000,7292000000.0,1404000000.0,0.16145354185832567,0.0,0.0,318000000.0,-89000000.0,1701000000.0,8993000000.0,173000000.0,0.0,-381000000.0,-0.043813247470101194,-297000000,-0.034153633854645815,-141000000.0,-606000000.0,-0.06968721251149954,3000000.0,-609000000.0,-0.07003219871205152,-1.654891,-1.654891,368000000,368000000,https://www.sec.gov/Archives/edgar/data/100517/000119312514157115/0001193125-14-157115-index.htm,https://www.sec.gov/Archives/edgar/data/100517/000119312514060695/d624298d10k.htm,1620599189,18:26:29,20210509
28,2013-12-31,UAL,USD,2014-02-20,2014-02-20 16:12:24,Q4,9329000000,7289000000.0,2040000000.0,0.21867295530067532,0.0,0.0,338000000.0,51000000.0,1640000000.0,8929000000.0,179000000.0,0.0,456000000.0,0.048879837067209775,400000000,0.042877050058955944,-114000000.0,112000000.0,0.012005574016507665,-28000000.0,140000000.0,0.01500696752063458,0.39,0.37,361000000,390000000,https://www.sec.gov/Archives/edgar/data/100517/000119312514060695/0001193125-14-060695-index.htm,https://www.sec.gov/Archives/edgar/data/100517/000119312514060695/d624298d10k.htm,1620599189,18:26:29,20210509
29,2013-09-30,UAL,USD,2013-10-24,2013-10-24 16:26:08,Q3,10228000000,7770000000.0,2458000000.0,0.2403206883066093,0.0,0.0,377000000.0,52000000.0,1739000000.0,9509000000.0,183000000.0,0.0,776000000.0,0.07587016034415331,719000000,0.07029722330856472,-159000000.0,382000000.0,0.037348455220962064,3000000.0,379000000.0,0.03705514274540477,1.06,0.98,357000000,395000000,https://www.sec.gov/Archives/edgar/data/100517/000119312513409916/0001193125-13-409916-index.htm,https://www.sec.gov/Archives/edgar/data/100517/000119312513409916/d578285d10q.htm,1620599189,18:26:29,20210509
30,2013-06-30,UAL,USD,2013-07-25,2013-07-25 16:12:21,Q2,10001000000,7518000000.0,2483000000.0,0.24827517248275172,0.0,0.0,347000000.0,-123000000.0,1661000000.0,9179000000.0,182000000.0,0.0,705000000.0,0.0704929507049295,822000000,0.0821917808219178,-175000000.0,471000000.0,0.04709529047095291,2000000.0,469000000.0,0.04689531046895311,1.37,1.21,341000000,394000000,https://www.sec.gov/Archives/edgar/data/100517/000119312513302696/0001193125-13-302696-index.htm,https://www.sec.gov/Archives/edgar/data/100517/000119312513302696/d552832d10q.htm,1620599189,18:26:29,20210509
31,2013-03-31,UAL,USD,2013-04-25,2013-04-25 16:10:17,Q1,8721000000,7348000000.0,1373000000.0,0.15743607384474256,0.0,0.0,328000000.0,23000000.0,1545000000.0,8893000000.0,190000000.0,0.0,-144000000.0,-0.016511867905056758,-172000000,-0.019722508886595574,-69000000.0,-426000000.0,-0.048847609219126245,-9000000.0,-417000000.0,-0.0478156174750602,-1.26,-1.26,332000000,332000000,https://www.sec.gov/Archives/edgar/data/100517/000119312513173707/0001193125-13-173707-index.htm,https://www.sec.gov/Archives/edgar/data/100517/000119312513074391/d436512d10k.htm,1620599189,18:26:29,20210509
32,2012-12-31,UAL,USD,2013-02-25,2013-02-25 17:26:52,Q4,8702000000,15043000000.0,-6341000000.0,-0.7286830613652034,0.0,0.0,314000000.0,19000000.0,9167000000.0,8728000000.0,193000000.0,385000000.0,359000000.0,0.04125488393472765,-26000000,-0.0029878188922086877,-420000000.0,-632000000.0,-0.07262698230291886,-12000000.0,-620000000.0,-0.07124798896805332,-1.87,-1.87,331000000,331000000,https://www.sec.gov/Archives/edgar/data/100517/000119312513074391/0001193125-13-074391-index.htm,https://www.sec.gov/Archives/edgar/data/100517/000119312513074391/d436512d10k.htm,1620599189,18:26:29,20210509
33,2012-09-30,UAL,USD,2012-10-25,2012-10-25 17:04:22,Q3,9909000000,5007000000.0,4902000000.0,0.4947017862549198,0.0,2283000000.0,356000000.0,0.0,4188000000.0,9195000000.0,193000000.0,379000000.0,1093000000.0,0.11030376425471794,714000000,0.07205570693309113,-510000000.0,15000000.0,0.0015137753557372085,9000000.0,6000000.0,0.0006055101422948834,0.01812688821752266,0.018072289156626505,331000000,332000000,https://www.sec.gov/Archives/edgar/data/100517/000119312512435658/0001193125-12-435658-index.htm,https://www.sec.gov/Archives/edgar/data/100517/000119312512435658/d408868d10q.htm,1620599189,18:26:29,20210509
34,2012-06-30,UAL,USD,2012-07-26,2012-07-26 16:53:16,Q2,9939000000,4986000000.0,4953000000.0,0.4983398732266828,0.0,2275000000.0,345000000.0,0.0,4172000000.0,9158000000.0,204000000.0,378000000.0,1159000000.0,0.11661132910755609,781000000,0.0785793339370158,-244000000.0,340000000.0,0.03420867290471878,1000000.0,339000000.0,0.034108059160881374,1.02,0.89,331000000,393000000,https://www.sec.gov/Archives/edgar/data/100517/000119312512316988/0001193125-12-316988-index.htm,https://www.sec.gov/Archives/edgar/data/100517/000119312512316988/d362561d10q.htm,1620599189,18:26:29,20210509
35,2012-03-31,UAL,USD,2012-04-27,2012-04-26 18:00:30,Q1,8602000000,4972000000.0,3630000000.0,0.4219948849104859,0.0,1897000000.0,337000000.0,0.0,3737000000.0,8709000000.0,216000000.0,380000000.0,273000000.0,0.031736805394094396,-107000000,-0.012438967681934435,-137000000.0,-447000000.0,-0.05196465938153918,1000000.0,-448000000.0,-0.05208091141594978,-1.36,-1.36,330000000,330000000,https://www.sec.gov/Archives/edgar/data/100517/000119312512186734/0001193125-12-186734-index.htm,https://www.sec.gov/Archives/edgar/data/100517/000119312512073010/d260625d10k.htm,1620599189,18:26:29,20210509
36,2011-12-31,UAL,USD,2012-02-22,2012-02-22 17:19:36,Q4,8928000000,4841000000.0,4087000000.0,0.4577732974910394,0.0,1910000000.0,333000000.0,0.0,3793000000.0,8634000000.0,186000000.0,390000000.0,684000000.0,0.07661290322580645,294000000,0.03293010752688172,-235000000.0,-146000000.0,-0.01635304659498208,-8000000.0,-138000000.0,-0.015456989247311828,-0.41818181818181815,-0.41818181818181815,330000000,330000000,https://www.sec.gov/Archives/edgar/data/100517/000119312512073010/0001193125-12-073010-index.htm,https://www.sec.gov/Archives/edgar/data/100517/000119312512073010/d260625d10k.htm,1620599189,18:26:29,20210509
37,2011-09-30,UAL,USD,2011-10-27,2011-10-27 16:40:51,Q3,10171000000,5168000000.0,5003000000.0,0.4918887031756956,0.0,2020000000.0,377000000.0,0.0,3948000000.0,9116000000.0,227000000.0,384000000.0,1439000000.0,0.14148068036574574,1055000000,0.10372628060171074,-184000000.0,660000000.0,0.06489037459443515,7000000.0,653000000.0,0.0642021433487366,1.97,1.69,330000000,392000000,https://www.sec.gov/Archives/edgar/data/100517/000119312511284246/0001193125-11-284246-index.htm,https://www.sec.gov/Archives/edgar/data/100517/000119312511284246/d238585d10q.htm,1620599189,18:26:29,20210509
38,2011-06-30,UAL,USD,2011-07-26,2011-07-25 21:43:05,Q2,9809000000,4788000000.0,5021000000.0,0.5118768477928433,0.0,2168000000.0,375000000.0,0.0,4067000000.0,8855000000.0,250000000.0,385000000.0,1339000000.0,0.13650728922418187,954000000,0.09725762055255378,-175000000.0,542000000.0,0.05525537771434397,4000000.0,538000000.0,0.054847588948924456,1.63,1.39,330000000,400000000,https://www.sec.gov/Archives/edgar/data/100517/000119312511196459/0001193125-11-196459-index.htm,https://www.sec.gov/Archives/edgar/data/100517/000119312511196459/d10q.htm,1620599189,18:26:29,20210509
39,2011-03-31,UAL,USD,2011-04-21,2011-04-21 17:02:48,Q1,8202000000,4410000000.0,3792000000.0,0.46232626188734455,0.0,1806000000.0,350000000.0,0.0,3681000000.0,8091000000.0,248000000.0,388000000.0,499000000.0,0.060838819800048766,111000000,0.013533284564740308,-78000000.0,-211000000.0,-0.025725432821263106,2000000.0,-213000000.0,-0.02596927578639356,-0.65,-0.65,328000000,328000000,https://www.sec.gov/Archives/edgar/data/100517/000119312511105320/0001193125-11-105320-index.htm,https://www.sec.gov/Archives/edgar/data/100517/000119312511042335/d10k.htm,1620599189,18:26:29,20210509
40,2010-12-31,UAL,USD,2011-02-22,2011-02-22 17:26:02,Q4,8433000000,990000000.0,7443000000.0,0.8826040554962646,0.0,1949000000.0,460000000.0,0.0,5315000000.0,6305000000.0,285000000.0,427000000.0,2555000000.0,0.30297640222933714,2128000000,0.2523419898019685,-482000000.0,-325000000.0,-0.03853907269062018,1000000.0,-325000000.0,-0.03853907269062018,-0.9908536585365854,-0.9908536585365854,328000000,328000000,https://www.sec.gov/Archives/edgar/data/100517/000119312511042335/0001193125-11-042335-index.htm,https://www.sec.gov/Archives/edgar/data/100517/000119312511042335/d10k.htm,1620599189,18:26:29,20210509
41,2010-09-30,UAL,USD,2010-10-21,2010-10-21 16:57:48,Q3,5394000000,2438000000.0,2956000000.0,0.5480163144234335,0.0,1085000000.0,161000000.0,0.0,1714000000.0,4152000000.0,169000000.0,224000000.0,1466000000.0,0.2717834631071561,1242000000,0.23025583982202447,-48000000.0,386000000.0,0.07156099369670003,0.0,387000000.0,0.07174638487208009,2.3,1.75,168200000,235400000,https://www.sec.gov/Archives/edgar/data/100517/000119312510233734/0001193125-10-233734-index.htm,https://www.sec.gov/Archives/edgar/data/100517/000119312510233734/d10q.htm,1620599189,18:26:29,20210509
42,2010-06-30,UAL,USD,2010-07-20,2010-07-20 16:35:09,Q2,5161000000,1438000000.0,3723000000.0,0.721371827165278,0.0,1931000000.0,154000000.0,0.0,2539000000.0,3977000000.0,171000000.0,215000000.0,1399000000.0,0.27107149777174966,1184000000,0.22941290447587676,-103000000.0,271000000.0,0.0525092036427049,-2000000.0,273000000.0,0.05289672544080604,1.62,1.29,168000000,235000000,https://www.sec.gov/Archives/edgar/data/100517/000119312510161812/0001193125-10-161812-index.htm,https://www.sec.gov/Archives/edgar/data/100517/000119312510161812/d10q.htm,1620599189,18:26:29,20210509
43,2010-03-31,UAL,USD,2010-04-27,2010-04-27 16:47:43,Q1,4241000000,1215000000.0,3026000000.0,0.7135109643951898,0.0,1763000000.0,137000000.0,0.0,2321000000.0,3536000000.0,178000000.0,213000000.0,918000000.0,0.2164583824569677,705000000,0.16623437868427257,6000000.0,-82000000.0,-0.01933506248526291,1000000.0,-82000000.0,-0.01933506248526291,-0.49,-0.49,167400000,167400000,https://www.sec.gov/Archives/edgar/data/100517/000119312510094960/0001193125-10-094960-index.htm,https://www.sec.gov/Archives/edgar/data/100517/000119312510041523/d10k.htm,1620599189,18:26:29,20210509
44,2009-12-31,UAL,USD,2010-02-26,2010-02-26 06:09:09,Q4,4193000000,4126000000.0,67000000.0,0.015979012640114476,0.0,-1219000000.0,132000000.0,0.0,4267000000.0,3523000000.0,162000000.0,227000000.0,897000000.0,0.2139279751967565,670000000,0.15979012640114476,-106000000.0,-212000000.0,-0.05056045790603387,29000000.0,-240000000.0,-0.05723825423324588,-1.4336917562724014,-1.4336917562724014,167400000,167400000,https://www.sec.gov/Archives/edgar/data/100517/000119312510041523/0001193125-10-041523-index.htm,https://www.sec.gov/Archives/edgar/data/100517/000119312510041523/d10k.htm,1620599189,18:26:29,20210509
45,2009-09-30,UAL,USD,2009-10-21,2009-10-21 17:14:03,Q3,4433000000,1341000000.0,3092000000.0,0.697496052334762,0.0,1729000000.0,145000000.0,0.0,2333000000.0,3674000000.0,146000000.0,220000000.0,979000000.0,0.22084367245657568,759000000,0.17121588089330025,-53000000.0,-62000000.0,-0.013986013986013986,-4000000.0,-57000000.0,-0.012858109632303182,-0.39,-0.39,145600000,145600000,https://www.sec.gov/Archives/edgar/data/100517/000114036109023635/0001140361-09-023635-index.htm,https://www.sec.gov/Archives/edgar/data/100517/000114036109023635/form10q.htm,1620599189,18:26:29,20210509
46,2009-06-30,UAL,USD,2009-07-23,2009-07-22 18:31:21,Q2,4018000000,933000000.0,3085000000.0,0.7677949228471876,0.0,1671000000.0,139000000.0,0.0,2254000000.0,3187000000.0,135000000.0,222000000.0,1053000000.0,0.2620706819313091,831000000,0.20681931309109008,-53000000.0,14000000.0,0.003484320557491289,-13000000.0,28000000.0,0.006968641114982578,0.19,0.19,145100000,145100000,https://www.sec.gov/Archives/edgar/data/100517/000095012309024435/0000950123-09-024435-index.htm,https://www.sec.gov/Archives/edgar/data/100517/000095012309024435/c88119e10vq.htm,1620599189,18:26:29,20210509
47,2009-03-31,UAL,USD,2009-04-27,2009-04-24 18:00:32,Q1,3691000000,1055000000.0,2636000000.0,0.7141696017339474,0.0,1592000000.0,118000000.0,0.0,2181000000.0,3236000000.0,134000000.0,233000000.0,688000000.0,0.1863993497697101,455000000,0.12327282579246816,-125000000.0,-412000000.0,-0.11162286643186128,-29000000.0,-382000000.0,-0.10349498780818206,-2.64,-2.64,144700000,144700000,https://www.sec.gov/Archives/edgar/data/100517/000136231009005843/0001362310-09-005843-index.htm,https://www.sec.gov/Archives/edgar/data/100517/000095013709001460/c49215e10vk.htm,1620599189,18:26:29,20210509
48,2008-12-31,UAL,USD,2009-03-02,2009-03-02 17:13:27,Q4,4547000000,2156000000.0,2391000000.0,0.5258412139872444,0.0,1789000000.0,152000000.0,0.0,2466000000.0,4622000000.0,111000000.0,262000000.0,187000000.0,0.04112601715416758,-75000000,-0.016494391906751706,-498000000.0,-1300000000.0,-0.28590279305036287,5000000.0,-1303000000.0,-0.28656256872663294,-9.004837595024188,-9.004837595024188,144700000,144700000,https://www.sec.gov/Archives/edgar/data/100517/000095013709001460/0000950137-09-001460-index.htm,https://www.sec.gov/Archives/edgar/data/100517/000095013709001460/c49215e10vk.htm,1620599189,18:26:29,20210509
49,2008-09-30,UAL,USD,2008-10-24,2008-10-24 17:07:47,Q3,5565000000,2782000000.0,2783000000.0,0.5000898472596585,0.0,1919000000.0,181000000.0,0.0,2609000000.0,5391000000.0,125000000.0,234000000.0,408000000.0,0.07331536388140161,174000000,0.031266846361185985,-177000000.0,-778000000.0,-0.1398023360287511,2000000.0,-779000000.0,-0.1399820305480683,-6.13,-6.13,127300000,127300000,https://www.sec.gov/Archives/edgar/data/100517/000136231008006184/0001362310-08-006184-index.htm,https://www.sec.gov/Archives/edgar/data/100517/000136231008006184/c76278e10vq.htm,1620599189,18:26:29,20210509
50,2008-06-30,UAL,USD,2008-07-24,2008-07-23 18:57:14,Q2,5371000000,2280000000.0,3091000000.0,0.5754980450567865,0.0,2026000000.0,193000000.0,0.0,2910000000.0,5190000000.0,126000000.0,216000000.0,397000000.0,0.07391547197914727,181000000,0.03369949730031652,-2249000000.0,-2759000000.0,-0.5136846024948799,-29000000.0,-2729000000.0,-0.5080990504561534,-21.47,-21.47,127100000,127100000,https://www.sec.gov/Archives/edgar/data/100517/000104746908008342/0001047469-08-008342-index.htm,https://www.sec.gov/Archives/edgar/data/100517/000104746908008342/a2186941z10-q.htm,1620599189,18:26:29,20210509
51,2008-03-31,UAL,USD,2008-05-09,2008-05-09 16:45:35,Q1,4711000000,1976000000.0,2735000000.0,0.5805561451921036,0.0,1825000000.0,184000000.0,0.0,2518000000.0,4494000000.0,135000000.0,220000000.0,437000000.0,0.09276162173636171,217000000,0.04606240713224369,-19000000.0,-542000000.0,-0.11504988325196348,-3000000.0,-537000000.0,-0.11398853746550626,-4.45,-4.45,121100000,121100000,https://www.sec.gov/Archives/edgar/data/100517/000104746908006315/0001047469-08-006315-index.htm,https://www.sec.gov/Archives/edgar/data/100517/000104746908001951/a2182991z10-k.htm,1620599189,18:26:29,20210509
52,2007-12-31,UAL,USD,2008-02-29,2008-02-28 19:00:19,Q4,5030000000,78000000.0,4952000000.0,0.984493041749503,0.0,1433000000.0,0.0,0.0,5337000000.0,5415000000.0,0.0,231000000.0,-154000000.0,-0.03061630218687873,-385000000,-0.07654075546719682,55000000.0,-98000000.0,-0.0194831013916501,-43000000.0,-53000000.0,-0.010536779324055666,-0.44399123085485726,-0.44399123085485726,119371727,119371727,https://www.sec.gov/Archives/edgar/data/100517/000104746908001951/0001047469-08-001951-index.htm,https://www.sec.gov/Archives/edgar/data/100517/000104746908001951/a2182991z10-k.htm,1620599189,18:26:29,20210509
53,2007-10-08,UAL,USD,2007-10-31,2007-10-31 16:32:03,Q3,240000000,68000000.0,172000000.0,0.7166666666666667,0.0,0.0,0.0,290000000.0,290000000.0,358000000.0,161000000.0,245000000.0,901000000.0,3.754166666666667,656000000,2.7333333333333334,0.0,566000000.0,2.3583333333333334,232000000.0,334000000.0,1.3916666666666666,2.79798,2.79798,119371727,119371727,https://www.sec.gov/Archives/edgar/data/100517/000010051707000030/0000100517-07-000030-index.htm,https://www.sec.gov/Archives/edgar/data/100517/000010051707000030/body.htm,1620599189,18:26:29,20210509
54,2007-09-30,UAL,USD,2007-09-30,2007-09-30,Q3,5527000000,68000000.0,5459000000.0,0.9876967613533563,0.0,1365000000.0,0.0,0.0,5128000000.0,5196000000.0,0.0,245000000.0,576000000.0,0.10421566853627647,331000000,0.059887823412339426,21000000.0,565000000.0,0.10222543875520174,232000000.0,334000000.0,0.06043061335263253,2.82,2.21,117500000,138636364,,,1620599189,18:26:29,20210509
55,2007-06-30,UAL,USD,2007-07-31,2007-07-30 18:27:01,Q2,5213000000,77000000.0,5136000000.0,0.9852292346057933,0.0,320000000.0,197000000.0,0.0,4919000000.0,4996000000.0,0.0,229000000.0,446000000.0,0.08555534241319777,217000000,0.04162670247458277,5000000.0,465000000.0,0.0892000767312488,192000000.0,274000000.0,0.05256090542873585,2.31,1.83,118614719,149726776,https://www.sec.gov/Archives/edgar/data/100517/000010051707000027/0000100517-07-000027-index.htm,https://www.sec.gov/Archives/edgar/data/100517/000010051707000027/body.htm,1620599189,18:26:29,20210509
56,2007-03-31,UAL,USD,2007-05-09,2007-05-09 17:17:48,Q1,4373000000,93000000.0,4280000000.0,0.978733135147496,0.0,338000000.0,188000000.0,0.0,4732000000.0,4825000000.0,0.0,220000000.0,-232000000.0,-0.05305282414818203,-452000000,-0.10336153670249257,25000000.0,-237000000.0,-0.05419620397896181,-84000000.0,-152000000.0,-0.034758746855705465,-1.32,-1.32,115151515,115151515,https://www.sec.gov/Archives/edgar/data/100517/000110465907037655/0001104659-07-037655-index.htm,https://www.sec.gov/Archives/edgar/data/100517/000110465907019919/a06-25698_210k.htm,1620599189,18:26:29,20210509
57,2006-12-31,UAL,USD,2007-03-16,2007-03-16 14:40:24,Q4,6044000000,-4115000000.0,10159000000.0,1.6808405029781601,0.0,0.0,0.0,0.0,11902000000.0,7787000000.0,0.0,0.0,61000000.0,0.010092653871608206,-1743000000,-0.2883851753805427,24000000.0,22747000000.0,3.763567174056916,-39000000.0,22790000000.0,3.770681667769689,197.9131581551489,197.9131581551489,115151515,115151515,https://www.sec.gov/Archives/edgar/data/100517/000110465907019919/0001104659-07-019919-index.htm,https://www.sec.gov/Archives/edgar/data/100517/000110465907019919/a06-25698_210k.htm,1620599189,18:26:29,20210509
58,2006-09-30,UAL,USD,2006-11-08,2006-11-07 20:37:19,Q3,5176000000,1896000000.0,3280000000.0,0.633693972179289,0.0,1773000000.0,91000000.0,0.0,2339000000.0,4235000000.0,164000000.0,226000000.0,1167000000.0,0.22546367851622875,941000000,0.18180061823802163,3000000.0,249000000.0,0.04810664605873261,60000000.0,190000000.0,0.03670788253477589,1.62,1.3,115600000,151100000,https://www.sec.gov/Archives/edgar/data/100517/000110465906072339/0001104659-06-072339-index.htm,https://www.sec.gov/Archives/edgar/data/100517/000110465906072339/a06-22144_110q.htm,1620599189,18:26:29,20210509
59,2006-06-30,UAL,USD,2006-08-02,2006-08-01 21:28:42,Q2,5113000000,190000000.0,4923000000.0,0.9628398200664972,0.0,1131000000.0,-82000000.0,0.0,4997000000.0,5187000000.0,0.0,218000000.0,144000000.0,0.028163504791707414,-74000000,-0.01447291218462742,0.0,116000000.0,0.022687267748875417,0.0,119000000.0,0.023274007432035986,1.01,0.93,117821782,127956989,https://www.sec.gov/Archives/edgar/data/100517/000110465906050400/0001104659-06-050400-index.htm,https://www.sec.gov/Archives/edgar/data/100517/000110465906050400/a06-17108_110q.htm,1620599189,18:26:29,20210509
60,2006-03-31,UAL,USD,2006-05-10,2006-05-10 17:08:54,Q1,4465000000,193000000.0,4272000000.0,0.9567749160134379,0.0,0.0,201000000.0,0.0,4443000000.0,4636000000.0,0.0,216000000.0,45000000.0,0.010078387458006719,-171000000,-0.03829787234042553,0.0,22623000000.0,5.0667413213885775,0.0,22628000000.0,5.067861142217245,194.66,194.66,116243707,116243707,https://www.sec.gov/Archives/edgar/data/100517/000010051706000031/0000100517-06-000031-index.htm,https://www.sec.gov/Archives/edgar/data/100517/000010051706000021/ualtenk.htm,1620599189,18:26:29,20210509
61,2005-12-31,UAL,USD,2006-03-31,2006-03-31 08:22:56,Q4,4386000000,205000000.0,4181000000.0,0.9532603739170087,0.0,0.0,0.0,0.0,4363000000.0,4568000000.0,0.0,0.0,16663000000.0,3.7991336069311448,-182000000,-0.04149566803465572,-16609000000.0,-16904000000.0,-3.854081167350661,0.0,-16904000000.0,-3.854081167350661,-0.14569411991839612,-0.14569411991839612,116023900000,116023900000,https://www.sec.gov/Archives/edgar/data/100517/000010051706000021/0000100517-06-000021-index.htm,https://www.sec.gov/Archives/edgar/data/100517/000010051706000021/ualtenk.htm,1620599189,18:26:29,20210509
62,2005-11-09,UAL,USD,2005-10-09,2005-11-09 17:52:45,Q3,4655000000,190000000.0,4465000000.0,0.9591836734693877,0.0,0.0,0.0,3086000000.0,3086000000.0,3276000000.0,129000000.0,0.0,165000000.0,0.03544575725026853,165000000,0.03544575725026853,0.0,-1772000000.0,-0.38066595059076264,0.0,-1772000000.0,-0.38066595059076264,-0.01527,-0.01527,116023900000,116023900000,https://www.sec.gov/Archives/edgar/data/100517/000010051705000059/0000100517-05-000059-index.htm,https://www.sec.gov/Archives/edgar/data/100517/000010051705000059/ualtenqf.htm,1620599189,18:26:29,20210509
63,2005-09-30,UAL,USD,2005-09-30,2005-09-30,Q3,4655000000,190000000.0,4465000000.0,0.9591836734693877,0.0,0.0,0.0,0.0,4300000000.0,4490000000.0,0.0,0.0,2187000000.0,0.4698174006444683,165000000,0.03544575725026853,-1816000000.0,-1772000000.0,-0.38066595059076264,0.0,-1772000000.0,-0.38066595059076264,-15.26,-15.26,116120577,116120577,,,1620599189,18:26:29,20210509
64,2005-06-30,UAL,USD,2005-08-09,2005-08-09 17:06:23,Q2,4423000000,147000000.0,4276000000.0,0.9667646393850328,0.0,0.0,0.0,0.0,4228000000.0,4375000000.0,0.0,0.0,1626000000.0,0.3676237847614741,48000000,0.010852362649785214,-1377000000.0,-1434000000.0,-0.32421433416233325,0.0,-1430000000.0,-0.3233099706081845,-12.33,-12.33,115977291,115977291,https://www.sec.gov/Archives/edgar/data/100517/000010051705000042/0000100517-05-000042-index.htm,https://www.sec.gov/Archives/edgar/data/100517/000010051705000042/ualtenq.htm,1620599189,18:26:29,20210509
65,2005-03-31,UAL,USD,2005-05-11,2005-05-11 14:35:08,Q1,3915000000,143000000.0,3772000000.0,0.9634738186462325,0.0,0.0,0.0,0.0,4022000000.0,4165000000.0,0.0,0.0,678000000.0,0.1731800766283525,-250000000,-0.06385696040868455,-715000000.0,-1070000000.0,-0.27330779054916987,0.0,-1070000000.0,-0.27330779054916987,-9.23,-9.23,115926327,115926327,https://www.sec.gov/Archives/edgar/data/100517/000010051705000019/0000100517-05-000019-index.htm,https://www.sec.gov/Archives/edgar/data/100517/000010051705000006/ualkbody.htm,1620599189,18:26:29,20210509
66,2004-12-31,UAL,USD,2005-03-16,2005-03-16 15:54:04,Q4,3988000000,156000000.0,3832000000.0,0.9608826479438315,0.0,0.0,0.0,0.0,4402000000.0,4558000000.0,0.0,0.0,-129000000.0,-0.03234704112337011,-570000000,-0.14292878635907724,-70000000.0,-746000000.0,-0.18706118355065196,0.0,-741000000.0,-0.18580742226680041,-6.391990664898751,-6.391990664898751,115926327,115926327,https://www.sec.gov/Archives/edgar/data/100517/000010051705000006/0000100517-05-000006-index.htm,https://www.sec.gov/Archives/edgar/data/100517/000010051705000006/ualkbody.htm,1620599189,18:26:29,20210509
67,2004-09-30,UAL,USD,2004-11-09,2004-11-08 18:09:04,Q3,4305000000,212000000.0,4093000000.0,0.9507549361207898,0.0,0.0,0.0,0.0,4173000000.0,4385000000.0,0.0,0.0,231000000.0,0.05365853658536585,-80000000,-0.018583042973286876,-98000000.0,-274000000.0,-0.06364692218350755,0.0,-274000000.0,-0.06364692218350755,-2.38,-2.38,115126050,115126050,https://www.sec.gov/Archives/edgar/data/100517/000010051704000038/0000100517-04-000038-index.htm,https://www.sec.gov/Archives/edgar/data/100517/000010051704000038/body.htm,1620599189,18:26:29,20210509
68,2004-06-30,UAL,USD,2004-08-02,2004-07-30 17:58:08,Q2,4041000000,145000000.0,3896000000.0,0.9641177926255877,0.0,0.0,0.0,0.0,4107000000.0,4252000000.0,0.0,0.0,149000000.0,0.036872061370947784,-211000000,-0.05221479831724821,-142000000.0,-247000000.0,-0.06112348428606781,0.0,-247000000.0,-0.06112348428606781,-2.25,-2.25,109777778,109777778,https://www.sec.gov/Archives/edgar/data/100517/000010051704000028/0000100517-04-000028-index.htm,https://www.sec.gov/Archives/edgar/data/100517/000010051704000028/finalbod.htm,1620599189,18:26:29,20210509
69,2004-03-31,UAL,USD,2004-04-30,2004-04-30 17:30:48,Q1,3732000000,196000000.0,3536000000.0,0.947481243301179,0.0,0.0,0.0,0.0,3977000000.0,4173000000.0,0.0,0.0,-73000000.0,-0.019560557341907824,-441000000,-0.11816720257234727,-138000000.0,-459000000.0,-0.1229903536977492,0.0,-459000000.0,-0.1229903536977492,-4.17,-4.17,110071942,110071942,https://www.sec.gov/Archives/edgar/data/100517/000010051704000015/0000100517-04-000015-index.htm,https://www.sec.gov/Archives/edgar/data/100517/000010051704000007/ualtenk.htm,1620599189,18:26:29,20210509
70,2003-12-31,UAL,USD,2004-03-02,2004-03-01 17:35:24,Q4,3614000000,181000000.0,3433000000.0,0.9499169894853348,0.0,0.0,0.0,0.0,2792000000.0,2973000000.0,0.0,0.0,1147000000.0,0.31737686773657997,641000000,0.17736579966795793,-178000000.0,-476000000.0,-0.13171001660210294,0.0,-476000000.0,-0.13171001660210294,-4.324444461968337,-4.324444461968337,110071942,110071942,https://www.sec.gov/Archives/edgar/data/100517/000010051704000007/0000100517-04-000007-index.htm,https://www.sec.gov/Archives/edgar/data/100517/000010051704000007/ualtenk.htm,1620599189,18:26:29,20210509
71,2003-09-30,UAL,USD,2003-10-30,2003-10-30 16:43:44,Q3,3817000000,198000000.0,3619000000.0,0.9481268011527377,0.0,0.0,0.0,0.0,3865000000.0,4063000000.0,0.0,0.0,304000000.0,0.07964369924024103,-246000000,-0.06444851977993188,-285000000.0,-367000000.0,-0.09614880796436992,0.0,-367000000.0,-0.09614880796436992,-3.47,-3.47,105763689,105763689,https://www.sec.gov/Archives/edgar/data/100517/000010051703000075/0000100517-03-000075-index.htm,https://www.sec.gov/Archives/edgar/data/100517/000010051703000075/body.htm,1620599189,18:26:29,20210509
72,2003-06-30,UAL,USD,2003-08-01,2003-08-01 17:19:10,Q2,3109000000,252000000.0,2857000000.0,0.9189449983917658,0.0,0.0,0.0,0.0,3563000000.0,3815000000.0,0.0,0.0,-321000000.0,-0.10324863300096494,-706000000,-0.22708266323576712,-110000000.0,-623000000.0,-0.20038597619813445,0.0,-623000000.0,-0.20038597619813445,-6.26,-6.26,99520767,99520767,https://www.sec.gov/Archives/edgar/data/100517/000010051703000041/0000100517-03-000041-index.htm,https://www.sec.gov/Archives/edgar/data/100517/000010051703000041/body.htm,1620599189,18:26:29,20210509
73,2003-03-31,UAL,USD,2003-05-02,2003-05-02 17:19:45,Q1,3184000000,373000000.0,2811000000.0,0.8828517587939698,0.0,0.0,0.0,0.0,3858000000.0,4231000000.0,0.0,0.0,-409000000.0,-0.12845477386934673,-1047000000,-0.3288316582914573,-404000000.0,-1343000000.0,-0.4217964824120603,0.0,-1343000000.0,-0.4217964824120603,-14.16,-14.16,94844633,94844633,https://www.sec.gov/Archives/edgar/data/100517/000010051703000015/0000100517-03-000015-index.htm,https://www.sec.gov/Archives/edgar/data/100517/000010051703000007/ual.htm,1620599189,18:26:29,20210509
74,2003-03-28,UAL,USD,2003-03-28,2003-03-28 17:24:47,Q4,1741000000,1240000000.0,501000000.0,0.2877656519241815,0.0,0.0,0.0,1565000000.0,1565000000.0,2805000000.0,590000000.0,970000000.0,-1867000000.0,-1.0723721998851234,-2837000000,-1.6295232624928202,0.0,0.0,0.0,0.0,0.0,0.0,0.0,0.0,99520767,99520767,https://www.sec.gov/Archives/edgar/data/100517/000010051703000007/0000100517-03-000007-index.htm,https://www.sec.gov/Archives/edgar/data/100517/000010051703000007/ual.htm,1620599189,18:26:29,20210509
75,2002-12-31,UAL,USD,2002-12-31,2002-12-31,Q4,3467000000,354000000.0,3113000000.0,0.8978944332275742,0.0,0.0,0.0,0.0,3377000000.0,3731000000.0,0.0,0.0,-21000000.0,-0.006057109893279493,-264000000,-0.07614652437265648,-14000000.0,-1144000000.0,-0.3299682722815114,326000000.0,-1473000000.0,-0.4248629939428901,-25.798211642748676,-25.798211642748676,57096981,57096981,,,1620599189,18:26:29,20210509
76,2002-10-25,UAL,USD,2002-10-25,2002-10-25 13:54:18,Q3,3738000000,301000000.0,3437000000.0,0.9194756554307116,0.0,0.0,0.0,2005000000.0,2005000000.0,2306000000.0,157000000.0,0.0,-646000000.0,-0.17281968967362227,-646000000,-0.17281968967362227,0.0,-889000000.0,-0.23782771535580524,0.0,-889000000.0,-0.23782771535580524,-15.570000102106976,-15.570000102106976,57096981,57096981,https://www.sec.gov/Archives/edgar/data/100517/000010051702000073/0000100517-02-000073-index.htm,https://www.sec.gov/Archives/edgar/data/100517/000010051702000073/body.htm,1620599189,18:26:29,20210509
77,2002-09-30,UAL,USD,2002-10-25,2002-10-25,Q3,3737000000,302000000.0,3435000000.0,0.9191865132459192,0.0,0.0,0.0,0.0,4324000000.0,4626000000.0,0.0,0.0,-700000000.0,-0.1873160289001873,-889000000,-0.23789135670323788,54000000.0,-735000000.0,-0.19668183034519668,153000000.0,-889000000.0,-0.23789135670323788,-15.57,-15.57,57096981,57096981,https://www.sec.gov/Archives/edgar/data/100517/000010051702000073/0000100517-02-000073-index.htm,https://www.sec.gov/Archives/edgar/data/100517/000010051702000073/body.htm,1620599189,18:26:29,20210509
78,2002-08-14,UAL,USD,2002-08-14,2002-08-14 15:41:42,Q2,3793000000,306000000.0,3487000000.0,0.9193250725019774,0.0,0.0,0.0,1934000000.0,1934000000.0,2240000000.0,146000000.0,0.0,-485000000.0,-0.1278671236488268,-485000000,-0.1278671236488268,0.0,-340000000.0,-0.0896388083311363,0.0,-340000000.0,-0.0896388083311363,-5.954780691469484,-5.954780691469484,57096981,57096981,https://www.sec.gov/Archives/edgar/data/100517/000010051702000057/0000100517-02-000057-index.htm,https://www.sec.gov/Archives/edgar/data/100517/000010051702000057/body.htm,1620599189,18:26:29,20210509
79,2002-06-30,UAL,USD,2002-06-30,2002-06-30,Q2,3793000000,306000000.0,3487000000.0,0.9193250725019774,0.0,0.0,0.0,0.0,3972000000.0,4278000000.0,0.0,0.0,-318000000.0,-0.08383865014500395,-485000000,-0.1278671236488268,82000000.0,-531000000.0,-0.1399947271289217,-191000000.0,-341000000.0,-0.08990245188505142,-6.08,-6.08,56085526,56085526,,,1620599189,18:26:29,20210509
80,2002-03-31,UAL,USD,2002-04-29,2002-04-29 12:35:07,Q1,3288000000,279000000.0,3009000000.0,0.9151459854014599,0.0,0.0,0.0,0.0,3959000000.0,4238000000.0,0.0,0.0,-750000000.0,-0.2281021897810219,-950000000,-0.2889294403892944,39000000.0,-795000000.0,-0.2417883211678832,-286000000.0,-510000000.0,-0.1551094890510949,-9.22,-9.22,55314534,55314534,https://www.sec.gov/Archives/edgar/data/100517/000010051702000017/0000100517-02-000017-index.htm,https://www.sec.gov/Archives/edgar/data/100517/000010051702000009/ualbody.htm,1620599189,18:26:29,20210509
81,2002-03-08,UAL,USD,2002-03-08,2002-03-08 00:00:00,Q4,1646000000,1280000000.0,366000000.0,0.22235722964763063,0.0,0.0,0.0,1722000000.0,1722000000.0,3002000000.0,525000000.0,1932000000.0,-1839000000.0,-1.117253948967193,-3771000000,-2.2910085054678007,0.0,-1226000000.0,-0.7448359659781288,-1226000000.0,0.0,0.0,0.0,0.0,56085526,56085526,https://www.sec.gov/Archives/edgar/data/100517/000010051702000009/0000100517-02-000009-index.htm,https://www.sec.gov/Archives/edgar/data/100517/000010051702000009/ualbody.htm,1620599189,18:26:29,20210509
82,2001-12-31,UAL,USD,2001-12-31,2001-12-31,Q4,2949000000,3212000000.0,-263000000.0,-0.08918277382163445,0.0,0.0,0.0,0.0,-5257000000.0,-2045000000.0,0.0,0.0,2041000000.0,0.692099016615802,4994000000,1.693455408613089,-985000000.0,-483000000.0,-0.16378433367243134,-177000000.0,-302000000.0,-0.10240759579518481,-5.459686237255474,-5.459686237255474,55314534,55314534,,,1620599189,18:26:29,20210509
83,2001-11-13,UAL,USD,2001-11-13,2001-11-13 00:00:00,Q3,4107000000,395000000.0,3712000000.0,0.9038227416605795,0.0,0.0,0.0,1575000000.0,1575000000.0,1970000000.0,129000000.0,0.0,-2025000000.0,-0.49306062819576335,-2025000000,-0.49306062819576335,0.0,-665000000.0,-0.16191867543218894,-665000000.0,0.0,0.0,0.0,0.0,55314534,55314534,https://www.sec.gov/Archives/edgar/data/100517/000010051701500091/0000100517-01-500091-index.htm,https://www.sec.gov/Archives/edgar/data/100517/000010051701500091/body.htm,1620599189,18:26:29,20210509
84,2001-09-30,UAL,USD,2001-09-30,2001-09-30,Q3,4107000000,395000000.0,3712000000.0,0.9038227416605795,0.0,0.0,0.0,0.0,5997000000.0,6392000000.0,0.0,0.0,-2336000000.0,-0.5687850012174337,-2285000000,-0.5563671779887996,311000000.0,-1823000000.0,-0.4438763087411736,-665000000.0,-1159000000.0,-0.28220112003895786,-21.43,-21.43,54083061,54083061,,,1620599189,18:26:29,20210509
85,2001-08-09,UAL,USD,2001-08-09,2001-08-09 00:00:00,Q2,4658000000,351000000.0,4307000000.0,0.9246457707170459,0.0,0.0,0.0,2625000000.0,2625000000.0,2976000000.0,125000000.0,0.0,-469000000.0,-0.10068699012451696,-469000000,-0.10068699012451696,0.0,114000000.0,0.024474023185916703,-199000000.0,313000000.0,0.06719622155431516,5.787394319267543,5.787394319267543,54083061,54083061,https://www.sec.gov/Archives/edgar/data/100517/000010051701500078/0000100517-01-500078-index.htm,https://www.sec.gov/Archives/edgar/data/100517/000010051701500078/body.htm,1620599189,18:26:29,20210509
86,2001-06-30,UAL,USD,2001-05-09,2001-05-09,Q2,4658000000,352000000.0,4306000000.0,0.9244310863031344,0.0,0.0,0.0,0.0,5043000000.0,5395000000.0,0.0,0.0,-475000000.0,-0.10197509660798626,-737000000,-0.15822241305281237,6000000.0,-562000000.0,-0.12065264061829112,-198000000.0,-365000000.0,-0.07835981107771575,-6.87,-6.87,53129549,53129549,https://www.sec.gov/Archives/edgar/data/100517/000010051701500040/0000100517-01-500040-index.htm,https://www.sec.gov/Archives/edgar/data/100517/000010051701500040/body.htm,1620599189,18:26:29,20210509
87,2001-05-14,UAL,USD,2001-05-14,2001-05-14 00:00:00,Q1,4424000000,313000000.0,4111000000.0,0.929249547920434,0.0,0.0,0.0,2398000000.0,2398000000.0,2711000000.0,129000000.0,0.0,-391000000.0,-0.08838155515370705,-391000000,-0.08838155515370705,0.0,-498000000.0,-0.11256781193490054,-185000000.0,-313000000.0,-0.070750452079566,-5.891260247663687,-5.891260247663687,53129549,53129549,https://www.sec.gov/Archives/edgar/data/100517/000010051701500042/0000100517-01-500042-index.htm,https://www.sec.gov/Archives/edgar/data/100517/000010051701500042/body.htm,1620599189,18:26:29,20210509
88,2001-03-31,UAL,USD,2001-03-31,2001-03-31,Q1,4424000000,313000000.0,4111000000.0,0.929249547920434,0.0,0.0,0.0,0.0,4754000000.0,5067000000.0,0.0,0.0,-386000000.0,-0.08725135623869801,-643000000,-0.14534358047016274,-5000000.0,-489000000.0,-0.11053345388788427,-185000000.0,-313000000.0,-0.070750452079566,-5.97,-5.97,52428811,52428811,,,1620599189,18:26:29,20210509
89,2000-12-31,UAL,USD,2000-12-31,2000-12-31,Q4,4793000000,0.0,0.0,0.0,0.0,0.0,0.0,0.0,3187000000.0,4225000000.0,0.0,0.0,880000000.0,0.18360108491550178,568000000,0.1185061548090966,124000000.0,-110000000.0,-0.022950135614437723,-41000000.0,-71000000.0,-0.014813269351137075,-1.3542172451707897,-1.3542172451707897,52428811,52428811,,,1620599189,18:26:29,20210509
90,2000-09-30,UAL,USD,2000-11-14,2000-11-14,Q3,4905000000,0.0,0.0,0.0,0.0,0.0,0.0,0.0,5199000000.0,5199000000.0,0.0,0.0,16000000.0,0.0032619775739041795,-294000000,-0.0599388379204893,-57000000.0,-172000000.0,-0.03506625891946993,-63000000.0,-116000000.0,-0.023649337410805302,-2.3,-2.3,50434783,50434783,https://www.sec.gov/Archives/edgar/data/100517/000010051700500030/0000100517-00-500030-index.htm,https://www.sec.gov/Archives/edgar/data/100517/000010051700500030/ualtenq.htm,1620599189,18:26:29,20210509
91,2000-06-30,UAL,USD,2000-06-30,2000-06-30,Q2,5109000000,0.0,0.0,0.0,0.0,0.0,0.0,0.0,4751000000.0,4751000000.0,0.0,0.0,600000000.0,0.11743981209630065,358000000,0.07007242121745938,5000000.0,536000000.0,0.10491289880602858,199000000.0,336000000.0,0.06576629477392835,6.61,2.86,50832073,50832073,,,1620599189,18:26:29,20210509
92,2000-03-31,UAL,USD,2000-03-31,2000-03-31,Q1,4546000000,0.0,0.0,0.0,0.0,0.0,0.0,0.0,4526000000.0,4526000000.0,0.0,0.0,245000000.0,0.05389353277606687,20000000,0.004399472063352398,7000000.0,177000000.0,0.03893532776066872,66000000.0,-99000000.0,-0.02177738671359437,-2.72,-2.72,53118369,53118369,,,1620599189,18:26:29,20210509
93,1999-12-31,UAL,USD,1999-12-31,1999-12-31,Q4,4481000000,0.0,0.0,0.0,0.0,0.0,0.0,0.0,18524000000.0,13850000000.0,0.0,1504000000.0,-7865000000.0,-1.7551885739790225,-9369000000,-2.0908279401919216,1469000000.0,207000000.0,0.0461950457487168,73000000.0,129000000.0,0.028788216915866995,2.4285384214263055,2.4285384214263055,53118369,53118369,,,1620599189,18:26:29,20210509
94,1999-09-30,UAL,USD,1999-09-30,1999-09-30,Q3,4845000000,1649000000.0,3196000000.0,0.6596491228070176,0.0,-593000000.0,316000000.0,0.0,-671000000.0,978000000.0,0.0,214000000.0,4081000000.0,0.842311661506708,3867000000,0.7981424148606812,-7000000.0,562000000.0,0.11599587203302374,203000000.0,359000000.0,0.0740970072239422,6.378895,6.378895,51419567,51419567,,,1620599189,18:26:29,20210509
95,1999-06-30,UAL,USD,1999-06-30,1999-06-30,Q2,4541000000,1539000000.0,3002000000.0,0.6610878661087866,0.0,-572000000.0,291000000.0,0.0,-632000000.0,907000000.0,0.0,213000000.0,3847000000.0,0.8471702268222858,3634000000,0.8002642589737943,-657000000.0,1051000000.0,0.23144681788152388,379000000.0,669000000.0,0.14732437789033254,12.38828,12.38828,51419567,51419567,,,1620599189,18:26:29,20210509
96,1999-03-31,UAL,USD,1999-03-31,1999-03-31,Q1,4160000000,1487000000.0,2673000000.0,0.6425480769230769,0.0,-543000000.0,283000000.0,0.0,-584000000.0,903000000.0,0.0,211000000.0,3468000000.0,0.8336538461538462,3257000000,0.7829326923076924,39000000.0,122000000.0,0.029326923076923077,44000000.0,78000000.0,0.01875,0.914049,0.914049,51419567,51419567,,,1620599189,18:26:29,20210509
97,1998-12-31,UAL,USD,1998-12-31,1998-12-31,Q4,4281000000,0.0,0.0,0.0,0.0,0.0,0.0,0.0,17720000000.0,13255000000.0,0.0,1375000000.0,-7599000000.0,-1.775052557813595,-8974000000,-2.0962391964494276,50000000.0,87000000.0,0.020322354590049056,28000000.0,53000000.0,0.012380284980144826,1.0307360231174254,1.0307360231174254,51419567,51419567,,,1620599189,18:26:29,20210509
98,1998-09-30,UAL,USD,1998-11-16,1998-11-16,Q3,4783000000,1570000000.0,3213000000.0,0.6717541292076102,0.0,-623000000.0,354000000.0,0.0,-621000000.0,949000000.0,0.0,199000000.0,4033000000.0,0.8431946477106419,3834000000,0.8015889609031989,4000000.0,647000000.0,0.13527075057495297,222000000.0,425000000.0,0.08885636629730295,6.955648,6.955648,57507227,57507227,https://www.sec.gov/Archives/edgar/data/100517/0000100517-98-000047-index.html,https://www.sec.gov/Archives/edgar/data/100517/,1620599189,18:26:29,20210509
99,1998-06-30,UAL,USD,1998-06-30,1998-06-30,Q2,4442000000,1473000000.0,2969000000.0,0.6683926159387663,0.0,-543000000.0,328000000.0,0.0,-544000000.0,929000000.0,0.0,192000000.0,3705000000.0,0.8340837460603332,3513000000,0.7908599729851419,8000000.0,428000000.0,0.09635299414678072,146000000.0,282000000.0,0.06348491670418731,4.469004,4.469004,57507227,57507227,,,1620599189,18:26:29,20210509
100,1998-03-31,UAL,USD,1998-03-31,1998-03-31,Q1,4055000000,1421000000.0,2634000000.0,0.6495684340320592,0.0,-495000000.0,317000000.0,0.0,-474000000.0,947000000.0,0.0,191000000.0,3299000000.0,0.8135635018495684,3108000000,0.7664611590628854,11000000.0,95000000.0,0.02342786683107275,34000000.0,61000000.0,0.015043156596794081,0.608619,0.608619,57507227,57507227,,,1620599189,18:26:29,20210509
101,1997-12-31,UAL,USD,1998-03-06,1998-03-06,Q4,4235000000,0.0,0.0,0.0,0.0,0.0,0.0,0.0,17853000000.0,13319000000.0,0.0,1257000000.0,-7827000000.0,-1.8481700118063755,-9084000000,-2.144982290436836,849000000.0,56000000.0,0.013223140495867768,19000000.0,23000000.0,0.005430932703659976,0.39994973153548163,0.39994973153548163,57507227,57507227,https://www.sec.gov/Archives/edgar/data/100517/0000100517-98-000010-index.html,https://www.sec.gov/Archives/edgar/data/100517/,1620599189,18:26:29,20210509
102,1997-09-30,UAL,USD,1997-09-30,1997-09-30,Q3,4640000000,1529000000.0,3111000000.0,0.6704741379310345,0.0,-590000000.0,409000000.0,0.0,-536000000.0,993000000.0,0.0,182000000.0,3829000000.0,0.8252155172413793,3647000000,0.7859913793103448,-371000000.0,912000000.0,0.19655172413793104,333000000.0,579000000.0,0.1247844827586207,9.502256,9.502256,58933372,58933372,,,1620599189,18:26:29,20210509
103,1997-06-30,UAL,USD,1997-06-30,1997-06-30,Q2,4382000000,1497000000.0,2885000000.0,0.6583751711547239,0.0,-619000000.0,386000000.0,0.0,-594000000.0,903000000.0,0.0,174000000.0,3653000000.0,0.8336376083979918,3479000000,0.7939297124600639,10000000.0,387000000.0,0.08831583751711547,145000000.0,242000000.0,0.0552259242355089,3.783934,3.783934,58933372,58933372,,,1620599189,18:26:29,20210509
104,1997-03-31,UAL,USD,1997-03-31,1997-03-31,Q1,4121000000,1508000000.0,2613000000.0,0.6340694006309149,0.0,-635000000.0,364000000.0,0.0,-604000000.0,904000000.0,0.0,176000000.0,3393000000.0,0.8233438485804416,3217000000,0.7806357680174715,10000000.0,170000000.0,0.04125212327105072,65000000.0,105000000.0,0.025479252608590148,1.459275,1.459275,58933372,58933372,,,1620599189,18:26:29,20210509
105,1996-12-31,UAL,USD,1996-12-31,1996-12-31,Q4,3976000000,0.0,0.0,0.0,0.0,0.0,0.0,0.0,17066000000.0,12787000000.0,0.0,1347000000.0,-7464000000.0,-1.8772635814889336,-8811000000,-2.216046277665996,0.0,33000000.0,0.00829979879275654,13000000.0,19000000.0,0.004778672032193159,0.3223979785171634,0.3223979785171634,58933372,58933372,,,1620599189,18:26:29,20210509
106,1996-09-30,UAL,USD,1996-09-30,1996-09-30,Q3,4488000000,1495000000.0,2993000000.0,0.6668894830659536,0.0,-681000000.0,397000000.0,0.0,-615000000.0,880000000.0,0.0,217000000.0,3825000000.0,0.8522727272727273,3608000000,0.803921568627451,-12000000.0,555000000.0,0.12366310160427807,208000000.0,340000000.0,0.07575757575757576,6.435547,6.435547,50500756,50500756,,,1620599189,18:26:29,20210509
107,1996-06-30,UAL,USD,1996-06-30,1996-06-30,Q2,4164000000,1416000000.0,2748000000.0,0.659942363112392,0.0,-659000000.0,373000000.0,0.0,-612000000.0,804000000.0,0.0,182000000.0,3542000000.0,0.8506243996157541,3360000000,0.8069164265129684,11000000.0,371000000.0,0.08909702209414025,145000000.0,196000000.0,0.04707012487992315,3.564303,3.564303,50500756,50500756,,,1620599189,18:26:29,20210509
108,1996-03-31,UAL,USD,1996-03-31,1996-03-31,Q1,3735000000,1296000000.0,2439000000.0,0.653012048192771,0.0,-547000000.0,337000000.0,0.0,-455000000.0,841000000.0,0.0,189000000.0,3083000000.0,0.8254350736278447,2894000000,0.7748326639892905,0.0,10000000.0,0.002677376171352075,4000000.0,-23000000.0,-0.006157965194109772,-0.772266,-0.772266,50500756,50500756,,,1620599189,18:26:29,20210509
109,1995-12-31,UAL,USD,1995-12-31,1995-12-31,Q4,3667000000,0.0,0.0,0.0,0.0,0.0,0.0,0.0,16359000000.0,12828000000.0,0.0,1243000000.0,-7918000000.0,-2.159258249250068,-9161000000,-2.498227433869648,51000000.0,-30000000.0,-0.008181074447777475,-11000000.0,-48000000.0,-0.01308971911644396,-0.9504808205247463,-0.9504808205247463,50500756,50500756,,,1620599189,18:26:29,20210509
110,1995-09-30,UAL,USD,1995-09-30,1995-09-30,Q3,4127000000,1244000000.0,2883000000.0,0.6985703901138842,0.0,-667000000.0,409000000.0,0.0,-508000000.0,736000000.0,0.0,182000000.0,3573000000.0,0.8657620547613278,3391000000,0.8216622243760601,-8000000.0,394000000.0,0.09546886358129392,151000000.0,243000000.0,0.058880542767143204,4.624095,4.624095,49739460,49739460,,,1620599189,18:26:29,20210509
111,1995-06-30,UAL,USD,1995-08-10,1995-08-10,Q2,3815000000,1179000000.0,2636000000.0,0.690956749672346,0.0,-658000000.0,364000000.0,0.0,-526000000.0,653000000.0,0.0,174000000.0,3336000000.0,0.8744429882044561,3162000000,0.8288335517693316,14000000.0,251000000.0,0.06579292267365662,100000000.0,151000000.0,0.03958060288335518,2.834771,2.834771,49739460,49739460,https://www.sec.gov/Archives/edgar/data/100517/0000100517-95-000054-index.html,https://www.sec.gov/Archives/edgar/data/100517/,1620599189,18:26:29,20210509
112,1995-03-31,UAL,USD,1995-03-31,1995-03-31,Q1,3334000000,1108000000.0,2226000000.0,0.6676664667066586,0.0,-608000000.0,342000000.0,0.0,-487000000.0,621000000.0,0.0,163000000.0,2876000000.0,0.862627474505099,2713000000,0.8137372525494901,36000000.0,6000000.0,0.001799640071985603,3000000.0,3000000.0,0.0008998200359928015,-0.261362,-0.261362,49739460,49739460,,,1620599189,18:26:29,20210509
113,1994-12-31,UAL,USD,1995-07-11,1995-07-11,Q4,3439000000,0.0,0.0,0.0,0.0,1845000000.0,-918000000.0,0.0,14779000000.0,11451000000.0,0.0,1179000000.0,-6833000000.0,-1.9869148008141901,-8012000000,-2.3297470194824075,44000000.0,10000000.0,0.002907822041291073,-1000000.0,11000000.0,0.00319860424542018,0.22115238082600816,0.22115238082600816,49739460,49739460,https://www.sec.gov/Archives/edgar/data/100517/0000100517-95-000047-index.html,https://www.sec.gov/Archives/edgar/data/100517/,1620599189,18:26:29,20210509
114,1994-09-30,UAL,USD,1994-09-30,1994-09-30,Q3,3814000000,1172000000.0,2642000000.0,0.6927110644992134,0.0,-584000000.0,389000000.0,0.0,-412000000.0,760000000.0,0.0,184000000.0,3238000000.0,0.848977451494494,3054000000,0.8007341373885685,-81000000.0,162000000.0,0.042475091767173574,80000000.0,82000000.0,0.02149973780807551,0.8631578947368421,0.8631578947368421,95000000,95000000,,,1620599189,18:26:29,20210509
115,1994-06-30,UAL,USD,1994-06-30,1994-06-30,Q2,3502000000,1103000000.0,2399000000.0,0.6850371216447744,0.0,-635000000.0,360000000.0,0.0,-468000000.0,635000000.0,0.0,177000000.0,3044000000.0,0.8692175899486008,2867000000,0.818675042832667,-10000000.0,107000000.0,0.030553969160479727,52000000.0,55000000.0,0.015705311250713876,0.5789473684210527,0.5789473684210527,95000000,95000000,,,1620599189,18:26:29,20210509
116,1994-03-31,UAL,USD,1994-03-31,1994-03-31,Q1,3348500000,0.0,0.0,0.0,0.0,0.0,0.0,0.0,0.0,0.0,0.0,0.0,3348500000.0,1.0,3348500000,1.0,0.0,0.0,0.0,0.0,-34000000.0,-0.010153800209048828,-0.35789473684210527,-0.35789473684210527,95000000,95000000,,,1620599189,18:26:29,20210509
117,1993-12-31,UAL,USD,1993-12-31,1993-12-31,Q4,3641000000,998000000.0,2643000000.0,0.7258994781653392,0.0,2517000000.0,0.0,0.0,2624000000.0,3622000000.0,0.0,107000000.0,126000000.0,0.03460587750617962,19000000,0.005218346608074705,-41000000.0,-97000000.0,-0.026641032683328757,-32000000.0,-65000000.0,-0.017852238396045043,-0.6842105263157895,-0.6842105263157895,95000000,95000000,,,1620599189,18:26:29,20210509
118,1993-09-30,UAL,USD,1993-09-30,1993-09-30,Q3,3990000000,903000000.0,3087000000.0,0.7736842105263158,0.0,2616000000.0,0.0,0.0,2806000000.0,3709000000.0,0.0,190000000.0,471000000.0,0.11804511278195488,281000000,0.07042606516290727,17000000.0,223000000.0,0.05588972431077694,74000000.0,149000000.0,0.03734335839598998,1.568421052631579,1.568421052631579,95000000,95000000,,,1620599189,18:26:29,20210509
119,1993-06-30,UAL,USD,1993-06-30,1993-06-30,Q2,3548000000,883000000.0,2665000000.0,0.7511273957158963,0.0,2390000000.0,0.0,0.0,2581000000.0,3464000000.0,0.0,191000000.0,275000000.0,0.07750845546786922,84000000,0.02367531003382187,28000000.0,30000000.0,0.008455467869222097,8000000.0,22000000.0,0.0062006764374295375,0.23157894736842105,0.23157894736842105,95000000,95000000,,,1620599189,18:26:29,20210509
120,1993-03-31,UAL,USD,1993-03-31,1993-03-31,Q1,3332000000,874000000.0,2458000000.0,0.7376950780312125,0.0,2386000000.0,0.0,0.0,2579000000.0,3453000000.0,0.0,193000000.0,72000000.0,0.021608643457382955,-121000000,-0.03631452581032413,-8000000.0,-204000000.0,-0.061224489795918366,-66000000.0,-157000000.0,-0.04711884753901561,-1.6526315789473685,-1.6526315789473685,95000000,95000000,,,1620599189,18:26:29,20210509
121,1992-12-31,UAL,USD,1992-12-31,1992-12-31,Q4,3201900000,921000000.0,2280900000.0,0.7123582872669353,0.0,2467700000.0,0.0,0.0,2663100000.0,3584100000.0,0.0,195400000.0,-186800000.0,-0.058340360411005966,-382200000,-0.11936662606577345,42800000.0,-408300000.0,-0.12751803616602642,-157200000.0,-791100000.0,-0.24707205096973672,-8.32736842105263,-8.32736842105263,95000000,95000000,,,1620599189,18:26:29,20210509
122,1992-09-30,UAL,USD,1992-09-30,1992-09-30,Q3,3575400000,902900000.0,2672500000.0,0.747468814678078,0.0,2425500000.0,0.0,0.0,2604500000.0,3507400000.0,0.0,179000000.0,247000000.0,0.06908317950439112,68000000,0.019018851037646136,24000000.0,32100000.0,0.008978016445712368,10600000.0,21500000.0,0.006013313195726352,0.22631578947368422,0.22631578947368422,95000000,95000000,,,1620599189,18:26:29,20210509
123,1992-06-30,UAL,USD,1992-06-30,1992-06-30,Q2,3140400000,820500000.0,2319900000.0,0.7387275506304929,0.0,2215700000.0,0.0,0.0,2393800000.0,3214300000.0,0.0,178100000.0,104200000.0,0.033180486562221376,-73900000,-0.02353203413577888,3500000.0,-126000000.0,-0.04012227741688957,-30900000.0,-95100000.0,-0.030282766526557127,-1.0010526315789474,-1.0010526315789474,95000000,95000000,,,1620599189,18:26:29,20210509
124,1992-03-31,UAL,USD,1992-03-31,1992-03-31,Q1,2972000000,763700000.0,2208300000.0,0.7430349932705249,0.0,2184900000.0,0.0,0.0,2358000000.0,3121700000.0,0.0,173100000.0,23400000.0,0.007873485868102287,-149700000,-0.050370121130551816,47100000.0,-153800000.0,-0.05174966352624495,-61500000.0,-92300000.0,-0.031056527590847913,-0.9715789473684211,-0.9715789473684211,95000000,95000000,,,1620599189,18:26:29,20210509
125,1991-12-31,UAL,USD,1991-12-31,1991-12-31,Q4,2911000000,1630000000.0,1281000000.0,0.440054963929921,0.0,1123000000.0,0.0,505000000.0,1628000000.0,3258000000.0,-58000000.0,0.0,-445000000.0,-0.152868,-347000000,-0.11920302301614566,18000000.0,-386000000.0,-0.1326004809343868,-134000000.0,-253000000.0,-0.08691171418756441,-2.66316,-2.66316,95000000,95000000,,,1620599189,18:26:29,20210509
126,1991-09-30,UAL,USD,1991-09-30,1991-09-30,Q3,3235000000,1668000000.0,1567000000.0,0.4843894899536321,0.0,1030000000.0,0.0,479000000.0,1509000000.0,3177000000.0,-54000000.0,0.0,-16000000.0,-0.004946,58000000,0.01792890262751159,33000000.0,38000000.0,0.011746522411128285,13000000.0,25000000.0,0.0077279752704791345,0.26316,0.26316,95000000,95000000,,,1620599189,18:26:29,20210509
127,1991-06-30,UAL,USD,1991-06-30,1991-06-30,Q2,2954000000,1465000000.0,1489000000.0,0.504062288422478,0.0,963000000.0,0.0,463000000.0,1425000000.0,2890000000.0,-46000000.0,0.0,37000000.0,0.012525,64000000,0.021665538253215978,64000000.0,82000000.0,0.027758970886932972,30000000.0,53000000.0,0.01794177386594448,0.56383,0.56383,94000000,94000000,,,1620599189,18:26:29,20210509
128,1991-03-31,UAL,USD,1991-03-31,1991-03-31,Q1,2563000000,1430000000.0,1133000000.0,0.44206008583690987,0.0,941000000.0,0.0,460000000.0,1402000000.0,2832000000.0,-46000000.0,0.0,-288000000.0,-0.112368,-269000000,-0.10495513070620367,73000000.0,-242000000.0,-0.0944206008583691,-85000000.0,-157000000.0,-0.06125634022629731,-1.76404,-1.76404,89000000,89000000,,,1620599189,18:26:29,20210509
129,1990-12-31,UAL,USD,1990-12-31,1990-12-31,Q4,2804000000,1665000000.0,1139000000.0,0.4062054208273894,0.0,924000000.0,0.0,511000000.0,1435000000.0,3100000000.0,-48000000.0,0.0,-263000000.0,-0.093795,-297000000,-0.10592011412268189,130000000.0,-215000000.0,-0.07667617689015692,-91000000.0,-124000000.0,-0.0442225392296719,-1.42529,-1.42529,87000000,87000000,,,1620599189,18:26:29,20210509
130,1990-09-30,UAL,USD,1990-09-30,1990-09-30,Q3,2973000000,1451000000.0,1522000000.0,0.5119408005381769,0.0,902000000.0,0.0,491000000.0,1393000000.0,2844000000.0,-47000000.0,0.0,146000000.0,0.049109,129000000,0.04339051463168517,112000000.0,193000000.0,0.06491759165825765,87000000.0,106000000.0,0.03565422132526068,1.21839,1.21839,87000000,87000000,,,1620599189,18:26:29,20210509
131,1990-06-30,UAL,USD,1990-06-30,1990-06-30,Q2,2744000000,1237000000.0,1507000000.0,0.549198250728863,0.0,875000000.0,0.0,453000000.0,1328000000.0,2565000000.0,-48000000.0,0.0,198000000.0,0.072157,179000000,0.0652332361516035,115000000.0,246000000.0,0.08965014577259475,98000000.0,148000000.0,0.05393586005830904,1.70115,1.70115,87000000,87000000,,,1620599189,18:26:29,20210509
132,1990-03-31,UAL,USD,1990-03-31,1990-03-31,Q1,2516000000,1224000000.0,1292000000.0,0.5135135135135135,0.0,849000000.0,0.0,491000000.0,1340000000.0,2564000000.0,-49000000.0,0.0,-109000000.0,-0.043323,-47000000,-0.018680445151033388,36000000.0,-61000000.0,-0.02424483306836248,-24000000.0,-36000000.0,-0.014308426073131956,-0.41379,-0.41379,87000000,87000000,,,1620599189,18:26:29,20210509
133,1989-12-31,UAL,USD,1989-12-31,1989-12-31,Q4,2368000000,1155000000.0,1212000000.0,0.5118243243243243,0.0,741000000.0,0.0,503000000.0,1244000000.0,2399000000.0,-50000000.0,0.0,-38000000.0,-0.016047,-32000000,-0.013513513513513514,93000000.0,11000000.0,0.0046452702702702705,5000000.0,7000000.0,0.0029560810810810812,0.08046,0.08046,87000000,87000000,,,1620599189,18:26:29,20210509
134,1989-09-30,UAL,USD,1989-09-30,1989-09-30,Q3,2582000000,1126000000.0,1456000000.0,0.5639039504260264,0.0,869000000.0,0.0,455000000.0,1324000000.0,2450000000.0,-50000000.0,0.0,134000000.0,0.051898,132000000,0.05112316034082107,102000000.0,184000000.0,0.07126258714175059,73000000.0,111000000.0,0.04298993028659954,1.27586,1.27586,87000000,87000000,,,1620599189,18:26:29,20210509
135,1989-06-30,UAL,USD,1989-06-30,1989-06-30,Q2,2516000000,1070000000.0,1446000000.0,0.5747217806041336,0.0,783000000.0,0.0,441000000.0,1225000000.0,2295000000.0,-60000000.0,0.0,174000000.0,0.069157,222000000,0.08823529411764706,73000000.0,234000000.0,0.09300476947535771,93000000.0,141000000.0,0.05604133545310016,1.62069,1.62069,87000000,87000000,,,1620599189,18:26:29,20210509
