,date,symbol,reportedCurrency,fillingDate,acceptedDate,period,revenue,costOfRevenue,grossProfit,grossProfitRatio,researchAndDevelopmentExpenses,generalAndAdministrativeExpenses,sellingAndMarketingExpenses,otherExpenses,operatingExpenses,costAndExpenses,interestExpense,depreciationAndAmortization,ebitda,ebitdaratio,operatingIncome,operatingIncomeRatio,totalOtherIncomeExpensesNet,incomeBeforeTax,incomeBeforeTaxRatio,incomeTaxExpense,netIncome,netIncomeRatio,eps,epsdiluted,weightedAverageShsOut,weightedAverageShsOutDil,link,finalLink,timestamp,est_time,est_date
0,2021-03-31,CIA,USD,2021-05-05,2021-05-05,Q1,55483000.0,367.0,55116.0,0.0009933853612818342,0.0,0.0,0.0,11382.0,0.0,367000.0,0.0,367000.0,-2381000.0,-0.04291404574374132,-2748000.0,-4.9528684461907255e-05,915000.0,-2748.0,-4.9528684461907255e-05,825.0,-3573000.0,-0.06439810392372439,-0.06969440786934715,-0.06969440786934715,51266667,51266667,https://www.sec.gov/Archives/edgar/data/24090/000002409021000026/0000024090-21-000026-index.htm,https://www.sec.gov/Archives/edgar/data/24090/000002409021000026/cia-20210331.htm,1620590278,15:57:58,20210509
1,2020-12-31,CIA,USD,2021-03-10,2021-03-10 16:24:43,Q4,64968000.0,1815.541,64966184.459,0.9999720548423839,0.0,11666000.0,0.0,53649.609,-126000000.0,67317000.0,0.0,652000.0,647854.0,0.009971893855436523,-4146.0,-0.03615626154414481,611000.0,-2349000.0,-0.03615626154414481,-3887000.0,1538000.0,0.023673192956532446,0.03,0.03,51266667,51266667,https://www.sec.gov/Archives/edgar/data/24090/000002409021000012/0000024090-21-000012-index.htm,https://www.sec.gov/Archives/edgar/data/24090/000002409021000012/cia-20201231.htm,1620590278,15:57:58,20210509
2,2020-09-30,CIA,USD,2020-11-04,2020-11-04 17:05:46,Q3,59825000.0,459.0,59824541.0,0.9999923276222316,0.0,19391000.0,0.0,19391.0,68000000.0,67996000.0,0.0,349000.0,-7822000.0,-0.13074801504387798,-8171000.0,-0.13658169661512745,193000.0,-8171000.0,-0.13658169661512745,-256000.0,-7915000.0,-0.13230254910154618,-0.1569222228830865,-0.15570287602785537,50439000,50834000,https://www.sec.gov/Archives/edgar/data/24090/000002409020000055/0000024090-20-000055-index.htm,https://www.sec.gov/Archives/edgar/data/24090/000002409020000055/cia-20200930.htm,1620590278,15:57:58,20210509
3,2020-06-30,CIA,USD,2020-08-05,2020-08-05 16:56:49,Q2,58341000.0,0.0,0.0,0.0,0.0,11139000.0,0.0,0.0,58000000.0,57903000.0,0.0,352000.0,0.0,0.0,0.0,0.007507584717437137,482000.0,438000.0,0.007507584717437137,1465000.0,-1027000.0,-0.017603400695908537,-0.02039843486205732,-0.020324559667524243,50347000,50530000,https://www.sec.gov/Archives/edgar/data/24090/000002409020000034/0000024090-20-000034-index.htm,https://www.sec.gov/Archives/edgar/data/24090/000002409020000034/cia-20200630.htm,1620590278,15:57:58,20210509
4,2020-03-31,CIA,USD,2020-05-07,2020-05-07 15:44:01,Q1,55722000.0,0.0,0.0,0.0,0.0,11473000.0,0.0,0.0,58000000.0,57957000.0,0.0,70000.0,0.0,0.0,0.0,-0.040109830946484334,542000.0,-2235000.0,-0.040109830946484334,1349000.0,-3584000.0,-0.06431929937906034,-0.07269039651150999,-0.07246992215145082,49305000,49455000,https://www.sec.gov/Archives/edgar/data/24090/000002409020000025/0000024090-20-000025-index.htm,https://www.sec.gov/Archives/edgar/data/24090/000002409020000016/cia-20191231x10k.htm,1620590278,15:57:58,20210509
5,2019-12-31,CIA,USD,2020-03-11,2020-03-11 15:39:55,Q4,69806000.0,0.0,0.0,0.0,0.0,10829000.0,0.0,0.0,65000000.0,64878000.0,0.0,-784000.0,0.0,0.0,0.0,0.07059565080365585,270000.0,4928000.0,0.07059565080365585,-23000.0,4951000.0,0.07092513537518265,0.1,0.1,49510000,49510000,https://www.sec.gov/Archives/edgar/data/24090/000002409020000016/0000024090-20-000016-index.htm,https://www.sec.gov/Archives/edgar/data/24090/000002409020000016/cia-20191231x10k.htm,1620590278,15:57:58,20210509
6,2019-09-30,CIA,USD,2019-11-06,2019-11-06 15:07:16,Q3,61467000.0,0.0,0.0,0.0,0.0,11530000.0,0.0,0.0,59000000.0,59335000.0,0.0,776000.0,0.0,0.0,0.0,0.03468527827940195,347000.0,2132000.0,0.03468527827940195,86000.0,2046000.0,0.03328615354580507,0.041560868593715085,0.04147829788959394,49229000,49327000,https://www.sec.gov/Archives/edgar/data/24090/000002409019000036/0000024090-19-000036-index.htm,https://www.sec.gov/Archives/edgar/data/24090/000002409019000036/cia-201993010q.htm,1620590278,15:57:58,20210509
7,2019-06-30,CIA,USD,2019-08-07,2019-08-07 16:49:24,Q2,56866000.0,0.0,0.0,0.0,0.0,11949000.0,0.0,0.0,60000000.0,60189000.0,0.0,870000.0,0.0,0.0,0.0,-0.058435620581718424,616000.0,-3323000.0,-0.058435620581718424,1242000.0,-4565000.0,-0.08027643934864419,-0.0908801337819275,-0.09078795592856291,50231000,50282000,https://www.sec.gov/Archives/edgar/data/24090/000002409019000029/0000024090-19-000029-index.htm,https://www.sec.gov/Archives/edgar/data/24090/000002409019000029/cia-201963010q.htm,1620590278,15:57:58,20210509
8,2019-03-31,CIA,USD,2019-05-10,2019-05-10 10:52:11,Q1,62406000.0,0.0,0.0,0.0,0.0,14132000.0,0.0,0.0,60000000.0,60398000.0,0.0,815000.0,0.0,0.0,0.0,0.032176393295516456,185000.0,2008000.0,0.032176393295516456,5810000.0,-3802000.0,-0.06092362913822389,-0.07569031076426908,-0.07563309395452465,50231000,50269000,https://www.sec.gov/Archives/edgar/data/24090/000002409019000019/0000024090-19-000019-index.htm,https://www.sec.gov/Archives/edgar/data/24090/000002409019000010/cia-20181231x10k.htm,1620590278,15:57:58,20210509
9,2018-12-31,CIA,USD,2019-03-26,2019-03-26 14:17:22,Q4,65570000.0,0.0,0.0,0.0,0.0,14257000.0,0.0,0.0,68000000.0,67598000.0,0.0,1471000.0,0.0,0.0,0.0,-0.030928778404758273,903000.0,-2028000.0,-0.030928778404758273,-8241000.0,6213000.0,0.09475369833765442,0.12368855885807568,0.12368855885807568,50231000,50231000,https://www.sec.gov/Archives/edgar/data/24090/000002409019000010/0000024090-19-000010-index.htm,https://www.sec.gov/Archives/edgar/data/24090/000002409019000010/cia-20181231x10k.htm,1620590278,15:57:58,20210509
10,2018-09-30,CIA,USD,2018-11-07,2018-11-07 16:27:09,Q3,61161000.0,0.0,0.0,0.0,0.0,12402000.0,0.0,0.0,56000000.0,55599000.0,0.0,579000.0,0.0,0.0,0.0,0.09094030509638495,643000.0,5562000.0,0.09094030509638495,20316000.0,-14754000.0,-0.24123215774758425,-0.29459686114771777,-0.2943206527159927,50082000,50129000,https://www.sec.gov/Archives/edgar/data/24090/000002409018000027/0000024090-18-000027-index.htm,https://www.sec.gov/Archives/edgar/data/24090/000002409018000027/cia-201893010q.htm,1620590278,15:57:58,20210509
11,2018-06-30,CIA,USD,2018-08-07,2018-08-07 09:42:06,Q2,59842000.0,0.0,0.0,0.0,0.0,14466000.0,0.0,0.0,64000000.0,63953000.0,0.0,743000.0,0.0,0.0,0.0,-0.06869757026837338,79000.0,-4111000.0,-0.06869757026837338,-1553000.0,-2558000.0,-0.04274589753016276,-0.05107623497464159,-0.05104667637843986,50082000,50111000,https://www.sec.gov/Archives/edgar/data/24090/000002409018000020/0000024090-18-000020-index.htm,https://www.sec.gov/Archives/edgar/data/24090/000002409018000020/cia-201863010q.htm,1620590278,15:57:58,20210509
12,2018-03-31,CIA,USD,2018-05-04,2018-05-04 17:26:52,Q1,57433000.0,0.0,0.0,0.0,0.0,6507000.0,0.0,0.0,55000000.0,54854000.0,0.0,1116000.0,0.0,0.0,0.0,0.04490449741437849,208000.0,2579000.0,0.04490449741437849,2542000.0,37000.0,0.0006442289276200094,0.000739,0.000739,50082000,50082000,https://www.sec.gov/Archives/edgar/data/24090/000002409018000016/0000024090-18-000016-index.htm,https://www.sec.gov/Archives/edgar/data/24090/000002409018000011/cia-20171231x10k.htm,1620590278,15:57:58,20210509
13,2017-12-31,CIA,USD,2018-03-29,2018-03-29 13:43:23,Q4,67863000.0,0.0,0.0,0.0,0.0,19623000.0,10704000.0,0.0,77000000.0,76998000.0,0.0,802000.0,0.0,0.0,0.0,-0.13460943371203749,228000.0,-9135000.0,-0.13460943371203749,35069000.0,-44204000.0,-0.6513711448064483,-0.8826324827283255,-0.8826324827283255,50082000,50082000,https://www.sec.gov/Archives/edgar/data/24090/000002409018000011/0000024090-18-000011-index.htm,https://www.sec.gov/Archives/edgar/data/24090/000002409018000011/cia-20171231x10k.htm,1620590278,15:57:58,20210509
14,2017-09-30,CIA,USD,2017-11-07,2017-11-07 16:23:29,Q3,64331000.0,0.0,0.0,0.0,0.0,7254000.0,10801000.0,0.0,61000000.0,61221000.0,0.0,894000.0,0.0,0.0,0.0,0.048343722311171906,660000.0,3110000.0,0.048343722311171906,-339000.0,3449000.0,0.053613343489142096,0.07,0.07,50082000,50082000,https://www.sec.gov/Archives/edgar/data/24090/000002409017000024/0000024090-17-000024-index.htm,https://www.sec.gov/Archives/edgar/data/24090/000002409017000024/cia-2017930x10q.htm,1620590278,15:57:58,20210509
15,2017-06-30,CIA,USD,2017-08-04,2017-08-04 11:42:54,Q2,60852000.0,0.0,0.0,0.0,0.0,9355000.0,9894000.0,0.0,59000000.0,58756000.0,0.0,743000.0,0.0,0.0,0.0,0.034444225333596264,157000.0,2096000.0,0.034444225333596264,1524000.0,572000.0,0.009399855386840203,0.01,0.01,50082000,50082000,https://www.sec.gov/Archives/edgar/data/24090/000002409017000014/0000024090-17-000014-index.htm,https://www.sec.gov/Archives/edgar/data/24090/000002409017000014/cia-2017630x10q.htm,1620590278,15:57:58,20210509
16,2017-03-31,CIA,USD,2017-05-09,2017-04-27 13:09:39,Q1,59581000.0,0.0,0.0,0.0,0.0,10156000.0,0.0,0.0,59000000.0,58638000.0,0.0,755000.0,0.0,0.0,0.0,0.015827193232741982,198000.0,943000.0,0.015827193232741982,-1113000.0,2056000.0,0.03450764505463151,0.04,0.04,50082000,50082000,https://www.sec.gov/Archives/edgar/data/24090/000002409017000011/0000024090-17-000011-index.htm,https://www.sec.gov/Archives/edgar/data/24090/000002409017000008/cia-20161231x10k.htm,1620590278,15:57:58,20210509
17,2016-12-31,CIA,USD,2017-04-27,2017-04-27 13:09:39,Q4,67903000.0,0.0,0.0,0.0,0.0,10396000.0,0.0,0.0,68000000.0,67206000.0,0.0,681000.0,0.0,0.0,0.0,0.010264642210211625,345000.0,697000.0,0.010264642210211625,642000.0,55000.0,0.0008099789405475458,0.0010981989537159058,0.0010981989537159058,50082000,50082000,https://www.sec.gov/Archives/edgar/data/24090/000002409017000008/0000024090-17-000008-index.htm,https://www.sec.gov/Archives/edgar/data/24090/000002409017000008/cia-20161231x10k.htm,1620590278,15:57:58,20210509
18,2016-09-30,CIA,USD,2016-11-07,2016-11-07 11:30:04,Q3,61741000.0,0.0,0.0,0.0,0.0,5076000.0,0.0,0.0,57000000.0,57469000.0,0.0,836000.0,0.0,0.0,0.0,0.0691922709382744,203000.0,4272000.0,0.0691922709382744,1728000.0,2544000.0,0.041204386064365654,0.05,0.05,50082000,50082000,https://www.sec.gov/Archives/edgar/data/24090/000002409016000068/0000024090-16-000068-index.htm,https://www.sec.gov/Archives/edgar/data/24090/000002409016000068/cia-2016930x10q.htm,1620590278,15:57:58,20210509
19,2016-06-30,CIA,USD,2016-08-09,2016-08-09 14:41:52,Q2,61237000.0,0.0,0.0,0.0,0.0,8566000.0,0.0,0.0,59000000.0,58929000.0,0.0,483000.0,0.0,0.0,0.0,0.03768963208517726,256000.0,2308000.0,0.03768963208517726,989000.0,1319000.0,0.02153926547675425,0.03,0.03,50082000,50082000,https://www.sec.gov/Archives/edgar/data/24090/000002409016000065/0000024090-16-000065-index.htm,https://www.sec.gov/Archives/edgar/data/24090/000002409016000065/cia-2016630x10q.htm,1620590278,15:57:58,20210509
20,2016-03-31,CIA,USD,2016-05-03,2016-05-03 17:18:03,Q1,54525000.0,0.0,0.0,0.0,0.0,9318000.0,0.0,0.0,56000000.0,56319000.0,0.0,869000.0,0.0,0.0,0.0,-0.032902338376891334,151000.0,-1794000.0,-0.032902338376891334,155000.0,-1949000.0,-0.035745071068317286,-0.04,-0.04,50082000,50082000,https://www.sec.gov/Archives/edgar/data/24090/000002409016000052/0000024090-16-000052-index.htm,https://www.sec.gov/Archives/edgar/data/24090/000002409016000049/cia-20151231x10k.htm,1620590278,15:57:58,20210509
21,2015-12-31,CIA,USD,2016-03-24,2016-03-24 17:26:49,Q4,62205000.0,0.0,0.0,0.0,0.0,8189000.0,0.0,0.0,64000000.0,64185000.0,0.0,757000.0,0.0,0.0,0.0,-0.03183023872679045,445000.0,-1980000.0,-0.03183023872679045,213000.0,-2193000.0,-0.03525440077164215,-0.04378818737270876,-0.04378818737270876,50082000,50082000,https://www.sec.gov/Archives/edgar/data/24090/000002409016000049/0000024090-16-000049-index.htm,https://www.sec.gov/Archives/edgar/data/24090/000002409016000049/cia-20151231x10k.htm,1620590278,15:57:58,20210509
22,2015-09-30,CIA,USD,2015-11-09,2015-11-09 15:25:50,Q3,58124000.0,0.0,0.0,0.0,0.0,6958000.0,0.0,0.0,58000000.0,58263000.0,0.0,790000.0,0.0,0.0,0.0,-0.002391438992498796,298000.0,-139000.0,-0.002391438992498796,-242000.0,103000.0,0.001772073498038676,0.002057,0.002057,50082000,50082000,https://www.sec.gov/Archives/edgar/data/24090/000002409015000039/0000024090-15-000039-index.htm,https://www.sec.gov/Archives/edgar/data/24090/000002409015000039/cia-2015930x10q.htm,1620590278,15:57:58,20210509
23,2015-06-30,CIA,USD,2015-08-06,2015-08-06 15:33:48,Q2,60079000.0,0.0,0.0,0.0,0.0,10445000.0,10805000.0,0.0,61000000.0,60917000.0,0.0,703000.0,0.0,0.0,0.0,-0.013948301403152516,426000.0,-838000.0,-0.013948301403152516,1076000.0,-1914000.0,-0.03185805356280897,-0.04,-0.04,50082000,50082000,https://www.sec.gov/Archives/edgar/data/24090/000002409015000033/0000024090-15-000033-index.htm,https://www.sec.gov/Archives/edgar/data/24090/000002409015000033/cia-2015630x10q.htm,1620590278,15:57:58,20210509
24,2015-03-31,CIA,USD,2015-05-06,2015-04-06 15:07:10,Q1,55860000.0,0.0,0.0,0.0,0.0,7551000.0,0.0,0.0,56000000.0,55510000.0,0.0,846000.0,0.0,0.0,0.0,0.006265664160401002,296000.0,350000.0,0.006265664160401002,-75000.0,425000.0,0.007608306480486932,0.01,0.01,50082000,50082000,https://www.sec.gov/Archives/edgar/data/24090/000002409015000027/0000024090-15-000027-index.htm,https://www.sec.gov/Archives/edgar/data/24090/000002409015000018/cia-20141231x10k.htm,1620590278,15:57:58,20210509
25,2014-12-31,CIA,USD,2015-04-06,2015-04-06 15:07:10,Q4,63461000.0,0.0,0.0,0.0,0.0,16612000.0,12592000.0,0.0,72000000.0,72716000.0,0.0,736000.0,0.0,0.0,0.0,-0.1458376010463119,173000.0,-9255000.0,-0.1458376010463119,1921000.0,-11176000.0,-0.176108160917729,-0.2231540273950721,-0.2231540273950721,50082000,50082000,https://www.sec.gov/Archives/edgar/data/24090/000002409015000018/0000024090-15-000018-index.htm,https://www.sec.gov/Archives/edgar/data/24090/000002409015000018/cia-20141231x10k.htm,1620590278,15:57:58,20210509
26,2014-09-30,CIA,USD,2014-11-05,2014-11-05 16:36:29,Q3,57230000.0,0.0,0.0,0.0,0.0,6029000.0,0.0,0.0,54000000.0,53954000.0,0.0,672000.0,0.0,0.0,0.0,0.057242704875065525,145000.0,3276000.0,0.057242704875065525,952000.0,2324000.0,0.040608072689149045,0.04,0.04,50082000,50082000,https://www.sec.gov/Archives/edgar/data/24090/000002409014000019/0000024090-14-000019-index.htm,https://www.sec.gov/Archives/edgar/data/24090/000002409014000019/cia-2014930x10q.htm,1620590278,15:57:58,20210509
27,2014-06-30,CIA,USD,2014-08-07,2014-08-07 12:07:33,Q2,56502000.0,0.0,0.0,0.0,0.0,7448000.0,0.0,0.0,55000000.0,54994000.0,0.0,1036000.0,0.0,0.0,0.0,0.026689320732009487,163000.0,1508000.0,0.026689320732009487,358000.0,1150000.0,0.020353261831439595,0.03,0.03,50082000,50082000,https://www.sec.gov/Archives/edgar/data/24090/000002409014000012/0000024090-14-000012-index.htm,https://www.sec.gov/Archives/edgar/data/24090/000002409014000012/cia-2014630x10q.htm,1620590278,15:57:58,20210509
28,2014-03-31,CIA,USD,2014-05-06,2014-05-06 16:36:17,Q1,53032000.0,0.0,0.0,0.0,0.0,6502000.0,0.0,0.0,51000000.0,51341000.0,0.0,854000.0,0.0,0.0,0.0,0.03188640820636597,169000.0,1691000.0,0.03188640820636597,494000.0,1197000.0,0.02257127771911299,0.02,0.02,50082000,50082000,https://www.sec.gov/Archives/edgar/data/24090/000002409014000004/0000024090-14-000004-index.htm,https://www.sec.gov/Archives/edgar/data/24090/000144530514000987/cia-20131231x10k.htm,1620590278,15:57:58,20210509
29,2013-12-31,CIA,USD,2014-03-11,2014-03-11 16:59:56,Q4,56866000.0,0.0,0.0,0.0,0.0,6386000.0,11050000.0,0.0,55000000.0,55456000.0,0.0,891000.0,0.0,0.0,0.0,0.024795132416558223,246000.0,1410000.0,0.024795132416558223,604000.0,806000.0,0.01417367143811768,0.016093606485364002,0.016093606485364002,50082000,50082000,https://www.sec.gov/Archives/edgar/data/24090/000144530514000987/0001445305-14-000987-index.htm,https://www.sec.gov/Archives/edgar/data/24090/000144530514000987/cia-20131231x10k.htm,1620590278,15:57:58,20210509
30,2013-09-30,CIA,USD,2013-11-06,2013-11-06 16:46:06,Q3,53616000.0,0.0,0.0,0.0,0.0,6163000.0,9940000.0,0.0,51000000.0,50998000.0,0.0,999000.0,0.0,0.0,0.0,0.048828707848403465,269000.0,2618000.0,0.048828707848403465,794000.0,1824000.0,0.03401969561324977,0.03,0.03,50082000,50082000,https://www.sec.gov/Archives/edgar/data/24090/000144530513002763/0001445305-13-002763-index.htm,https://www.sec.gov/Archives/edgar/data/24090/000144530513002763/cia-2013930x10q.htm,1620590278,15:57:58,20210509
31,2013-06-30,CIA,USD,2013-08-06,2013-08-06 16:49:38,Q2,53608000.0,0.0,0.0,0.0,0.0,7342000.0,10429000.0,0.0,52000000.0,51813000.0,0.0,877000.0,0.0,0.0,0.0,0.03348380838680794,427000.0,1795000.0,0.03348380838680794,488000.0,1307000.0,0.02438068944933592,0.03,0.03,50082000,50082000,https://www.sec.gov/Archives/edgar/data/24090/000144530513001924/0001445305-13-001924-index.htm,https://www.sec.gov/Archives/edgar/data/24090/000144530513001924/cia-2013630x10q.htm,1620590278,15:57:58,20210509
32,2013-03-31,CIA,USD,2013-05-02,2013-05-02 17:01:40,Q1,49546000.0,0.0,0.0,0.0,0.0,6699000.0,0.0,0.0,48000000.0,48438000.0,0.0,898000.0,0.0,0.0,0.0,0.022363056553505834,186000.0,1108000.0,0.022363056553505834,252000.0,856000.0,0.01727687401606588,0.02,0.02,50082000,50082000,https://www.sec.gov/Archives/edgar/data/24090/000144530513001078/0001445305-13-001078-index.htm,https://www.sec.gov/Archives/edgar/data/24090/000144530513000562/cia-20121231x10k.htm,1620590278,15:57:58,20210509
33,2012-12-31,CIA,USD,2013-03-12,2013-03-11 17:32:31,Q4,54070000.0,0.0,0.0,0.0,0.0,0.0,0.0,0.0,55000000.0,54511000.0,0.0,-3164000.0,0.0,0.0,0.0,-0.008156093952284076,-121000.0,-441000.0,-0.008156093952284076,-144000.0,-297000.0,-0.005492879600517847,-0.005930274350065892,-0.005930274350065892,50082000,50082000,https://www.sec.gov/Archives/edgar/data/24090/000144530513000562/0001445305-13-000562-index.htm,https://www.sec.gov/Archives/edgar/data/24090/000144530513000562/cia-20121231x10k.htm,1620590278,15:57:58,20210509
34,2012-09-30,CIA,USD,2012-11-06,2012-11-06 16:42:07,Q3,52182000.0,0.0,0.0,0.0,0.0,0.0,9769000.0,0.0,48000000.0,48137000.0,0.0,2583000.0,0.0,0.0,0.0,0.0775171515081829,353000.0,4045000.0,0.0775171515081829,1134000.0,2911000.0,0.055785519911080446,0.05938513637569106,0.059371813175606775,49019000,49030000,https://www.sec.gov/Archives/edgar/data/24090/000144530512003468/0001445305-12-003468-index.htm,https://www.sec.gov/Archives/edgar/data/24090/000144530512003468/cia-2012930x10q.htm,1620590278,15:57:58,20210509
35,2012-06-30,CIA,USD,2012-08-06,2012-08-06 17:00:16,Q2,49602000.0,0.0,0.0,0.0,0.0,0.0,9731000.0,0.0,49000000.0,49263000.0,0.0,2391000.0,0.0,0.0,0.0,0.006834401838635539,148000.0,339000.0,0.006834401838635539,-64000.0,403000.0,0.008124672392242249,0.008230704817923738,0.008226336524525915,48963000,48989000,https://www.sec.gov/Archives/edgar/data/24090/000144530512002474/0001445305-12-002474-index.htm,https://www.sec.gov/Archives/edgar/data/24090/000144530512002474/cia-2012630x10q.htm,1620590278,15:57:58,20210509
36,2012-03-31,CIA,USD,2012-05-07,2012-05-07 16:43:58,Q1,46905000.0,0.0,0.0,0.0,0.0,0.0,8664000.0,0.0,45000000.0,44812000.0,0.0,1890000.0,0.0,0.0,0.0,0.044622108517215646,134000.0,2093000.0,0.044622108517215646,581000.0,1512000.0,0.03223536936360729,0.03,0.03,48959000,48959000,https://www.sec.gov/Archives/edgar/data/24090/000114036112023350/0001140361-12-023350-index.htm,https://www.sec.gov/Archives/edgar/data/24090/000114036112014956/form10k.htm,1620590278,15:57:58,20210509
37,2011-12-31,CIA,USD,2012-03-12,2012-03-12 16:54:14,Q4,52672000.0,0.0,0.0,0.0,0.0,0.0,10148000.0,0.0,51000000.0,52023000.0,0.0,-2019000.0,0.0,0.0,0.0,0.012321537059538274,-1202000.0,649000.0,0.012321537059538274,-480000.0,1129000.0,0.021434538274605102,0.02306011152188566,0.02306011152188566,48959000,48959000,https://www.sec.gov/Archives/edgar/data/24090/000114036112014956/0001140361-12-014956-index.htm,https://www.sec.gov/Archives/edgar/data/24090/000114036112014956/form10k.htm,1620590278,15:57:58,20210509
38,2011-09-30,CIA,USD,2011-11-03,2011-11-03 16:50:10,Q3,48548000.0,0.0,0.0,0.0,0.0,0.0,9224000.0,0.0,46000000.0,45505000.0,0.0,1975000.0,0.0,0.0,0.0,0.06268023399522123,521000.0,3043000.0,0.06268023399522123,820000.0,2223000.0,0.045789733871632196,0.05,0.05,48912000,48912000,https://www.sec.gov/Archives/edgar/data/24090/000114036111051653/0001140361-11-051653-index.htm,https://www.sec.gov/Archives/edgar/data/24090/000114036111051653/form10q.htm,1620590278,15:57:58,20210509
39,2011-06-30,CIA,USD,2011-08-08,2011-08-08 17:30:47,Q2,48510000.0,0.0,0.0,0.0,0.0,0.0,9930000.0,0.0,44000000.0,43770000.0,0.0,3240000.0,0.0,0.0,0.0,0.09771181199752628,920000.0,4740000.0,0.09771181199752628,1497000.0,3243000.0,0.066852195423624,0.07,0.07,48689000,48689000,https://www.sec.gov/Archives/edgar/data/24090/000114036111040292/0001140361-11-040292-index.htm,https://www.sec.gov/Archives/edgar/data/24090/000114036111040292/form10-q.htm,1620590278,15:57:58,20210509
40,2011-03-31,CIA,USD,2011-05-06,2011-05-06 10:21:05,Q1,45283000.0,0.0,0.0,0.0,0.0,0.0,9072000.0,0.0,43000000.0,42550000.0,0.0,859000.0,0.0,0.0,0.0,0.060353775147406315,522000.0,2733000.0,0.060353775147406315,953000.0,1780000.0,0.03930834971181238,0.04,0.03,49689000,49689000,https://www.sec.gov/Archives/edgar/data/24090/000095012311046239/0000950123-11-046239-index.htm,https://www.sec.gov/Archives/edgar/data/24090/000095012311024767/c13979e10vk.htm,1620590278,15:57:58,20210509
41,2010-12-31,CIA,USD,2011-03-11,2011-03-11 16:29:04,Q4,55734000.0,0.0,0.0,0.0,0.0,0.0,-62970000.0,0.0,46000000.0,45817000.0,0.0,1015000.0,0.0,0.0,0.0,0.17793447446800875,58000.0,9917000.0,0.17793447446800875,862000.0,9055000.0,0.162468152294829,0.18223349232224437,0.18223349232224437,49689000,49689000,https://www.sec.gov/Archives/edgar/data/24090/000095012311024767/0000950123-11-024767-index.htm,https://www.sec.gov/Archives/edgar/data/24090/000095012311024767/c13979e10vk.htm,1620590278,15:57:58,20210509
42,2010-09-30,CIA,USD,2010-11-05,2010-11-05 10:58:44,Q3,45455000.0,0.0,0.0,0.0,0.0,0.0,9229000.0,0.0,42000000.0,42476000.0,0.0,989000.0,0.0,0.0,0.0,0.06553734462655374,231000.0,2979000.0,0.06553734462655374,1313000.0,1666000.0,0.036651633483665166,0.03,0.03,48687000,48687000,https://www.sec.gov/Archives/edgar/data/24090/000095012310101419/0000950123-10-101419-index.htm,https://www.sec.gov/Archives/edgar/data/24090/000095012310101419/c07833e10vq.htm,1620590278,15:57:58,20210509
43,2010-06-30,CIA,USD,2010-08-06,2010-08-06 12:37:19,Q2,46160000.0,0.0,0.0,0.0,0.0,0.0,9028000.0,0.0,42000000.0,41798000.0,0.0,1018000.0,0.0,0.0,0.0,0.09449740034662045,517000.0,4362000.0,0.09449740034662045,1177000.0,3185000.0,0.06899913344887348,0.064,0.064,49689000,49689000,https://www.sec.gov/Archives/edgar/data/24090/000095012310074029/0000950123-10-074029-index.htm,https://www.sec.gov/Archives/edgar/data/24090/000095012310074029/c04476e10vq.htm,1620590278,15:57:58,20210509
44,2010-03-31,CIA,USD,2010-05-07,2010-05-07 12:59:53,Q1,43832000.0,0.0,0.0,0.0,0.0,0.0,8128000.0,0.0,41000000.0,41460000.0,0.0,1112000.0,0.0,0.0,0.0,0.05411571454645008,234000.0,2372000.0,0.05411571454645008,767000.0,1605000.0,0.036617083409381274,0.03,0.03,49688000,49688000,https://www.sec.gov/Archives/edgar/data/24090/000095012310046164/0000950123-10-046164-index.htm,https://www.sec.gov/Archives/edgar/data/24090/000095012310024113/c97738e10vk.htm,1620590278,15:57:58,20210509
45,2009-12-31,CIA,USD,2010-03-12,2010-03-12 15:44:54,Q4,54049000.0,0.0,0.0,0.0,0.0,0.0,10074000.0,0.0,46000000.0,45918000.0,0.0,1127000.0,0.0,0.0,0.0,0.1504375659124128,181000.0,8131000.0,0.1504375659124128,132000.0,7999000.0,0.14799533756406225,0.160984543551763,0.160984543551763,49688000,49688000,https://www.sec.gov/Archives/edgar/data/24090/000095012310024113/0000950123-10-024113-index.htm,https://www.sec.gov/Archives/edgar/data/24090/000095012310024113/c97738e10vk.htm,1620590278,15:57:58,20210509
46,2009-09-30,CIA,USD,2009-11-06,2009-11-06 16:20:14,Q3,44844000.0,0.0,0.0,0.0,0.0,0.0,8435000.0,0.0,42000000.0,41776000.0,0.0,1232000.0,0.0,0.0,0.0,0.06841494960306842,273000.0,3068000.0,0.06841494960306842,820000.0,2248000.0,0.050129337258050126,0.042,0.042,49443000,49443000,https://www.sec.gov/Archives/edgar/data/24090/000095012309059329/0000950123-09-059329-index.htm,https://www.sec.gov/Archives/edgar/data/24090/000095012309059329/c92169e10vq.htm,1620590278,15:57:58,20210509
47,2009-06-30,CIA,USD,2009-08-07,2009-08-07 15:34:45,Q2,45429000.0,0.0,0.0,0.0,0.0,0.0,8992000.0,0.0,42000000.0,41808000.0,0.0,1114000.0,0.0,0.0,0.0,0.07970679521891302,1216000.0,3621000.0,0.07970679521891302,905000.0,2716000.0,0.05978559950692289,0.05,0.05,47540000,47540000,https://www.sec.gov/Archives/edgar/data/24090/000095012309032048/0000950123-09-032048-index.htm,https://www.sec.gov/Archives/edgar/data/24090/000095012309032048/c89012e10vq.htm,1620590278,15:57:58,20210509
48,2009-03-31,CIA,USD,2009-05-08,2009-05-08 15:19:24,Q1,44658000.0,0.0,0.0,0.0,0.0,0.0,8035000.0,0.0,39000000.0,38872000.0,0.0,1192000.0,0.0,0.0,0.0,0.12956245241614045,2388000.0,5786000.0,0.12956245241614045,1409000.0,4377000.0,0.09801155448072014,0.067,0.067,47114000,47114000,https://www.sec.gov/Archives/edgar/data/24090/000136231009006922/0001362310-09-006922-index.htm,https://www.sec.gov/Archives/edgar/data/24090/000136231009003835/c82504e10vk.htm,1620590278,15:57:58,20210509
49,2008-12-31,CIA,USD,2009-03-13,2009-03-13 16:35:08,Q4,23303000.0,0.0,0.0,0.0,0.0,0.0,0.0,0.0,44000000.0,44114000.0,0.0,1031000.0,0.0,0.0,0.0,-0.893060979273055,-468000.0,-20811000.0,-0.893060979273055,-191000.0,-20620000.0,-0.8848646097069047,-0.43766184149085197,-0.43766184149085197,47114000,47114000,https://www.sec.gov/Archives/edgar/data/24090/000136231009003835/0001362310-09-003835-index.htm,https://www.sec.gov/Archives/edgar/data/24090/000136231009003835/c82504e10vk.htm,1620590278,15:57:58,20210509
50,2008-09-30,CIA,USD,2008-11-07,2008-11-07 12:45:01,Q3,40163000.0,0.0,0.0,0.0,0.0,0.0,8819000.0,0.0,41000000.0,40661000.0,0.0,969000.0,0.0,0.0,0.0,-0.012399472150984737,-1195000.0,-498000.0,-0.012399472150984737,316000.0,-814000.0,-0.020267410303015213,-0.02,-0.02,44123000,44123000,https://www.sec.gov/Archives/edgar/data/24090/000136231008006848/0001362310-08-006848-index.htm,https://www.sec.gov/Archives/edgar/data/24090/000136231008006848/c76871e10vq.htm,1620590278,15:57:58,20210509
51,2008-06-30,CIA,USD,2008-08-11,2008-08-11 15:16:14,Q2,43281000.0,0.0,0.0,0.0,0.0,0.0,9376000.0,0.0,39000000.0,38948000.0,0.0,976000.0,0.0,0.0,0.0,0.10011321365033156,597000.0,4333000.0,0.10011321365033156,1341000.0,2992000.0,0.06912964118204293,0.06,0.06,44098000,44098000,https://www.sec.gov/Archives/edgar/data/24090/000136231008004431/0001362310-08-004431-index.htm,https://www.sec.gov/Archives/edgar/data/24090/000136231008004431/c74526e10vq.htm,1620590278,15:57:58,20210509
52,2008-03-31,CIA,USD,2008-05-12,2008-05-12 16:56:25,Q1,39926000.0,0.0,0.0,0.0,0.0,0.0,7711000.0,0.0,36000000.0,35545000.0,0.0,1037000.0,0.0,0.0,0.0,0.10972799679406903,-224000.0,4381000.0,0.10972799679406903,1646000.0,2735000.0,0.06850172819716475,0.05,0.05,44072000,44072000,https://www.sec.gov/Archives/edgar/data/24090/000103570408000212/0001035704-08-000212-index.htm,https://www.sec.gov/Archives/edgar/data/24090/000103570408000122/d54945e10vk.htm,1620590278,15:57:58,20210509
53,2007-12-31,CIA,USD,2008-03-17,2008-03-14 17:34:38,Q4,49958000.0,0.0,0.0,0.0,0.0,0.0,0.0,0.0,40000000.0,41386000.0,0.0,1298000.0,0.0,0.0,0.0,0.1715841306697626,1475000.0,8572000.0,0.1715841306697626,2638000.0,5934000.0,0.11877977501100925,0.13464331094572518,0.13464331094572518,44072000,44072000,https://www.sec.gov/Archives/edgar/data/24090/000103570408000122/0001035704-08-000122-index.htm,https://www.sec.gov/Archives/edgar/data/24090/000103570408000122/d54945e10vk.htm,1620590278,15:57:58,20210509
54,2007-09-30,CIA,USD,2007-11-08,2007-11-08 17:28:16,Q3,42807000.0,0.0,0.0,0.0,0.0,0.0,0.0,0.0,36000000.0,36981000.0,0.0,1365000.0,0.0,0.0,0.0,0.1360992361062443,82000.0,5826000.0,0.1360992361062443,1169000.0,4657000.0,0.10879061835681081,0.05,0.05,41315000,41315000,https://www.sec.gov/Archives/edgar/data/24090/000103570407000755/0001035704-07-000755-index.htm,https://www.sec.gov/Archives/edgar/data/24090/000103570407000755/d51394e10vq.htm,1620590278,15:57:58,20210509
55,2007-06-30,CIA,USD,2007-08-09,2007-08-09 14:22:23,Q2,41633000.0,0.0,0.0,0.0,0.0,0.0,0.0,0.0,36000000.0,36451000.0,0.0,1550000.0,0.0,0.0,0.0,0.12446857060504887,545000.0,5182000.0,0.12446857060504887,1655000.0,3527000.0,0.084716450892321,0.07,0.07,41315000,41315000,https://www.sec.gov/Archives/edgar/data/24090/000103570407000582/0001035704-07-000582-index.htm,https://www.sec.gov/Archives/edgar/data/24090/000103570407000582/d48952e10vq.htm,1620590278,15:57:58,20210509
56,2007-03-31,CIA,USD,2007-05-10,2007-05-10 16:56:18,Q1,39396000.0,0.0,0.0,0.0,0.0,0.0,0.0,0.0,35000000.0,35478000.0,0.0,1309000.0,0.0,0.0,0.0,0.09945172098690222,-88000.0,3918000.0,0.09945172098690222,1479000.0,2439000.0,0.06190983856229059,0.05,0.05,41292000,41292000,https://www.sec.gov/Archives/edgar/data/24090/000103570407000387/0001035704-07-000387-index.htm,https://www.sec.gov/Archives/edgar/data/24090/000095013407007086/d44115e10vk.htm,1620590278,15:57:58,20210509
57,2006-12-31,CIA,USD,2007-03-30,2007-03-30 16:16:39,Q4,43269788.0,0.0,0.0,0.0,0.0,0.0,0.0,0.0,34000000.0,38144943.0,0.0,2927425.0,0.0,0.0,0.0,0.11843933693412133,160420.0,5124845.0,0.11843933693412133,2038917.0,3085928.0,0.0713183064358901,0.07473428266976655,0.07473428266976655,41292000,41292000,https://www.sec.gov/Archives/edgar/data/24090/000095013407007086/0000950134-07-007086-index.htm,https://www.sec.gov/Archives/edgar/data/24090/000095013407007086/d44115e10vk.htm,1620590278,15:57:58,20210509
58,2006-09-30,CIA,USD,2006-11-13,2006-11-13 17:29:27,Q3,38485059.0,0.0,0.0,0.0,0.0,0.0,0.0,0.0,34000000.0,34522328.0,0.0,1507444.0,0.0,0.0,0.0,0.10296803754412849,59492.0,3962731.0,0.10296803754412849,1374506.0,2588225.0,0.06725272267349258,0.06276593175152362,0.05850708989807156,41236144,44237801,https://www.sec.gov/Archives/edgar/data/24090/000095013406021424/0000950134-06-021424-index.htm,https://www.sec.gov/Archives/edgar/data/24090/000095013406021424/d41180e10vq.htm,1620590278,15:57:58,20210509
59,2006-06-30,CIA,USD,2006-08-09,2006-08-09 17:23:56,Q2,38196104.0,0.0,0.0,0.0,0.0,0.0,0.0,0.0,37000000.0,36999631.0,0.0,1534621.0,0.0,0.0,0.0,0.03132447749121219,539917.0,1196473.0,0.03132447749121219,242408.0,954065.0,0.024978071061907255,0.01,0.009991,41201502,44665497,https://www.sec.gov/Archives/edgar/data/24090/000103570406000545/0001035704-06-000545-index.htm,https://www.sec.gov/Archives/edgar/data/24090/000103570406000545/d38648e10vq.htm,1620590278,15:57:58,20210509
60,2006-03-31,CIA,USD,2006-05-10,2006-05-10 16:48:12,Q1,38108049.0,0.0,0.0,0.0,0.0,0.0,0.0,0.0,35000000.0,35050098.0,0.0,1444510.0,0.0,0.0,0.0,0.08024422871923986,542171.0,3057951.0,0.08024422871923986,1009169.0,2048782.0,0.05376244792799548,0.04,0.04,41168238,41168238,https://www.sec.gov/Archives/edgar/data/24090/000103570406000349/0001035704-06-000349-index.htm,https://www.sec.gov/Archives/edgar/data/24090/000095013406005321/d33934e10vk.htm,1620590278,15:57:58,20210509
61,2005-12-31,CIA,USD,2006-03-16,2006-03-16 16:26:43,Q4,38865676.0,0.0,0.0,0.0,0.0,0.0,0.0,0.0,33000000.0,33392441.0,0.0,1963702.0,0.0,0.0,0.0,0.14082438705041436,-908212.0,5473235.0,0.14082438705041436,2379429.0,3093806.0,0.07960252640401777,0.07515031369571853,0.07515031369571853,41168238,41168238,https://www.sec.gov/Archives/edgar/data/24090/000095013406005321/0000950134-06-005321-index.htm,https://www.sec.gov/Archives/edgar/data/24090/000095013406005321/d33934e10vk.htm,1620590278,15:57:58,20210509
62,2005-09-30,CIA,USD,2005-11-09,2005-11-09 16:45:28,Q3,36188161.0,0.0,0.0,0.0,0.0,0.0,0.0,0.0,34000000.0,33942286.0,0.0,2981413.0,0.0,0.0,0.0,0.06206104256030032,779780.0,2245875.0,0.06206104256030032,759000.0,1486875.0,0.04108733240133424,0.028037,0.028037,41104264,41104264,https://www.sec.gov/Archives/edgar/data/24090/000103570405000650/0001035704-05-000650-index.htm,https://www.sec.gov/Archives/edgar/data/24090/000103570405000650/d30115e10vq.htm,1620590278,15:57:58,20210509
63,2005-06-30,CIA,USD,2005-08-10,2005-08-10 16:49:22,Q2,34194864.0,0.0,0.0,0.0,0.0,0.0,0.0,0.0,33000000.0,33470275.0,0.0,1474579.0,0.0,0.0,0.0,0.021189995082302418,352112.0,724589.0,0.021189995082302418,362264.0,362325.0,0.01059588948796521,0.0088197719850693,0.0088197719850693,41080994,41080994,https://www.sec.gov/Archives/edgar/data/24090/000103570405000437/0001035704-05-000437-index.htm,https://www.sec.gov/Archives/edgar/data/24090/000103570405000437/d27815e10vq.htm,1620590278,15:57:58,20210509
64,2005-03-31,CIA,USD,2005-05-16,2005-05-16 16:57:51,Q1,35396677.0,0.0,0.0,0.0,0.0,0.0,0.0,0.0,31000000.0,32044455.0,0.0,1512958.0,0.0,0.0,0.0,0.09470442663304242,1437540.0,3352222.0,0.09470442663304242,992736.0,2359486.0,0.0666584041208162,0.046729,0.046729,41055811,41055811,https://www.sec.gov/Archives/edgar/data/24090/000103570405000275/0001035704-05-000275-index.htm,https://www.sec.gov/Archives/edgar/data/24090/000095013405006603/d23464e10vk.htm,1620590278,15:57:58,20210509
65,2004-12-31,CIA,USD,2005-03-31,2005-03-31 17:10:30,Q4,37301076.0,0.0,0.0,0.0,0.0,0.0,0.0,0.0,0.0,33370899.0,0.0,2300170.0,0.0,0.0,0.0,0.10536363615891402,-1117270.0,3930177.0,0.10536363615891402,-1051886.0,4982063.0,0.1335635197225946,0.12134854673800013,0.12134854673800013,41055811,41055811,https://www.sec.gov/Archives/edgar/data/24090/000095013405006603/0000950134-05-006603-index.htm,https://www.sec.gov/Archives/edgar/data/24090/000095013405006603/d23464e10vk.htm,1620590278,15:57:58,20210509
66,2004-09-30,CIA,USD,2004-11-09,2004-11-09 17:14:24,Q3,23533953.0,0.0,0.0,0.0,0.0,0.0,0.0,0.0,0.0,21285627.0,0.0,985079.0,0.0,0.0,0.0,0.09553541642579128,1301521.0,2248326.0,0.09553541642579128,755341.0,1492985.0,0.06343961849503141,0.026203,0.026203,40999274,40999274,https://www.sec.gov/Archives/edgar/data/24090/000103570404000689/0001035704-04-000689-index.htm,https://www.sec.gov/Archives/edgar/data/24090/000103570404000689/d19977e10vq.htm,1620590278,15:57:58,20210509
67,2004-06-30,CIA,USD,2004-08-09,2004-08-09 15:39:11,Q2,21885686.0,0.0,0.0,0.0,0.0,0.0,0.0,0.0,0.0,20453023.0,0.0,827258.0,0.0,0.0,0.0,0.06546118773704421,1010406.0,1432663.0,0.06546118773704421,547715.0,884948.0,0.040435013094860264,0.017469,0.017469,40999274,40999274,https://www.sec.gov/Archives/edgar/data/24090/000103570404000428/0001035704-04-000428-index.htm,https://www.sec.gov/Archives/edgar/data/24090/000103570404000428/d17500e10vq.htm,1620590278,15:57:58,20210509
68,2004-03-31,CIA,USD,2004-05-10,2004-05-10 16:45:51,Q1,20104963.0,0.0,0.0,0.0,0.0,0.0,0.0,0.0,0.0,19628369.0,0.0,901464.0,0.0,0.0,0.0,0.023705291076636152,1069821.0,476594.0,0.023705291076636152,104851.0,371743.0,0.01849011112330821,0.008734,0.008734,40999274,40999274,https://www.sec.gov/Archives/edgar/data/24090/000103570404000228/0001035704-04-000228-index.htm,https://www.sec.gov/Archives/edgar/data/24090/000103570404000228/d15229e10vq.htm,1620590278,15:57:58,20210509
69,2003-12-31,CIA,USD,2003-12-31,2003-12-31,Q4,26866996.0,0.0,0.0,0.0,0.0,0.0,0.0,0.0,0.0,24892692.0,0.0,2099640.0,0.0,0.0,0.0,0.07348435976988273,13563.0,1974304.0,0.07348435976988273,-210844.0,2185148.0,0.08133205513560206,0.053297236433991486,0.053297236433991486,40999274,40999274,,,1620590278,15:57:58,20210509
70,2003-09-30,CIA,USD,2003-11-13,2003-11-13 16:43:01,Q3,25014247.0,0.0,0.0,0.0,0.0,0.0,0.0,0.0,0.0,23166905.0,0.0,1052560.0,0.0,0.0,0.0,0.07385159345392248,319548.0,1847342.0,0.07385159345392248,532898.0,1314444.0,0.0525478140517282,0.032652,0.032652,40036827,40036827,https://www.sec.gov/Archives/edgar/data/24090/000095013403015226/0000950134-03-015226-index.htm,https://www.sec.gov/Archives/edgar/data/24090/000095013403015226/d10456e10vq.htm,1620590278,15:57:58,20210509
71,2003-06-30,CIA,USD,2003-06-30,2003-06-30,Q2,23516018.0,0.0,0.0,0.0,0.0,0.0,0.0,0.0,0.0,23619892.0,0.0,1449644.0,0.0,0.0,0.0,-0.004417159401732045,250763.0,-103874.0,-0.004417159401732045,-69554.0,-34320.0,-0.001459430759068138,-0.0008572107874582569,-0.0008572107874582569,40036827,40036827,,,1620590278,15:57:58,20210509
72,2003-03-31,CIA,USD,2003-05-14,2003-05-14,Q1,19705502.0,0.0,0.0,0.0,0.0,0.0,0.0,0.0,0.0,20134952.0,0.0,3197505.0,0.0,0.0,0.0,-0.02179340571988473,286096.0,-429450.0,-0.02179340571988473,-90443.0,-339007.0,-0.01720367235506104,-0.008163,-0.008163,38328726,38328726,https://www.sec.gov/Archives/edgar/data/24090/000103570403000297/0001035704-03-000297-index.htm,https://www.sec.gov/Archives/edgar/data/24090/000103570403000297/d05791e10vq.txt,1620590278,15:57:58,20210509
73,2002-12-31,CIA,USD,2002-12-31,2002-12-31,Q4,23684268.0,0.0,0.0,0.0,0.0,0.0,0.0,0.0,0.0,21996828.0,0.0,830183.0,0.0,0.0,0.0,0.07124729377323377,-15718.0,1687440.0,0.07124729377323377,332859.0,1354581.0,0.05719328121097093,0.03534114335029033,0.03534114335029033,38328726,38328726,,,1620590278,15:57:58,20210509
74,2002-09-30,CIA,USD,2002-11-14 00:00:00,2002-11-14 16:43:31,Q3,22253889.0,0.0,0.0,0.0,0.0,0.0,0.0,0.0,0.0,21834228.0,0.0,1362373.0,0.0,0.0,0.0,0.018857872437487218,168862.0,419661.0,0.018857872437487218,196729.0,222932.0,0.010017664777603592,0.008163,0.008163,36899499,36899499,https://www.sec.gov/Archives/edgar/data/24090/000095013402014446/0000950134-02-014446-index.html,https://www.sec.gov/Archives/edgar/data/24090/000095013402014446/d01298e10vq.txt,1620590278,15:57:58,20210509
75,2002-06-30,CIA,USD,2002-08-14 00:00:00,2002-08-14 15:07:13,Q2,21296992.0,0.0,0.0,0.0,0.0,0.0,0.0,0.0,0.0,19923701.0,0.0,840485.0,0.0,0.0,0.0,0.06448286218072487,184772.0,1373291.0,0.06448286218072487,199390.0,1173901.0,0.055120507158945266,0.032652,0.032652,36899499,36899499,https://www.sec.gov/Archives/edgar/data/24090/000095013402010033/0000950134-02-010033-index.html,https://www.sec.gov/Archives/edgar/data/24090/000095013402010033/d99176e10vq.txt,1620590278,15:57:58,20210509
76,2002-03-31,CIA,USD,2002-05-14 00:00:00,2002-05-14 17:25:21,Q1,15768749.0,0.0,0.0,0.0,0.0,0.0,0.0,0.0,0.0,13710115.0,0.0,290634.0,0.0,0.0,0.0,0.1305515104590732,202717.0,2058634.0,0.1305515104590732,555831.0,1502803.0,0.09530261405010632,0.042589,0.042589,35615756,35615756,https://www.sec.gov/Archives/edgar/data/24090/000095013402005490/0000950134-02-005490-index.html,https://www.sec.gov/Archives/edgar/data/24090/000095013402005490/d96912e10-q.txt,1620590278,15:57:58,20210509
77,2001-12-31,CIA,USD,2002-03-27 00:00:00,2002-03-27 00:00:00,Q4,18228560.0,0.0,0.0,0.0,0.0,0.0,0.0,0.0,0.0,16593461.0,0.0,823920.0,0.0,0.0,0.0,0.08969984463940103,54.0,1635099.0,0.08969984463940103,135517.0,1499582.0,0.08226552179656539,0.04210445511812244,0.04210445511812244,35615756,35615756,https://www.sec.gov/Archives/edgar/data/24090/000095013402002672/0000950134-02-002672-index.html,https://www.sec.gov/Archives/edgar/data/24090/000095013402002672/d95271e10-k.txt,1620590278,15:57:58,20210509
78,2001-09-30,CIA,USD,2001-11-07 00:00:00,2001-11-07 00:00:00,Q3,17582734.0,0.0,0.0,0.0,0.0,0.0,0.0,0.0,0.0,15637391.0,0.0,652633.0,0.0,0.0,0.0,0.11063939203084117,186988.0,1945343.0,0.11063939203084117,585000.0,1360343.0,0.07736811578904623,0.035491,0.035491,35400535,35400535,https://www.sec.gov/Archives/edgar/data/24090/000103570401500453/0001035704-01-500453-index.html,https://www.sec.gov/Archives/edgar/data/24090/000103570401500453/d91841e10-q.txt,1620590278,15:57:58,20210509
79,2001-06-30,CIA,USD,2001-08-14 00:00:00,2001-08-14 00:00:00,Q2,16353749.0,0.0,0.0,0.0,0.0,0.0,0.0,0.0,0.0,15617737.0,0.0,533908.0,0.0,0.0,0.0,0.04500570480811464,161722.0,736012.0,0.04500570480811464,155000.0,581012.0,0.0355277557457926,0.014196,0.014196,35400535,35400535,https://www.sec.gov/Archives/edgar/data/24090/000095013401505237/0000950134-01-505237-index.html,https://www.sec.gov/Archives/edgar/data/24090/000095013401505237/d89829e10-q.txt,1620590278,15:57:58,20210509
80,2001-03-31,CIA,USD,2001-05-15 00:00:00,2001-05-15 00:00:00,Q1,15481781.0,0.0,0.0,0.0,0.0,0.0,0.0,0.0,0.0,14769605.0,0.0,636673.0,0.0,0.0,0.0,0.04600090906853675,187057.0,712176.0,0.04600090906853675,190000.0,522176.0,0.03372841923031982,0.014196,0.014196,35400535,35400535,https://www.sec.gov/Archives/edgar/data/24090/000095013401501897/0000950134-01-501897-index.html,https://www.sec.gov/Archives/edgar/data/24090/000095013401501897/d86960e10-q.txt,1620590278,15:57:58,20210509
81,2000-12-31,CIA,USD,2000-12-31,2000-12-31,Q4,17621342.0,0.0,0.0,0.0,0.0,0.0,0.0,0.0,0.0,15224838.0,0.0,953810.0,0.0,0.0,0.0,0.13600008444305775,-60127.0,2396504.0,0.13600008444305775,705398.0,1691106.0,0.09596919462774174,0.047770633974882015,0.047770633974882015,35400535,35400535,,,1620590278,15:57:58,20210509
82,2000-09-30,CIA,USD,2000-11-14 00:00:00,2000-11-14 00:00:00,Q3,17010084.0,0.0,0.0,0.0,0.0,0.0,0.0,0.0,0.0,17631964.0,0.0,501042.0,0.0,0.0,0.0,-0.036559490241200455,217924.0,-621880.0,-0.036559490241200455,-335073.0,-286807.0,-0.016860998452447384,-0.006634,-0.006634,35371574,35371574,https://www.sec.gov/Archives/edgar/data/24090/000095013400009791/0000950134-00-009791-index.html,https://www.sec.gov/Archives/edgar/data/24090/000095013400009791/d81879e10-q.txt,1620590278,15:57:58,20210509
83,2000-06-30,CIA,USD,2000-08-14 00:00:00,2000-08-14 00:00:00,Q2,16468250.0,0.0,0.0,0.0,0.0,0.0,0.0,0.0,0.0,15298624.0,0.0,580290.0,0.0,0.0,0.0,0.0710230898850819,217178.0,1169626.0,0.0710230898850819,220512.0,949114.0,0.05763296039348443,0.026535,0.026535,35371574,35371574,https://www.sec.gov/Archives/edgar/data/24090/000095013400007015/0000950134-00-007015-index.html,https://www.sec.gov/Archives/edgar/data/24090/000095013400007015/e10-q.txt,1620590278,15:57:58,20210509
84,2000-03-31,CIA,USD,2000-05-12 00:00:00,2000-05-12 00:00:00,Q1,15578440.0,0.0,0.0,0.0,0.0,0.0,0.0,0.0,0.0,15998949.0,0.0,569051.0,0.0,0.0,0.0,-0.02699301085346158,213965.0,-420509.0,-0.02699301085346158,-119837.0,-300672.0,-0.019300520462896157,-0.0062,-0.0062,37847585,37847585,https://www.sec.gov/Archives/edgar/data/24090/000103570400000310/0001035704-00-000310-index.html,https://www.sec.gov/Archives/edgar/data/24090/0001035704-00-000310.txt,1620590278,15:57:58,20210509
85,1999-12-31,CIA,USD,1999-12-31,1999-12-31,Q4,18877058.0,0.0,0.0,0.0,0.0,0.0,0.0,0.0,0.0,53904609.0,0.0,630772.0,0.0,0.0,0.0,0.05151485999566246,-9091129.0,972449.0,0.05151485999566246,-498623.0,171072.0,0.00906242911368922,0.004520024197052467,0.004520024197052467,37847585,37847585,,,1620590278,15:57:58,20210509
86,1999-09-30,CIA,USD,1999-11-10 00:00:00,1999-11-10 00:00:00,Q3,17900000.0,0.0,0.0,0.0,0.0,0.0,0.0,0.0,0.0,5900000.0,0.0,600000.0,0.0,0.0,0.0,0.0,3000000.0,0.0,0.0,200000.0,900000.0,0.05027932960893855,0.028446,0.028446,33079261,33079261,https://www.sec.gov/Archives/edgar/data/24090/000002409099000006/0000024090-99-000006-index.html,https://www.sec.gov/Archives/edgar/data/24090/0000024090-99-000006.txt,1620590278,15:57:58,20210509
87,1999-06-30,CIA,USD,1999-08-13 00:00:00,1999-08-13 00:00:00,Q2,18200000.0,0.0,0.0,0.0,0.0,0.0,0.0,0.0,0.0,5900000.0,0.0,1000000.0,0.0,0.0,0.0,0.0,3300000.0,0.0,0.0,-100000.0,-100000.0,-0.005494505494505495,-0.007112,-0.007112,33079261,33079261,https://www.sec.gov/Archives/edgar/data/24090/000002409099000004/0000024090-99-000004-index.html,https://www.sec.gov/Archives/edgar/data/24090/0000024090-99-000004.txt,1620590278,15:57:58,20210509
88,1999-03-31,CIA,USD,1999-05-17 00:00:00,1999-05-17 00:00:00,Q1,16800000.0,0.0,0.0,0.0,0.0,0.0,0.0,0.0,0.0,6400000.0,0.0,400000.0,0.0,0.0,0.0,0.0,3300000.0,0.0,0.0,100000.0,300000.0,0.017857142857142856,0.008174,0.008174,26699600,26699600,https://www.sec.gov/Archives/edgar/data/24090/000002409099000003/0000024090-99-000003-index.html,https://www.sec.gov/Archives/edgar/data/24090/0000024090-99-000003.txt,1620590278,15:57:58,20210509
89,1998-12-31,CIA,USD,1998-12-31,1998-12-31,Q4,19084915.0,0.0,0.0,0.0,0.0,0.0,0.0,0.0,0.0,60862180.0,0.0,-300000.0,0.0,0.0,0.0,-0.2974739473558043,-9562927.0,-5677265.0,-0.2974739473558043,743428.0,1579307.0,0.08275158678988091,0.059150961063087086,0.059150961063087086,26699600,26699600,,,1620590278,15:57:58,20210509
90,1998-09-30,CIA,USD,1998-11-16 00:00:00,1998-11-16 00:00:00,Q3,19000000.0,0.0,0.0,0.0,0.0,0.0,0.0,0.0,0.0,5700000.0,0.0,10200000.0,0.0,0.0,0.0,0.0,3600000.0,0.0,0.0,200000.0,-8600000.0,-0.45263157894736844,-0.263121,-0.263121,32162941,32162941,https://www.sec.gov/Archives/edgar/data/24090/000002409098000005/0000024090-98-000005-index.html,https://www.sec.gov/Archives/edgar/data/24090/0000024090-98-000005.txt,1620590278,15:57:58,20210509
91,1998-06-30,CIA,USD,1998-08-14 00:00:00,1998-08-14 00:00:00,Q2,18200000.0,0.0,0.0,0.0,0.0,0.0,0.0,0.0,0.0,6100000.0,0.0,900000.0,0.0,0.0,0.0,0.0,3700000.0,0.0,0.0,100000.0,200000.0,0.01098901098901099,0.007112,0.007112,32162941,32162941,https://www.sec.gov/Archives/edgar/data/24090/000002409098000003/0000024090-98-000003-index.html,https://www.sec.gov/Archives/edgar/data/24090/0000024090-98-000003.txt,1620590278,15:57:58,20210509
92,1998-03-31,CIA,USD,1998-05-15 00:00:00,1998-05-15 00:00:00,Q1,16500000.0,0.0,0.0,0.0,0.0,0.0,0.0,0.0,0.0,5700000.0,0.0,800000.0,0.0,0.0,0.0,0.0,3100000.0,0.0,0.0,0.0,100000.0,0.006060606060606061,0.007112,0.007112,32164165,32164165,https://www.sec.gov/Archives/edgar/data/24090/000002409098000002/0000024090-98-000002-index.html,https://www.sec.gov/Archives/edgar/data/24090/0000024090-98-000002.txt,1620590278,15:57:58,20210509
93,1997-12-31,CIA,USD,1998-03-31 00:00:00,1998-03-31 00:00:00,Q4,16827298.0,0.0,0.0,0.0,0.0,0.0,0.0,0.0,0.0,39397554.0,0.0,2200000.0,0.0,0.0,0.0,0.2394765933306702,-8253929.0,4029744.0,0.2394765933306702,-195779.0,1625523.0,0.09660035734792359,0.05053832424998442,0.05053832424998442,32164165,32164165,https://www.sec.gov/Archives/edgar/data/24090/000103570498000230/0001035704-98-000230-index.html,https://www.sec.gov/Archives/edgar/data/24090/0001035704-98-000230.txt,1620590278,15:57:58,20210509
94,1997-09-30,CIA,USD,1997-11-14 00:00:00,1997-11-14 00:00:00,Q3,18200000.0,0.0,0.0,0.0,0.0,0.0,0.0,0.0,0.0,8500000.0,0.0,-800000.0,0.0,0.0,0.0,0.0,2800000.0,0.0,0.0,500000.0,1400000.0,0.07692307692307693,0.042669,0.042669,25191540,25191540,https://www.sec.gov/Archives/edgar/data/24090/000002409097000013/0000024090-97-000013-index.html,https://www.sec.gov/Archives/edgar/data/24090/0000024090-97-000013.txt,1620590278,15:57:58,20210509
95,1997-06-30,CIA,USD,1997-08-14 00:00:00,1997-08-14 00:00:00,Q2,15900000.0,0.0,0.0,0.0,0.0,0.0,0.0,0.0,0.0,7200000.0,0.0,500000.0,0.0,0.0,0.0,0.0,2800000.0,0.0,0.0,300000.0,500000.0,0.031446540880503145,0.021335,0.021335,25801472,25801472,https://www.sec.gov/Archives/edgar/data/24090/000002409097000009/0000024090-97-000009-index.html,https://www.sec.gov/Archives/edgar/data/24090/0000024090-97-000009.txt,1620590278,15:57:58,20210509
96,1997-03-31,CIA,USD,1997-05-14 00:00:00,1997-05-14 00:00:00,Q1,14100000.0,0.0,0.0,0.0,0.0,0.0,0.0,0.0,0.0,5900000.0,0.0,400000.0,0.0,0.0,0.0,0.0,2600000.0,0.0,0.0,-100000.0,-100000.0,-0.0070921985815602835,-0.007112,-0.007112,24283892,24283892,https://www.sec.gov/Archives/edgar/data/24090/000002409097000007/0000024090-97-000007-index.html,https://www.sec.gov/Archives/edgar/data/24090/0000024090-97-000007.txt,1620590278,15:57:58,20210509
97,1996-12-31,CIA,USD,1997-03-31 00:00:00,1997-03-31 00:00:00,Q4,17422160.0,0.0,0.0,0.0,0.0,0.0,0.0,0.0,0.0,38703129.0,0.0,500000.0,0.0,0.0,0.0,0.20772573550007575,-6993003.0,3619031.0,0.20772573550007575,405305.0,913726.0,0.05244619496090037,0.03762683510534473,0.03762683510534473,24283892,24283892,https://www.sec.gov/Archives/edgar/data/24090/000095013497002535/0000950134-97-002535-index.html,https://www.sec.gov/Archives/edgar/data/24090/0000950134-97-002535.txt,1620590278,15:57:58,20210509
98,1996-09-30,CIA,USD,1996-11-14 00:00:00,1996-11-14 00:00:00,Q3,17200000.0,0.0,0.0,0.0,0.0,0.0,0.0,0.0,0.0,7700000.0,0.0,100000.0,0.0,0.0,0.0,0.0,2600000.0,0.0,0.0,300000.0,600000.0,0.03488372093023256,0.021335,0.021335,23944954,23944954,https://www.sec.gov/Archives/edgar/data/24090/000002409096000008/0000024090-96-000008-index.html,https://www.sec.gov/Archives/edgar/data/24090/0000024090-96-000008.txt,1620590278,15:57:58,20210509
99,1996-06-30,CIA,USD,1996-08-14 00:00:00,1996-08-14 00:00:00,Q2,15500000.0,0.0,0.0,0.0,0.0,0.0,0.0,0.0,0.0,7500000.0,0.0,300000.0,0.0,0.0,0.0,0.0,2300000.0,0.0,0.0,400000.0,200000.0,0.012903225806451613,0.007112,0.007112,23893877,23893877,https://www.sec.gov/Archives/edgar/data/24090/000002409096000004/0000024090-96-000004-index.html,https://www.sec.gov/Archives/edgar/data/24090/0000024090-96-000004.txt,1620590278,15:57:58,20210509
100,1996-03-31,CIA,USD,1996-05-15 00:00:00,1996-05-15 00:00:00,Q1,13700000.0,0.0,0.0,0.0,0.0,0.0,0.0,0.0,0.0,6300000.0,0.0,500000.0,0.0,0.0,0.0,0.0,2200000.0,0.0,0.0,200000.0,500000.0,0.0364963503649635,0.021335,0.021335,23981989,23981989,https://www.sec.gov/Archives/edgar/data/24090/000002409096000002/0000024090-96-000002-index.html,https://www.sec.gov/Archives/edgar/data/24090/0000024090-96-000002.txt,1620590278,15:57:58,20210509
101,1995-12-31,CIA,USD,1995-12-31,1995-12-31,Q4,16171337.0,0.0,0.0,0.0,0.0,0.0,0.0,0.0,0.0,30119769.0,0.0,400000.0,0.0,0.0,0.0,0.23198873414115356,-4671569.0,3751568.0,0.23198873414115356,-198644.0,550212.0,0.03402390290920287,0.022942717553577394,0.022942717553577394,23981989,23981989,,,1620590278,15:57:58,20210509
102,1995-09-30,CIA,USD,1995-11-14 00:00:00,1995-11-14 00:00:00,Q3,13400000.0,0.0,0.0,0.0,0.0,0.0,0.0,0.0,0.0,6200000.0,0.0,100000.0,0.0,0.0,0.0,0.0,1700000.0,0.0,0.0,800000.0,900000.0,0.06716417910447761,0.035557,0.035557,23639263,23639263,https://www.sec.gov/Archives/edgar/data/24090/000002409095000011/0000024090-95-000011-index.html,https://www.sec.gov/Archives/edgar/data/24090/0000024090-95-000011.txt,1620590278,15:57:58,20210509
103,1995-06-30,CIA,USD,1995-08-15 00:00:00,1995-08-15 00:00:00,Q2,12800000.0,0.0,0.0,0.0,0.0,0.0,0.0,0.0,0.0,7000000.0,0.0,100000.0,0.0,0.0,0.0,0.0,1600000.0,0.0,0.0,300000.0,1000000.0,0.078125,0.042669,0.042669,20773589,20773589,https://www.sec.gov/Archives/edgar/data/24090/000002409095000009/0000024090-95-000009-index.html,https://www.sec.gov/Archives/edgar/data/24090/0000024090-95-000009.txt,1620590278,15:57:58,20210509
104,1995-03-31,CIA,USD,1995-07-03,1995-07-03,Q4,10900000.0,0.0,0.0,0.0,0.0,0.0,0.0,0.0,0.0,6200000.0,0.0,100000.0,0.0,0.0,0.0,0.0,1600000.0,0.0,0.0,100000.0,300000.0,0.027522935779816515,0.014223,0.014223,20773589,20773589,https://www.sec.gov/Archives/edgar/data/24090/0000024090-95-000008-index.html,https://www.sec.gov/Archives/edgar/data/24090/,1620590278,15:57:58,20210509
105,1994-12-31,CIA,USD,1995-09-27,1995-09-27,Q4,13700000.0,0.0,0.0,0.0,0.0,0.0,0.0,0.0,0.0,8900000.0,0.0,300000.0,0.0,0.0,0.0,0.0,1300000.0,0.0,0.0,700000.0,900000.0,0.06569343065693431,0.034134600086041945,0.034134600086041945,26366209,26366209,https://www.sec.gov/Archives/edgar/data/24090/0000950134-95-002359-index.html,https://www.sec.gov/Archives/edgar/data/24090/,1620590278,15:57:58,20210509
106,1994-09-30,CIA,USD,1994-09-30,1994-09-30,Q3,13500000.0,0.0,0.0,0.0,0.0,0.0,0.0,0.0,0.0,8500000.0,0.0,100000.0,0.0,0.0,0.0,0.0,1400000.0,0.0,0.0,300000.0,1500000.0,0.1111111111111111,0.056891,0.056891,26366209,26366209,,,1620590278,15:57:58,20210509
107,1994-06-30,CIA,USD,1994-06-30,1994-06-30,Q2,11700000.0,0.0,0.0,0.0,0.0,0.0,0.0,0.0,0.0,6200000.0,0.0,100000.0,0.0,0.0,0.0,0.0,800000.0,0.0,0.0,400000.0,900000.0,0.07692307692307693,0.042669,0.042669,21092596,21092596,,,1620590278,15:57:58,20210509
108,1994-03-31,CIA,USD,1994-03-31,1994-03-31,Q4,10200000.0,0.0,0.0,0.0,0.0,0.0,0.0,0.0,0.0,4800000.0,0.0,100000.0,0.0,0.0,0.0,0.0,1800000.0,0.0,0.0,200000.0,900000.0,0.08823529411764706,0.042669,0.042669,21092596,21092596,,,1620590278,15:57:58,20210509
109,1993-12-31,CIA,USD,1993-12-31,1993-12-31,Q4,14000000.0,0.0,0.0,0.0,0.0,0.0,0.0,0.0,0.0,8000000.0,0.0,400000.0,0.0,0.0,0.0,0.0,1500000.0,0.0,0.0,500000.0,1600000.0,0.11428571428571428,0.06587452549755853,0.06587452549755853,24288600,24288600,,,1620590278,15:57:58,20210509
110,1993-09-30,CIA,USD,1993-09-30,1993-09-30,Q3,12400000.0,0.0,0.0,0.0,0.0,0.0,0.0,0.0,0.0,6900000.0,0.0,100000.0,0.0,0.0,0.0,0.0,2600000.0,0.0,0.0,1300000.0,1900000.0,0.1532258064516129,0.078226,0.078226,24288600,24288600,,,1620590278,15:57:58,20210509
111,1993-06-30,CIA,USD,1993-06-30,1993-06-30,Q2,10000000.0,0.0,0.0,0.0,0.0,2600000.0,0.0,0.0,0.0,6200000.0,0.0,0.0,0.0,0.0,0.0,0.0,1500000.0,0.0,0.0,100000.0,1300000.0,0.13,0.04978,0.04978,26114906,26114906,,,1620590278,15:57:58,20210509
112,1993-03-31,CIA,USD,1993-03-31,1993-03-31,Q4,8600000.0,0.0,0.0,0.0,0.0,0.0,0.0,0.0,0.0,4300000.0,100000.0,0.0,0.0,0.0,0.0,0.0,1400000.0,0.0,0.0,200000.0,900000.0,0.10465116279069768,0.042669,0.042669,21092596,21092596,,,1620590278,15:57:58,20210509
113,1992-12-31,CIA,USD,1992-12-31,1992-12-31,Q4,10800000.0,0.0,0.0,0.0,0.0,0.0,0.0,0.0,0.0,4600000.0,0.0,0.0,0.0,0.0,0.0,0.0,1300000.0,0.0,0.0,600000.0,800000.0,0.07407407407407407,0.034135200483286166,0.034135200483286166,23436218,23436218,,,1620590278,15:57:58,20210509
114,1992-09-30,CIA,USD,1992-09-30,1992-09-30,Q3,9600000.0,0.0,0.0,0.0,0.0,0.0,0.0,0.0,0.0,2900000.0,0.0,0.0,0.0,0.0,0.0,0.0,1700000.0,0.0,0.0,400000.0,1000000.0,0.10416666666666667,0.042669,0.042669,23436218,23436218,,,1620590278,15:57:58,20210509
115,1992-06-30,CIA,USD,1992-06-30,1992-06-30,Q2,7400000.0,0.0,0.0,0.0,0.0,0.0,0.0,0.0,0.0,4600000.0,0.0,0.0,0.0,0.0,0.0,0.0,700000.0,0.0,0.0,0.0,1200000.0,0.16216216216216217,0.04978,0.04978,24106067,24106067,,,1620590278,15:57:58,20210509
116,1992-03-31,CIA,USD,1992-03-31,1992-03-31,Q4,6700000.0,0.0,0.0,0.0,0.0,0.0,0.0,0.0,0.0,3200000.0,0.0,0.0,0.0,0.0,0.0,0.0,1600000.0,0.0,0.0,200000.0,900000.0,0.13432835820895522,0.042669,0.042669,21092596,21092596,,,1620590278,15:57:58,20210509
117,1991-12-31,CIA,USD,1991-12-31,1991-12-31,Q4,8900000.0,0.0,0.0,0.0,0.0,0.0,0.0,0.0,0.0,1000000.0,100000.0,0.0,0.0,0.0,0.0,0.0,-2700000.0,0.0,0.0,400000.0,1500000.0,0.16853932584269662,0.06400350090616157,0.06400350090616157,23436218,23436218,,,1620590278,15:57:58,20210509
118,1991-09-30,CIA,USD,1991-09-30,1991-09-30,Q3,6900000.0,0.0,0.0,0.0,0.0,0.0,0.0,0.0,0.0,3900000.0,0.0,0.0,0.0,0.0,0.0,0.0,1300000.0,0.0,0.0,500000.0,1000000.0,0.14492753623188406,0.042669,0.042669,23436218,23436218,,,1620590278,15:57:58,20210509
119,1991-06-30,CIA,USD,1991-06-30,1991-06-30,Q2,6500000.0,0.0,0.0,0.0,0.0,0.0,0.0,0.0,0.0,3500000.0,100000.0,0.0,0.0,0.0,0.0,0.0,1100000.0,0.0,0.0,600000.0,1500000.0,0.23076923076923078,0.071115,0.071115,21092596,21092596,,,1620590278,15:57:58,20210509
120,1991-03-31,CIA,USD,1991-03-31,1991-03-31,Q4,5600000.0,0.0,0.0,0.0,0.0,0.0,0.0,0.0,0.0,3100000.0,0.0,0.0,0.0,0.0,0.0,0.0,1100000.0,0.0,0.0,200000.0,700000.0,0.125,0.028447,0.028447,24607164,24607164,,,1620590278,15:57:58,20210509
121,1990-12-31,CIA,USD,1990-12-31,1990-12-31,Q4,6400000.0,0.0,0.0,0.0,0.0,0.0,0.0,0.0,0.0,4000000.0,0.0,0.0,0.0,0.0,0.0,0.0,1200000.0,0.0,0.0,200000.0,500000.0,0.078125,0.020318571633672896,0.020318571633672896,24608029,24608029,,,1620590278,15:57:58,20210509
122,1990-09-30,CIA,USD,1990-09-30,1990-09-30,Q3,5400000.0,0.0,0.0,0.0,0.0,0.0,0.0,0.0,0.0,3500000.0,0.0,0.0,0.0,0.0,0.0,0.0,1000000.0,0.0,0.0,100000.0,300000.0,0.05555555555555555,0.021335,0.021335,24608029,24608029,,,1620590278,15:57:58,20210509
123,1990-06-30,CIA,USD,1990-06-30,1990-06-30,Q2,5000000.0,0.0,0.0,0.0,0.0,0.0,0.0,0.0,0.0,2600000.0,0.0,0.0,0.0,0.0,0.0,0.0,900000.0,0.0,0.0,100000.0,300000.0,0.06,0.014224,0.014224,21091114,21091114,,,1620590278,15:57:58,20210509
124,1990-03-31,CIA,USD,1990-03-31,1990-03-31,Q4,3800000.0,0.0,0.0,0.0,0.0,0.0,0.0,0.0,0.0,1800000.0,0.0,0.0,0.0,0.0,0.0,0.0,700000.0,0.0,0.0,200000.0,400000.0,0.10526315789473684,0.014224,0.014224,28121485,28121485,,,1620590278,15:57:58,20210509
125,1989-12-31,CIA,USD,1989-12-31,1989-12-31,Q4,4700000.0,0.0,0.0,0.0,0.0,0.0,0.0,0.0,0.0,4200000.0,0.0,0.0,0.0,0.0,0.0,0.0,600000.0,0.0,0.0,0.0,300000.0,0.06382978723404255,0.01600125023101805,0.01600125023101805,18748535,18748535,,,1620590278,15:57:58,20210509
126,1989-09-30,CIA,USD,1989-09-30,1989-09-30,Q3,4100000.0,0.0,0.0,0.0,0.0,0.0,0.0,0.0,0.0,2200000.0,0.0,0.0,0.0,0.0,0.0,0.0,700000.0,0.0,0.0,0.0,400000.0,0.0975609756097561,0.021335,0.021335,18748535,18748535,,,1620590278,15:57:58,20210509
127,1989-06-30,CIA,USD,1989-06-30,1989-06-30,Q2,4300000.0,0.0,0.0,0.0,0.0,0.0,0.0,0.0,0.0,0.0,0.0,0.0,0.0,0.0,0.0,0.0,0.0,0.0,0.0,0.0,-600000.0,-0.13953488372093023,-0.028446,-0.028446,21092596,21092596,,,1620590278,15:57:58,20210509
128,1989-03-31,CIA,USD,1989-03-31,1989-03-31,Q4,4200000.0,0.0,0.0,0.0,0.0,0.0,0.0,0.0,0.0,0.0,0.0,0.0,0.0,0.0,0.0,0.0,0.0,0.0,0.0,0.0,-500000.0,-0.11904761904761904,-0.028446,-0.028446,17577164,17577164,,,1620590278,15:57:58,20210509
129,1988-12-31,CIA,USD,1988-12-31,1988-12-31,Q4,3200000.0,0.0,0.0,0.0,0.0,0.0,0.0,0.0,0.0,0.0,0.0,0.0,0.0,0.0,0.0,0.0,0.0,0.0,0.0,0.0,-200000.0,-0.0625,-0.0071119999530608,-0.0071119999530608,28121485,28121485,,,1620590278,15:57:58,20210509
130,1988-09-30,CIA,USD,1988-09-30,1988-09-30,Q3,3100000.0,0.0,0.0,0.0,0.0,0.0,0.0,0.0,0.0,0.0,0.0,0.0,0.0,0.0,0.0,0.0,0.0,0.0,0.0,0.0,-200000.0,-0.06451612903225806,-0.007112,-0.007112,28121485,28121485,,,1620590278,15:57:58,20210509
131,1988-06-30,CIA,USD,1988-06-30,1988-06-30,Q2,3100000.0,0.0,0.0,0.0,0.0,0.0,0.0,0.0,0.0,0.0,0.0,0.0,0.0,0.0,0.0,0.0,0.0,0.0,0.0,0.0,-200000.0,-0.06451612903225806,-0.007112,-0.007112,28121485,28121485,,,1620590278,15:57:58,20210509
132,1988-03-31,CIA,USD,1988-03-31,1988-03-31,Q4,3100000.0,0.0,0.0,0.0,0.0,0.0,0.0,0.0,0.0,0.0,0.0,0.0,0.0,0.0,0.0,0.0,0.0,0.0,0.0,0.0,-100000.0,-0.03225806451612903,-0.007112,-0.007112,24131733,24131733,,,1620590278,15:57:58,20210509
133,1987-12-31,CIA,USD,1987-12-31,1987-12-31,Q4,300000.0,0.0,0.0,0.0,0.0,0.0,0.0,0.0,0.0,0.0,0.0,0.0,0.0,0.0,0.0,0.0,0.0,0.0,0.0,0.0,0.0,0.0,0.0,0.0,24131733,24131733,,,1620590278,15:57:58,20210509
134,1987-09-30,CIA,USD,1987-09-30,1987-09-30,Q3,300000.0,0.0,0.0,0.0,0.0,0.0,0.0,0.0,0.0,0.0,0.0,0.0,0.0,0.0,0.0,0.0,0.0,0.0,0.0,0.0,0.0,0.0,0.014223,0.014223,24131733,24131733,,,1620590278,15:57:58,20210509
135,1987-06-30,CIA,USD,1987-06-30,1987-06-30,Q2,200000.0,0.0,0.0,0.0,0.0,0.0,0.0,0.0,0.0,0.0,0.0,0.0,0.0,0.0,0.0,0.0,0.0,0.0,0.0,0.0,0.0,0.0,0.014223,0.014223,24131733,24131733,,,1620590278,15:57:58,20210509
136,1987-03-31,CIA,USD,1987-03-31,1987-03-31,Q4,200000.0,0.0,0.0,0.0,0.0,0.0,0.0,0.0,0.0,0.0,0.0,0.0,0.0,0.0,0.0,0.0,0.0,0.0,0.0,0.0,100000.0,0.5,0.007112,0.007112,24131733,24131733,,,1620590278,15:57:58,20210509
