,date,symbol,reportedCurrency,fillingDate,acceptedDate,period,revenue,costOfRevenue,grossProfit,grossProfitRatio,researchAndDevelopmentExpenses,generalAndAdministrativeExpenses,sellingAndMarketingExpenses,otherExpenses,operatingExpenses,costAndExpenses,interestExpense,depreciationAndAmortization,ebitda,ebitdaratio,operatingIncome,operatingIncomeRatio,totalOtherIncomeExpensesNet,incomeBeforeTax,incomeBeforeTaxRatio,incomeTaxExpense,netIncome,netIncomeRatio,eps,epsdiluted,weightedAverageShsOut,weightedAverageShsOutDil,link,finalLink,timestamp,est_time,est_date
0,2020-06-30,SONC.LS,EUR,2020-06-30,2020-06-30,Q2,33832598,20149891.0,13682707.0,0.4044237749640155,0.0,6216645.0,0.0,0.0,20748066,40897957,2017799.0,8529646.0,1464287.0,0.043280359374116055,-7065359.0,-0.2088328835994209,0.0,-8810362.0,-0.2604104479354497,113155.0,-8978920.0,-0.2653925660689729,-0.036383,-0.036383,246787211,246787211,https://find-and-update.company-information.service.gov.uk/search/companies?q=Sonae+Capital+SGPS+SA,https://find-and-update.company-information.service.gov.uk/search/companies?q=Sonae+Capital+SGPS+SA,1620598159,18:09:19,20210509
1,2020-03-31,SONC.LS,EUR,2020-03-31,2020-03-31,Q1,98361486,75302895.0,23058591.0,0.2344270297014423,0.0,9632466.0,0.0,0.0,28203253,103506148,1908044.0,7729326.0,2584664.0,0.026277195527525884,-5144662.0,-0.052303622171791915,0.0,-5296147.0,-0.05384370667193865,78256.0,-5621317.0,-0.0571495737671145,-0.02282,-0.02282,246329177,246329177,https://find-and-update.company-information.service.gov.uk/search/companies?q=Sonae+Capital+SGPS+SA,https://find-and-update.company-information.service.gov.uk/search/companies?q=Sonae+Capital+SGPS+SA,1620598159,18:09:19,20210509
2,2019-12-31,SONC.LS,EUR,2019-12-31,2019-12-31,Q4,114237674,98394384.0,15843290.0,0.13868708496288187,0.0,-16898979.0,0.0,0.0,22105614,120499998,-3762824.0,7722581.0,1460257.0,0.012782621957096221,-6262324.0,-0.054818378042256005,0.0,-15644990.0,-0.13695123029203132,251227.0,-16772639.0,-0.14682230837438096,-0.06796397160142954,-0.06796397160142954,246787211,246787211,https://find-and-update.company-information.service.gov.uk/search/companies?q=Sonae+Capital+SGPS+SA,https://find-and-update.company-information.service.gov.uk/search/companies?q=Sonae+Capital+SGPS+SA,1620598159,18:09:19,20210509
3,2019-09-30,SONC.LS,EUR,2019-09-30,2019-09-30,Q3,82136159,38310551.0,43825608.0,0.5335726497753566,0.0,15333917.0,0.0,0.0,36021365,74331916,2028719.0,8865327.0,16669570.0,0.20295044476087565,7804243.0,0.09501592349844361,0.0,6569406.0,0.07998189932402366,141938.0,6034671.0,0.0734715510619385,0.024498,0.024498,246329177,246329177,https://find-and-update.company-information.service.gov.uk/search/companies?q=Sonae+Capital+SGPS+SA,https://find-and-update.company-information.service.gov.uk/search/companies?q=Sonae+Capital+SGPS+SA,1620598159,18:09:19,20210509
4,2019-06-30,SONC.LS,EUR,2019-06-30,2019-06-30,Q2,47358530,13637581.0,33720949.0,0.7120353820103791,0.0,13543220.0,0.0,0.0,29877711,43515292,1843769.0,8302064.0,12145302.0,0.256454370522058,3843238.0,0.08115196987744341,0.0,2646223.0,0.05587637538580695,307308.0,1983079.0,0.041873744814292166,0.008051,0.008051,246329177,246329177,https://find-and-update.company-information.service.gov.uk/search/companies?q=Sonae+Capital+SGPS+SA,https://find-and-update.company-information.service.gov.uk/search/companies?q=Sonae+Capital+SGPS+SA,1620598159,18:09:19,20210509
5,2019-03-31,SONC.LS,EUR,2019-03-31,2019-03-31,Q1,40865158,13371950.0,27493208.0,0.6727787030702291,0.0,12202107.0,0.0,0.0,31573197,44945147,2064443.0,7470937.0,3390948.0,0.08297895238775291,-4079989.0,-0.09984028447901755,0.0,-5166553.0,-0.1264292921613077,-136997.0,-5269819.0,-0.12895628593923458,-0.02121,-0.02121,248471740,248471740,https://find-and-update.company-information.service.gov.uk/search/companies?q=Sonae+Capital+SGPS+SA,https://find-and-update.company-information.service.gov.uk/search/companies?q=Sonae+Capital+SGPS+SA,1620598159,18:09:19,20210509
6,2018-12-31,SONC.LS,EUR,2018-12-31,2018-12-31,Q4,82250000,64458019.0,17791981.0,0.21631587841945288,0.0,-21966415.0,0.0,0.0,19089367,83547386,-233869.0,6460290.0,5162904.0,0.06277086930091186,-1297386.0,-0.015773689969604862,0.0,3155355.0,0.03836297872340425,-226345.0,2464149.0,0.029959258358662613,0.009984913683391803,0.009984913683391803,246787211,246787211,https://find-and-update.company-information.service.gov.uk/search/companies?q=Sonae+Capital+SGPS+SA,https://find-and-update.company-information.service.gov.uk/search/companies?q=Sonae+Capital+SGPS+SA,1620598159,18:09:19,20210509
7,2018-09-30,SONC.LS,EUR,2018-09-30,2018-09-30,Q3,53274126,14916029.0,38358097.0,0.7200136328843761,0.0,16093964.0,0.0,0.0,32137151,47053180,1026027.0,6456318.0,12677264.0,0.2379628715072679,6220946.0,0.11677237088788656,0.0,5201793.0,0.0976420148122186,374152.0,1141271.0,0.021422613296368298,0.004641,0.004641,245892377,245892377,https://find-and-update.company-information.service.gov.uk/search/companies?q=Sonae+Capital+SGPS+SA,https://find-and-update.company-information.service.gov.uk/search/companies?q=Sonae+Capital+SGPS+SA,1620598159,18:09:19,20210509
8,2018-06-30,SONC.LS,EUR,2018-06-30,2018-06-30,Q2,46880727,16074500.0,30806227.0,0.6571192251348833,0.0,16152038.0,0.0,0.0,32135005,48209505,892728.0,5654426.0,4325648.0,0.09226921758273927,-1328778.0,-0.028343801067760747,0.0,-1885569.0,-0.04022055801310419,287359.0,-2464186.0,-0.05256287941097842,-0.010021,-0.010021,245892377,245892377,https://find-and-update.company-information.service.gov.uk/search/companies?q=Sonae+Capital+SGPS+SA,https://find-and-update.company-information.service.gov.uk/search/companies?q=Sonae+Capital+SGPS+SA,1620598159,18:09:19,20210509
9,2018-03-31,SONC.LS,EUR,2018-03-31,2018-03-31,Q1,40273103,14266170.0,26006933.0,0.645764320668313,0.0,13975953.0,0.0,0.0,30643166,44909336,1156846.0,5812621.0,1176388.0,0.029210264726807864,-4636233.0,-0.1151198356878535,0.0,-5459907.0,-0.1355720466833658,370463.0,-7466372.0,-0.1853935118930369,-0.021923,-0.021923,248085190,248085190,https://find-and-update.company-information.service.gov.uk/search/companies?q=Sonae+Capital+SGPS+SA,https://find-and-update.company-information.service.gov.uk/search/companies?q=Sonae+Capital+SGPS+SA,1620598159,18:09:19,20210509
10,2017-12-31,SONC.LS,EUR,2017-12-31,2017-12-31,Q4,45594739,32593660.0,13001079.0,0.28514427947487536,0.0,13968273.0,0.0,0.0,29247193,61840853,-574824.0,5718981.0,-10527133.0,-0.2308848176540719,-16246114.0,-0.35631553894847384,0.0,-3448766.0,-0.07563956008170153,504218.0,-6014951.0,-0.13192204039154606,-0.024373025553581056,-0.024373025553581056,246787211,246787211,https://find-and-update.company-information.service.gov.uk/search/companies?q=Sonae+Capital+SGPS+SA,https://find-and-update.company-information.service.gov.uk/search/companies?q=Sonae+Capital+SGPS+SA,1620598159,18:09:19,20210509
11,2017-09-30,SONC.LS,EUR,2017-09-30,2017-09-30,Q3,58714233,21926459.0,36787774.0,0.6265563240858482,0.0,15742378.0,0.0,0.0,30813809,52740268,1242747.0,5484613.0,11458578.0,0.19515843798896257,5973965.0,0.10174645387941966,0.0,5385612.0,0.09172583417720878,654918.0,3977450.0,0.06774251824084972,0.016081,0.016081,247338474,247338474,https://find-and-update.company-information.service.gov.uk/search/companies?q=Sonae+Capital+SGPS+SA,https://find-and-update.company-information.service.gov.uk/search/companies?q=Sonae+Capital+SGPS+SA,1620598159,18:09:19,20210509
12,2017-06-30,SONC.LS,EUR,2017-06-30,2017-06-30,Q2,39603445,12469875.0,27133570.0,0.6851315586308211,0.0,13784207.0,0.0,0.0,25977745,38447620,1156209.0,4165338.0,5321163.0,0.1343611142919511,1155825.0,0.02918496105578694,0.0,1903077.0,0.04805331960388799,466620.0,573392.0,0.014478336417450553,0.002329,0.002329,246196651,246196651,https://find-and-update.company-information.service.gov.uk/search/companies?q=Sonae+Capital+SGPS+SA,https://find-and-update.company-information.service.gov.uk/search/companies?q=Sonae+Capital+SGPS+SA,1620598159,18:09:19,20210509
13,2017-03-31,SONC.LS,EUR,2017-03-31,2017-03-31,Q1,33244347,11531885.0,21712462.0,0.6531174157218369,0.0,12242302.0,0.0,0.0,25526617,37058502,1073830.0,4072704.0,258549.0,0.007777232020830489,-3814155.0,-0.11473093455558023,0.0,-4417240.0,-0.13287191353164493,279044.0,-5049378.0,-0.15188681552385433,-0.020425,-0.020425,247218671,247218671,https://find-and-update.company-information.service.gov.uk/search/companies?q=Sonae+Capital+SGPS+SA,https://find-and-update.company-information.service.gov.uk/search/companies?q=Sonae+Capital+SGPS+SA,1620598159,18:09:19,20210509
14,2016-12-31,SONC.LS,EUR,2016-12-31,2016-12-31,Q4,60187121,35265038.0,24922083.0,0.41407667597192427,0.0,16471687.0,0.0,0.0,29878210,65143248,-1947740.0,3979511.0,-976616.0,-0.016226328552914168,-4956127.0,-0.08234530772787753,0.0,10486226.0,0.1742270742606213,4990336.0,5331611.0,0.08858391814421561,0.021604081420572477,0.021604081420572477,246787211,246787211,https://find-and-update.company-information.service.gov.uk/search/companies?q=Sonae+Capital+SGPS+SA,https://find-and-update.company-information.service.gov.uk/search/companies?q=Sonae+Capital+SGPS+SA,1620598159,18:09:19,20210509
15,2016-09-30,SONC.LS,EUR,2016-09-30,2016-09-30,Q3,51757373,16714205.0,35043168.0,0.6770662027224604,0.0,18492113.0,0.0,0.0,31365040,48079245,1791228.0,3988070.0,7666198.0,0.14811798890952213,3678128.0,0.07106481235050319,0.0,3815180.0,0.07371278291114196,434694.0,3123085.0,0.06034087162808669,0.012657,0.012657,246747650,246747650,https://find-and-update.company-information.service.gov.uk/search/companies?q=Sonae+Capital+SGPS+SA,https://find-and-update.company-information.service.gov.uk/search/companies?q=Sonae+Capital+SGPS+SA,1620598159,18:09:19,20210509
16,2016-06-30,SONC.LS,EUR,2016-06-30,2016-06-30,Q2,43015722,16404132.0,26611590.0,0.618647991076379,0.0,14081018.0,0.0,0.0,25769387,42173519,1987534.0,3986273.0,4828476.0,0.11224909813207366,842203.0,0.01957895766575765,0.0,14238329.0,0.3310029063327125,540282.0,13332647.0,0.30994823241604547,0.054035,0.054035,246740946,246740946,https://find-and-update.company-information.service.gov.uk/search/companies?q=Sonae+Capital+SGPS+SA,https://find-and-update.company-information.service.gov.uk/search/companies?q=Sonae+Capital+SGPS+SA,1620598159,18:09:19,20210509
17,2016-03-31,SONC.LS,EUR,2016-03-31,2016-03-31,Q1,36366694,14455521.0,21911173.0,0.6025065957328978,0.0,12268819.0,0.0,0.0,24196429,38651950,2580616.0,3919689.0,1634433.0,0.044943128457043686,-2285256.0,-0.06283925616114569,0.0,-4044764.0,-0.11122165792689322,-163236.0,-4193144.0,-0.1153017648511025,-0.016994,-0.016994,246740156,246740156,https://find-and-update.company-information.service.gov.uk/search/companies?q=Sonae+Capital+SGPS+SA,https://find-and-update.company-information.service.gov.uk/search/companies?q=Sonae+Capital+SGPS+SA,1620598159,18:09:19,20210509
18,2015-12-31,SONC.LS,EUR,2015-12-31,2015-12-31,Q4,44338580,15194207.0,29144373.0,0.6573140817770889,0.0,16610950.0,0.0,0.0,37877161,53071368,-1816357.0,3903915.0,-4828873.0,-0.10890905843173146,-8732788.0,-0.19695687141987858,0.0,-2041539.0,-0.046044302726880294,-385635.0,-2348716.0,-0.05297228733982911,-0.009517170644632797,-0.009517170644632797,246787211,246787211,https://find-and-update.company-information.service.gov.uk/search/companies?q=Sonae+Capital+SGPS+SA,https://find-and-update.company-information.service.gov.uk/search/companies?q=Sonae+Capital+SGPS+SA,1620598159,18:09:19,20210509
19,2015-09-30,SONC.LS,EUR,2015-09-30,2015-09-30,Q3,47856155,17069053.0,30787102.0,0.6433258585024225,0.0,13449278.0,0.0,0.0,27755680,44824733,2834239.0,4049082.0,7080504.0,0.14795388388390165,3031422.0,0.06334445381163614,0.0,2032783.0,0.04247693948667627,-163041.0,1857632.0,0.038816992297020105,0.007541,0.007541,246337621,246337621,https://find-and-update.company-information.service.gov.uk/search/companies?q=Sonae+Capital+SGPS+SA,https://find-and-update.company-information.service.gov.uk/search/companies?q=Sonae+Capital+SGPS+SA,1620598159,18:09:19,20210509
20,2015-06-30,SONC.LS,EUR,2015-06-30,2015-06-30,Q2,39097046,15330669.0,23766377.0,0.6078816542815025,0.0,12191598.0,0.0,0.0,18014424,33345093,2913100.0,3916293.0,9668246.0,0.24728840127717067,5751953.0,0.1471198872671864,0.0,3636605.0,0.09301482776985248,102414.0,3122485.0,0.07986498519606827,0.012682,0.012682,246213925,246213925,https://find-and-update.company-information.service.gov.uk/search/companies?q=Sonae+Capital+SGPS+SA,https://find-and-update.company-information.service.gov.uk/search/companies?q=Sonae+Capital+SGPS+SA,1620598159,18:09:19,20210509
21,2015-03-31,SONC.LS,EUR,2015-03-31,2015-03-31,Q1,38841374,17322315.0,21519059.0,0.5540241444599772,0.0,12123466.0,0.0,0.0,22199299,39521614,2571157.0,3917999.0,3237759.0,0.08335850837820516,-680240.0,-0.017513283644394247,0.0,-1809165.0,-0.04657829560818317,868595.0,-2926079.0,-0.0753340754629329,-0.011884,-0.011884,246211552,246211552,https://find-and-update.company-information.service.gov.uk/search/companies?q=Sonae+Capital+SGPS+SA,https://find-and-update.company-information.service.gov.uk/search/companies?q=Sonae+Capital+SGPS+SA,1620598159,18:09:19,20210509
22,2014-12-31,SONC.LS,EUR,2014-12-31,2014-12-31,Q4,46054838,21805664.0,24249174.0,0.5265282661508873,0.0,14636405.0,0.0,0.0,30879854,52685518,12061.0,3888597.0,-2742083.0,-0.05953952112479475,-6630680.0,-0.14397358210227557,0.0,3473424.0,0.07541930773917824,1977496.0,1098738.0,0.02385716783978265,0.004452167499068661,0.004452167499068661,246787211,246787211,https://find-and-update.company-information.service.gov.uk/search/companies?q=Sonae+Capital+SGPS+SA,https://find-and-update.company-information.service.gov.uk/search/companies?q=Sonae+Capital+SGPS+SA,1620598159,18:09:19,20210509
23,2014-09-30,SONC.LS,EUR,2014-09-30,2014-09-30,Q3,54332356,23691367.0,30640989.0,0.5639547270874835,0.0,15966162.0,0.0,0.0,26858266,50549633,3225192.0,3851556.0,7634279.0,0.14051072992306832,3782723.0,0.06962192105197867,0.0,1013425.0,0.018652329378096542,1620451.0,-569126.0,-0.010474900076116707,-0.00231,-0.00231,246374892,246374892,https://find-and-update.company-information.service.gov.uk/search/companies?q=Sonae+Capital+SGPS+SA,https://find-and-update.company-information.service.gov.uk/search/companies?q=Sonae+Capital+SGPS+SA,1620598159,18:09:19,20210509
24,2014-06-30,SONC.LS,EUR,2014-06-30,2014-06-30,Q2,40164826,16613407.0,23551419.0,0.586369252539523,0.0,12414723.0,0.0,0.0,22615026,39228433,3534901.0,3774289.0,4710682.0,0.11728376465517366,936393.0,0.02331375716653173,0.0,-1465485.0,-0.03648677576743392,491973.0,-2365164.0,-0.05888644955165497,-0.009604,-0.009604,246268638,246268638,https://find-and-update.company-information.service.gov.uk/search/companies?q=Sonae+Capital+SGPS+SA,https://find-and-update.company-information.service.gov.uk/search/companies?q=Sonae+Capital+SGPS+SA,1620598159,18:09:19,20210509
25,2014-03-31,SONC.LS,EUR,2014-03-31,2014-03-31,Q1,37413241,16293001.0,21120240.0,0.5645124409296698,0.0,11565599.0,0.0,0.0,23002830,39295831,3306952.0,3277120.0,1394530.0,0.037273702109902745,-1882590.0,-0.05031881627149062,0.0,-4816754.0,-0.1287446334841721,411680.0,-4996457.0,-0.13354782602234327,-0.020299,-0.020299,246147643,246147643,https://find-and-update.company-information.service.gov.uk/search/companies?q=Sonae+Capital+SGPS+SA,https://find-and-update.company-information.service.gov.uk/search/companies?q=Sonae+Capital+SGPS+SA,1620598159,18:09:19,20210509
26,2013-12-31,SONC.LS,EUR,2013-12-31,2013-12-31,Q4,38140421,13256509.0,24883912.0,0.6524288759161835,0.0,13636818.0,0.0,0.0,29461925,42718434,1205624.0,2796481.0,-1781532.0,-0.046709814765809744,-4578013.0,-0.12003047895040278,0.0,-1153433.0,-0.030241747986997837,-2059974.0,1254886.0,0.0329017343568389,0.005084890723936258,0.005084890723936258,246787211,246787211,https://find-and-update.company-information.service.gov.uk/search/companies?q=Sonae+Capital+SGPS+SA,https://find-and-update.company-information.service.gov.uk/search/companies?q=Sonae+Capital+SGPS+SA,1620598159,18:09:19,20210509
27,2013-09-30,SONC.LS,EUR,2013-09-30,2013-09-30,Q3,43128784,15536840.0,27591944.0,0.6397570587661363,0.0,15169006.0,0.0,0.0,25631427,41168267,3331423.0,3288971.0,5249488.0,0.12171657795870156,1960517.0,0.0454572751228043,0.0,-850527.0,-0.019720634831717026,1378840.0,-2526127.0,-0.05857171859981028,-0.010277,-0.010277,245803931,245803931,https://find-and-update.company-information.service.gov.uk/search/companies?q=Sonae+Capital+SGPS+SA,https://find-and-update.company-information.service.gov.uk/search/companies?q=Sonae+Capital+SGPS+SA,1620598159,18:09:19,20210509
28,2013-06-30,SONC.LS,EUR,2013-06-30,2013-06-30,Q2,30033002,9025184.0,21007818.0,0.699491113142802,0.0,11830344.0,0.0,0.0,22857081,31882265,3161335.0,3333024.0,1483761.0,0.049404351919265344,-1849263.0,-0.061574364094538404,0.0,-3849829.0,-0.128186619506102,1643144.0,-5679648.0,-0.18911356247370809,-0.022913,-0.022913,247878846,247878846,https://find-and-update.company-information.service.gov.uk/search/companies?q=Sonae+Capital+SGPS+SA,https://find-and-update.company-information.service.gov.uk/search/companies?q=Sonae+Capital+SGPS+SA,1620598159,18:09:19,20210509
29,2013-03-31,SONC.LS,EUR,2013-03-31,2013-03-31,Q1,24565422,7660281.0,16905141.0,0.6881681495233422,0.0,9998358.0,0.0,0.0,20965932,28626213,2749398.0,3380034.0,-680757.0,-0.027712001039509927,-4060791.0,-0.16530515942286683,0.0,-5001034.0,-0.20358021938316387,1432820.0,-6249484.0,-0.2544016544881663,-0.025179,-0.025179,248203570,248203570,https://find-and-update.company-information.service.gov.uk/search/companies?q=Sonae+Capital+SGPS+SA,https://find-and-update.company-information.service.gov.uk/search/companies?q=Sonae+Capital+SGPS+SA,1620598159,18:09:19,20210509
30,2012-12-31,SONC.LS,EUR,2012-12-31,2012-12-31,Q4,19657743,8689273.0,10968470.0,0.5579719909859439,0.0,12011198.0,0.0,0.0,20530684,29219957,0.0,3325742.0,-6236472.0,-0.31725269783006116,-9562214.0,-0.4864349890015349,0.0,-13964274.0,-0.7103701579576048,-169571.0,-13329701.0,-0.678089086829551,-0.05401293262315769,-0.05401293262315769,246787211,246787211,https://find-and-update.company-information.service.gov.uk/search/companies?q=Sonae+Capital+SGPS+SA,https://find-and-update.company-information.service.gov.uk/search/companies?q=Sonae+Capital+SGPS+SA,1620598159,18:09:19,20210509
31,2012-09-30,SONC.LS,EUR,2012-09-30,2012-09-30,Q3,37037232,9001379.0,28035853.0,0.75696404634126,0.0,0.0,11804396.0,0.0,25615788,34617167,0.0,2977566.0,5397631.0,0.14573526984953952,2420065.0,0.06534141104281227,0.0,17749219.0,0.4792263903522812,2886153.0,14688175.0,0.39657863741005267,0.05885,0.05885,249586661,249586661,https://find-and-update.company-information.service.gov.uk/search/companies?q=Sonae+Capital+SGPS+SA,https://find-and-update.company-information.service.gov.uk/search/companies?q=Sonae+Capital+SGPS+SA,1620598159,18:09:19,20210509
32,2012-06-30,SONC.LS,EUR,2012-06-30,2012-06-30,Q2,26807309,19688262.0,7119047.0,0.2655636565385955,0.0,0.0,0.0,0.0,10739086,30427348,2846763.0,3608985.0,-11054.0,-0.00041235022881259736,-3620039.0,-0.1350392536602611,0.0,-5997766.0,-0.2237362205956592,-108395.0,-5889371.0,-0.21969273379883075,-0.023346,-0.023346,249598250,249598250,https://find-and-update.company-information.service.gov.uk/search/companies?q=Sonae+Capital+SGPS+SA,https://find-and-update.company-information.service.gov.uk/search/companies?q=Sonae+Capital+SGPS+SA,1620598159,18:09:19,20210509
33,2012-03-31,SONC.LS,EUR,2012-03-31,2012-03-31,Q1,25100804,19098323.0,6002481.0,0.23913500938057602,0.0,0.0,0.0,0.0,12513053,31611376,3651389.0,3566687.0,-2943885.0,-0.11728249820204963,-6510572.0,-0.25937703031345133,0.0,-7887690.0,-0.3142405318969066,-981879.0,-6905811.0,-0.27512309964254533,-0.0265,-0.0265,249618700,249618700,https://find-and-update.company-information.service.gov.uk/search/companies?q=Sonae+Capital+SGPS+SA,https://find-and-update.company-information.service.gov.uk/search/companies?q=Sonae+Capital+SGPS+SA,1620598159,18:09:19,20210509
34,2011-12-31,SONC.LS,EUR,2011-12-31,2011-12-31,Q4,46030454,22256282.0,23774172.0,0.5164878886486759,0.0,0.0,0.0,0.0,13669094,35925376,3036886.0,3603912.0,13708990.0,0.29782434907116057,10105078.0,0.21953027011204365,0.0,-5975825.0,-0.1298232904676543,5672740.0,-11648565.0,-0.2530621357764579,-0.047200845427926165,-0.047200845427926165,246787211,246787211,https://find-and-update.company-information.service.gov.uk/search/companies?q=Sonae+Capital+SGPS+SA,https://find-and-update.company-information.service.gov.uk/search/companies?q=Sonae+Capital+SGPS+SA,1620598159,18:09:19,20210509
35,2011-09-30,SONC.LS,EUR,2011-09-30,2011-09-30,Q3,38435385,26735160.0,11700225.0,0.3044128476923023,0.0,0.0,0.0,0.0,12220940,38956100,3208856.0,3478252.0,2957537.0,0.07694828606504137,-520715.0,-0.013547802370133668,0.0,4387911.0,0.1141633159131878,1530233.0,2857678.0,0.07435018538255829,0.009959,0.009959,250000000,250000000,https://find-and-update.company-information.service.gov.uk/search/companies?q=Sonae+Capital+SGPS+SA,https://find-and-update.company-information.service.gov.uk/search/companies?q=Sonae+Capital+SGPS+SA,1620598159,18:09:19,20210509
36,2011-06-30,SONC.LS,EUR,2011-06-30,2011-06-30,Q2,33551709,26109871.0,7441838.0,0.22180205485210902,0.0,0.0,0.0,0.0,10482475,36592346,3120681.0,3372386.0,331749.0,0.00988769305313181,-3040637.0,-0.09062539854527231,0.0,16387324.0,0.4884199490404498,560511.0,15826813.0,0.4717140638052148,0.061729,0.061729,250000000,250000000,https://find-and-update.company-information.service.gov.uk/search/companies?q=Sonae+Capital+SGPS+SA,https://find-and-update.company-information.service.gov.uk/search/companies?q=Sonae+Capital+SGPS+SA,1620598159,18:09:19,20210509
37,2011-03-31,SONC.LS,EUR,2011-03-31,2011-03-31,Q1,30438692,9826793.0,20611899.0,0.6771611276857757,0.0,0.0,0.0,0.0,25190228,35017021,2651954.0,3280383.0,-1297946.0,-0.042641319804412096,-4578329.0,-0.15041148942930924,0.0,-4348709.0,-0.14286780128397109,-1098655.0,-3250054.0,-0.10677377332771067,-0.012919,-0.012919,250000000,250000000,https://find-and-update.company-information.service.gov.uk/search/companies?q=Sonae+Capital+SGPS+SA,https://find-and-update.company-information.service.gov.uk/search/companies?q=Sonae+Capital+SGPS+SA,1620598159,18:09:19,20210509
38,2010-12-31,SONC.LS,EUR,2010-12-31,2010-12-31,Q4,50979369,-51525431.0,102504800.0,2.0107114311281493,0.0,0.0,0.0,0.0,96727006,45201575,2981552.0,4781927.0,10559721.0,0.20713714600900612,5777794.0,0.11333592614690857,0.0,-4702065.0,-0.09223466457578162,-1092494.0,-3609571.0,-0.07080454448151369,-0.014626248197277937,-0.014626248197277937,246787211,246787211,https://find-and-update.company-information.service.gov.uk/search/companies?q=Sonae+Capital+SGPS+SA,https://find-and-update.company-information.service.gov.uk/search/companies?q=Sonae+Capital+SGPS+SA,1620598159,18:09:19,20210509
39,2010-09-30,SONC.LS,EUR,2010-09-30,2010-09-30,Q3,48855778,36080799.0,12774979.0,0.2614834830795244,0.0,0.0,0.0,0.0,12385127,48465926,2217882.0,3417589.0,3807441.0,0.0779322560373514,389852.0,0.007979649817468877,0.0,4593034.0,0.09401209412733126,-775843.0,5368877.0,0.1098923652387646,0.020102,0.020102,250000000,250000000,https://find-and-update.company-information.service.gov.uk/search/companies?q=Sonae+Capital+SGPS+SA,https://find-and-update.company-information.service.gov.uk/search/companies?q=Sonae+Capital+SGPS+SA,1620598159,18:09:19,20210509
40,2010-06-30,SONC.LS,EUR,2010-06-30,2010-06-30,Q2,47155700,12707848.0,34447852.0,0.7305130026698787,0.0,21448666.0,0.0,0.0,34652364,47360212,2194499.0,3481844.0,3277332.0,0.06950023008883338,-204512.0,-0.004336951842513206,0.0,-1336036.0,-0.028332439132490877,-1174323.0,-161713.0,-0.0034293415218096647,-0.000879,-0.000879,250000000,250000000,https://find-and-update.company-information.service.gov.uk/search/companies?q=Sonae+Capital+SGPS+SA,https://find-and-update.company-information.service.gov.uk/search/companies?q=Sonae+Capital+SGPS+SA,1620598159,18:09:19,20210509
41,2010-03-31,SONC.LS,EUR,2010-03-31,2010-03-31,Q1,42131450,9856517.0,32274933.0,0.766053221524538,0.0,21957537.0,0.0,0.0,36216813,46073330,2659098.0,3364121.0,-577759.0,-0.013713247467153397,-3941880.0,-0.09356146061908621,0.0,-8323241.0,-0.1975541074423026,-3105487.0,-5217754.0,-0.12384463387801749,-0.02,-0.02,250000000,250000000,https://find-and-update.company-information.service.gov.uk/search/companies?q=Sonae+Capital+SGPS+SA,https://find-and-update.company-information.service.gov.uk/search/companies?q=Sonae+Capital+SGPS+SA,1620598159,18:09:19,20210509
42,2009-12-31,SONC.LS,EUR,2009-12-31,2009-12-31,Q4,74004390,-88734357.0,162738747.0,2.1990418000878056,0.0,0.0,0.0,0.0,164193534,75459177,1176056.0,4213851.0,2759064.0,0.03728243689327079,-1454787.0,-0.019658117579240908,0.0,-4436222.0,-0.05994538972620408,1352619.0,-5788841.0,-0.07822294055798582,-0.02345681113921256,-0.02345681113921256,246787211,246787211,https://find-and-update.company-information.service.gov.uk/search/companies?q=Sonae+Capital+SGPS+SA,https://find-and-update.company-information.service.gov.uk/search/companies?q=Sonae+Capital+SGPS+SA,1620598159,18:09:19,20210509
43,2009-09-30,SONC.LS,EUR,2009-09-30,2009-09-30,Q3,57533432,40224165.0,17309267.0,0.3008558050213309,0.0,0.0,0.0,0.0,14341725,54565890,3050404.0,3162630.0,6130172.0,0.10654973616035977,2967542.0,0.051579436457049876,0.0,8640307.0,0.1501788907708478,298024.0,8342283.0,0.14499887647933118,0.032642,0.032642,250000000,250000000,https://find-and-update.company-information.service.gov.uk/search/companies?q=Sonae+Capital+SGPS+SA,https://find-and-update.company-information.service.gov.uk/search/companies?q=Sonae+Capital+SGPS+SA,1620598159,18:09:19,20210509
44,2009-06-30,SONC.LS,EUR,2009-06-30,2009-06-30,Q2,66334733,1017157.0,65317576.0,0.9846662984231805,0.0,45417610.0,0.0,0.0,48978594,49995751,2457381.0,3070227.0,19409209.0,0.29259496680268543,16338982.0,0.24631111426950342,0.0,16869220.0,0.2543044832938425,3845958.0,13023262.0,0.19632644032802543,0.048768,0.048768,250000000,250000000,https://find-and-update.company-information.service.gov.uk/search/companies?q=Sonae+Capital+SGPS+SA,https://find-and-update.company-information.service.gov.uk/search/companies?q=Sonae+Capital+SGPS+SA,1620598159,18:09:19,20210509
45,2009-03-31,SONC.LS,EUR,2009-03-31,2009-03-31,Q1,96049966,33053847.0,62996119.0,0.6558682071787512,0.0,28102850.0,0.0,0.0,41315556,74369403,4634944.0,2821867.0,24502430.0,0.2551008711445041,21680563.0,0.2257217144668224,0.0,15522900.0,0.16161275892591154,6238603.0,9284297.0,0.09666111698571554,0.036,0.036,250000000,250000000,https://find-and-update.company-information.service.gov.uk/search/companies?q=Sonae+Capital+SGPS+SA,https://find-and-update.company-information.service.gov.uk/search/companies?q=Sonae+Capital+SGPS+SA,1620598159,18:09:19,20210509
