,date,symbol,reportedCurrency,fillingDate,acceptedDate,period,revenue,costOfRevenue,grossProfit,grossProfitRatio,researchAndDevelopmentExpenses,generalAndAdministrativeExpenses,sellingAndMarketingExpenses,otherExpenses,operatingExpenses,costAndExpenses,interestExpense,depreciationAndAmortization,ebitda,ebitdaratio,operatingIncome,operatingIncomeRatio,totalOtherIncomeExpensesNet,incomeBeforeTax,incomeBeforeTaxRatio,incomeTaxExpense,netIncome,netIncomeRatio,eps,epsdiluted,weightedAverageShsOut,weightedAverageShsOutDil,link,finalLink,timestamp,est_time,est_date
0,2020-09-30,VLX.L,USD,2020-09-30,2020-09-30,Q3,97838500.0,75173250.0,22665250.0,0.23165982716415318,0.0,0.0,0.0,0.0,14757750.0,93528250.0,328250.0,1413000.0,5723250.0,0.058496910725327964,4310250.0,0.04405474327590877,0.0,3965250.0,0.040528524047282,291250.0,3674000.0,0.03755167955354998,0.02475,0.02375,148057993,155397868,https://find-and-update.company-information.service.gov.uk/search/companies?q=Volex+PLC,https://find-and-update.company-information.service.gov.uk/search/companies?q=Volex+PLC,1620599561,18:32:41,20210509
1,2020-06-30,VLX.L,USD,2020-06-30,2020-06-30,Q2,97838500.0,75173250.0,22665250.0,0.23165982716415318,0.0,0.0,0.0,0.0,14757750.0,93528250.0,328250.0,1413000.0,5723250.0,0.058496910725327964,4310250.0,0.04405474327590877,0.0,3965250.0,0.040528524047282,291250.0,3674000.0,0.03755167955354998,0.02475,0.02375,148057993,155397868,https://find-and-update.company-information.service.gov.uk/search/companies?q=Volex+PLC,https://find-and-update.company-information.service.gov.uk/search/companies?q=Volex+PLC,1620599561,18:32:41,20210509
2,2020-03-31,VLX.L,USD,2020-03-31,2020-03-31,Q1,97838500.0,75173250.0,22665250.0,0.23165982716415318,0.0,0.0,0.0,0.0,14757750.0,93528250.0,328250.0,1413000.0,5723250.0,0.058496910725327964,4310250.0,0.04405474327590877,0.0,3965250.0,0.040528524047282,291250.0,3674000.0,0.03755167955354998,0.02475,0.02375,148057993,155397868,https://find-and-update.company-information.service.gov.uk/search/companies?q=Volex+PLC,https://find-and-update.company-information.service.gov.uk/search/companies?q=Volex+PLC,1620599561,18:32:41,20210509
3,2020-01-31,VLX.L,USD,2020-01-31,2020-01-31,Q1,97838500.0,75173250.0,22665250.0,0.23165982716415318,0.0,0.0,0.0,0.0,14757750.0,93528250.0,328250.0,1413000.0,5723250.0,0.058496910725327964,4310250.0,0.04405474327590877,0.0,3965250.0,0.040528524047282,291250.0,3674000.0,0.03755167955354998,0.02475,0.02375,148057993,155397868,https://find-and-update.company-information.service.gov.uk/search/companies?q=Volex+PLC,https://find-and-update.company-information.service.gov.uk/search/companies?q=Volex+PLC,1620599561,18:32:41,20210509
4,2019-06-30,VLX.L,USD,2019-06-30,2019-06-30,Q2,93026000.0,74646500.0,18379500.0,0.1975737965730011,0.0,0.0,0.0,0.0,12978000.0,87624500.0,222250.0,1442250.0,6843750.0,0.07356814223980393,5401500.0,0.05806441209984305,0.0,2908750.0,0.03126814008986735,607250.0,2301500.0,0.02474039515834283,0.01725,0.01675,134382209,138274921,https://find-and-update.company-information.service.gov.uk/search/companies?q=Volex+PLC,https://find-and-update.company-information.service.gov.uk/search/companies?q=Volex+PLC,1620599561,18:32:41,20210509
5,2019-03-31,VLX.L,USD,2019-03-31,2019-03-31,Q1,93026000.0,74646500.0,18379500.0,0.1975737965730011,0.0,0.0,0.0,0.0,12978000.0,87624500.0,222250.0,1442250.0,6843750.0,0.07356814223980393,5401500.0,0.05806441209984305,0.0,2908750.0,0.03126814008986735,607250.0,2301500.0,0.02474039515834283,0.01725,0.01675,134382209,138274921,https://find-and-update.company-information.service.gov.uk/search/companies?q=Volex+PLC,https://find-and-update.company-information.service.gov.uk/search/companies?q=Volex+PLC,1620599561,18:32:41,20210509
6,2019-01-31,VLX.L,USD,2019-01-31,2019-01-31,Q1,93026000.0,74646500.0,18379500.0,0.1975737965730011,0.0,0.0,0.0,0.0,12978000.0,87624500.0,222250.0,1442250.0,6843750.0,0.07356814223980393,5401500.0,0.05806441209984305,0.0,2908750.0,0.03126814008986735,607250.0,2301500.0,0.02474039515834283,0.01725,0.01675,134382209,138274921,https://find-and-update.company-information.service.gov.uk/search/companies?q=Volex+PLC,https://find-and-update.company-information.service.gov.uk/search/companies?q=Volex+PLC,1620599561,18:32:41,20210509
7,2018-06-30,VLX.L,USD,2018-06-30,2018-06-30,Q2,80594250.0,66633500.0,13960750.0,0.1732226554623934,0.0,0.0,0.0,0.0,11133000.0,77766500.0,267000.0,802500.0,3630250.0,0.045043535984266865,2827750.0,0.035086249949593175,0.0,1748750.0,0.021698198072443133,767500.0,981250.0,0.012175186195044933,0.011,0.01075,88956532,92118636,https://find-and-update.company-information.service.gov.uk/search/companies?q=Volex+PLC,https://find-and-update.company-information.service.gov.uk/search/companies?q=Volex+PLC,1620599561,18:32:41,20210509
8,2018-03-31,VLX.L,USD,2018-03-31,2018-03-31,Q1,80594250.0,66633500.0,13960750.0,0.1732226554623934,0.0,0.0,0.0,0.0,11133000.0,77766500.0,267000.0,802500.0,3630250.0,0.045043535984266865,2827750.0,0.035086249949593175,0.0,1748750.0,0.021698198072443133,767500.0,981250.0,0.012175186195044933,0.011,0.01075,88956532,92118636,https://find-and-update.company-information.service.gov.uk/search/companies?q=Volex+PLC,https://find-and-update.company-information.service.gov.uk/search/companies?q=Volex+PLC,1620599561,18:32:41,20210509
9,2018-01-31,VLX.L,USD,2018-01-31,2018-01-31,Q1,80594250.0,66633500.0,13960750.0,0.1732226554623934,0.0,0.0,0.0,0.0,11133000.0,77766500.0,267000.0,802500.0,3630250.0,0.045043535984266865,2827750.0,0.035086249949593175,0.0,1748750.0,0.021698198072443133,767500.0,981250.0,0.012175186195044933,0.011,0.01075,88956532,92118636,https://find-and-update.company-information.service.gov.uk/search/companies?q=Volex+PLC,https://find-and-update.company-information.service.gov.uk/search/companies?q=Volex+PLC,1620599561,18:32:41,20210509
10,2017-06-30,VLX.L,USD,2017-06-30,2017-06-30,Q2,79896000.0,69309250.0,10586750.0,0.13250663362371082,0.0,0.0,0.0,0.0,11595000.0,80904250.0,369250.0,1342000.0,333750.0,0.00417730549714629,-1008250.0,-0.012619530389506358,0.0,-2125000.0,-0.026597076199058777,-363000.0,-1762000.0,-0.022053669770701913,-0.019807426845282142,-0.01974498223635165,88956532,89237862,https://find-and-update.company-information.service.gov.uk/search/companies?q=Volex+PLC,https://find-and-update.company-information.service.gov.uk/search/companies?q=Volex+PLC,1620599561,18:32:41,20210509
11,2017-03-31,VLX.L,USD,2017-03-31,2017-03-31,Q1,79896000.0,69309250.0,10586750.0,0.13250663362371082,0.0,0.0,0.0,0.0,11595000.0,80904250.0,369250.0,1342000.0,333750.0,0.00417730549714629,-1008250.0,-0.012619530389506358,0.0,-2125000.0,-0.026597076199058777,-363000.0,-1762000.0,-0.022053669770701913,-0.019807426845282142,-0.01974498223635165,88956532,89237862,https://find-and-update.company-information.service.gov.uk/search/companies?q=Volex+PLC,https://find-and-update.company-information.service.gov.uk/search/companies?q=Volex+PLC,1620599561,18:32:41,20210509
12,2017-01-31,VLX.L,USD,2017-01-31,2017-01-31,Q1,79896000.0,69309250.0,10586750.0,0.13250663362371082,0.0,0.0,0.0,0.0,11595000.0,80904250.0,369250.0,1342000.0,333750.0,0.00417730549714629,-1008250.0,-0.012619530389506358,0.0,-2125000.0,-0.026597076199058777,-363000.0,-1762000.0,-0.022053669770701913,-0.019807426845282142,-0.01974498223635165,88956532,89237862,https://find-and-update.company-information.service.gov.uk/search/companies?q=Volex+PLC,https://find-and-update.company-information.service.gov.uk/search/companies?q=Volex+PLC,1620599561,18:32:41,20210509
13,2016-06-30,VLX.L,USD,2016-06-30,2016-06-30,Q2,91883500.0,77253750.0,14629750.0,0.15922064353229906,0.0,0.0,0.0,0.0,13298750.0,90552500.0,385000.0,1795000.0,3126000.0,0.03402134224316662,1331000.0,0.014485734653120528,0.0,385500.0,0.00419553020945001,963500.0,-578000.0,-0.0062905744774633095,-0.006497555457759976,-0.006423371149208444,88956532,89983902,https://find-and-update.company-information.service.gov.uk/search/companies?q=Volex+PLC,https://find-and-update.company-information.service.gov.uk/search/companies?q=Volex+PLC,1620599561,18:32:41,20210509
14,2016-03-31,VLX.L,USD,2016-03-31,2016-03-31,Q1,91883500.0,77253750.0,14629750.0,0.15922064353229906,0.0,0.0,0.0,0.0,13298750.0,90552500.0,385000.0,1795000.0,3126000.0,0.03402134224316662,1331000.0,0.014485734653120528,0.0,385500.0,0.00419553020945001,963500.0,-578000.0,-0.0062905744774633095,-0.006497555457759976,-0.006423371149208444,88956532,89983902,https://find-and-update.company-information.service.gov.uk/search/companies?q=Volex+PLC,https://find-and-update.company-information.service.gov.uk/search/companies?q=Volex+PLC,1620599561,18:32:41,20210509
15,2016-01-31,VLX.L,USD,2016-01-31,2016-01-31,Q1,91883500.0,77253750.0,14629750.0,0.15922064353229906,0.0,0.0,0.0,0.0,13298750.0,90552500.0,385000.0,1795000.0,3126000.0,0.03402134224316662,1331000.0,0.014485734653120528,0.0,385500.0,0.00419553020945001,963500.0,-578000.0,-0.0062905744774633095,-0.006497555457759976,-0.006423371149208444,88956532,89983902,https://find-and-update.company-information.service.gov.uk/search/companies?q=Volex+PLC,https://find-and-update.company-information.service.gov.uk/search/companies?q=Volex+PLC,1620599561,18:32:41,20210509
16,2015-09-30,VLX.L,USD,2015-09-30,2015-09-30,Q3,105852250.0,88195500.0,17656750.0,0.16680561820839898,0.0,0.0,0.0,0.0,15526500.0,103722000.0,566000.0,1803000.0,3933250.0,0.037157925315711285,2130250.0,0.020124749355823802,0.0,-1794750.0,-0.016955237134779845,882250.0,-2677000.0,-0.0252899678561391,-0.03202701055421001,-0.03195639738784086,83585697,83770394,https://find-and-update.company-information.service.gov.uk/search/companies?q=Volex+PLC,https://find-and-update.company-information.service.gov.uk/search/companies?q=Volex+PLC,1620599561,18:32:41,20210509
17,2015-06-30,VLX.L,USD,2015-06-30,2015-06-30,Q2,105852250.0,88195500.0,17656750.0,0.16680561820839898,0.0,0.0,0.0,0.0,15526500.0,103722000.0,566000.0,1803000.0,3933250.0,0.037157925315711285,2130250.0,0.020124749355823802,0.0,-1794750.0,-0.016955237134779845,882250.0,-2677000.0,-0.0252899678561391,-0.03202701055421001,-0.03195639738784086,83585697,83770394,https://find-and-update.company-information.service.gov.uk/search/companies?q=Volex+PLC,https://find-and-update.company-information.service.gov.uk/search/companies?q=Volex+PLC,1620599561,18:32:41,20210509
18,2015-03-31,VLX.L,USD,2015-03-31,2015-03-31,Q1,105852250.0,88195500.0,17656750.0,0.16680561820839898,0.0,0.0,0.0,0.0,15526500.0,103722000.0,566000.0,1803000.0,3933250.0,0.037157925315711285,2130250.0,0.020124749355823802,0.0,-1794750.0,-0.016955237134779845,882250.0,-2677000.0,-0.0252899678561391,-0.03202701055421001,-0.03195639738784086,83585697,83770394,https://find-and-update.company-information.service.gov.uk/search/companies?q=Volex+PLC,https://find-and-update.company-information.service.gov.uk/search/companies?q=Volex+PLC,1620599561,18:32:41,20210509
19,2015-01-31,VLX.L,USD,2015-01-31,2015-01-31,Q1,105852250.0,88195500.0,17656750.0,0.16680561820839898,0.0,0.0,0.0,0.0,15526500.0,103722000.0,566000.0,1803000.0,3933250.0,0.037157925315711285,2130250.0,0.020124749355823802,0.0,-1794750.0,-0.016955237134779845,882250.0,-2677000.0,-0.0252899678561391,-0.03202701055421001,-0.03195639738784086,83585697,83770394,https://find-and-update.company-information.service.gov.uk/search/companies?q=Volex+PLC,https://find-and-update.company-information.service.gov.uk/search/companies?q=Volex+PLC,1620599561,18:32:41,20210509
20,2014-09-30,VLX.L,USD,2014-09-30,2014-09-30,Q3,100044250.0,83538750.0,16505500.0,0.16498199546700584,0.0,0.0,0.0,0.0,15486750.0,99025500.0,750750.0,1993000.0,3011750.0,0.03010417890083638,1018750.0,0.010182994025143874,0.0,-1890500.0,-0.01889663823757987,1653250.0,-3543750.0,-0.03542182584206489,-0.05925,-0.05925,59766443,59766443,https://find-and-update.company-information.service.gov.uk/search/companies?q=Volex+PLC,https://find-and-update.company-information.service.gov.uk/search/companies?q=Volex+PLC,1620599561,18:32:41,20210509
21,2014-06-30,VLX.L,USD,2014-06-30,2014-06-30,Q2,100044250.0,83538750.0,16505500.0,0.16498199546700584,0.0,0.0,0.0,0.0,15486750.0,99025500.0,750750.0,1993000.0,3011750.0,0.03010417890083638,1018750.0,0.010182994025143874,0.0,-1890500.0,-0.01889663823757987,1653250.0,-3543750.0,-0.03542182584206489,-0.05925,-0.05925,59766443,59766443,https://find-and-update.company-information.service.gov.uk/search/companies?q=Volex+PLC,https://find-and-update.company-information.service.gov.uk/search/companies?q=Volex+PLC,1620599561,18:32:41,20210509
22,2014-03-31,VLX.L,USD,2014-03-31,2014-03-31,Q1,100044250.0,83538750.0,16505500.0,0.16498199546700584,0.0,0.0,0.0,0.0,15486750.0,99025500.0,750750.0,1993000.0,3011750.0,0.03010417890083638,1018750.0,0.010182994025143874,0.0,-1890500.0,-0.01889663823757987,1653250.0,-3543750.0,-0.03542182584206489,-0.05925,-0.05925,59766443,59766443,https://find-and-update.company-information.service.gov.uk/search/companies?q=Volex+PLC,https://find-and-update.company-information.service.gov.uk/search/companies?q=Volex+PLC,1620599561,18:32:41,20210509
23,2014-01-31,VLX.L,USD,2014-01-31,2014-01-31,Q1,100044250.0,83538750.0,16505500.0,0.16498199546700584,0.0,0.0,0.0,0.0,15486750.0,99025500.0,750750.0,1993000.0,3011750.0,0.03010417890083638,1018750.0,0.010182994025143874,0.0,-1890500.0,-0.01889663823757987,1653250.0,-3543750.0,-0.03542182584206489,-0.05925,-0.05925,59766443,59766443,https://find-and-update.company-information.service.gov.uk/search/companies?q=Volex+PLC,https://find-and-update.company-information.service.gov.uk/search/companies?q=Volex+PLC,1620599561,18:32:41,20210509
24,2013-09-30,VLX.L,USD,2013-09-30,2013-09-30,Q3,118288500.0,97495750.0,20792750.0,0.17577997861161482,0.0,0.0,0.0,0.0,18233250.0,115729000.0,764500.0,1485750.0,4045250.0,0.03419816803831311,2559500.0,0.021637775438863457,0.0,481500.0,0.004070556309362279,703250.0,-221750.0,-0.0018746539181746325,-0.003896244459601875,-0.003844123404907646,56913780,57685453,https://find-and-update.company-information.service.gov.uk/search/companies?q=Volex+PLC,https://find-and-update.company-information.service.gov.uk/search/companies?q=Volex+PLC,1620599561,18:32:41,20210509
25,2013-06-30,VLX.L,USD,2013-06-30,2013-06-30,Q2,118288500.0,97495750.0,20792750.0,0.17577997861161482,0.0,0.0,0.0,0.0,18233250.0,115729000.0,764500.0,1485750.0,4045250.0,0.03419816803831311,2559500.0,0.021637775438863457,0.0,481500.0,0.004070556309362279,703250.0,-221750.0,-0.0018746539181746325,-0.003896244459601875,-0.003844123404907646,56913780,57685453,https://find-and-update.company-information.service.gov.uk/search/companies?q=Volex+PLC,https://find-and-update.company-information.service.gov.uk/search/companies?q=Volex+PLC,1620599561,18:32:41,20210509
26,2013-03-31,VLX.L,USD,2013-03-31,2013-03-31,Q1,118288500.0,97495750.0,20792750.0,0.17577997861161482,0.0,0.0,0.0,0.0,18233250.0,115729000.0,764500.0,1485750.0,4045250.0,0.03419816803831311,2559500.0,0.021637775438863457,0.0,481500.0,0.004070556309362279,703250.0,-221750.0,-0.0018746539181746325,-0.003896244459601875,-0.003844123404907646,56913780,57685453,https://find-and-update.company-information.service.gov.uk/search/companies?q=Volex+PLC,https://find-and-update.company-information.service.gov.uk/search/companies?q=Volex+PLC,1620599561,18:32:41,20210509
27,2013-01-31,VLX.L,USD,2013-01-31,2013-01-31,Q1,118288500.0,97495750.0,20792750.0,0.17577997861161482,0.0,0.0,0.0,0.0,18233250.0,115729000.0,764500.0,1485750.0,4045250.0,0.03419816803831311,2559500.0,0.021637775438863457,0.0,481500.0,0.004070556309362279,703250.0,-221750.0,-0.0018746539181746325,-0.003896244459601875,-0.003844123404907646,56913780,57685453,https://find-and-update.company-information.service.gov.uk/search/companies?q=Volex+PLC,https://find-and-update.company-information.service.gov.uk/search/companies?q=Volex+PLC,1620599561,18:32:41,20210509
28,2012-09-30,VLX.L,USD,2012-09-30,2012-09-30,Q3,131871713.8996955,107032051.17770575,24839662.72198975,0.18836232568330263,1166311.265932,17375250.0,0.0,0.0,13581055.7843505,124227613.8231895,470838.14887775,917666.40079425,8561766.477300249,0.06492496551468585,7644100.076506,0.057966184335181,0.0,4892728.6637475,0.03710218453268163,516823.205769,4375905.4579785,0.03318304834732723,0.076,0.0735,56582380,58360134,https://find-and-update.company-information.service.gov.uk/search/companies?q=Volex+PLC,https://find-and-update.company-information.service.gov.uk/search/companies?q=Volex+PLC,1620599561,18:32:41,20210509
29,2012-06-30,VLX.L,USD,2012-06-30,2012-06-30,Q2,131871713.8996955,107032051.17770575,24839662.72198975,0.18836232568330263,1166311.265932,17375250.0,0.0,0.0,13581055.7843505,124227613.8231895,470838.14887775,917666.40079425,8561766.477300249,0.06492496551468585,7644100.076506,0.057966184335181,0.0,4892728.6637475,0.03710218453268163,516823.205769,4375905.4579785,0.03318304834732723,0.076,0.0735,56582380,58360134,https://find-and-update.company-information.service.gov.uk/search/companies?q=Volex+PLC,https://find-and-update.company-information.service.gov.uk/search/companies?q=Volex+PLC,1620599561,18:32:41,20210509
30,2012-03-31,VLX.L,USD,2012-03-31,2012-03-31,Q1,131871713.8996955,107032051.17770575,24839662.72198975,0.18836232568330263,1166311.265932,17375250.0,0.0,0.0,13581055.7843505,124227613.8231895,470838.14887775,917666.40079425,8561766.477300249,0.06492496551468585,7644100.076506,0.057966184335181,0.0,4892728.6637475,0.03710218453268163,516823.205769,4375905.4579785,0.03318304834732723,0.076,0.0735,56582380,58360134,https://find-and-update.company-information.service.gov.uk/search/companies?q=Volex+PLC,https://find-and-update.company-information.service.gov.uk/search/companies?q=Volex+PLC,1620599561,18:32:41,20210509
31,2012-01-31,VLX.L,USD,2012-01-31,2012-01-31,Q1,131871713.8996955,107032051.17770575,24839662.72198975,0.18836232568330263,1166311.265932,17375250.0,0.0,0.0,13581055.7843505,124227613.8231895,470838.14887775,917666.40079425,8561766.477300249,0.06492496551468585,7644100.076506,0.057966184335181,0.0,4892728.6637475,0.03710218453268163,516823.205769,4375905.4579785,0.03318304834732723,0.076,0.0735,56582380,58360134,https://find-and-update.company-information.service.gov.uk/search/companies?q=Volex+PLC,https://find-and-update.company-information.service.gov.uk/search/companies?q=Volex+PLC,1620599561,18:32:41,20210509
32,2011-09-30,VLX.L,USD,2011-09-30,2011-09-30,Q3,127561555.796678,103594023.87112924,23967531.92554875,0.18788993106787524,1000333.861948,0.0,0.0,-124363.5756615,13738836.491111,121107169.685335,605542.10833825,893080.711126,7347466.822469,0.05759938232628819,6454386.111343,0.05059820783019242,0.0,5287538.60278775,0.04145087890912545,952758.534346,4334780.06844175,0.03398186892100164,0.078875,0.0759535,56821563,58962995,https://find-and-update.company-information.service.gov.uk/search/companies?q=Volex+PLC,https://find-and-update.company-information.service.gov.uk/search/companies?q=Volex+PLC,1620599561,18:32:41,20210509
33,2011-06-30,VLX.L,USD,2011-06-30,2011-06-30,Q2,127561555.796678,103594023.87112924,23967531.92554875,0.18788993106787524,1000333.861948,0.0,0.0,-124363.5756615,13738836.491111,121107169.685335,605542.10833825,893080.711126,7347466.822469,0.05759938232628819,6454386.111343,0.05059820783019242,0.0,5287538.60278775,0.04145087890912545,952758.534346,4334780.06844175,0.03398186892100164,0.078875,0.0759535,56821563,58962995,https://find-and-update.company-information.service.gov.uk/search/companies?q=Volex+PLC,https://find-and-update.company-information.service.gov.uk/search/companies?q=Volex+PLC,1620599561,18:32:41,20210509
34,2011-03-31,VLX.L,USD,2011-03-31,2011-03-31,Q1,127561555.796678,103594023.87112924,23967531.92554875,0.18788993106787524,1000333.861948,0.0,0.0,-124363.5756615,13738836.491111,121107169.685335,605542.10833825,893080.711126,7347466.822469,0.05759938232628819,6454386.111343,0.05059820783019242,0.0,5287538.60278775,0.04145087890912545,952758.534346,4334780.06844175,0.03398186892100164,0.078875,0.0759535,56821563,58962995,https://find-and-update.company-information.service.gov.uk/search/companies?q=Volex+PLC,https://find-and-update.company-information.service.gov.uk/search/companies?q=Volex+PLC,1620599561,18:32:41,20210509
35,2011-01-31,VLX.L,USD,2011-01-31,2011-01-31,Q1,127561555.796678,103594023.87112924,23967531.92554875,0.18788993106787524,1000333.861948,0.0,0.0,-124363.5756615,13738836.491111,121107169.685335,605542.10833825,893080.711126,7347466.822469,0.05759938232628819,6454386.111343,0.05059820783019242,0.0,5287538.60278775,0.04145087890912545,952758.534346,4334780.06844175,0.03398186892100164,0.078875,0.0759535,56821563,58962995,https://find-and-update.company-information.service.gov.uk/search/companies?q=Volex+PLC,https://find-and-update.company-information.service.gov.uk/search/companies?q=Volex+PLC,1620599561,18:32:41,20210509
36,2010-09-30,VLX.L,USD,2010-09-30,2010-09-30,Q3,87885707.70647825,70169634.633098,17716073.0733805,0.20158082054193446,636321.7684985,0.0,0.0,464384.40282475,9935907.276635,83756140.62020275,896530.5495855,879643.84402825,5009210.930304,0.05699687766108482,4129567.08627575,0.04698792550055724,0.0,2651980.35001525,0.030175331339111086,625959.47190675,2026020.87810875,0.023052905085264593,0.03569225,0.03492475,56821563,57780266,https://find-and-update.company-information.service.gov.uk/search/companies?q=Volex+PLC,https://find-and-update.company-information.service.gov.uk/search/companies?q=Volex+PLC,1620599561,18:32:41,20210509
37,2010-06-30,VLX.L,USD,2010-06-30,2010-06-30,Q2,87885707.70647825,70169634.633098,17716073.0733805,0.20158082054193446,636321.7684985,0.0,0.0,464384.40282475,9935907.276635,83756140.62020275,896530.5495855,879643.84402825,5009210.930304,0.05699687766108482,4129567.08627575,0.04698792550055724,0.0,2651980.35001525,0.030175331339111086,625959.47190675,2026020.87810875,0.023052905085264593,0.03569225,0.03492475,56821563,57780266,https://find-and-update.company-information.service.gov.uk/search/companies?q=Volex+PLC,https://find-and-update.company-information.service.gov.uk/search/companies?q=Volex+PLC,1620599561,18:32:41,20210509
38,2010-03-31,VLX.L,USD,2010-03-31,2010-03-31,Q1,87885707.70647825,70169634.633098,17716073.0733805,0.20158082054193446,636321.7684985,0.0,0.0,464384.40282475,9935907.276635,83756140.62020275,896530.5495855,879643.84402825,5009210.930304,0.05699687766108482,4129567.08627575,0.04698792550055724,0.0,2651980.35001525,0.030175331339111086,625959.47190675,2026020.87810875,0.023052905085264593,0.03569225,0.03492475,56821563,57780266,https://find-and-update.company-information.service.gov.uk/search/companies?q=Volex+PLC,https://find-and-update.company-information.service.gov.uk/search/companies?q=Volex+PLC,1620599561,18:32:41,20210509
39,2010-01-31,VLX.L,USD,2010-01-31,2010-01-31,Q1,87885707.70647825,70169634.633098,17716073.0733805,0.20158082054193446,636321.7684985,0.0,0.0,464384.40282475,9935907.276635,83756140.62020275,896530.5495855,879643.84402825,5009210.930304,0.05699687766108482,4129567.08627575,0.04698792550055724,0.0,2651980.35001525,0.030175331339111086,625959.47190675,2026020.87810875,0.023052905085264593,0.03569225,0.03492475,56821563,57780266,https://find-and-update.company-information.service.gov.uk/search/companies?q=Volex+PLC,https://find-and-update.company-information.service.gov.uk/search/companies?q=Volex+PLC,1620599561,18:32:41,20210509
40,2009-09-30,VLX.L,USD,2009-09-30,2009-09-30,Q3,98066167.5494925,82473811.14431974,15592356.40517275,0.15899832526139585,612552.89557,0.0,0.0,450906.9925725,7171603.5865415,93924037.52256376,838931.139585,828573.96502225,4970703.991951,0.05068724633745233,4142130.02692875,0.04223811463661288,0.0,1325348.44494425,0.013514838787549915,736469.091232,-7170123.9901755,-0.0731151646826297,-0.12618667300960199,-0.12608553442294496,56821563,56867142,https://find-and-update.company-information.service.gov.uk/search/companies?q=Volex+PLC,https://find-and-update.company-information.service.gov.uk/search/companies?q=Volex+PLC,1620599561,18:32:41,20210509
41,2009-06-30,VLX.L,USD,2009-06-30,2009-06-30,Q2,98066167.5494925,82473811.14431974,15592356.40517275,0.15899832526139585,612552.89557,0.0,0.0,450906.9925725,7171603.5865415,93924037.52256376,838931.139585,828573.96502225,4970703.991951,0.05068724633745233,4142130.02692875,0.04223811463661288,0.0,1325348.44494425,0.013514838787549915,736469.091232,-7170123.9901755,-0.0731151646826297,-0.12618667300960199,-0.12608553442294496,56821563,56867142,https://find-and-update.company-information.service.gov.uk/search/companies?q=Volex+PLC,https://find-and-update.company-information.service.gov.uk/search/companies?q=Volex+PLC,1620599561,18:32:41,20210509
42,2009-03-31,VLX.L,USD,2009-03-31,2009-03-31,Q1,98066167.5494925,82473811.14431974,15592356.40517275,0.15899832526139585,612552.89557,0.0,0.0,450906.9925725,7171603.5865415,93924037.52256376,838931.139585,828573.96502225,4970703.991951,0.05068724633745233,4142130.02692875,0.04223811463661288,0.0,1325348.44494425,0.013514838787549915,736469.091232,-7170123.9901755,-0.0731151646826297,-0.12618667300960199,-0.12608553442294496,56821563,56867142,https://find-and-update.company-information.service.gov.uk/search/companies?q=Volex+PLC,https://find-and-update.company-information.service.gov.uk/search/companies?q=Volex+PLC,1620599561,18:32:41,20210509
43,2009-01-31,VLX.L,USD,2009-01-31,2009-01-31,Q1,98066167.5494925,82473811.14431974,15592356.40517275,0.15899832526139585,612552.89557,0.0,0.0,450906.9925725,7171603.5865415,93924037.52256376,838931.139585,828573.96502225,4970703.991951,0.05068724633745233,4142130.02692875,0.04223811463661288,0.0,1325348.44494425,0.013514838787549915,736469.091232,-7170123.9901755,-0.0731151646826297,-0.12618667300960199,-0.12608553442294496,56821563,56867142,https://find-and-update.company-information.service.gov.uk/search/companies?q=Volex+PLC,https://find-and-update.company-information.service.gov.uk/search/companies?q=Volex+PLC,1620599561,18:32:41,20210509
44,2008-09-30,VLX.L,USD,2008-09-30,2008-09-30,Q3,110839584.0774695,0.0,110839584.0774695,1.0,549172.52053825,0.0,0.0,366611.1044965,102793983.4107235,107884867.24610075,1009544.78707775,1267015.914593,4221732.74596175,0.03808867365481126,2954716.83136875,0.0266575958035317,0.0,1065106.9571775,0.009609445633006536,1247668.373219,-1678275.191491,-0.015141478610367187,-0.0297655,-0.0297655,56780292,56780292,https://find-and-update.company-information.service.gov.uk/search/companies?q=Volex+PLC,https://find-and-update.company-information.service.gov.uk/search/companies?q=Volex+PLC,1620599561,18:32:41,20210509
45,2008-06-30,VLX.L,USD,2008-06-30,2008-06-30,Q2,110839584.0774695,0.0,110839584.0774695,1.0,549172.52053825,0.0,0.0,366611.1044965,102793983.4107235,107884867.24610075,1009544.78707775,1267015.914593,4221732.74596175,0.03808867365481126,2954716.83136875,0.0266575958035317,0.0,1065106.9571775,0.009609445633006536,1247668.373219,-1678275.191491,-0.015141478610367187,-0.0297655,-0.0297655,56780292,56780292,https://find-and-update.company-information.service.gov.uk/search/companies?q=Volex+PLC,https://find-and-update.company-information.service.gov.uk/search/companies?q=Volex+PLC,1620599561,18:32:41,20210509
46,2008-03-31,VLX.L,USD,2008-03-31,2008-03-31,Q1,110839584.0774695,0.0,110839584.0774695,1.0,549172.52053825,0.0,0.0,366611.1044965,102793983.4107235,107884867.24610075,1009544.78707775,1267015.914593,4221732.74596175,0.03808867365481126,2954716.83136875,0.0266575958035317,0.0,1065106.9571775,0.009609445633006536,1247668.373219,-1678275.191491,-0.015141478610367187,-0.0297655,-0.0297655,56780292,56780292,https://find-and-update.company-information.service.gov.uk/search/companies?q=Volex+PLC,https://find-and-update.company-information.service.gov.uk/search/companies?q=Volex+PLC,1620599561,18:32:41,20210509
47,2008-01-31,VLX.L,USD,2008-01-31,2008-01-31,Q1,110839584.0774695,0.0,110839584.0774695,1.0,549172.52053825,0.0,0.0,366611.1044965,102793983.4107235,107884867.24610075,1009544.78707775,1267015.914593,4221732.74596175,0.03808867365481126,2954716.83136875,0.0266575958035317,0.0,1065106.9571775,0.009609445633006536,1247668.373219,-1678275.191491,-0.015141478610367187,-0.0297655,-0.0297655,56780292,56780292,https://find-and-update.company-information.service.gov.uk/search/companies?q=Volex+PLC,https://find-and-update.company-information.service.gov.uk/search/companies?q=Volex+PLC,1620599561,18:32:41,20210509
48,2007-09-30,VLX.L,USD,2007-09-30,2007-09-30,Q3,124362500.0,0.0,0.0,0.0,887500.0,0.0,0.0,-193000.0,117480000.0,119839500.0,973500.0,1472000.0,5995000.0,0.048205849834154185,4523000.0,0.036369484370288474,0.0,1408000.0,0.011321740878480249,975000.0,433000.0,0.0034817569604985426,0.0077402716627993015,0.007726998607819701,55941189,56037282,https://find-and-update.company-information.service.gov.uk/search/companies?q=Volex+PLC,https://find-and-update.company-information.service.gov.uk/search/companies?q=Volex+PLC,1620599561,18:32:41,20210509
49,2007-06-30,VLX.L,USD,2007-06-30,2007-06-30,Q2,124362500.0,0.0,0.0,0.0,887500.0,0.0,0.0,-193000.0,117480000.0,119839500.0,973500.0,1472000.0,5995000.0,0.048205849834154185,4523000.0,0.036369484370288474,0.0,1408000.0,0.011321740878480249,975000.0,433000.0,0.0034817569604985426,0.0077402716627993015,0.007726998607819701,55941189,56037282,https://find-and-update.company-information.service.gov.uk/search/companies?q=Volex+PLC,https://find-and-update.company-information.service.gov.uk/search/companies?q=Volex+PLC,1620599561,18:32:41,20210509
50,2007-03-31,VLX.L,USD,2007-03-31,2007-03-31,Q1,124362500.0,0.0,0.0,0.0,887500.0,0.0,0.0,-193000.0,117480000.0,119839500.0,973500.0,1472000.0,5995000.0,0.048205849834154185,4523000.0,0.036369484370288474,0.0,1408000.0,0.011321740878480249,975000.0,433000.0,0.0034817569604985426,0.0077402716627993015,0.007726998607819701,55941189,56037282,https://find-and-update.company-information.service.gov.uk/search/companies?q=Volex+PLC,https://find-and-update.company-information.service.gov.uk/search/companies?q=Volex+PLC,1620599561,18:32:41,20210509
51,2007-01-31,VLX.L,USD,2007-01-31,2007-01-31,Q1,124362500.0,0.0,0.0,0.0,887500.0,0.0,0.0,-193000.0,117480000.0,119839500.0,973500.0,1472000.0,5995000.0,0.048205849834154185,4523000.0,0.036369484370288474,0.0,1408000.0,0.011321740878480249,975000.0,433000.0,0.0034817569604985426,0.0077402716627993015,0.007726998607819701,55941189,56037282,https://find-and-update.company-information.service.gov.uk/search/companies?q=Volex+PLC,https://find-and-update.company-information.service.gov.uk/search/companies?q=Volex+PLC,1620599561,18:32:41,20210509
52,2006-09-30,VLX.L,USD,2006-09-30,2006-09-30,Q3,114190199.941623,96362375.94862825,17827823.99299475,0.15612394060180995,816367.48394625,8896125.21891425,6079885.4349095,-50623.905429,-2788419.43957975,111154589.900759,1259212.63864575,1788255.2539405,4823865.2948045,0.04224412688015772,3035610.040864,0.02658380528640709,0.0,-3036522.18330425,-0.026591793208669386,1116462.34676,-4152984.53006425,-0.036369010056794396,-0.08437325,-0.08437325,49247645,49247645,https://find-and-update.company-information.service.gov.uk/search/companies?q=Volex+PLC,https://find-and-update.company-information.service.gov.uk/search/companies?q=Volex+PLC,1620599561,18:32:41,20210509
53,2006-06-30,VLX.L,USD,2006-06-30,2006-06-30,Q2,114190199.941623,96362375.94862825,17827823.99299475,0.15612394060180995,816367.48394625,8896125.21891425,6079885.4349095,-50623.905429,-2788419.43957975,111154589.900759,1259212.63864575,1788255.2539405,4823865.2948045,0.04224412688015772,3035610.040864,0.02658380528640709,0.0,-3036522.18330425,-0.026591793208669386,1116462.34676,-4152984.53006425,-0.036369010056794396,-0.08437325,-0.08437325,49247645,49247645,https://find-and-update.company-information.service.gov.uk/search/companies?q=Volex+PLC,https://find-and-update.company-information.service.gov.uk/search/companies?q=Volex+PLC,1620599561,18:32:41,20210509
54,2006-03-31,VLX.L,USD,2006-03-31,2006-03-31,Q1,114190199.941623,96362375.94862825,17827823.99299475,0.15612394060180995,816367.48394625,8896125.21891425,6079885.4349095,-50623.905429,-2788419.43957975,111154589.900759,1259212.63864575,1788255.2539405,4823865.2948045,0.04224412688015772,3035610.040864,0.02658380528640709,0.0,-3036522.18330425,-0.026591793208669386,1116462.34676,-4152984.53006425,-0.036369010056794396,-0.08437325,-0.08437325,49247645,49247645,https://find-and-update.company-information.service.gov.uk/search/companies?q=Volex+PLC,https://find-and-update.company-information.service.gov.uk/search/companies?q=Volex+PLC,1620599561,18:32:41,20210509
55,2006-01-31,VLX.L,USD,2006-01-31,2006-01-31,Q1,114190199.941623,96362375.94862825,17827823.99299475,0.15612394060180995,816367.48394625,8896125.21891425,6079885.4349095,-50623.905429,-2788419.43957975,111154589.900759,1259212.63864575,1788255.2539405,4823865.2948045,0.04224412688015772,3035610.040864,0.02658380528640709,0.0,-3036522.18330425,-0.026591793208669386,1116462.34676,-4152984.53006425,-0.036369010056794396,-0.08437325,-0.08437325,49247645,49247645,https://find-and-update.company-information.service.gov.uk/search/companies?q=Volex+PLC,https://find-and-update.company-information.service.gov.uk/search/companies?q=Volex+PLC,1620599561,18:32:41,20210509
56,2005-09-30,VLX.L,USD,2005-09-30,2005-09-30,Q3,116699593.426101,99764263.4904275,16935329.9356735,0.1451190140297931,868025.73059225,0.0,7207619.92021225,-56309.53062675,2253812.8233025,115411155.013457,1615320.00992575,2143579.75910975,3432018.17175375,0.029408998532004706,1288438.412644,0.011040641829312733,0.0,-4407413.77006625,-0.03776717330945293,2111130.1990875,-6518543.96915375,-0.055857469403109455,-0.22046625,-0.22046625,29540692,29540692,https://find-and-update.company-information.service.gov.uk/search/companies?q=Volex+PLC,https://find-and-update.company-information.service.gov.uk/search/companies?q=Volex+PLC,1620599561,18:32:41,20210509
57,2005-06-30,VLX.L,USD,2005-06-30,2005-06-30,Q2,116699593.426101,99764263.4904275,16935329.9356735,0.1451190140297931,868025.73059225,0.0,7207619.92021225,-56309.53062675,2253812.8233025,115411155.013457,1615320.00992575,2143579.75910975,3432018.17175375,0.029408998532004706,1288438.412644,0.011040641829312733,0.0,-4407413.77006625,-0.03776717330945293,2111130.1990875,-6518543.96915375,-0.055857469403109455,-0.22046625,-0.22046625,29540692,29540692,https://find-and-update.company-information.service.gov.uk/search/companies?q=Volex+PLC,https://find-and-update.company-information.service.gov.uk/search/companies?q=Volex+PLC,1620599561,18:32:41,20210509
58,2005-03-31,VLX.L,USD,2005-03-31,2005-03-31,Q1,116699593.426101,99764263.4904275,16935329.9356735,0.1451190140297931,868025.73059225,0.0,7207619.92021225,-56309.53062675,2253812.8233025,115411155.013457,1615320.00992575,2143579.75910975,3432018.17175375,0.029408998532004706,1288438.412644,0.011040641829312733,0.0,-4407413.77006625,-0.03776717330945293,2111130.1990875,-6518543.96915375,-0.055857469403109455,-0.22046625,-0.22046625,29540692,29540692,https://find-and-update.company-information.service.gov.uk/search/companies?q=Volex+PLC,https://find-and-update.company-information.service.gov.uk/search/companies?q=Volex+PLC,1620599561,18:32:41,20210509
59,2005-01-31,VLX.L,USD,2005-01-31,2005-01-31,Q1,116699593.426101,99764263.4904275,16935329.9356735,0.1451190140297931,868025.73059225,0.0,7207619.92021225,-56309.53062675,2253812.8233025,115411155.013457,1615320.00992575,2143579.75910975,3432018.17175375,0.029408998532004706,1288438.412644,0.011040641829312733,0.0,-4407413.77006625,-0.03776717330945293,2111130.1990875,-6518543.96915375,-0.055857469403109455,-0.22046625,-0.22046625,29540692,29540692,https://find-and-update.company-information.service.gov.uk/search/companies?q=Volex+PLC,https://find-and-update.company-information.service.gov.uk/search/companies?q=Volex+PLC,1620599561,18:32:41,20210509
60,2004-09-30,VLX.L,USD,2004-09-30,2004-09-30,Q3,105953502.84495024,90730796.58605975,15222706.2588905,0.14367345911316434,826813.655761,0.0,0.0,1699413.2290185,7567123.04409675,104675053.3428165,1492709.81507825,2831614.509246,4110064.01137975,0.03879120464185424,1278449.50213375,0.012066137199867771,0.0,-3709548.36415375,-0.035011096986403666,1271781.650071,-4981330.01422475,-0.04701430231631234,-0.17380875,-0.17380875,28650462,28650462,https://find-and-update.company-information.service.gov.uk/search/companies?q=Volex+PLC,https://find-and-update.company-information.service.gov.uk/search/companies?q=Volex+PLC,1620599561,18:32:41,20210509
61,2004-06-30,VLX.L,USD,2004-06-30,2004-06-30,Q2,105953502.84495024,90730796.58605975,15222706.2588905,0.14367345911316434,826813.655761,0.0,0.0,1699413.2290185,7567123.04409675,104675053.3428165,1492709.81507825,2831614.509246,4110064.01137975,0.03879120464185424,1278449.50213375,0.012066137199867771,0.0,-3709548.36415375,-0.035011096986403666,1271781.650071,-4981330.01422475,-0.04701430231631234,-0.17380875,-0.17380875,28650462,28650462,https://find-and-update.company-information.service.gov.uk/search/companies?q=Volex+PLC,https://find-and-update.company-information.service.gov.uk/search/companies?q=Volex+PLC,1620599561,18:32:41,20210509
62,2004-03-31,VLX.L,USD,2004-03-31,2004-03-31,Q1,105953502.84495024,90730796.58605975,15222706.2588905,0.14367345911316434,826813.655761,0.0,0.0,1699413.2290185,7567123.04409675,104675053.3428165,1492709.81507825,2831614.509246,4110064.01137975,0.03879120464185424,1278449.50213375,0.012066137199867771,0.0,-3709548.36415375,-0.035011096986403666,1271781.650071,-4981330.01422475,-0.04701430231631234,-0.17380875,-0.17380875,28650462,28650462,https://find-and-update.company-information.service.gov.uk/search/companies?q=Volex+PLC,https://find-and-update.company-information.service.gov.uk/search/companies?q=Volex+PLC,1620599561,18:32:41,20210509
63,2004-01-31,VLX.L,USD,2004-01-31,2004-01-31,Q1,105953502.84495024,90730796.58605975,15222706.2588905,0.14367345911316434,826813.655761,0.0,0.0,1699413.2290185,7567123.04409675,104675053.3428165,1492709.81507825,2831614.509246,4110064.01137975,0.03879120464185424,1278449.50213375,0.012066137199867771,0.0,-3709548.36415375,-0.035011096986403666,1271781.650071,-4981330.01422475,-0.04701430231631234,-0.17380875,-0.17380875,28650462,28650462,https://find-and-update.company-information.service.gov.uk/search/companies?q=Volex+PLC,https://find-and-update.company-information.service.gov.uk/search/companies?q=Volex+PLC,1620599561,18:32:41,20210509
64,2003-09-30,VLX.L,USD,2003-09-30,2003-09-30,Q3,91066198.0082015,77579996.5167275,13486201.491474,0.14809228656124881,981649.48780075,5069348.786396251,6109580.58233975,1818030.684463,5864168.21038975,89678430.627464,1308206.273057,2674994.85425675,4062762.2349942503,0.04461328488346856,1387767.3807375,0.015239105300218162,0.0,-5385218.2586805,-0.059135204680396375,-375243.43324,-5009974.8254405,-0.05501464797058177,-0.175351,-0.175351,28602637,28602637,https://find-and-update.company-information.service.gov.uk/search/companies?q=Volex+PLC,https://find-and-update.company-information.service.gov.uk/search/companies?q=Volex+PLC,1620599561,18:32:41,20210509
65,2003-06-30,VLX.L,USD,2003-06-30,2003-06-30,Q2,91066198.0082015,77579996.5167275,13486201.491474,0.14809228656124881,981649.48780075,5069348.786396251,6109580.58233975,1818030.684463,5864168.21038975,89678430.627464,1308206.273057,2674994.85425675,4062762.2349942503,0.04461328488346856,1387767.3807375,0.015239105300218162,0.0,-5385218.2586805,-0.059135204680396375,-375243.43324,-5009974.8254405,-0.05501464797058177,-0.175351,-0.175351,28602637,28602637,https://find-and-update.company-information.service.gov.uk/search/companies?q=Volex+PLC,https://find-and-update.company-information.service.gov.uk/search/companies?q=Volex+PLC,1620599561,18:32:41,20210509
66,2003-03-31,VLX.L,USD,2003-03-31,2003-03-31,Q1,91066198.0082015,77579996.5167275,13486201.491474,0.14809228656124881,981649.48780075,5069348.786396251,6109580.58233975,1818030.684463,5864168.21038975,89678430.627464,1308206.273057,2674994.85425675,4062762.2349942503,0.04461328488346856,1387767.3807375,0.015239105300218162,0.0,-5385218.2586805,-0.059135204680396375,-375243.43324,-5009974.8254405,-0.05501464797058177,-0.175351,-0.175351,28602637,28602637,https://find-and-update.company-information.service.gov.uk/search/companies?q=Volex+PLC,https://find-and-update.company-information.service.gov.uk/search/companies?q=Volex+PLC,1620599561,18:32:41,20210509
67,2003-01-31,VLX.L,USD,2003-01-31,2003-01-31,Q1,91066198.0082015,77579996.5167275,13486201.491474,0.14809228656124881,981649.48780075,5069348.786396251,6109580.58233975,1818030.684463,5864168.21038975,89678430.627464,1308206.273057,2674994.85425675,4062762.2349942503,0.04461328488346856,1387767.3807375,0.015239105300218162,0.0,-5385218.2586805,-0.059135204680396375,-375243.43324,-5009974.8254405,-0.05501464797058177,-0.175351,-0.175351,28602637,28602637,https://find-and-update.company-information.service.gov.uk/search/companies?q=Volex+PLC,https://find-and-update.company-information.service.gov.uk/search/companies?q=Volex+PLC,1620599561,18:32:41,20210509
68,2002-09-30,VLX.L,USD,2002-09-30,2002-09-30,Q3,98299960.066176,87223672.20035376,11076287.86582225,0.11267845743137271,1186605.05448125,0.0,0.0,-3044240.97210325,1424425.23817675,95543100.00570475,1201223.6864625,3036753.380113,5793613.44058425,0.05893810573965607,2756860.06047125,0.02804538332075943,0.0,-5009555.59358775,-0.05096192908130678,-1393048.662217,-3616506.93137075,-0.03679052289478145,-0.12648667219399656,-0.12643360828453187,28592000,28604000,https://find-and-update.company-information.service.gov.uk/search/companies?q=Volex+PLC,https://find-and-update.company-information.service.gov.uk/search/companies?q=Volex+PLC,1620599561,18:32:41,20210509
69,2002-06-30,VLX.L,USD,2002-06-30,2002-06-30,Q2,98299960.066176,87223672.20035376,11076287.86582225,0.11267845743137271,1186605.05448125,0.0,0.0,-3044240.97210325,1424425.23817675,95543100.00570475,1201223.6864625,3036753.380113,5793613.44058425,0.05893810573965607,2756860.06047125,0.02804538332075943,0.0,-5009555.59358775,-0.05096192908130678,-1393048.662217,-3616506.93137075,-0.03679052289478145,-0.12648667219399656,-0.12643360828453187,28592000,28604000,https://find-and-update.company-information.service.gov.uk/search/companies?q=Volex+PLC,https://find-and-update.company-information.service.gov.uk/search/companies?q=Volex+PLC,1620599561,18:32:41,20210509
70,2002-03-31,VLX.L,USD,2002-03-31,2002-03-31,Q1,98299960.066176,87223672.20035376,11076287.86582225,0.11267845743137271,1186605.05448125,0.0,0.0,-3044240.97210325,1424425.23817675,95543100.00570475,1201223.6864625,3036753.380113,5793613.44058425,0.05893810573965607,2756860.06047125,0.02804538332075943,0.0,-5009555.59358775,-0.05096192908130678,-1393048.662217,-3616506.93137075,-0.03679052289478145,-0.12648667219399656,-0.12643360828453187,28592000,28604000,https://find-and-update.company-information.service.gov.uk/search/companies?q=Volex+PLC,https://find-and-update.company-information.service.gov.uk/search/companies?q=Volex+PLC,1620599561,18:32:41,20210509
71,2002-01-31,VLX.L,USD,2002-01-31,2002-01-31,Q1,98299960.066176,87223672.20035376,11076287.86582225,0.11267845743137271,1186605.05448125,0.0,0.0,-3044240.97210325,1424425.23817675,95543100.00570475,1201223.6864625,3036753.380113,5793613.44058425,0.05893810573965607,2756860.06047125,0.02804538332075943,0.0,-5009555.59358775,-0.05096192908130678,-1393048.662217,-3616506.93137075,-0.03679052289478145,-0.12648667219399656,-0.12643360828453187,28592000,28604000,https://find-and-update.company-information.service.gov.uk/search/companies?q=Volex+PLC,https://find-and-update.company-information.service.gov.uk/search/companies?q=Volex+PLC,1620599561,18:32:41,20210509
72,2001-09-30,VLX.L,USD,2001-09-30,2001-09-30,Q3,148192143.636544,0.0,148192143.636544,1.0,1225785.42378175,0.0,0.0,3897.0056825,128230971.98407175,134603993.36800474,1871271.27410825,2792735.98140775,16380886.24994675,0.11053815572114611,13588150.268539,0.09169278434803733,0.0,9398160.61331775,0.06341875070224827,2724361.24534125,6673799.3679765,0.04503477177808196,0.2341745,0.23169475,28487000,28791000,https://find-and-update.company-information.service.gov.uk/search/companies?q=Volex+PLC,https://find-and-update.company-information.service.gov.uk/search/companies?q=Volex+PLC,1620599561,18:32:41,20210509
73,2001-06-30,VLX.L,USD,2001-06-30,2001-06-30,Q2,148192143.636544,0.0,148192143.636544,1.0,1225785.42378175,0.0,0.0,3897.0056825,128230971.98407175,134603993.36800474,1871271.27410825,2792735.98140775,16380886.24994675,0.11053815572114611,13588150.268539,0.09169278434803733,0.0,9398160.61331775,0.06341875070224827,2724361.24534125,6673799.3679765,0.04503477177808196,0.2341745,0.23169475,28487000,28791000,https://find-and-update.company-information.service.gov.uk/search/companies?q=Volex+PLC,https://find-and-update.company-information.service.gov.uk/search/companies?q=Volex+PLC,1620599561,18:32:41,20210509
74,2001-03-31,VLX.L,USD,2001-03-31,2001-03-31,Q1,148192143.636544,0.0,148192143.636544,1.0,1225785.42378175,0.0,0.0,3897.0056825,128230971.98407175,134603993.36800474,1871271.27410825,2792735.98140775,16380886.24994675,0.11053815572114611,13588150.268539,0.09169278434803733,0.0,9398160.61331775,0.06341875070224827,2724361.24534125,6673799.3679765,0.04503477177808196,0.2341745,0.23169475,28487000,28791000,https://find-and-update.company-information.service.gov.uk/search/companies?q=Volex+PLC,https://find-and-update.company-information.service.gov.uk/search/companies?q=Volex+PLC,1620599561,18:32:41,20210509
75,2001-01-31,VLX.L,USD,2001-01-31,2001-01-31,Q1,148192143.636544,0.0,148192143.636544,1.0,1225785.42378175,0.0,0.0,3897.0056825,128230971.98407175,134603993.36800474,1871271.27410825,2792735.98140775,16380886.24994675,0.11053815572114611,13588150.268539,0.09169278434803733,0.0,9398160.61331775,0.06341875070224827,2724361.24534125,6673799.3679765,0.04503477177808196,0.2341745,0.23169475,28487000,28791000,https://find-and-update.company-information.service.gov.uk/search/companies?q=Volex+PLC,https://find-and-update.company-information.service.gov.uk/search/companies?q=Volex+PLC,1620599561,18:32:41,20210509
76,2000-09-30,VLX.L,USD,2000-09-30,2000-09-30,Q3,127382697.36318,0.0,127382697.36318,1.0,1208476.06149925,0.0,0.0,33856.44865775,111037202.2624075,116964470.6444675,1358241.0579145,2828805.86314025,13247032.581853,0.10399397136397945,10418226.71871275,0.08178682768044557,0.0,9210547.27953475,0.07230610962236587,2792161.23635775,6092169.202581,0.047825719887306634,0.215088,0.2130965,28307000,28596000,https://find-and-update.company-information.service.gov.uk/search/companies?q=Volex+PLC,https://find-and-update.company-information.service.gov.uk/search/companies?q=Volex+PLC,1620599561,18:32:41,20210509
77,2000-06-30,VLX.L,USD,2000-06-30,2000-06-30,Q2,127382697.36318,0.0,127382697.36318,1.0,1208476.06149925,0.0,0.0,33856.44865775,111037202.2624075,116964470.6444675,1358241.0579145,2828805.86314025,13247032.581853,0.10399397136397945,10418226.71871275,0.08178682768044557,0.0,9210547.27953475,0.07230610962236587,2792161.23635775,6092169.202581,0.047825719887306634,0.215088,0.2130965,28307000,28596000,https://find-and-update.company-information.service.gov.uk/search/companies?q=Volex+PLC,https://find-and-update.company-information.service.gov.uk/search/companies?q=Volex+PLC,1620599561,18:32:41,20210509
78,2000-03-31,VLX.L,USD,2000-03-31,2000-03-31,Q1,127382697.36318,0.0,127382697.36318,1.0,1208476.06149925,0.0,0.0,33856.44865775,111037202.2624075,116964470.6444675,1358241.0579145,2828805.86314025,13247032.581853,0.10399397136397945,10418226.71871275,0.08178682768044557,0.0,9210547.27953475,0.07230610962236587,2792161.23635775,6092169.202581,0.047825719887306634,0.215088,0.2130965,28307000,28596000,https://find-and-update.company-information.service.gov.uk/search/companies?q=Volex+PLC,https://find-and-update.company-information.service.gov.uk/search/companies?q=Volex+PLC,1620599561,18:32:41,20210509
79,2000-01-31,VLX.L,USD,2000-01-31,2000-01-31,Q1,127382697.36318,0.0,127382697.36318,1.0,1208476.06149925,0.0,0.0,33856.44865775,111037202.2624075,116964470.6444675,1358241.0579145,2828805.86314025,13247032.581853,0.10399397136397945,10418226.71871275,0.08178682768044557,0.0,9210547.27953475,0.07230610962236587,2792161.23635775,6092169.202581,0.047825719887306634,0.215088,0.2130965,28307000,28596000,https://find-and-update.company-information.service.gov.uk/search/companies?q=Volex+PLC,https://find-and-update.company-information.service.gov.uk/search/companies?q=Volex+PLC,1620599561,18:32:41,20210509
80,1999-09-30,VLX.L,USD,1999-09-30,1999-09-30,Q3,86942498.187968,0.0,86942498.187968,1.0,773938.954659,0.0,0.0,122815.494886,75121607.47362475,79430216.6384795,779173.71345725,2150277.84489,9662559.3943785,0.11113735624996919,7512281.5494885,0.08640517245371869,0.0,7353628.090521,0.08458036338710441,2426512.03994525,4910606.426673,0.05648108265829173,0.173955,0.17314975,28215000,28365000,https://find-and-update.company-information.service.gov.uk/search/companies?q=Volex+PLC,https://find-and-update.company-information.service.gov.uk/search/companies?q=Volex+PLC,1620599561,18:32:41,20210509
81,1999-06-30,VLX.L,USD,1999-06-30,1999-06-30,Q2,86942498.187968,0.0,86942498.187968,1.0,773938.954659,0.0,0.0,122815.494886,75121607.47362475,79430216.6384795,779173.71345725,2150277.84489,9662559.3943785,0.11113735624996919,7512281.5494885,0.08640517245371869,0.0,7353628.090521,0.08458036338710441,2426512.03994525,4910606.426673,0.05648108265829173,0.173955,0.17314975,28215000,28365000,https://find-and-update.company-information.service.gov.uk/search/companies?q=Volex+PLC,https://find-and-update.company-information.service.gov.uk/search/companies?q=Volex+PLC,1620599561,18:32:41,20210509
82,1999-03-31,VLX.L,USD,1999-03-31,1999-03-31,Q1,86942498.187968,0.0,86942498.187968,1.0,773938.954659,0.0,0.0,122815.494886,75121607.47362475,79430216.6384795,779173.71345725,2150277.84489,9662559.3943785,0.11113735624996919,7512281.5494885,0.08640517245371869,0.0,7353628.090521,0.08458036338710441,2426512.03994525,4910606.426673,0.05648108265829173,0.173955,0.17314975,28215000,28365000,https://find-and-update.company-information.service.gov.uk/search/companies?q=Volex+PLC,https://find-and-update.company-information.service.gov.uk/search/companies?q=Volex+PLC,1620599561,18:32:41,20210509
83,1999-01-31,VLX.L,USD,1999-01-31,1999-01-31,Q1,86942498.187968,0.0,86942498.187968,1.0,773938.954659,0.0,0.0,122815.494886,75121607.47362475,79430216.6384795,779173.71345725,2150277.84489,9662559.3943785,0.11113735624996919,7512281.5494885,0.08640517245371869,0.0,7353628.090521,0.08458036338710441,2426512.03994525,4910606.426673,0.05648108265829173,0.173955,0.17314975,28215000,28365000,https://find-and-update.company-information.service.gov.uk/search/companies?q=Volex+PLC,https://find-and-update.company-information.service.gov.uk/search/companies?q=Volex+PLC,1620599561,18:32:41,20210509
84,1998-09-30,VLX.L,USD,1998-09-30,1998-09-30,Q3,80441454.3994915,0.0,0.0,0.0,734224.21434675,0.0,0.0,159304.9121105,69612901.60726525,73586325.7011925,663979.5286915,1972704.9221455,8827833.6204445,0.10974234225805227,6855128.698299,0.08521885574389035,0.0,7121473.13140775,0.08852989027325153,2372430.633373,4742770.65110125,0.05895928519078629,0.16914303320617868,0.16821914773005783,28040000,28194000,https://find-and-update.company-information.service.gov.uk/search/companies?q=Volex+PLC,https://find-and-update.company-information.service.gov.uk/search/companies?q=Volex+PLC,1620599561,18:32:41,20210509
85,1998-06-30,VLX.L,USD,1998-06-30,1998-06-30,Q2,80441454.3994915,0.0,0.0,0.0,734224.21434675,0.0,0.0,159304.9121105,69612901.60726525,73586325.7011925,663979.5286915,1972704.9221455,8827833.6204445,0.10974234225805227,6855128.698299,0.08521885574389035,0.0,7121473.13140775,0.08852989027325153,2372430.633373,4742770.65110125,0.05895928519078629,0.16914303320617868,0.16821914773005783,28040000,28194000,https://find-and-update.company-information.service.gov.uk/search/companies?q=Volex+PLC,https://find-and-update.company-information.service.gov.uk/search/companies?q=Volex+PLC,1620599561,18:32:41,20210509
86,1998-03-31,VLX.L,USD,1998-03-31,1998-03-31,Q1,80441454.3994915,0.0,0.0,0.0,734224.21434675,0.0,0.0,159304.9121105,69612901.60726525,73586325.7011925,663979.5286915,1972704.9221455,8827833.6204445,0.10974234225805227,6855128.698299,0.08521885574389035,0.0,7121473.13140775,0.08852989027325153,2372430.633373,4742770.65110125,0.05895928519078629,0.16914303320617868,0.16821914773005783,28040000,28194000,https://find-and-update.company-information.service.gov.uk/search/companies?q=Volex+PLC,https://find-and-update.company-information.service.gov.uk/search/companies?q=Volex+PLC,1620599561,18:32:41,20210509
87,1998-01-31,VLX.L,USD,1998-01-31,1998-01-31,Q1,80441454.3994915,0.0,0.0,0.0,734224.21434675,0.0,0.0,159304.9121105,69612901.60726525,73586325.7011925,663979.5286915,1972704.9221455,8827833.6204445,0.10974234225805227,6855128.698299,0.08521885574389035,0.0,7121473.13140775,0.08852989027325153,2372430.633373,4742770.65110125,0.05895928519078629,0.16914303320617868,0.16821914773005783,28040000,28194000,https://find-and-update.company-information.service.gov.uk/search/companies?q=Volex+PLC,https://find-and-update.company-information.service.gov.uk/search/companies?q=Volex+PLC,1620599561,18:32:41,20210509
88,1997-09-30,VLX.L,USD,1997-09-30,1997-09-30,Q3,72579350.7812245,0.0,72579350.7812245,1.0,678043.82718075,0.0,0.0,131841.85528525,63294736.15251075,66806970.4215665,568312.096695,1820809.72190375,7593190.08156175,0.10461915131274536,5772380.359658,0.07953199219234754,0.0,5895623.83307675,0.08123004366418064,1969438.89416625,3922499.91811075,0.05404429601381139,0.14044025,0.14044025,27933000,27933000,https://find-and-update.company-information.service.gov.uk/search/companies?q=Volex+PLC,https://find-and-update.company-information.service.gov.uk/search/companies?q=Volex+PLC,1620599561,18:32:41,20210509
89,1997-06-30,VLX.L,USD,1997-06-30,1997-06-30,Q2,72579350.7812245,0.0,72579350.7812245,1.0,678043.82718075,0.0,0.0,131841.85528525,63294736.15251075,66806970.4215665,568312.096695,1820809.72190375,7593190.08156175,0.10461915131274536,5772380.359658,0.07953199219234754,0.0,5895623.83307675,0.08123004366418064,1969438.89416625,3922499.91811075,0.05404429601381139,0.14044025,0.14044025,27933000,27933000,https://find-and-update.company-information.service.gov.uk/search/companies?q=Volex+PLC,https://find-and-update.company-information.service.gov.uk/search/companies?q=Volex+PLC,1620599561,18:32:41,20210509
90,1997-03-31,VLX.L,USD,1997-03-31,1997-03-31,Q1,72579350.7812245,0.0,72579350.7812245,1.0,678043.82718075,0.0,0.0,131841.85528525,63294736.15251075,66806970.4215665,568312.096695,1820809.72190375,7593190.08156175,0.10461915131274536,5772380.359658,0.07953199219234754,0.0,5895623.83307675,0.08123004366418064,1969438.89416625,3922499.91811075,0.05404429601381139,0.14044025,0.14044025,27933000,27933000,https://find-and-update.company-information.service.gov.uk/search/companies?q=Volex+PLC,https://find-and-update.company-information.service.gov.uk/search/companies?q=Volex+PLC,1620599561,18:32:41,20210509
91,1997-01-31,VLX.L,USD,1997-01-31,1997-01-31,Q1,72579350.7812245,0.0,72579350.7812245,1.0,678043.82718075,0.0,0.0,131841.85528525,63294736.15251075,66806970.4215665,568312.096695,1820809.72190375,7593190.08156175,0.10461915131274536,5772380.359658,0.07953199219234754,0.0,5895623.83307675,0.08123004366418064,1969438.89416625,3922499.91811075,0.05404429601381139,0.14044025,0.14044025,27933000,27933000,https://find-and-update.company-information.service.gov.uk/search/companies?q=Volex+PLC,https://find-and-update.company-information.service.gov.uk/search/companies?q=Volex+PLC,1620599561,18:32:41,20210509
92,1996-09-30,VLX.L,USD,1996-09-30,1996-09-30,Q3,69087453.63232525,0.0,69087453.63232525,1.0,612129.631043,0.0,0.0,108000.42742225,60711505.2893495,63861454.151338,587323.87916175,1630691.9659895,6856691.44697675,0.09924655037175348,5225999.48098725,0.07564324933437788,0.0,4866506.89218275,0.0704398068871041,1591384.38993125,3275122.5022515,0.04740545974789128,0.11830425,0.11830425,27700000,27700000,https://find-and-update.company-information.service.gov.uk/search/companies?q=Volex+PLC,https://find-and-update.company-information.service.gov.uk/search/companies?q=Volex+PLC,1620599561,18:32:41,20210509
93,1996-06-30,VLX.L,USD,1996-06-30,1996-06-30,Q2,69087453.63232525,0.0,69087453.63232525,1.0,612129.631043,0.0,0.0,108000.42742225,60711505.2893495,63861454.151338,587323.87916175,1630691.9659895,6856691.44697675,0.09924655037175348,5225999.48098725,0.07564324933437788,0.0,4866506.89218275,0.0704398068871041,1591384.38993125,3275122.5022515,0.04740545974789128,0.11830425,0.11830425,27700000,27700000,https://find-and-update.company-information.service.gov.uk/search/companies?q=Volex+PLC,https://find-and-update.company-information.service.gov.uk/search/companies?q=Volex+PLC,1620599561,18:32:41,20210509
94,1996-03-31,VLX.L,USD,1996-03-31,1996-03-31,Q1,69087453.63232525,0.0,69087453.63232525,1.0,612129.631043,0.0,0.0,108000.42742225,60711505.2893495,63861454.151338,587323.87916175,1630691.9659895,6856691.44697675,0.09924655037175348,5225999.48098725,0.07564324933437788,0.0,4866506.89218275,0.0704398068871041,1591384.38993125,3275122.5022515,0.04740545974789128,0.11830425,0.11830425,27700000,27700000,https://find-and-update.company-information.service.gov.uk/search/companies?q=Volex+PLC,https://find-and-update.company-information.service.gov.uk/search/companies?q=Volex+PLC,1620599561,18:32:41,20210509
95,1996-01-31,VLX.L,USD,1996-01-31,1996-01-31,Q1,69087453.63232525,0.0,69087453.63232525,1.0,612129.631043,0.0,0.0,108000.42742225,60711505.2893495,63861454.151338,587323.87916175,1630691.9659895,6856691.44697675,0.09924655037175348,5225999.48098725,0.07564324933437788,0.0,4866506.89218275,0.0704398068871041,1591384.38993125,3275122.5022515,0.04740545974789128,0.11830425,0.11830425,27700000,27700000,https://find-and-update.company-information.service.gov.uk/search/companies?q=Volex+PLC,https://find-and-update.company-information.service.gov.uk/search/companies?q=Volex+PLC,1620599561,18:32:41,20210509
96,1995-09-30,VLX.L,USD,1995-09-30,1995-09-30,Q3,66928622.17055775,0.0,66928622.17055775,1.0,563063.063063,0.0,0.0,37133.90810175,59025154.1864445,62131889.9544705,525929.1549615,1713810.58477825,6510542.800865251,0.09727591260244518,4796732.216087,0.07166937045055602,0.0,4832655.235881,0.07220610673211961,1399383.254222,3171316.477768,0.04738356139599537,0.118667,0.118667,26681000,26681000,https://find-and-update.company-information.service.gov.uk/search/companies?q=Volex+PLC,https://find-and-update.company-information.service.gov.uk/search/companies?q=Volex+PLC,1620599561,18:32:41,20210509
97,1995-06-30,VLX.L,USD,1995-06-30,1995-06-30,Q2,66928622.17055775,0.0,66928622.17055775,1.0,563063.063063,0.0,0.0,37133.90810175,59025154.1864445,62131889.9544705,525929.1549615,1713810.58477825,6510542.800865251,0.09727591260244518,4796732.216087,0.07166937045055602,0.0,4832655.235881,0.07220610673211961,1399383.254222,3171316.477768,0.04738356139599537,0.118667,0.118667,26681000,26681000,https://find-and-update.company-information.service.gov.uk/search/companies?q=Volex+PLC,https://find-and-update.company-information.service.gov.uk/search/companies?q=Volex+PLC,1620599561,18:32:41,20210509
98,1995-03-31,VLX.L,USD,1995-03-31,1995-03-31,Q1,66928622.17055775,0.0,66928622.17055775,1.0,563063.063063,0.0,0.0,37133.90810175,59025154.1864445,62131889.9544705,525929.1549615,1713810.58477825,6510542.800865251,0.09727591260244518,4796732.216087,0.07166937045055602,0.0,4832655.235881,0.07220610673211961,1399383.254222,3171316.477768,0.04738356139599537,0.118667,0.118667,26681000,26681000,https://find-and-update.company-information.service.gov.uk/search/companies?q=Volex+PLC,https://find-and-update.company-information.service.gov.uk/search/companies?q=Volex+PLC,1620599561,18:32:41,20210509
99,1995-01-31,VLX.L,USD,1995-01-31,1995-01-31,Q1,66928622.17055775,0.0,66928622.17055775,1.0,563063.063063,0.0,0.0,37133.90810175,59025154.1864445,62131889.9544705,525929.1549615,1713810.58477825,6510542.800865251,0.09727591260244518,4796732.216087,0.07166937045055602,0.0,4832655.235881,0.07220610673211961,1399383.254222,3171316.477768,0.04738356139599537,0.118667,0.118667,26681000,26681000,https://find-and-update.company-information.service.gov.uk/search/companies?q=Volex+PLC,https://find-and-update.company-information.service.gov.uk/search/companies?q=Volex+PLC,1620599561,18:32:41,20210509
100,1994-09-30,VLX.L,USD,1994-09-30,1994-09-30,Q3,55543559.19583025,0.0,55543559.19583025,1.0,474311.24348475,0.0,0.0,0.0,49078927.773641,51658600.14892025,382725.2419955,1422189.128816,5307148.175726,0.09554929955090845,3884959.04691,0.06994436624438807,0.0,3825763.216679,0.06887861116696689,1192107.222636,2327252.41995525,0.041899591125409204,0.087863,0.087863,26480000,26480000,https://find-and-update.company-information.service.gov.uk/search/companies?q=Volex+PLC,https://find-and-update.company-information.service.gov.uk/search/companies?q=Volex+PLC,1620599561,18:32:41,20210509
101,1994-06-30,VLX.L,USD,1994-06-30,1994-06-30,Q2,55543559.19583025,0.0,55543559.19583025,1.0,474311.24348475,0.0,0.0,0.0,49078927.773641,51658600.14892025,382725.2419955,1422189.128816,5307148.175726,0.09554929955090845,3884959.04691,0.06994436624438807,0.0,3825763.216679,0.06887861116696689,1192107.222636,2327252.41995525,0.041899591125409204,0.087863,0.087863,26480000,26480000,https://find-and-update.company-information.service.gov.uk/search/companies?q=Volex+PLC,https://find-and-update.company-information.service.gov.uk/search/companies?q=Volex+PLC,1620599561,18:32:41,20210509
102,1994-03-31,VLX.L,USD,1994-03-31,1994-03-31,Q1,55543559.19583025,0.0,55543559.19583025,1.0,474311.24348475,0.0,0.0,0.0,49078927.773641,51658600.14892025,382725.2419955,1422189.128816,5307148.175726,0.09554929955090845,3884959.04691,0.06994436624438807,0.0,3825763.216679,0.06887861116696689,1192107.222636,2327252.41995525,0.041899591125409204,0.087863,0.087863,26480000,26480000,https://find-and-update.company-information.service.gov.uk/search/companies?q=Volex+PLC,https://find-and-update.company-information.service.gov.uk/search/companies?q=Volex+PLC,1620599561,18:32:41,20210509
103,1994-01-31,VLX.L,USD,1994-01-31,1994-01-31,Q1,55543559.19583025,0.0,55543559.19583025,1.0,474311.24348475,0.0,0.0,0.0,49078927.773641,51658600.14892025,382725.2419955,1422189.128816,5307148.175726,0.09554929955090845,3884959.04691,0.06994436624438807,0.0,3825763.216679,0.06887861116696689,1192107.222636,2327252.41995525,0.041899591125409204,0.087863,0.087863,26480000,26480000,https://find-and-update.company-information.service.gov.uk/search/companies?q=Volex+PLC,https://find-and-update.company-information.service.gov.uk/search/companies?q=Volex+PLC,1620599561,18:32:41,20210509
104,1993-09-30,VLX.L,USD,1993-09-30,1993-09-30,Q3,44199130.3178375,0.0,44199130.3178375,1.0,424380.98653625,0.0,0.0,0.0,39156991.0790335,41421228.01512225,136728.3812255,1100924.97123475,3878827.27395,0.08775799989857756,2777902.30271525,0.06284970502223136,0.0,2743533.42000275,0.06207211319032535,930201.28210875,1746088.6717175,0.039505045894824516,0.08106575,0.08106575,20765000,20765000,https://find-and-update.company-information.service.gov.uk/search/companies?q=Volex+PLC,https://find-and-update.company-information.service.gov.uk/search/companies?q=Volex+PLC,1620599561,18:32:41,20210509
105,1993-06-30,VLX.L,USD,1993-06-30,1993-06-30,Q2,44199130.3178375,0.0,44199130.3178375,1.0,424380.98653625,0.0,0.0,0.0,39156991.0790335,41421228.01512225,136728.3812255,1100924.97123475,3878827.27395,0.08775799989857756,2777902.30271525,0.06284970502223136,0.0,2743533.42000275,0.06207211319032535,930201.28210875,1746088.6717175,0.039505045894824516,0.08106575,0.08106575,20765000,20765000,https://find-and-update.company-information.service.gov.uk/search/companies?q=Volex+PLC,https://find-and-update.company-information.service.gov.uk/search/companies?q=Volex+PLC,1620599561,18:32:41,20210509
106,1993-03-31,VLX.L,USD,1993-03-31,1993-03-31,Q1,44199130.3178375,0.0,44199130.3178375,1.0,424380.98653625,0.0,0.0,0.0,39156991.0790335,41421228.01512225,136728.3812255,1100924.97123475,3878827.27395,0.08775799989857756,2777902.30271525,0.06284970502223136,0.0,2743533.42000275,0.06207211319032535,930201.28210875,1746088.6717175,0.039505045894824516,0.08106575,0.08106575,20765000,20765000,https://find-and-update.company-information.service.gov.uk/search/companies?q=Volex+PLC,https://find-and-update.company-information.service.gov.uk/search/companies?q=Volex+PLC,1620599561,18:32:41,20210509
107,1993-01-31,VLX.L,USD,1993-01-31,1993-01-31,Q1,44199130.3178375,0.0,44199130.3178375,1.0,424380.98653625,0.0,0.0,0.0,39156991.0790335,41421228.01512225,136728.3812255,1100924.97123475,3878827.27395,0.08775799989857756,2777902.30271525,0.06284970502223136,0.0,2743533.42000275,0.06207211319032535,930201.28210875,1746088.6717175,0.039505045894824516,0.08106575,0.08106575,20765000,20765000,https://find-and-update.company-information.service.gov.uk/search/companies?q=Volex+PLC,https://find-and-update.company-information.service.gov.uk/search/companies?q=Volex+PLC,1620599561,18:32:41,20210509
108,1992-09-30,VLX.L,USD,1992-09-30,1992-09-30,Q3,35518666.7826995,0.0,0.0,0.0,435558.2629885,0.0,0.0,0.0,31703507.09250725,33704203.289531,57001.13132025,1082586.37194325,2897049.86511175,0.08156414999571016,1814463.4931685,0.0510847860441736,0.0,1602123.4009225,0.04510651851670472,539552.69341225,-1342790.00957275,-0.03780519178233341,-0.0785145,-0.0785145,17102437,17102437,https://find-and-update.company-information.service.gov.uk/search/companies?q=Volex+PLC,https://find-and-update.company-information.service.gov.uk/search/companies?q=Volex+PLC,1620599561,18:32:41,20210509
109,1992-06-30,VLX.L,USD,1992-06-30,1992-06-30,Q2,35518666.7826995,0.0,0.0,0.0,435558.2629885,0.0,0.0,0.0,31703507.09250725,33704203.289531,57001.13132025,1082586.37194325,2897049.86511175,0.08156414999571016,1814463.4931685,0.0510847860441736,0.0,1602123.4009225,0.04510651851670472,539552.69341225,-1342790.00957275,-0.03780519178233341,-0.0785145,-0.0785145,17102437,17102437,https://find-and-update.company-information.service.gov.uk/search/companies?q=Volex+PLC,https://find-and-update.company-information.service.gov.uk/search/companies?q=Volex+PLC,1620599561,18:32:41,20210509
110,1992-03-31,VLX.L,USD,1992-03-31,1992-03-31,Q1,35518666.7826995,0.0,0.0,0.0,435558.2629885,0.0,0.0,0.0,31703507.09250725,33704203.289531,57001.13132025,1082586.37194325,2897049.86511175,0.08156414999571016,1814463.4931685,0.0510847860441736,0.0,1602123.4009225,0.04510651851670472,539552.69341225,-1342790.00957275,-0.03780519178233341,-0.0785145,-0.0785145,17102437,17102437,https://find-and-update.company-information.service.gov.uk/search/companies?q=Volex+PLC,https://find-and-update.company-information.service.gov.uk/search/companies?q=Volex+PLC,1620599561,18:32:41,20210509
111,1992-01-31,VLX.L,USD,1992-01-31,1992-01-31,Q1,35518666.7826995,0.0,0.0,0.0,435558.2629885,0.0,0.0,0.0,31703507.09250725,33704203.289531,57001.13132025,1082586.37194325,2897049.86511175,0.08156414999571016,1814463.4931685,0.0510847860441736,0.0,1602123.4009225,0.04510651851670472,539552.69341225,-1342790.00957275,-0.03780519178233341,-0.0785145,-0.0785145,17102437,17102437,https://find-and-update.company-information.service.gov.uk/search/companies?q=Volex+PLC,https://find-and-update.company-information.service.gov.uk/search/companies?q=Volex+PLC,1620599561,18:32:41,20210509
112,1991-09-30,VLX.L,USD,1991-09-30,1991-09-30,Q3,42308461.25762775,0.0,42308461.25762775,1.0,445054.84953325,0.0,0.0,1978407.8858155,40277463.88275575,42221536.48232825,207315.58908925,1059178.38702375,1146103.16232325,0.027089218758023732,86924.7752995,0.0020545482562032064,0.0,1805862.20684625,0.042683240022601224,601954.06894875,1173049.84266625,0.02772612871745039,0.0714595,0.0714595,16415598,16415598,https://find-and-update.company-information.service.gov.uk/search/companies?q=Volex+PLC,https://find-and-update.company-information.service.gov.uk/search/companies?q=Volex+PLC,1620599561,18:32:41,20210509
113,1991-06-30,VLX.L,USD,1991-06-30,1991-06-30,Q2,42308461.25762775,0.0,42308461.25762775,1.0,445054.84953325,0.0,0.0,1978407.8858155,40277463.88275575,42221536.48232825,207315.58908925,1059178.38702375,1146103.16232325,0.027089218758023732,86924.7752995,0.0020545482562032064,0.0,1805862.20684625,0.042683240022601224,601954.06894875,1173049.84266625,0.02772612871745039,0.0714595,0.0714595,16415598,16415598,https://find-and-update.company-information.service.gov.uk/search/companies?q=Volex+PLC,https://find-and-update.company-information.service.gov.uk/search/companies?q=Volex+PLC,1620599561,18:32:41,20210509
114,1991-03-31,VLX.L,USD,1991-03-31,1991-03-31,Q1,42308461.25762775,0.0,42308461.25762775,1.0,445054.84953325,0.0,0.0,1978407.8858155,40277463.88275575,42221536.48232825,207315.58908925,1059178.38702375,1146103.16232325,0.027089218758023732,86924.7752995,0.0020545482562032064,0.0,1805862.20684625,0.042683240022601224,601954.06894875,1173049.84266625,0.02772612871745039,0.0714595,0.0714595,16415598,16415598,https://find-and-update.company-information.service.gov.uk/search/companies?q=Volex+PLC,https://find-and-update.company-information.service.gov.uk/search/companies?q=Volex+PLC,1620599561,18:32:41,20210509
115,1991-01-31,VLX.L,USD,1991-01-31,1991-01-31,Q1,42308461.25762775,0.0,42308461.25762775,1.0,445054.84953325,0.0,0.0,1978407.8858155,40277463.88275575,42221536.48232825,207315.58908925,1059178.38702375,1146103.16232325,0.027089218758023732,86924.7752995,0.0020545482562032064,0.0,1805862.20684625,0.042683240022601224,601954.06894875,1173049.84266625,0.02772612871745039,0.0714595,0.0714595,16415598,16415598,https://find-and-update.company-information.service.gov.uk/search/companies?q=Volex+PLC,https://find-and-update.company-information.service.gov.uk/search/companies?q=Volex+PLC,1620599561,18:32:41,20210509
116,1990-09-30,VLX.L,USD,1990-09-30,1990-09-30,Q3,42369415.24310125,0.0,42369415.24310125,1.0,435282.522996,0.0,0.0,3051084.0998685,39912943.49540075,41846254.92772675,160972.4047305,1099704.3363995,1622864.651774,0.03830273895597936,523160.3153745,0.012347593479229878,0.0,2879434.954008,0.06796022407877911,893150.45992125,1632309.46123525,0.038525654693830805,0.1001105,0.1001105,16305084,16305084,https://find-and-update.company-information.service.gov.uk/search/companies?q=Volex+PLC,https://find-and-update.company-information.service.gov.uk/search/companies?q=Volex+PLC,1620599561,18:32:41,20210509
117,1990-06-30,VLX.L,USD,1990-06-30,1990-06-30,Q2,42369415.24310125,0.0,42369415.24310125,1.0,435282.522996,0.0,0.0,3051084.0998685,39912943.49540075,41846254.92772675,160972.4047305,1099704.3363995,1622864.651774,0.03830273895597936,523160.3153745,0.012347593479229878,0.0,2879434.954008,0.06796022407877911,893150.45992125,1632309.46123525,0.038525654693830805,0.1001105,0.1001105,16305084,16305084,https://find-and-update.company-information.service.gov.uk/search/companies?q=Volex+PLC,https://find-and-update.company-information.service.gov.uk/search/companies?q=Volex+PLC,1620599561,18:32:41,20210509
118,1990-03-31,VLX.L,USD,1990-03-31,1990-03-31,Q1,42369415.24310125,0.0,42369415.24310125,1.0,435282.522996,0.0,0.0,3051084.0998685,39912943.49540075,41846254.92772675,160972.4047305,1099704.3363995,1622864.651774,0.03830273895597936,523160.3153745,0.012347593479229878,0.0,2879434.954008,0.06796022407877911,893150.45992125,1632309.46123525,0.038525654693830805,0.1001105,0.1001105,16305084,16305084,https://find-and-update.company-information.service.gov.uk/search/companies?q=Volex+PLC,https://find-and-update.company-information.service.gov.uk/search/companies?q=Volex+PLC,1620599561,18:32:41,20210509
119,1990-01-31,VLX.L,USD,1990-01-31,1990-01-31,Q1,42369415.24310125,0.0,42369415.24310125,1.0,435282.522996,0.0,0.0,3051084.0998685,39912943.49540075,41846254.92772675,160972.4047305,1099704.3363995,1622864.651774,0.03830273895597936,523160.3153745,0.012347593479229878,0.0,2879434.954008,0.06796022407877911,893150.45992125,1632309.46123525,0.038525654693830805,0.1001105,0.1001105,16305084,16305084,https://find-and-update.company-information.service.gov.uk/search/companies?q=Volex+PLC,https://find-and-update.company-information.service.gov.uk/search/companies?q=Volex+PLC,1620599561,18:32:41,20210509
120,1989-09-30,VLX.L,USD,1989-09-30,1989-09-30,Q3,43323789.25319675,0.0,43323789.25319675,1.0,0.0,0.0,0.0,4211219.784118,42186101.116573,43323789.25319675,241135.82999725,858967.212284,4961654.75768175,8.731721848667897,0.0,0.0,0.0,3861551.7154005,0.08913236311885082,997060.7611615,2864490.954239,0.06611819980699488,0.1766015,0.1766015,16220073,16220073,https://find-and-update.company-information.service.gov.uk/search/companies?q=Volex+PLC,https://find-and-update.company-information.service.gov.uk/search/companies?q=Volex+PLC,1620599561,18:32:41,20210509
121,1989-06-30,VLX.L,USD,1989-06-30,1989-06-30,Q2,43323789.25319675,0.0,43323789.25319675,1.0,0.0,0.0,0.0,4211219.784118,42186101.116573,43323789.25319675,241135.82999725,858967.212284,4961654.75768175,8.731721848667897,0.0,0.0,0.0,3861551.7154005,0.08913236311885082,997060.7611615,2864490.954239,0.06611819980699488,0.1766015,0.1766015,16220073,16220073,https://find-and-update.company-information.service.gov.uk/search/companies?q=Volex+PLC,https://find-and-update.company-information.service.gov.uk/search/companies?q=Volex+PLC,1620599561,18:32:41,20210509
122,1989-03-31,VLX.L,USD,1989-03-31,1989-03-31,Q1,43323789.25319675,0.0,43323789.25319675,1.0,0.0,0.0,0.0,4211219.784118,42186101.116573,43323789.25319675,241135.82999725,858967.212284,4961654.75768175,8.731721848667897,0.0,0.0,0.0,3861551.7154005,0.08913236311885082,997060.7611615,2864490.954239,0.06611819980699488,0.1766015,0.1766015,16220073,16220073,https://find-and-update.company-information.service.gov.uk/search/companies?q=Volex+PLC,https://find-and-update.company-information.service.gov.uk/search/companies?q=Volex+PLC,1620599561,18:32:41,20210509
123,1989-01-31,VLX.L,USD,1989-01-31,1989-01-31,Q1,43323789.25319675,0.0,43323789.25319675,1.0,0.0,0.0,0.0,4211219.784118,42186101.116573,43323789.25319675,241135.82999725,858967.212284,4961654.75768175,8.731721848667897,0.0,0.0,0.0,3861551.7154005,0.08913236311885082,997060.7611615,2864490.954239,0.06611819980699488,0.1766015,0.1766015,16220073,16220073,https://find-and-update.company-information.service.gov.uk/search/companies?q=Volex+PLC,https://find-and-update.company-information.service.gov.uk/search/companies?q=Volex+PLC,1620599561,18:32:41,20210509
124,1988-09-30,VLX.L,USD,1988-09-30,1988-09-30,Q3,38810121.871802,0.0,38810121.871802,1.0,0.0,0.0,0.0,3416596.89273425,37806772.723044,38810121.871802,332123.918504,761931.3424505,4147827.70490275,9.35673432768875,0.0,0.0,0.0,3053772.44394825,0.07868494858211222,548888.26867625,2504884.175272,0.06454203322386257,0.1549795,0.1549795,16162691,16162691,https://find-and-update.company-information.service.gov.uk/search/companies?q=Volex+PLC,https://find-and-update.company-information.service.gov.uk/search/companies?q=Volex+PLC,1620599561,18:32:41,20210509
125,1988-06-30,VLX.L,USD,1988-06-30,1988-06-30,Q2,38810121.871802,0.0,38810121.871802,1.0,0.0,0.0,0.0,3416596.89273425,37806772.723044,38810121.871802,332123.918504,761931.3424505,4147827.70490275,9.35673432768875,0.0,0.0,0.0,3053772.44394825,0.07868494858211222,548888.26867625,2504884.175272,0.06454203322386257,0.1549795,0.1549795,16162691,16162691,https://find-and-update.company-information.service.gov.uk/search/companies?q=Volex+PLC,https://find-and-update.company-information.service.gov.uk/search/companies?q=Volex+PLC,1620599561,18:32:41,20210509
126,1988-03-31,VLX.L,USD,1988-03-31,1988-03-31,Q1,38810121.871802,0.0,38810121.871802,1.0,0.0,0.0,0.0,3416596.89273425,37806772.723044,38810121.871802,332123.918504,761931.3424505,4147827.70490275,9.35673432768875,0.0,0.0,0.0,3053772.44394825,0.07868494858211222,548888.26867625,2504884.175272,0.06454203322386257,0.1549795,0.1549795,16162691,16162691,https://find-and-update.company-information.service.gov.uk/search/companies?q=Volex+PLC,https://find-and-update.company-information.service.gov.uk/search/companies?q=Volex+PLC,1620599561,18:32:41,20210509
127,1988-01-31,VLX.L,USD,1988-01-31,1988-01-31,Q1,38810121.871802,0.0,38810121.871802,1.0,0.0,0.0,0.0,3416596.89273425,37806772.723044,38810121.871802,332123.918504,761931.3424505,4147827.70490275,9.35673432768875,0.0,0.0,0.0,3053772.44394825,0.07868494858211222,548888.26867625,2504884.175272,0.06454203322386257,0.1549795,0.1549795,16162691,16162691,https://find-and-update.company-information.service.gov.uk/search/companies?q=Volex+PLC,https://find-and-update.company-information.service.gov.uk/search/companies?q=Volex+PLC,1620599561,18:32:41,20210509
128,1987-09-30,VLX.L,USD,1987-09-30,1987-09-30,Q3,27219894.36337075,0.0,27219894.36337075,1.0,0.0,0.0,0.0,2481176.451701,26431633.19366175,27219894.36337075,298206.7459745,533400.760969,3008155.53307975,9.048699132754955,0.0,0.0,0.0,2176548.02613625,0.07996166322618745,388511.615213,1788036.41092325,0.0656885874373331,0.1111095,0.1111095,16092557,16092557,https://find-and-update.company-information.service.gov.uk/search/companies?q=Volex+PLC,https://find-and-update.company-information.service.gov.uk/search/companies?q=Volex+PLC,1620599561,18:32:41,20210509
129,1987-06-30,VLX.L,USD,1987-06-30,1987-06-30,Q2,27219894.36337075,0.0,27219894.36337075,1.0,0.0,0.0,0.0,2481176.451701,26431633.19366175,27219894.36337075,298206.7459745,533400.760969,3008155.53307975,9.048699132754955,0.0,0.0,0.0,2176548.02613625,0.07996166322618745,388511.615213,1788036.41092325,0.0656885874373331,0.1111095,0.1111095,16092557,16092557,https://find-and-update.company-information.service.gov.uk/search/companies?q=Volex+PLC,https://find-and-update.company-information.service.gov.uk/search/companies?q=Volex+PLC,1620599561,18:32:41,20210509
130,1987-03-31,VLX.L,USD,1987-03-31,1987-03-31,Q1,27219894.36337075,0.0,27219894.36337075,1.0,0.0,0.0,0.0,2481176.451701,26431633.19366175,27219894.36337075,298206.7459745,533400.760969,3008155.53307975,9.048699132754955,0.0,0.0,0.0,2176548.02613625,0.07996166322618745,388511.615213,1788036.41092325,0.0656885874373331,0.1111095,0.1111095,16092557,16092557,https://find-and-update.company-information.service.gov.uk/search/companies?q=Volex+PLC,https://find-and-update.company-information.service.gov.uk/search/companies?q=Volex+PLC,1620599561,18:32:41,20210509
131,1987-01-31,VLX.L,USD,1987-01-31,1987-01-31,Q1,27219894.36337075,0.0,27219894.36337075,1.0,0.0,0.0,0.0,2481176.451701,26431633.19366175,27219894.36337075,298206.7459745,533400.760969,3008155.53307975,9.048699132754955,0.0,0.0,0.0,2176548.02613625,0.07996166322618745,388511.615213,1788036.41092325,0.0656885874373331,0.1111095,0.1111095,16092557,16092557,https://find-and-update.company-information.service.gov.uk/search/companies?q=Volex+PLC,https://find-and-update.company-information.service.gov.uk/search/companies?q=Volex+PLC,1620599561,18:32:41,20210509
132,1986-09-30,VLX.L,USD,1986-09-30,1986-09-30,Q3,23564988.9501955,0.0,23564988.9501955,1.0,0.0,0.0,0.0,2153614.23741725,22952127.27033225,23564988.9501955,311370.3221275,387840.8242715,2568530.74187375,9.174501424501067,0.0,0.0,0.0,1869319.59547475,0.07932613927490265,0.0,1869319.59547475,0.07932613927490265,0.11628325,0.11628325,16075555,16075555,https://find-and-update.company-information.service.gov.uk/search/companies?q=Volex+PLC,https://find-and-update.company-information.service.gov.uk/search/companies?q=Volex+PLC,1620599561,18:32:41,20210509
133,1986-06-30,VLX.L,USD,1986-06-30,1986-06-30,Q2,23564988.9501955,0.0,23564988.9501955,1.0,0.0,0.0,0.0,2153614.23741725,22952127.27033225,23564988.9501955,311370.3221275,387840.8242715,2568530.74187375,9.174501424501067,0.0,0.0,0.0,1869319.59547475,0.07932613927490265,0.0,1869319.59547475,0.07932613927490265,0.11628325,0.11628325,16075555,16075555,https://find-and-update.company-information.service.gov.uk/search/companies?q=Volex+PLC,https://find-and-update.company-information.service.gov.uk/search/companies?q=Volex+PLC,1620599561,18:32:41,20210509
134,1986-03-31,VLX.L,USD,1986-03-31,1986-03-31,Q1,23564988.9501955,0.0,23564988.9501955,1.0,0.0,0.0,0.0,2153614.23741725,22952127.27033225,23564988.9501955,311370.3221275,387840.8242715,2568530.74187375,9.174501424501067,0.0,0.0,0.0,1869319.59547475,0.07932613927490265,0.0,1869319.59547475,0.07932613927490265,0.11628325,0.11628325,16075555,16075555,https://find-and-update.company-information.service.gov.uk/search/companies?q=Volex+PLC,https://find-and-update.company-information.service.gov.uk/search/companies?q=Volex+PLC,1620599561,18:32:41,20210509
135,1986-01-31,VLX.L,USD,1986-01-31,1986-01-31,Q1,23564988.9501955,0.0,23564988.9501955,1.0,0.0,0.0,0.0,2153614.23741725,22952127.27033225,23564988.9501955,311370.3221275,387840.8242715,2568530.74187375,9.174501424501067,0.0,0.0,0.0,1869319.59547475,0.07932613927490265,0.0,1869319.59547475,0.07932613927490265,0.11628325,0.11628325,16075555,16075555,https://find-and-update.company-information.service.gov.uk/search/companies?q=Volex+PLC,https://find-and-update.company-information.service.gov.uk/search/companies?q=Volex+PLC,1620599561,18:32:41,20210509
