,date,symbol,reportedCurrency,fillingDate,acceptedDate,period,revenue,costOfRevenue,grossProfit,grossProfitRatio,researchAndDevelopmentExpenses,generalAndAdministrativeExpenses,sellingAndMarketingExpenses,otherExpenses,operatingExpenses,costAndExpenses,interestExpense,depreciationAndAmortization,ebitda,ebitdaratio,operatingIncome,operatingIncomeRatio,totalOtherIncomeExpensesNet,incomeBeforeTax,incomeBeforeTaxRatio,incomeTaxExpense,netIncome,netIncomeRatio,eps,epsdiluted,weightedAverageShsOut,weightedAverageShsOutDil,link,finalLink,timestamp,est_time,est_date
0,2020-12-31,DEZ.DE,EUR,2020-12-31,2020-12-31,Q4,367400000,312500000,54900000,0.14942841589548175,-65200000.0,9500000.0,26600000.0,0.0,21600000,334100000,1300000.0,36200000,69500000.0,0.18916712030484487,33300000.0,0.09063690800217747,0.0,-4300000.0,-0.011703864997278171,-1200000.0,-3100000.0,-0.008437670114316821,-0.025536398433188737,-0.025536398433188737,121395349,121395349,https://www.bundesanzeiger.de/pub/de/suche;wwwsid=627BFD7A56A5CB624C47FDDEAB2FC509.web07-pub?0,https://www.bundesanzeiger.de/pub/de/suche;wwwsid=627BFD7A56A5CB624C47FDDEAB2FC509.web07-pub?0,1620591072,16:11:12,20210509
1,2020-09-30,DEZ.DE,EUR,2020-09-30,2020-09-30,Q3,308200000,263300000,44900000,0.14568462037637897,23700000.0,12000000.0,22800000.0,0.0,99300000,362600000,1200000.0,22200000,-32200000.0,-0.1044776119402985,-54400000.0,-0.1765087605451006,0.0,-54700000.0,-0.17748215444516546,-2500000.0,-52200000.0,-0.16937053861129137,-0.43,-0.43,121395349,121395349,https://www.bundesanzeiger.de/pub/de/suche;wwwsid=627BFD7A56A5CB624C47FDDEAB2FC509.web07-pub?0,https://www.bundesanzeiger.de/pub/de/suche;wwwsid=627BFD7A56A5CB624C47FDDEAB2FC509.web07-pub?0,1620591072,16:11:12,20210509
2,2020-06-30,DEZ.DE,EUR,2020-06-30,2020-06-30,Q2,280200000,246400000,33800000,0.1206281227694504,25500000.0,12800000.0,23800000.0,0.0,71200000,317600000,900000.0,26300000,-11100000.0,-0.03961456102783726,-37400000.0,-0.1334760885082084,0.0,-39100000.0,-0.1395431834403997,3200000.0,-42300000.0,-0.15096359743040685,-0.35,-0.35,120857143,120857143,https://www.bundesanzeiger.de/pub/de/suche;wwwsid=627BFD7A56A5CB624C47FDDEAB2FC509.web07-pub?0,https://www.bundesanzeiger.de/pub/de/suche;wwwsid=627BFD7A56A5CB624C47FDDEAB2FC509.web07-pub?0,1620591072,16:11:12,20210509
3,2020-03-31,DEZ.DE,EUR,2020-03-31,2020-03-31,Q1,339800000,288400000,51400000,0.15126545026486168,24100000.0,11500000.0,27500000.0,0.0,63600000,352000000,900000.0,21700000,9500000.0,0.027957622130665098,-12200000.0,-0.03590347263095939,0.0,-12500000.0,-0.036786344908769864,-2500000.0,-10000000.0,-0.02942907592701589,-0.08,-0.08,125000000,125000000,https://www.bundesanzeiger.de/pub/de/suche;wwwsid=627BFD7A56A5CB624C47FDDEAB2FC509.web07-pub?0,https://www.bundesanzeiger.de/pub/de/suche;wwwsid=627BFD7A56A5CB624C47FDDEAB2FC509.web07-pub?0,1620591072,16:11:12,20210509
4,2019-12-31,DEZ.DE,EUR,2019-12-31,2019-12-31,Q4,460900000,385200000,75700000,0.16424387068778476,27100000.0,11200000.0,25300000.0,0.0,72200000,457400000,500000.0,27800000,31300000.0,0.06791060967671946,3500000.0,0.007593838142764157,0.0,7700000.0,0.016706443914081145,10100000.0,-2400000.0,-0.005207203297895422,-0.019858156004895797,-0.019858156004895797,120857143,120857143,https://www.bundesanzeiger.de/pub/de/suche;wwwsid=627BFD7A56A5CB624C47FDDEAB2FC509.web07-pub?0,https://www.bundesanzeiger.de/pub/de/suche;wwwsid=627BFD7A56A5CB624C47FDDEAB2FC509.web07-pub?0,1620591072,16:11:12,20210509
5,2019-09-30,DEZ.DE,EUR,2019-09-30,2019-09-30,Q3,450100000,369300000,80800000,0.17951566318595868,24200000.0,10100000.0,26300000.0,0.0,58500000,427800000,800000.0,21000000,43300000.0,0.09620084425683181,22300000.0,0.04954454565652077,0.0,12100000.0,0.026882914907798268,2700000.0,9400000.0,0.020884247944901135,0.08,0.08,117500000,117500000,https://www.bundesanzeiger.de/pub/de/suche;wwwsid=627BFD7A56A5CB624C47FDDEAB2FC509.web07-pub?0,https://www.bundesanzeiger.de/pub/de/suche;wwwsid=627BFD7A56A5CB624C47FDDEAB2FC509.web07-pub?0,1620591072,16:11:12,20210509
6,2019-06-30,DEZ.DE,EUR,2019-06-30,2019-06-30,Q2,477000000,391700000,85300000,0.17882599580712788,21300000.0,14000000.0,25900000.0,0.0,53700000,445400000,0.0,18800000,50400000.0,0.10566037735849057,31600000.0,0.06624737945492662,0.0,30800000.0,0.06457023060796646,6400000.0,24400000.0,0.05115303983228511,0.2,0.2,122000000,122000000,https://www.bundesanzeiger.de/pub/de/suche;wwwsid=627BFD7A56A5CB624C47FDDEAB2FC509.web07-pub?0,https://www.bundesanzeiger.de/pub/de/suche;wwwsid=627BFD7A56A5CB624C47FDDEAB2FC509.web07-pub?0,1620591072,16:11:12,20210509
7,2019-03-31,DEZ.DE,EUR,2019-03-31,2019-03-31,Q1,452800000,365300000,87500000,0.19324204946996468,22700000.0,12700000.0,25900000.0,6800000.0,69600000,434900000,0.0,19800000,37700000.0,0.08325971731448763,17900000.0,0.039531802120141346,0.0,24500000.0,0.05410777385159011,3600000.0,20900000.0,0.04615724381625442,0.17,0.17,122941176,122941176,https://www.bundesanzeiger.de/pub/de/suche;wwwsid=627BFD7A56A5CB624C47FDDEAB2FC509.web07-pub?0,https://www.bundesanzeiger.de/pub/de/suche;wwwsid=627BFD7A56A5CB624C47FDDEAB2FC509.web07-pub?0,1620591072,16:11:12,20210509
8,2018-12-31,DEZ.DE,EUR,2018-12-31,2018-12-31,Q4,481500000,411000000,70500000,0.14641744548286603,20500000.0,-22000000.0,-40200000.0,8200000.0,38100000,449100000,0.0,20400000,52800000.0,0.10965732087227414,32400000.0,0.06728971962616823,0.0,35900000.0,0.07455867082035306,1600000.0,34300000.0,0.07123572170301143,0.28380614623663575,0.28380614623663575,120857143,120857143,https://www.bundesanzeiger.de/pub/de/suche;wwwsid=627BFD7A56A5CB624C47FDDEAB2FC509.web07-pub?0,https://www.bundesanzeiger.de/pub/de/suche;wwwsid=627BFD7A56A5CB624C47FDDEAB2FC509.web07-pub?0,1620591072,16:11:12,20210509
9,2018-09-30,DEZ.DE,EUR,2018-09-30,2018-09-30,Q3,419700000,342800000,76900000,0.18322611389087443,23700000.0,12900000.0,24200000.0,3200000.0,67600000,410400000,0.0,18700000,28000000.0,0.06671431975220396,9300000.0,0.02215868477483917,0.0,11800000.0,0.02811532046700024,1500000.0,10300000.0,0.0245413390517036,0.08,0.08,128750000,128750000,https://www.bundesanzeiger.de/pub/de/suche;wwwsid=627BFD7A56A5CB624C47FDDEAB2FC509.web07-pub?0,https://www.bundesanzeiger.de/pub/de/suche;wwwsid=627BFD7A56A5CB624C47FDDEAB2FC509.web07-pub?0,1620591072,16:11:12,20210509
10,2018-06-30,DEZ.DE,EUR,2018-06-30,2018-06-30,Q2,463100000,379000000,84100000,0.18160224573526237,24900000.0,12100000.0,24600000.0,8400000.0,66400000,445400000,0.0,21100000,38800000.0,0.08378320017274887,17700000.0,0.038220686676743686,0.0,11300000.0,0.02440077736989851,4200000.0,7100000.0,0.015331461887281364,0.06,0.06,118333333,118333333,https://www.bundesanzeiger.de/pub/de/suche;wwwsid=627BFD7A56A5CB624C47FDDEAB2FC509.web07-pub?0,https://www.bundesanzeiger.de/pub/de/suche;wwwsid=627BFD7A56A5CB624C47FDDEAB2FC509.web07-pub?0,1620591072,16:11:12,20210509
11,2018-03-31,DEZ.DE,EUR,2018-03-31,2018-03-31,Q1,414500000,335500000,79000000,0.19059107358262967,22900000.0,11100000.0,23300000.0,4900000.0,62700000,398200000,0.0,19200000,35500000.0,0.0856453558504222,16300000.0,0.039324487334137515,0.0,21100000.0,0.05090470446320868,2900000.0,18200000.0,0.04390832328106152,0.15,0.15,121333333,121333333,https://www.bundesanzeiger.de/pub/de/suche;wwwsid=627BFD7A56A5CB624C47FDDEAB2FC509.web07-pub?0,https://www.bundesanzeiger.de/pub/de/suche;wwwsid=627BFD7A56A5CB624C47FDDEAB2FC509.web07-pub?0,1620591072,16:11:12,20210509
12,2017-12-31,DEZ.DE,EUR,2017-12-31,2017-12-31,Q4,385900000,316700000,69200000,0.1793210676341021,-58100000.0,13100000.0,22700000.0,12600000.0,29700000,346400000,0.0,30800000,70300000.0,0.18217154703291008,39500000.0,0.10235812386628661,0.0,118200000.0,0.3062969681264576,18300000.0,99900000.0,0.25887535630992486,0.8265957437037875,0.8265957437037875,120857143,120857143,https://www.bundesanzeiger.de/pub/de/suche;wwwsid=627BFD7A56A5CB624C47FDDEAB2FC509.web07-pub?0,https://www.bundesanzeiger.de/pub/de/suche;wwwsid=627BFD7A56A5CB624C47FDDEAB2FC509.web07-pub?0,1620591072,16:11:12,20210509
13,2017-09-30,DEZ.DE,EUR,2017-09-30,2017-09-30,Q3,358700000,305200000,53500000,0.14914970727627544,22000000.0,7900000.0,19100000.0,5700000.0,58100000,363300000,0.0,20800000,16200000.0,0.04516308893225537,-4600000.0,-0.01282408698076387,0.0,400000.0,0.001115137998327293,-1100000.0,1500000.0,0.004181767493727348,0.02,0.02,120861783,120861783,https://www.bundesanzeiger.de/pub/de/suche;wwwsid=627BFD7A56A5CB624C47FDDEAB2FC509.web07-pub?0,https://www.bundesanzeiger.de/pub/de/suche;wwwsid=627BFD7A56A5CB624C47FDDEAB2FC509.web07-pub?0,1620591072,16:11:12,20210509
14,2017-06-30,DEZ.DE,EUR,2017-06-30,2017-06-30,Q2,382000000,313800000,68200000,0.17853403141361257,21900000.0,10300000.0,18500000.0,3700000.0,63600000,377400000,0.0,20800000,25400000.0,0.06649214659685863,4600000.0,0.012041884816753926,0.0,8700000.0,0.022774869109947644,4300000.0,4400000.0,0.011518324607329843,0.03,0.03,146666667,146666667,https://www.bundesanzeiger.de/pub/de/suche;wwwsid=627BFD7A56A5CB624C47FDDEAB2FC509.web07-pub?0,https://www.bundesanzeiger.de/pub/de/suche;wwwsid=627BFD7A56A5CB624C47FDDEAB2FC509.web07-pub?0,1620591072,16:11:12,20210509
15,2017-03-31,DEZ.DE,EUR,2017-03-31,2017-03-31,Q1,352500000,290900000,61600000,0.1747517730496454,23200000.0,10200000.0,18500000.0,13500000.0,56800000,347700000,0.0,21100000,25900000.0,0.07347517730496454,4800000.0,0.013617021276595745,0.0,16800000.0,0.04765957446808511,1400000.0,15400000.0,0.04368794326241135,0.13,0.13,118461538,118461538,https://www.bundesanzeiger.de/pub/de/suche;wwwsid=627BFD7A56A5CB624C47FDDEAB2FC509.web07-pub?0,https://www.bundesanzeiger.de/pub/de/suche;wwwsid=627BFD7A56A5CB624C47FDDEAB2FC509.web07-pub?0,1620591072,16:11:12,20210509
16,2016-12-31,DEZ.DE,EUR,2016-12-31,2016-12-31,Q4,314700000,266000000,48700000,0.15475055608516047,18700000.0,10500000.0,16100000.0,6900000.0,31300000,297300000,0.0,22600000,40000000.0,0.1271051795360661,17400000.0,0.055290753098188754,0.0,3000000.0,0.009532888465204958,5800000.0,-2700000.0,-0.008579599618684462,-0.02234042550550777,-0.02234042550550777,120857143,120857143,https://www.bundesanzeiger.de/pub/de/suche;wwwsid=627BFD7A56A5CB624C47FDDEAB2FC509.web07-pub?0,https://www.bundesanzeiger.de/pub/de/suche;wwwsid=627BFD7A56A5CB624C47FDDEAB2FC509.web07-pub?0,1620591072,16:11:12,20210509
17,2016-09-30,DEZ.DE,EUR,2016-09-30,2016-09-30,Q3,301100000,253100000,48000000,0.15941547658585187,20000000.0,8800000.0,16900000.0,3400000.0,52300000,305400000,0.0,22000000,17700000.0,0.05878445699103288,-4300000.0,-0.014280969777482564,0.0,-1800000.0,-0.005978080371969445,-600000.0,-1200000.0,-0.003985386914646297,-0.01,-0.01,120000000,120000000,https://www.bundesanzeiger.de/pub/de/suche;wwwsid=627BFD7A56A5CB624C47FDDEAB2FC509.web07-pub?0,https://www.bundesanzeiger.de/pub/de/suche;wwwsid=627BFD7A56A5CB624C47FDDEAB2FC509.web07-pub?0,1620591072,16:11:12,20210509
18,2016-06-30,DEZ.DE,EUR,2016-06-30,2016-06-30,Q2,344200000,281000000,63200000,0.18361417780360256,19600000.0,8600000.0,17700000.0,3600000.0,51300000,332300000,0.0,22200000,34100000.0,0.09907030796048809,11900000.0,0.03457292271934922,0.0,12300000.0,0.035735037768739104,1000000.0,11300000.0,0.03282975014526438,0.09,0.09,125555556,125555556,https://www.bundesanzeiger.de/pub/de/suche;wwwsid=627BFD7A56A5CB624C47FDDEAB2FC509.web07-pub?0,https://www.bundesanzeiger.de/pub/de/suche;wwwsid=627BFD7A56A5CB624C47FDDEAB2FC509.web07-pub?0,1620591072,16:11:12,20210509
19,2016-03-31,DEZ.DE,EUR,2016-03-31,2016-03-31,Q1,300200000,241500000,58700000,0.1955363091272485,19200000.0,8800000.0,17300000.0,3600000.0,54100000,295600000,0.0,24000000,28600000.0,0.09526982011992005,4600000.0,0.015323117921385743,0.0,6400000.0,0.021319120586275817,-2300000.0,9200000.0,0.030646235842771485,0.08,0.08,115000000,115000000,https://www.bundesanzeiger.de/pub/de/suche;wwwsid=627BFD7A56A5CB624C47FDDEAB2FC509.web07-pub?0,https://www.bundesanzeiger.de/pub/de/suche;wwwsid=627BFD7A56A5CB624C47FDDEAB2FC509.web07-pub?0,1620591072,16:11:12,20210509
20,2015-12-31,DEZ.DE,EUR,2015-12-31,2015-12-31,Q4,308600000,262400000,46200000,0.14970836033700582,22900000.0,9700000.0,16200000.0,-19000000.0,31900000,294300000,0.0,32300000,46600000.0,0.1510045366169799,14300000.0,0.04633830200907323,0.0,-6600000.0,-0.02138690861957226,-2800000.0,-2900000.0,-0.009397278029812054,-0.02399527183924909,-0.02399527183924909,120857143,120857143,https://www.bundesanzeiger.de/pub/de/suche;wwwsid=627BFD7A56A5CB624C47FDDEAB2FC509.web07-pub?0,https://www.bundesanzeiger.de/pub/de/suche;wwwsid=627BFD7A56A5CB624C47FDDEAB2FC509.web07-pub?0,1620591072,16:11:12,20210509
21,2015-09-30,DEZ.DE,EUR,2015-09-30,2015-09-30,Q3,268600000,236800000,31800000,0.11839166046165302,17300000.0,8200000.0,17100000.0,5800000.0,46900000,283700000,0.0,24900000,9800000.0,0.03648548026805659,-15100000.0,-0.056217423678332094,0.0,-10700000.0,-0.03983618763961281,-1300000.0,-8700000.0,-0.03239017125837677,-0.07,-0.07,124285714,124285714,https://www.bundesanzeiger.de/pub/de/suche;wwwsid=627BFD7A56A5CB624C47FDDEAB2FC509.web07-pub?0,https://www.bundesanzeiger.de/pub/de/suche;wwwsid=627BFD7A56A5CB624C47FDDEAB2FC509.web07-pub?0,1620591072,16:11:12,20210509
22,2015-06-30,DEZ.DE,EUR,2015-06-30,2015-06-30,Q2,352100000,291500000,60600000,0.17211019596705482,17600000.0,10000000.0,17600000.0,700000.0,48500000,340000000,0.0,26300000,38400000.0,0.10905992615734167,12100000.0,0.03436523714853735,0.0,9200000.0,0.026128940641863108,200000.0,9000000.0,0.025560920193126953,0.07,0.07,128571429,128571429,https://www.bundesanzeiger.de/pub/de/suche;wwwsid=627BFD7A56A5CB624C47FDDEAB2FC509.web07-pub?0,https://www.bundesanzeiger.de/pub/de/suche;wwwsid=627BFD7A56A5CB624C47FDDEAB2FC509.web07-pub?0,1620591072,16:11:12,20210509
23,2015-03-31,DEZ.DE,EUR,2015-03-31,2015-03-31,Q1,318100000,264100000,54000000,0.16975793775542283,18500000.0,8600000.0,17400000.0,12600000.0,56100000,320200000,0.0,23800000,21700000.0,0.06821754165356805,-2100000.0,-0.006601697579377554,0.0,9000000.0,0.028292989625903806,1300000.0,8000000.0,0.025149324111914492,0.07,0.07,120861783,120861783,https://www.bundesanzeiger.de/pub/de/suche;wwwsid=627BFD7A56A5CB624C47FDDEAB2FC509.web07-pub?0,https://www.bundesanzeiger.de/pub/de/suche;wwwsid=627BFD7A56A5CB624C47FDDEAB2FC509.web07-pub?0,1620591072,16:11:12,20210509
24,2014-12-31,DEZ.DE,EUR,2014-12-31,2014-12-31,Q4,352300000,295100000,57200000,0.16236162361623616,25100000.0,8800000.0,15400000.0,-15400000.0,18300000,313400000,0.0,35800000,74700000.0,0.21203519727504969,38900000.0,0.11041725801873403,0.0,2800000.0,0.007947771785410162,-13300000.0,17100000.0,0.048538177689469206,0.14148936153488256,0.14148936153488256,120857143,120857143,https://www.bundesanzeiger.de/pub/de/suche;wwwsid=627BFD7A56A5CB624C47FDDEAB2FC509.web07-pub?0,https://www.bundesanzeiger.de/pub/de/suche;wwwsid=627BFD7A56A5CB624C47FDDEAB2FC509.web07-pub?0,1620591072,16:11:12,20210509
25,2014-09-30,DEZ.DE,EUR,2014-09-30,2014-09-30,Q3,424500000,380300000,44200000,0.10412249705535924,18200000.0,7900000.0,17100000.0,8600000.0,49900000,430200000,0.0,24300000,18600000.0,0.04381625441696113,-5700000.0,-0.01342756183745583,0.0,1000000.0,0.002355712603062426,300000.0,1200000.0,0.0028268551236749115,0.01,0.01,120000000,120000000,https://www.bundesanzeiger.de/pub/de/suche;wwwsid=627BFD7A56A5CB624C47FDDEAB2FC509.web07-pub?0,https://www.bundesanzeiger.de/pub/de/suche;wwwsid=627BFD7A56A5CB624C47FDDEAB2FC509.web07-pub?0,1620591072,16:11:12,20210509
26,2014-06-30,DEZ.DE,EUR,2014-06-30,2014-06-30,Q2,410700000,352100000,58600000,0.14268322376430484,14700000.0,9200000.0,16600000.0,3700000.0,57900000,410000000,0.0,23900000,24600000.0,0.05989773557341125,700000.0,0.0017044071098125152,0.0,2700000.0,0.006574141709276844,-600000.0,3400000.0,0.008278548819089359,0.02,0.02,120861783,120861783,https://www.bundesanzeiger.de/pub/de/suche;wwwsid=627BFD7A56A5CB624C47FDDEAB2FC509.web07-pub?0,https://www.bundesanzeiger.de/pub/de/suche;wwwsid=627BFD7A56A5CB624C47FDDEAB2FC509.web07-pub?0,1620591072,16:11:12,20210509
27,2014-03-31,DEZ.DE,EUR,2014-03-31,2014-03-31,Q1,342700000,300100000,42600000,0.12430697402976364,16300000.0,8400000.0,16600000.0,3200000.0,44400000,344500000,0.0,23500000,21700000.0,0.0633206886489641,-1800000.0,-0.005252407353370295,0.0,200000.0,0.0005836008170411438,800000.0,-500000.0,-0.0014590020426028597,-0.004137,-0.004137,120861783,120861783,https://www.bundesanzeiger.de/pub/de/suche;wwwsid=627BFD7A56A5CB624C47FDDEAB2FC509.web07-pub?0,https://www.bundesanzeiger.de/pub/de/suche;wwwsid=627BFD7A56A5CB624C47FDDEAB2FC509.web07-pub?0,1620591072,16:11:12,20210509
28,2013-12-31,DEZ.DE,EUR,2013-12-31,2013-12-31,Q4,410100000,364600000,45500000,0.11094854913435748,12900000.0,7500000.0,15800000.0,13200000.0,15500000,380100000,0.0,24900000,54900000.0,0.13386978785662035,30000000.0,0.07315288953913679,0.0,18700000.0,0.04559863447939527,3600000.0,15400000.0,0.037551816630090225,0.12742316769808137,0.12742316769808137,120857143,120857143,https://www.bundesanzeiger.de/pub/de/suche;wwwsid=627BFD7A56A5CB624C47FDDEAB2FC509.web07-pub?0,https://www.bundesanzeiger.de/pub/de/suche;wwwsid=627BFD7A56A5CB624C47FDDEAB2FC509.web07-pub?0,1620591072,16:11:12,20210509
29,2013-09-30,DEZ.DE,EUR,2013-09-30,2013-09-30,Q3,381000000,322800000,58200000,0.15275590551181104,16000000.0,8500000.0,15400000.0,3000000.0,43400000,366200000,0.0,23900000,38700000.0,0.1015748031496063,14800000.0,0.03884514435695538,0.0,15300000.0,0.04015748031496063,-200000.0,15500000.0,0.04068241469816273,0.13,0.13,120861783,120861783,https://www.bundesanzeiger.de/pub/de/suche;wwwsid=627BFD7A56A5CB624C47FDDEAB2FC509.web07-pub?0,https://www.bundesanzeiger.de/pub/de/suche;wwwsid=627BFD7A56A5CB624C47FDDEAB2FC509.web07-pub?0,1620591072,16:11:12,20210509
30,2013-06-30,DEZ.DE,EUR,2013-06-30,2013-06-30,Q2,372200000,312400000,59800000,0.16066630843632457,15500000.0,10100000.0,15800000.0,2700000.0,46700000,359100000,0.0,23800000,36900000.0,0.09914024717893606,13100000.0,0.03519613111230521,0.0,15200000.0,0.04083825900053734,2900000.0,12400000.0,0.03331542181622783,0.1,0.1,124000000,124000000,https://www.bundesanzeiger.de/pub/de/suche;wwwsid=627BFD7A56A5CB624C47FDDEAB2FC509.web07-pub?0,https://www.bundesanzeiger.de/pub/de/suche;wwwsid=627BFD7A56A5CB624C47FDDEAB2FC509.web07-pub?0,1620591072,16:11:12,20210509
31,2013-03-31,DEZ.DE,EUR,2013-03-31,2013-03-31,Q1,289900000,257600000,32300000,0.11141773025181097,14300000.0,7400000.0,15600000.0,4100000.0,41700000,299300000,0.0,21900000,12500000.0,0.04311831666091756,-9400000.0,-0.032424974129010006,0.0,-7700000.0,-0.026560883063125217,-800000.0,-6900000.0,-0.023801310796826493,-0.06,-0.06,120861783,120861783,https://www.bundesanzeiger.de/pub/de/suche;wwwsid=627BFD7A56A5CB624C47FDDEAB2FC509.web07-pub?0,https://www.bundesanzeiger.de/pub/de/suche;wwwsid=627BFD7A56A5CB624C47FDDEAB2FC509.web07-pub?0,1620591072,16:11:12,20210509
32,2012-12-31,DEZ.DE,EUR,2012-12-31,2012-12-31,Q4,322500000,216000000,106500000,0.3302325581395349,0.0,0.0,0.0,1500000.0,99100000,315100000,2800000.0,22000000,29400000.0,0.09116279069767441,7400000.0,0.022945736434108528,0.0,11900000.0,0.03689922480620155,2000000.0,8800000.0,0.027286821705426356,0.07281323868461792,0.07281323868461792,120857143,120857143,https://www.bundesanzeiger.de/pub/de/suche;wwwsid=627BFD7A56A5CB624C47FDDEAB2FC509.web07-pub?0,https://www.bundesanzeiger.de/pub/de/suche;wwwsid=627BFD7A56A5CB624C47FDDEAB2FC509.web07-pub?0,1620591072,16:11:12,20210509
33,2012-09-30,DEZ.DE,EUR,2012-09-30,2012-09-30,Q3,288400000,180100000,108300000,0.37552011095700416,0.0,0.0,0.0,-300000.0,101900000,282000000,1800000.0,20200000,26600000.0,0.09223300970873786,6400000.0,0.022191400832177532,0.0,900000.0,0.0031206657420249652,800000.0,100000.0,0.00034674063800277393,0.000827,0.000827,120861783,120861783,https://www.bundesanzeiger.de/pub/de/suche;wwwsid=627BFD7A56A5CB624C47FDDEAB2FC509.web07-pub?0,https://www.bundesanzeiger.de/pub/de/suche;wwwsid=627BFD7A56A5CB624C47FDDEAB2FC509.web07-pub?0,1620591072,16:11:12,20210509
34,2012-06-30,DEZ.DE,EUR,2012-06-30,2012-06-30,Q2,344100000,220200000,123900000,0.36006974716652135,0.0,0.0,0.0,-600000.0,112600000,332800000,4000000.0,19300000,30600000.0,0.08892763731473409,11300000.0,0.032839290903807036,0.0,6700000.0,0.01947108398721302,900000.0,5800000.0,0.01685556524266202,0.05,0.05,116000000,116000000,https://www.bundesanzeiger.de/pub/de/suche;wwwsid=627BFD7A56A5CB624C47FDDEAB2FC509.web07-pub?0,https://www.bundesanzeiger.de/pub/de/suche;wwwsid=627BFD7A56A5CB624C47FDDEAB2FC509.web07-pub?0,1620591072,16:11:12,20210509
35,2012-03-31,DEZ.DE,EUR,2012-03-31,2012-03-31,Q1,336900000,209600000,127300000,0.3778569308400119,0.0,0.0,0.0,-300000.0,117000000,326600000,3000000.0,17400000,27700000.0,0.08222024339566637,10300000.0,0.030572870287919263,0.0,7000000.0,0.020777678836449986,700000.0,6300000.0,0.018699910952804988,0.05,0.05,120861783,120861783,https://www.bundesanzeiger.de/pub/de/suche;wwwsid=627BFD7A56A5CB624C47FDDEAB2FC509.web07-pub?0,https://www.bundesanzeiger.de/pub/de/suche;wwwsid=627BFD7A56A5CB624C47FDDEAB2FC509.web07-pub?0,1620591072,16:11:12,20210509
36,2011-12-31,DEZ.DE,EUR,2011-12-31,2011-12-31,Q4,405500000,277100000,128400000,0.31664611590628855,0.0,0.0,0.0,-100000.0,108300000,385400000,3200000.0,20300000,40400000.0,0.09963008631319359,20100000.0,0.04956843403205918,0.0,18100000.0,0.04463625154130703,4000000.0,20900000.0,0.05154130702836005,0.17293144187596757,0.17293144187596757,120857143,120857143,https://www.bundesanzeiger.de/pub/de/suche;wwwsid=627BFD7A56A5CB624C47FDDEAB2FC509.web07-pub?0,https://www.bundesanzeiger.de/pub/de/suche;wwwsid=627BFD7A56A5CB624C47FDDEAB2FC509.web07-pub?0,1620591072,16:11:12,20210509
37,2011-09-30,DEZ.DE,EUR,2011-09-30,2011-09-30,Q3,399400000,254000000,145400000,0.3640460691036555,0.0,0.0,0.0,-400000.0,120300000,374300000,3200000.0,16200000,41300000.0,0.10340510766149223,25100000.0,0.0628442663995994,0.0,21600000.0,0.05408112168252378,900000.0,20700000.0,0.051827741612418626,0.17,0.17,120861783,120861783,https://www.bundesanzeiger.de/pub/de/suche;wwwsid=627BFD7A56A5CB624C47FDDEAB2FC509.web07-pub?0,https://www.bundesanzeiger.de/pub/de/suche;wwwsid=627BFD7A56A5CB624C47FDDEAB2FC509.web07-pub?0,1620591072,16:11:12,20210509
38,2011-06-30,DEZ.DE,EUR,2011-06-30,2011-06-30,Q2,405200000,260600000,144600000,0.3568608094768016,0.0,0.0,0.0,-500000.0,118500000,379100000,3400000.0,16500000,42600000.0,0.10513326752221125,26100000.0,0.06441263573543929,0.0,22200000.0,0.05478775913129319,2000000.0,20200000.0,0.04985192497532083,0.17,0.17,120861783,120861783,https://www.bundesanzeiger.de/pub/de/suche;wwwsid=627BFD7A56A5CB624C47FDDEAB2FC509.web07-pub?0,https://www.bundesanzeiger.de/pub/de/suche;wwwsid=627BFD7A56A5CB624C47FDDEAB2FC509.web07-pub?0,1620591072,16:11:12,20210509
39,2011-03-31,DEZ.DE,EUR,2011-03-31,2011-03-31,Q1,367700000,233500000,134200000,0.36497144411204785,0.0,0.0,0.0,-300000.0,116000000,349500000,3300000.0,16100000,34300000.0,0.09328256731030732,18200000.0,0.049496872450367144,0.0,14600000.0,0.03970628229534947,900000.0,13700000.0,0.03725863475659505,0.11,0.11,120861783,120861783,https://www.bundesanzeiger.de/pub/de/suche;wwwsid=627BFD7A56A5CB624C47FDDEAB2FC509.web07-pub?0,https://www.bundesanzeiger.de/pub/de/suche;wwwsid=627BFD7A56A5CB624C47FDDEAB2FC509.web07-pub?0,1620591072,16:11:12,20210509
40,2010-12-31,DEZ.DE,EUR,2010-12-31,2010-12-31,Q4,415100000,241500000,173600000,0.418212478920742,0.0,0.0,0.0,-200000.0,110400000,351900000,7500000.0,16400000,79600000.0,0.1917610214406167,63200000.0,0.15225246928450975,0.0,3300000.0,0.007949891592387376,-3300000.0,6600000.0,0.01589978318477475,0.05460992901346344,0.05460992901346344,120857143,120857143,https://www.bundesanzeiger.de/pub/de/suche;wwwsid=627BFD7A56A5CB624C47FDDEAB2FC509.web07-pub?0,https://www.bundesanzeiger.de/pub/de/suche;wwwsid=627BFD7A56A5CB624C47FDDEAB2FC509.web07-pub?0,1620591072,16:11:12,20210509
41,2010-09-30,DEZ.DE,EUR,2010-09-30,2010-09-30,Q3,285900000,185600000,100300000,0.3508219657222805,0.0,0.0,0.0,-400000.0,114500000,300100000,9400000.0,15700000,1500000.0,0.005246589716684155,-14200000.0,-0.049667715984610006,0.0,-7600000.0,-0.02658272123119972,5500000.0,-13100000.0,-0.04582021685904162,-0.11,-0.11,120861783,120861783,https://www.bundesanzeiger.de/pub/de/suche;wwwsid=627BFD7A56A5CB624C47FDDEAB2FC509.web07-pub?0,https://www.bundesanzeiger.de/pub/de/suche;wwwsid=627BFD7A56A5CB624C47FDDEAB2FC509.web07-pub?0,1620591072,16:11:12,20210509
42,2010-06-30,DEZ.DE,EUR,2010-06-30,2010-06-30,Q2,298100000,184300000,113800000,0.3817510902381751,0.0,0.0,0.0,-500000.0,103800000,288100000,5800000.0,15600000,25600000.0,0.08587722240858772,10000000.0,0.03354579000335458,0.0,3800000.0,0.01274740020127474,4500000.0,-700000.0,-0.0023482053002348204,-0.01,-0.01,120861783,120861783,https://www.bundesanzeiger.de/pub/de/suche;wwwsid=627BFD7A56A5CB624C47FDDEAB2FC509.web07-pub?0,https://www.bundesanzeiger.de/pub/de/suche;wwwsid=627BFD7A56A5CB624C47FDDEAB2FC509.web07-pub?0,1620591072,16:11:12,20210509
43,2010-03-31,DEZ.DE,EUR,2010-03-31,2010-03-31,Q1,236400000,142000000,94400000,0.3993231810490694,0.0,0.0,0.0,-300000.0,95400000,237400000,3500000.0,15600000,14600000.0,0.06175972927241963,-1000000.0,-0.004230118443316413,0.0,-4800000.0,-0.02030456852791878,3900000.0,-8700000.0,-0.03680203045685279,-0.07,-0.071983,120861783,120861783,https://www.bundesanzeiger.de/pub/de/suche;wwwsid=627BFD7A56A5CB624C47FDDEAB2FC509.web07-pub?0,https://www.bundesanzeiger.de/pub/de/suche;wwwsid=627BFD7A56A5CB624C47FDDEAB2FC509.web07-pub?0,1620591072,16:11:12,20210509
44,2009-12-31,DEZ.DE,EUR,2009-12-31,2009-12-31,Q4,229500000,163300000,66200000,0.28845315904139435,0.0,0.0,0.0,-500000.0,71000000,234300000,3300000.0,17100000,12300000.0,0.05359477124183006,-4800000.0,-0.02091503267973856,0.0,-21900000.0,-0.09542483660130718,10200000.0,-36100000.0,-0.15729847494553376,-0.2986997632403076,-0.2986997632403076,120857143,120857143,https://www.bundesanzeiger.de/pub/de/suche;wwwsid=627BFD7A56A5CB624C47FDDEAB2FC509.web07-pub?0,https://www.bundesanzeiger.de/pub/de/suche;wwwsid=627BFD7A56A5CB624C47FDDEAB2FC509.web07-pub?0,1620591072,16:11:12,20210509
45,2009-09-30,DEZ.DE,EUR,2009-09-30,2009-09-30,Q3,193400000,124300000,69100000,0.3572905894519131,0.0,0.0,0.0,-500000.0,87200000,211500000,2700000.0,16800000,-1300000.0,-0.00672182006204757,-18100000.0,-0.09358841778697001,0.0,-20500000.0,-0.10599793174767322,4800000.0,-25300000.0,-0.13081695966907964,-0.21,-0.21,120861783,120861783,https://www.bundesanzeiger.de/pub/de/suche;wwwsid=627BFD7A56A5CB624C47FDDEAB2FC509.web07-pub?0,https://www.bundesanzeiger.de/pub/de/suche;wwwsid=627BFD7A56A5CB624C47FDDEAB2FC509.web07-pub?0,1620591072,16:11:12,20210509
46,2009-06-30,DEZ.DE,EUR,2009-06-30,2009-06-30,Q2,219900000,146300000,73600000,0.33469758981355163,0.0,0.0,0.0,-600000.0,107500000,253800000,2300000.0,16600000,-17300000.0,-0.07867212369258754,-33900000.0,-0.15416098226466576,0.0,-36800000.0,-0.16734879490677582,1900000.0,-38700000.0,-0.17598908594815826,-0.32,-0.32,120861783,120861783,https://www.bundesanzeiger.de/pub/de/suche;wwwsid=627BFD7A56A5CB624C47FDDEAB2FC509.web07-pub?0,https://www.bundesanzeiger.de/pub/de/suche;wwwsid=627BFD7A56A5CB624C47FDDEAB2FC509.web07-pub?0,1620591072,16:11:12,20210509
47,2009-03-31,DEZ.DE,EUR,2009-03-31,2009-03-31,Q1,220600000,143800000,76800000,0.34814143245693563,0.0,0.0,0.0,-300000.0,96700000,240500000,1700000.0,15800000,-4100000.0,-0.0185856754306437,-19900000.0,-0.09020852221214869,0.0,-21900000.0,-0.09927470534904805,1800000.0,-23900000.0,-0.10834088848594742,-0.2,-0.2,120861783,120861783,https://www.bundesanzeiger.de/pub/de/suche;wwwsid=627BFD7A56A5CB624C47FDDEAB2FC509.web07-pub?0,https://www.bundesanzeiger.de/pub/de/suche;wwwsid=627BFD7A56A5CB624C47FDDEAB2FC509.web07-pub?0,1620591072,16:11:12,20210509
