,date,symbol,reportedCurrency,fillingDate,acceptedDate,period,revenue,costOfRevenue,grossProfit,grossProfitRatio,researchAndDevelopmentExpenses,generalAndAdministrativeExpenses,sellingAndMarketingExpenses,otherExpenses,operatingExpenses,costAndExpenses,interestExpense,depreciationAndAmortization,ebitda,ebitdaratio,operatingIncome,operatingIncomeRatio,totalOtherIncomeExpensesNet,incomeBeforeTax,incomeBeforeTaxRatio,incomeTaxExpense,netIncome,netIncomeRatio,eps,epsdiluted,weightedAverageShsOut,weightedAverageShsOutDil,link,finalLink,timestamp,est_time,est_date
0,2020-12-31,WPC,USD,2021-02-12,2021-02-12 16:28:43,Q4,252556000,-92270000.0,344826000.0,1.3653447156274252,0.0,24129000.0,0.0,-49290000.0,-391349000.0,-483619000.0,52828000.0,74118000.0,110886000.0,0.4390551006509447,36768000.0,0.14558355374649581,-39955000.0,141978000.0,0.5621644308588987,48881.0,145168000.0,0.5747952929251334,0.8296538143612442,0.8282922465733722,174974185,175261812,https://www.sec.gov/Archives/edgar/data/1025378/000102537821000040/0001025378-21-000040-index.htm,https://www.sec.gov/Archives/edgar/data/1025378/000102537821000040/wpc-20201231.htm,1620599902,18:38:22,20210509
1,2020-09-30,WPC,USD,2020-10-30,2020-10-30 16:01:53,Q3,302419000,30521000.0,271898000.0,0.8990771082504737,0.0,23963000.0,0.0,45113000.0,132314000.0,162835000.0,52537000.0,125038000.0,264622000.0,0.8750177733541874,139584000.0,0.4615583015617405,68362000.0,155409000.0,0.5138863629599992,5975000.0,149397000.0,0.49400665963448065,0.8538230939609749,0.852421861300852,174974185,175261812,https://www.sec.gov/Archives/edgar/data/1025378/000102537820000074/0001025378-20-000074-index.htm,https://www.sec.gov/Archives/edgar/data/1025378/000102537820000074/wpc-20200930.htm,1620599902,18:38:22,20210509
2,2020-06-30,WPC,USD,2020-07-31,2020-07-31 16:05:11,Q2,290530000,29246000.0,261284000.0,0.8993356968299315,0.0,20582000.0,0.0,8847000.0,128059000.0,157305000.0,52182000.0,124777000.0,258002000.0,0.88803910095343,133225000.0,0.4585584965408047,41756000.0,122799000.0,0.4226723574157574,7595000.0,105300000.0,0.36244105600110144,0.6072603108518819,0.6070117465996318,173401749,173472755,https://www.sec.gov/Archives/edgar/data/1025378/000102537820000047/0001025378-20-000047-index.htm,https://www.sec.gov/Archives/edgar/data/1025378/000102537820000047/wpc2020q210-q.htm,1620599902,18:38:22,20210509
3,2020-03-31,WPC,USD,2020-05-01 00:00:00,2020-05-01 16:04:17,Q1,308999000,32503000.0,276496000.0,0.8948119573202502,0.0,24683000.0,0.0,-4423000.0,140877000.0,173380000.0,52540000.0,132277000.0,267896000.0,0.866980152039327,135619000.0,0.4388978605108754,-58069000.0,25010000.0,0.0809387732646384,-41692000.0,66090000.0,0.21388418732746708,0.3814735436986285,0.38100991471506124,173249236,173460053,https://www.sec.gov/Archives/edgar/data/1025378/000102537820000023/0001025378-20-000023-index.html,https://www.sec.gov/Archives/edgar/data/1025378/000102537820000023/wpc2020q110-q.htm,1620599902,18:38:22,20210509
4,2019-12-31,WPC,USD,2020-02-21 00:00:00,2020-02-21 16:27:40,Q4,311227000,34290000.0,276937000.0,0.8898231837212067,0.0,23972000.0,0.0,43593000.0,135579000.0,169869000.0,53667000.0,137447000.0,278805000.0,0.8958252336718858,141358000.0,0.45419581206000764,63165000.0,150856000.0,0.4847137298499166,21064000.0,129372000.0,0.41568372923942976,0.7471507514206546,0.7459088609633482,173153811,173442101,https://www.sec.gov/Archives/edgar/data/1025378/000102537820000011/0001025378-20-000011-index.html,https://www.sec.gov/Archives/edgar/data/1025378/000102537820000011/wpc201910-k.htm,1620599902,18:38:22,20210509
5,2019-09-30,WPC,USD,2019-11-01 00:00:00,2019-11-01 16:04:19,Q3,318005000,39321000.0,278684000.0,0.8763510007704282,0.0,23720000.0,0.0,-12402000.0,133237000.0,172558000.0,58626000.0,142986000.0,288433000.0,0.9070077514504489,145447000.0,0.4573733117403814,-40829000.0,45992000.0,0.14462665681357212,4157000.0,41339000.0,0.12999481140233643,0.24001500368107387,0.23966512487649325,172235066,172486506,https://www.sec.gov/Archives/edgar/data/1025378/000102537819000044/0001025378-19-000044-index.html,https://www.sec.gov/Archives/edgar/data/1025378/000102537819000044/wpc2019q310-q.htm,1620599902,18:38:22,20210509
6,2019-06-30,WPC,USD,2019-08-02 00:00:00,2019-08-02 16:04:50,Q2,305211000,38527000.0,266684000.0,0.8737692940293764,0.0,26315000.0,0.0,-671000.0,139947000.0,178474000.0,59719000.0,133150000.0,259887000.0,0.8514994544757561,126737000.0,0.41524388046302396,2222000.0,69240000.0,0.2268594513303911,3119000.0,66038000.0,0.21636834845402034,0.39,0.38,171304112,171490625,https://www.sec.gov/Archives/edgar/data/1025378/000102537819000035/0001025378-19-000035-index.html,https://www.sec.gov/Archives/edgar/data/1025378/000102537819000035/wpc2019q210-q.htm,1620599902,18:38:22,20210509
7,2019-03-31,WPC,USD,2019-05-03 00:00:00,2019-05-03 16:06:36,Q1,298323000,37545000.0,260778000.0,0.8741464788165847,0.0,27652000.0,0.0,955000.0,140031000.0,177576000.0,61313000.0,131325000.0,252072000.0,0.844963345099104,120747000.0,0.40475256684868416,7233000.0,66667000.0,0.22347254485909568,-2129000.0,68494000.0,0.22959677932978684,0.4095695279792812,0.4090787849642195,167234121,167434740,https://www.sec.gov/Archives/edgar/data/1025378/000102537819000016/0001025378-19-000016-index.html,https://www.sec.gov/Archives/edgar/data/1025378/000102537819000016/wpc2019q110-q.htm,1620599902,18:38:22,20210509
8,2018-12-31,WPC,USD,2019-02-25 00:00:00,2019-02-22 17:35:47,Q4,273395000,31350000.0,242045000.0,0.8853307485506319,0.0,23577000.0,0.0,13215000.0,116898000.0,148248000.0,57250000.0,110910000.0,236057000.0,0.8634283728670971,125147000.0,0.4577516048208636,157804000.0,225701000.0,0.8255491139194207,11436000.0,193263000.0,0.706900272499497,1.3284428113559792,1.3262937959504582,145480858,145716583,https://www.sec.gov/Archives/edgar/data/1025378/000102537819000008/0001025378-19-000008-index.html,https://www.sec.gov/Archives/edgar/data/1025378/000102537819000008/wpc201810-k.htm,1620599902,18:38:22,20210509
9,2018-09-30,WPC,USD,2018-11-02 00:00:00,2018-11-02 16:21:11,Q3,209384000,19974000.0,189410000.0,0.904605891567646,0.0,21465000.0,0.0,8875000.0,89290000.0,109264000.0,41740000.0,82868000.0,182988000.0,0.8739349711534787,100120000.0,0.4781645206892599,25565000.0,83945000.0,0.40091410996064647,2715000.0,77348000.0,0.3694074045772361,0.7156950070002518,0.7143090260723164,108073969,108283666,https://www.sec.gov/Archives/edgar/data/1025378/000102537818000058/0001025378-18-000058-index.html,https://www.sec.gov/Archives/edgar/data/1025378/000102537818000058/wpc2018q310-q.htm,1620599902,18:38:22,20210509
10,2018-06-30,WPC,USD,2018-08-03 00:00:00,2018-08-03 16:34:41,Q2,201143000,20178000.0,180965000.0,0.8996833098840129,0.0,21995000.0,0.0,10586000.0,86332000.0,106510000.0,41311000.0,78228000.0,172861000.0,0.8593935657716152,94633000.0,0.47047622835495145,20452000.0,73774000.0,0.3667738872344551,6262000.0,75681000.0,0.37625470436455655,0.7003648382481212,0.6992289568911272,108059394,108234934,https://www.sec.gov/Archives/edgar/data/1025378/000102537818000050/0001025378-18-000050-index.html,https://www.sec.gov/Archives/edgar/data/1025378/000102537818000050/wpc2018q210-q.htm,1620599902,18:38:22,20210509
11,2018-03-31,WPC,USD,2018-05-04 00:00:00,2018-05-04 16:17:42,Q1,201810000,21422000.0,180388000.0,0.8938506516029929,0.0,28834000.0,0.0,-2763000.0,94754000.0,116176000.0,38074000.0,77292000.0,162926000.0,0.8073237203310044,85634000.0,0.4243298151726872,7772000.0,55332000.0,0.2741786829195778,-6002000.0,65274000.0,0.3234428422773896,0.6040648192997201,0.6032051769224422,108057940,108211936,https://www.sec.gov/Archives/edgar/data/1025378/000102537818000029/0001025378-18-000029-index.html,https://www.sec.gov/Archives/edgar/data/1025378/000102537818000029/wpc2018q110-q.htm,1620599902,18:38:22,20210509
12,2017-12-31,WPC,USD,2018-02-23 00:00:00,2018-02-23 16:31:40,Q4,196961000,21199000.0,175762000.0,0.8923695553942151,0.0,23972000.0,0.0,1356000.0,87454000.0,108653000.0,40401000.0,83958000.0,172266000.0,0.874619848599469,88308000.0,0.4483527195739258,15228000.0,63135000.0,0.3205456917866989,-192000.0,75209000.0,0.3818471677134052,0.6960062351734634,0.6960062351734634,108057940,108057940,https://www.sec.gov/Archives/edgar/data/1025378/000102537818000014/0001025378-18-000014-index.html,https://www.sec.gov/Archives/edgar/data/1025378/000102537818000014/wpc201710-k.htm,1620599902,18:38:22,20210509
13,2017-09-30,WPC,USD,2017-11-03 00:00:00,2017-11-03 16:15:05,Q3,210754000,22626000.0,188128000.0,0.8926426070205074,0.0,27077000.0,0.0,-4569000.0,91182000.0,113808000.0,41182000.0,78577000.0,175523000.0,0.8328335405259212,96946000.0,0.45999601431052317,10393000.0,66157000.0,0.31390626037939967,1760000.0,80278000.0,0.38090854740598046,0.7431820604786041,0.7423271485436774,108019292,108143694,https://www.sec.gov/Archives/edgar/data/1025378/000102537817000062/0001025378-17-000062-index.html,https://www.sec.gov/Archives/edgar/data/1025378/000102537817000062/wpc2017q310-q.htm,1620599902,18:38:22,20210509
14,2017-06-30,WPC,USD,2017-08-04 00:00:00,2017-08-04 16:20:45,Q2,221528000,32119000.0,189409000.0,0.8550115561012603,0.0,24305000.0,0.0,-916000.0,87154000.0,119273000.0,42235000.0,77575000.0,179830000.0,0.8117709725181467,102255000.0,0.46158950561554296,6094000.0,66114000.0,0.29844534325232025,2448000.0,64318000.0,0.29033801596186487,0.6,0.59,107668218,107783204,https://www.sec.gov/Archives/edgar/data/1025378/000102537817000049/0001025378-17-000049-index.html,https://www.sec.gov/Archives/edgar/data/1025378/000102537817000049/wpc2017q210-q.htm,1620599902,18:38:22,20210509
15,2017-03-31,WPC,USD,2017-05-09 00:00:00,2017-05-09 16:45:02,Q1,219059000,44325000.0,174734000.0,0.797657252155812,0.0,28054000.0,0.0,516000.0,90484000.0,134809000.0,41957000.0,76356000.0,160606000.0,0.7331632117374771,84250000.0,0.38459958276080874,16217000.0,58510000.0,0.2670969921345391,-1305000.0,57484000.0,0.2624133224382472,0.5344242514890228,0.5334235104008815,107562484,107764279,https://www.sec.gov/Archives/edgar/data/1025378/000102537817000027/0001025378-17-000027-index.html,https://www.sec.gov/Archives/edgar/data/1025378/000102537817000027/wpc2017q110-q.htm,1620599902,18:38:22,20210509
16,2016-12-31,WPC,USD,2017-02-24 00:00:00,2017-02-24 17:01:50,Q4,228780000,41026000.0,187754000.0,0.8206748841681966,0.0,31412000.0,0.0,-3731000.0,94087000.0,135113000.0,43913000.0,63691000.0,157358000.0,0.6878136200716846,93667000.0,0.4094195296791678,3294000.0,53048000.0,0.23187341550834864,7826000.0,47704000.0,0.2085147303085934,0.44381106245590346,0.44286842716397706,107487181,107715965,https://www.sec.gov/Archives/edgar/data/1025378/000102537817000016/0001025378-17-000016-index.html,https://www.sec.gov/Archives/edgar/data/1025378/000102537817000016/wpc201610-k.htm,1620599902,18:38:22,20210509
17,2016-09-30,WPC,USD,2016-11-03 00:00:00,2016-11-03 17:18:09,Q3,225247000,34298000.0,190949000.0,0.8477316013087854,0.0,24931000.0,0.0,5101000.0,87733000.0,122031000.0,44349000.0,63866000.0,167082000.0,0.7417723654477085,103216000.0,0.45823473786554314,7463000.0,66330000.0,0.2944767299897446,3154000.0,110943000.0,0.4925393013003503,1.0347069027129852,1.0323349281859444,107221668,107468029,https://www.sec.gov/Archives/edgar/data/1025378/000102537816000099/0001025378-16-000099-index.html,https://www.sec.gov/Archives/edgar/data/1025378/000102537816000099/wpc2016q310-q.htm,1620599902,18:38:22,20210509
18,2016-06-30,WPC,USD,2016-08-04,2016-08-04 16:10:02,Q2,217266000,31615000.0,185651000.0,0.8544871263796452,0.0,26827000.0,0.0,426000.0,93408000.0,125023000.0,46752000.0,67180000.0,159423000.0,0.7337687443042169,92243000.0,0.42456251783528026,-18819000.0,26672000.0,0.12276195999374039,-8217000.0,51661000.0,0.23777765504036527,0.48594510476786823,0.48494304460762594,106310362,106530036,https://www.sec.gov/Archives/edgar/data/1025378/000102537816000085/wpc2016q210-q.htm,https://www.sec.gov/Archives/edgar/data/1025378/000102537816000085/wpc2016q210-q.htm,1620599902,18:38:22,20210509
19,2016-03-31,WPC,USD,2016-05-05 00:00:00,2016-05-05 16:21:40,Q1,270240000,47171000.0,223069000.0,0.8254477501480165,0.0,31338000.0,0.0,3871000.0,115790000.0,162961000.0,48395000.0,84956000.0,192235000.0,0.711349171107164,107279000.0,0.3969767613972765,1843000.0,60727000.0,0.2247150680876258,525000.0,57439000.0,0.21254810538780344,0.5421885491428424,0.5398125601702011,105939161,106405453,https://www.sec.gov/Archives/edgar/data/1025378/000102537816000070/0001025378-16-000070-index.html,https://www.sec.gov/Archives/edgar/data/1025378/000102537816000070/wpc2016q110-q.htm,1620599902,18:38:22,20210509
20,2015-12-31,WPC,USD,2016-02-26 00:00:00,2016-02-26 07:08:46,Q4,265251000,57073000.0,208178000.0,0.7848339874307732,0.0,32496000.0,0.0,-7831000.0,106732000.0,163805000.0,49001000.0,75562000.0,177008000.0,0.6673226491134812,101446000.0,0.38245284654911765,17461000.0,69906000.0,0.2635466030288293,17269000.0,51049000.0,0.19245544785882052,0.4824184286277863,0.47985695865345496,105818926,106383786,https://www.sec.gov/Archives/edgar/data/1025378/000102537816000062/0001025378-16-000062-index.html,https://www.sec.gov/Archives/edgar/data/1025378/000102537816000062/wpc2015q410-k.htm,1620599902,18:38:22,20210509
21,2015-09-30,WPC,USD,2015-11-05 00:00:00,2015-11-05 16:33:16,Q3,214666000,30800000.0,183866000.0,0.8565212935443899,0.0,28556000.0,0.0,6608000.0,104068000.0,134868000.0,49683000.0,78144000.0,157942000.0,0.7357569433445446,79798000.0,0.3717309681085966,-4955000.0,25160000.0,0.11720533293581657,3361000.0,21745000.0,0.1012968984375728,0.20550358930990836,0.20449130425296774,105813237,106337040,https://www.sec.gov/Archives/edgar/data/1025378/000102537815000049/0001025378-15-000049-index.html,https://www.sec.gov/Archives/edgar/data/1025378/000102537815000049/wpc2015q310-q.htm,1620599902,18:38:22,20210509
22,2015-06-30,WPC,USD,2015-08-07 00:00:00,2015-08-07 07:11:11,Q2,238079000,27116000.0,210963000.0,0.8861050323632071,0.0,35612000.0,0.0,7641000.0,100778000.0,127894000.0,47693000.0,67135000.0,177320000.0,0.7447947950050193,110185000.0,0.4628085635440337,19425000.0,81917000.0,0.3440748659058548,15010000.0,63348000.0,0.26607974663872075,0.6,0.59,105764032,106281983,https://www.sec.gov/Archives/edgar/data/1025378/000102537815000036/0001025378-15-000036-index.html,https://www.sec.gov/Archives/edgar/data/1025378/000102537815000036/wpc2015q210-q.htm,1620599902,18:38:22,20210509
23,2015-03-31,WPC,USD,2015-05-18 00:00:00,2015-05-18 07:39:08,Q1,220388000,27282000.0,193106000.0,0.876209230992613,0.0,39438000.0,0.0,-4306000.0,104838000.0,132120000.0,47949000.0,66994000.0,155262000.0,0.7044938925894332,88268000.0,0.4005118246002505,-942000.0,39377000.0,0.17867125251828594,1980000.0,36116000.0,0.16387462112274714,0.3429699735372019,0.34036416798409824,105303679,106109877,https://www.sec.gov/Archives/edgar/data/1025378/000102537815000023/0001025378-15-000023-index.html,https://www.sec.gov/Archives/edgar/data/1025378/000102537815000023/wpc2015q110-q.htm,1620599902,18:38:22,20210509
24,2014-12-31,WPC,USD,2015-03-02,2015-03-02 16:35:02,Q4,248332000,54568000.0,193764000.0,0.7802619074464829,0.0,40269000.0,0.0,-1574000.0,101750000.0,156318000.0,44780000.0,63741000.0,155755000.0,0.6272047098239454,92014000.0,0.37052816390960486,-11352000.0,35882000.0,0.14449205096403203,6434000.0,33574000.0,0.13519804133176555,0.31,0.3,104894480,105794118,https://www.sec.gov/Archives/edgar/data/1025378/000102537815000010/wpc2014q410-k.htm,https://www.sec.gov/Archives/edgar/data/1025378/000102537815000010/wpc2014q410-k.htm,1620599902,18:38:22,20210509
25,2014-09-30,WPC,USD,2014-11-06 00:00:00,2014-11-05 21:57:20,Q3,195945000,35231000.0,160714000.0,0.8201995457909107,0.0,28621000.0,0.0,-4080000.0,88145000.0,123376000.0,46534000.0,60900000.0,133469000.0,0.6811554262675751,72569000.0,0.3703539258465386,2687000.0,28722000.0,0.14658194901630558,901000.0,27337000.0,0.13951363903136085,0.27260104153003123,0.2703142381016645,100282082,101130448,https://www.sec.gov/Archives/edgar/data/1025378/000102537814000045/0001025378-14-000045-index.html,https://www.sec.gov/Archives/edgar/data/1025378/000102537814000045/wpc2014q310-q.htm,1620599902,18:38:22,20210509
26,2014-06-30,WPC,USD,2014-08-07 00:00:00,2014-08-07 07:26:57,Q2,252907000,65168000.0,187739000.0,0.742324253579379,0.0,29541000.0,0.0,-883000.0,92986000.0,158154000.0,47733000.0,66351000.0,161104000.0,0.6370088609647024,94753000.0,0.3746555057788041,5366000.0,52386000.0,0.20713542922892605,8053000.0,64739000.0,0.2559794707145314,0.6458634242930724,0.6410105032193354,100236362,100995225,https://www.sec.gov/Archives/edgar/data/1025378/000102537814000036/0001025378-14-000036-index.html,https://www.sec.gov/Archives/edgar/data/1025378/000102537814000036/wpc2014q210-q.htm,1620599902,18:38:22,20210509
27,2014-03-31,WPC,USD,2014-05-09 00:00:00,2014-05-08 21:47:11,Q1,209171000,54191000.0,154980000.0,0.7409248892054826,0.0,35156000.0,0.0,-5372000.0,87938000.0,142129000.0,39075000.0,57557000.0,124599000.0,0.5956800894961539,67042000.0,0.3205128818048391,82851000.0,110818000.0,0.5297961954573053,2221000.0,112892000.0,0.5397115278886653,1.26,1.25,89366055,90375311,https://www.sec.gov/Archives/edgar/data/1025378/000102537814000024/0001025378-14-000024-index.html,https://www.sec.gov/Archives/edgar/data/1025378/000102537814000024/wpc2014q110-q.htm,1620599902,18:38:22,20210509
28,2013-12-31,WPC,USD,2014-03-03,2014-03-03 09:10:49,Q4,122476000,22903000.0,99573000.0,0.8130000979783795,0.0,36659000.0,0.0,2544000.0,65740000.0,88643000.0,22541000.0,37637000.0,71470000.0,0.5835428982004638,33833000.0,0.2762418759593716,-3331000.0,8000000.0,0.0653189196250694,-1768000.0,23022000.0,0.18797152095104347,0.2576145942662457,0.2576145942662457,89366055,89366055,https://www.sec.gov/Archives/edgar/data/1025378/000102537814000013/wpc2013q410-k.htm,https://www.sec.gov/Archives/edgar/data/1025378/000102537814000013/wpc2013q410-k.htm,1620599902,18:38:22,20210509
29,2013-09-30,WPC,USD,2013-11-05 00:00:00,2013-11-05 16:29:56,Q3,137914000,30659000.0,107255000.0,0.7776947953072204,0.0,28761000.0,0.0,2484000.0,60321000.0,90980000.0,27482000.0,35021000.0,81955000.0,0.5942471395217309,46934000.0,0.340313528720797,6618000.0,26437000.0,0.19169192395260815,5375000.0,18506000.0,0.13418507185637427,0.27056672632215106,0.2666538906417899,68397176,69400825,https://www.sec.gov/Archives/edgar/data/1025378/000110465913081183/0001104659-13-081183-index.html,https://www.sec.gov/Archives/edgar/data/1025378/000110465913081183/a13-19810_110q.htm,1620599902,18:38:22,20210509
30,2013-06-30,WPC,USD,2013-08-06 00:00:00,2013-08-06 16:08:07,Q2,119056000,23780000.0,95276000.0,0.8002620615508668,0.0,30250000.0,0.0,1877000.0,61177000.0,84957000.0,26912000.0,33855000.0,67954000.0,0.5707734175514044,34099000.0,0.2864114366348609,34418000.0,41921000.0,0.35211161134256147,-1122000.0,43167000.0,0.362577274559871,0.63,0.62,68406771,69493902,https://www.sec.gov/Archives/edgar/data/1025378/000110465913060419/0001104659-13-060419-index.html,https://www.sec.gov/Archives/edgar/data/1025378/000110465913060419/a13-13980_110q.htm,1620599902,18:38:22,20210509
31,2013-03-31,WPC,USD,2013-05-07 00:00:00,2013-05-07 08:11:21,Q1,113386000,19854000.0,93532000.0,0.8248990175153899,0.0,28973000.0,0.0,1091000.0,59849000.0,79703000.0,26906000.0,33803000.0,67486000.0,0.5951881184625968,33683000.0,0.29706489337307956,8468000.0,15615000.0,0.13771541460144993,-1233000.0,14181000.0,0.12506835059001994,0.20561945605193332,0.20265724360739726,68967209,69975293,https://www.sec.gov/Archives/edgar/data/1025378/000110465913037930/0001104659-13-037930-index.html,https://www.sec.gov/Archives/edgar/data/1025378/000110465913037930/a13-8707_110q.htm,1620599902,18:38:22,20210509
32,2012-12-31,WPC,USD,2013-02-26 00:00:00,2013-02-26 13:26:00,Q4,165999000,105743000.0,60256000.0,0.3629901384948102,0.0,0.0,0.0,0.0,6254000.0,111997000.0,28114000.0,32582000.0,86584000.0,0.5215935035753227,54002000.0,0.32531521274224545,26772000.0,32352000.0,0.19489274031771275,6591000.0,15478000.0,0.09324152555135874,0.22442549473040152,0.22442549473040152,68967209,68967209,https://www.sec.gov/Archives/edgar/data/1025378/000110465913014285/0001104659-13-014285-index.html,https://www.sec.gov/Archives/edgar/data/1025378/000110465913014285/a13-5879_110k.htm,1620599902,18:38:22,20210509
33,2012-09-30,WPC,USD,2012-11-08 00:00:00,2012-11-08 16:45:23,Q3,71036000,5026000.0,66010000.0,0.929247142294048,0.0,0.0,0.0,0.0,81276000.0,86302000.0,7868000.0,7478000.0,-7788000.0,-0.10963455149501661,-15266000.0,-0.21490511853144884,5444000.0,3356000.0,0.047243651106481224,379000.0,2588000.0,0.03643223154456895,0.06411288942077374,0.0629264127636162,40366298,41127404,https://www.sec.gov/Archives/edgar/data/1025378/000110465912076041/0001104659-12-076041-index.html,https://www.sec.gov/Archives/edgar/data/1025378/000110465912076041/a12-26425_110q.htm,1620599902,18:38:22,20210509
34,2012-06-30,WPC,USD,2012-08-07 00:00:00,2012-08-07 11:52:49,Q2,68042000,5835000.0,62207000.0,0.9142441433232416,0.0,0.0,0.0,0.0,53799000.0,59634000.0,7246000.0,7173000.0,15581000.0,0.22899091737456276,8408000.0,0.12357073572205403,28560000.0,29877000.0,0.43909644043384966,-1882000.0,31777000.0,0.46702036977161165,0.78,0.77,40047220,40757055,https://www.sec.gov/Archives/edgar/data/1025378/000119312512339974/0001193125-12-339974-index.html,https://www.sec.gov/Archives/edgar/data/1025378/000119312512339974/d392348d10q.htm,1620599902,18:38:22,20210509
35,2012-03-31,WPC,USD,2012-05-08,2012-05-08 15:02:38,Q1,69409000,5197000.0,64212000.0,0.9251249837917273,0.0,0.0,0.0,0.0,52510000.0,57707000.0,7345000.0,7881000.0,19583000.0,0.28213920384964486,11702000.0,0.16859485081185438,10993000.0,15853000.0,0.22839977524528518,1695000.0,12290000.0,0.17706637467763547,0.30696225358349083,0.30354933894413044,40037496,40487652,https://www.sec.gov/Archives/edgar/data/1025378/000119312512087610/d306851d10k.htm,https://www.sec.gov/Archives/edgar/data/1025378/000119312512087610/d306851d10k.htm,1620599902,18:38:22,20210509
36,2011-12-31,WPC,USD,2012-02-29 00:00:00,2012-02-29 10:51:22,Q4,63169000,5974000.0,57195000.0,0.9054282955247036,0.0,0.0,0.0,0.0,47348000.0,53322000.0,6260000.0,9456000.0,19303000.0,0.30557710269277655,9847000.0,0.15588342383130965,7981000.0,12011000.0,0.1901407335876775,-1313000.0,9091000.0,0.1439155281862939,0.2270621519387726,0.2270621519387726,40037496,40037496,https://www.sec.gov/Archives/edgar/data/1025378/000119312512087610/0001193125-12-087610-index.html,https://www.sec.gov/Archives/edgar/data/1025378/000119312512087610/d306851d10k.htm,1620599902,18:38:22,20210509
37,2011-09-30,WPC,USD,2011-11-08 00:00:00,2011-11-08 15:43:44,Q3,78372000,6397000.0,71975000.0,0.9183764609809626,0.0,0.0,0.0,0.0,47074000.0,53471000.0,5989000.0,7378000.0,32279000.0,0.4118690348593886,24901000.0,0.31772827030061757,10838000.0,30073000.0,0.3837212269688154,5931000.0,25202000.0,0.32156892767825246,0.6322460434071705,0.6237420961813184,39861064,40404520,https://www.sec.gov/Archives/edgar/data/1025378/000095012311096440/0000950123-11-096440-index.html,https://www.sec.gov/Archives/edgar/data/1025378/000095012311096440/y93343e10vq.htm,1620599902,18:38:22,20210509
38,2011-06-30,WPC,USD,2011-08-09 00:00:00,2011-08-09 17:16:15,Q2,118398000,6008000.0,112390000.0,0.9492558995928986,0.0,0.0,0.0,0.0,48949000.0,54957000.0,5396000.0,7325000.0,70766000.0,0.5976959070254565,63441000.0,0.5358283079106066,17182000.0,103646000.0,0.8754033007314312,24760000.0,79112000.0,0.6681869626176118,1.96,1.94,39782796,40243548,https://www.sec.gov/Archives/edgar/data/1025378/000095012311075186/0000950123-11-075186-index.html,https://www.sec.gov/Archives/edgar/data/1025378/000095012311075186/c20867e10vq.htm,1620599902,18:38:22,20210509
39,2011-03-31,WPC,USD,2011-05-10 00:00:00,2011-05-10 15:57:01,Q1,77532000,5712000.0,71820000.0,0.9263271939328277,0.0,0.0,0.0,0.0,44492000.0,50204000.0,4440000.0,5457000.0,32785000.0,0.42285765877315173,27328000.0,0.35247381726254967,6697000.0,30260000.0,0.39029046071299595,7574000.0,23343000.0,0.3010756848785018,0.5874195582100622,0.5800554266902429,39738207,40242706,https://www.sec.gov/Archives/edgar/data/1025378/000095012311048275/0000950123-11-048275-index.html,https://www.sec.gov/Archives/edgar/data/1025378/000095012311048275/c15947e10vq.htm,1620599902,18:38:22,20210509
40,2010-12-31,WPC,USD,2011-02-25,2011-02-25 17:19:40,Q4,81969000,-32876000.0,114845000.0,1.4010784564896486,0.0,0.0,0.0,0.0,80955000.0,48079000.0,4460000.0,5947000.0,39837000.0,0.48600080518244704,33890000.0,0.41344898681208747,2228000.0,31988000.0,0.3902450926569801,11582000.0,19781000.0,0.2413229391599263,0.4977829019814608,0.4977829019814608,39738207,39738207,https://www.sec.gov/Archives/edgar/data/1025378/000095012311018898/c11129e10vk.htm,https://www.sec.gov/Archives/edgar/data/1025378/000095012311018898/c11129e10vk.htm,1620599902,18:38:22,20210509
41,2010-09-30,WPC,USD,2010-11-05 00:00:00,2010-11-05 17:30:13,Q3,58954000,17895000.0,41059000.0,0.6964582555891033,0.0,0.0,0.0,0.0,24115000.0,42010000.0,4298000.0,6119000.0,23063000.0,0.39120331105607764,16944000.0,0.287410523458968,6769000.0,19744000.0,0.33490518031007227,3377000.0,16346000.0,0.2772670217457679,0.4171949877388675,0.4115521526033166,39180720,39717931,https://www.sec.gov/Archives/edgar/data/1025378/000095012310101837/0000950123-10-101837-index.html,https://www.sec.gov/Archives/edgar/data/1025378/000095012310101837/c05760e10vq.htm,1620599902,18:38:22,20210509
42,2010-06-30,WPC,USD,2010-08-06 00:00:00,2010-08-06 15:26:36,Q2,70396000,17127000.0,53269000.0,0.7567049264162736,0.0,0.0,0.0,0.0,26325000.0,43452000.0,3765000.0,5974000.0,32918000.0,0.4676117961247798,26944000.0,0.3827490198306722,7680000.0,31195000.0,0.4431359736348656,6751000.0,23432000.0,0.33285982158077165,0.5995742592883346,0.59306157941724,39081064,39510231,https://www.sec.gov/Archives/edgar/data/1025378/000095012310074241/0000950123-10-074241-index.html,https://www.sec.gov/Archives/edgar/data/1025378/000095012310074241/c02710e10vq.htm,1620599902,18:38:22,20210509
43,2010-03-31,WPC,USD,2010-05-07 00:00:00,2010-05-07 16:20:44,Q1,63091000,16863000.0,46228000.0,0.7327194053034506,0.0,0.0,0.0,0.0,26405000.0,43268000.0,3711000.0,6403000.0,26226000.0,0.41568527999239197,19823000.0,0.3141969536066951,1326000.0,17711000.0,0.280721497519456,4112000.0,14413000.0,0.22844779762565184,0.3687310162879693,0.36492446230736425,39088114,39495845,https://www.sec.gov/Archives/edgar/data/1025378/000095012310046422/0000950123-10-046422-index.html,https://www.sec.gov/Archives/edgar/data/1025378/000095012310046422/c95097e10vq.htm,1620599902,18:38:22,20210509
44,2009-12-31,WPC,USD,2010-02-26 00:00:00,2010-02-26 14:37:06,Q4,59650000,16680000.0,42970000.0,0.7203688181056161,0.0,0.0,0.0,0.0,17448000.0,34128000.0,3589000.0,6091000.0,31613000.0,0.5299748533109807,25522000.0,0.4278625314333613,-2181000.0,20188000.0,0.33844090528080467,6855000.0,22986000.0,0.3853478625314334,0.5880560008600056,0.5880560008600056,39088114,39088114,https://www.sec.gov/Archives/edgar/data/1025378/000095012310017973/0000950123-10-017973-index.html,https://www.sec.gov/Archives/edgar/data/1025378/000095012310017973/c96713e10vk.htm,1620599902,18:38:22,20210509
45,2009-09-30,WPC,USD,2009-11-06 00:00:00,2009-11-06 16:39:20,Q3,61170000,15261000.0,45909000.0,0.7505149583128985,0.0,0.0,0.0,0.0,25532000.0,40793000.0,3889000.0,5628000.0,26005000.0,0.42512669609285597,20377000.0,0.3331208108549943,3174000.0,20132000.0,0.3291155795324506,6018000.0,13351000.0,0.21826058525420958,0.3360647773605461,0.33072451284707804,39727460,40368946,https://www.sec.gov/Archives/edgar/data/1025378/000095012309059369/0000950123-09-059369-index.html,https://www.sec.gov/Archives/edgar/data/1025378/000095012309059369/c92142e10vq.htm,1620599902,18:38:22,20210509
46,2009-06-30,WPC,USD,2009-08-07 00:00:00,2009-08-06 20:00:47,Q2,55426000,12822000.0,42604000.0,0.7686645256738714,0.0,0.0,0.0,0.0,23610000.0,36432000.0,3923000.0,7234000.0,26228000.0,0.4732075199364919,18994000.0,0.34269115577526793,3302000.0,18774000.0,0.33872189946956305,3720000.0,14977000.0,0.27021614404791977,0.3806032952311579,0.3738129280569228,39350684,40065495,https://www.sec.gov/Archives/edgar/data/1025378/000095012309031445/0000950123-09-031445-index.html,https://www.sec.gov/Archives/edgar/data/1025378/000095012309031445/c88920e10vq.htm,1620599902,18:38:22,20210509
47,2009-03-31,WPC,USD,2009-05-08 00:00:00,2009-05-08 16:07:54,Q1,62135000,12005000.0,50130000.0,0.8067916633137523,0.0,0.0,0.0,0.0,26718000.0,38723000.0,4329000.0,5523000.0,28935000.0,0.4656795686810976,23412000.0,0.37679246801319705,4541000.0,24031000.0,0.3867546471392935,6200000.0,17709000.0,0.28500844934416997,0.45,0.44,39175020,39927886,https://www.sec.gov/Archives/edgar/data/1025378/000095012309008413/0000950123-09-008413-index.html,https://www.sec.gov/Archives/edgar/data/1025378/000095012309008413/y77037e10vq.htm,1620599902,18:38:22,20210509
48,2008-12-31,WPC,USD,2009-03-02 00:00:00,2009-03-02 16:33:35,Q4,61362000,10422000.0,50940000.0,0.830155470812555,0.0,0.0,0.0,0.0,23312000.0,33734000.0,4710000.0,6785000.0,34413000.0,0.5608193996284345,27628000.0,0.4502460806362244,1655000.0,24706000.0,0.4026270330171767,3116000.0,21900000.0,0.35689840617972035,0.559029708217124,0.559029708217124,39175020,39175020,https://www.sec.gov/Archives/edgar/data/1025378/000095012309003846/0000950123-09-003846-index.html,https://www.sec.gov/Archives/edgar/data/1025378/000095012309003846/y74742e10vk.htm,1620599902,18:38:22,20210509
49,2008-09-30,WPC,USD,2008-11-07 00:00:00,2008-11-07 13:16:28,Q3,66636000,13292000.0,53344000.0,0.8005282429917762,0.0,0.0,0.0,0.0,25223000.0,38515000.0,5004000.0,6906000.0,35027000.0,0.5256467975268624,28121000.0,0.42200912419713066,1168000.0,25037000.0,0.37572783480400984,5839000.0,19198000.0,0.28810252716249474,0.49,0.48,39294889,40299073,https://www.sec.gov/Archives/edgar/data/1025378/000095012308014755/0000950123-08-014755-index.html,https://www.sec.gov/Archives/edgar/data/1025378/000095012308014755/y72461e10vq.htm,1620599902,18:38:22,20210509
50,2008-06-30,WPC,USD,2008-08-08 00:00:00,2008-08-08 13:55:11,Q2,58503000,13226000.0,45277000.0,0.7739261234466609,0.0,0.0,0.0,0.0,23457000.0,36683000.0,4532000.0,6918000.0,28738000.0,0.49122267234158934,21820000.0,0.37297232620549375,5478000.0,23445000.0,0.4007486795548946,7422000.0,19848000.0,0.3392646530947131,0.51,0.5,39204221,40256658,https://www.sec.gov/Archives/edgar/data/1025378/000095012308009145/0000950123-08-009145-index.html,https://www.sec.gov/Archives/edgar/data/1025378/000095012308009145/y65137e10vq.htm,1620599902,18:38:22,20210509
51,2008-03-31,WPC,USD,2008-05-09 00:00:00,2008-05-09 16:18:29,Q1,57372000,0.0,0.0,0.0,0.0,15413000.0,0.0,0.0,36317000.0,36317000.0,0.0,6588000.0,27643000.0,0.48182040019521716,21055000.0,0.36699086662483443,7433000.0,24206000.0,0.42191312835529526,7144000.0,17101000.0,0.29807223035627134,0.44,0.43,38876136,40202798,https://www.sec.gov/Archives/edgar/data/1025378/000095012308005436/0000950123-08-005436-index.html,https://www.sec.gov/Archives/edgar/data/1025378/000095012308005436/y57413e10vq.htm,1620599902,18:38:22,20210509
52,2007-12-31,WPC,USD,2008-02-29,2008-02-29 14:52:36,Q4,51607000,0.0,0.0,0.0,0.0,13983000.0,0.0,0.0,55945000.0,55945000.0,0.0,6181000.0,1843000.0,0.035712209583971165,-4338000.0,-0.08405836417540256,6659000.0,-1095000.0,-0.021218051814676304,2698000.0,6013000.0,0.11651520142616312,0.1546707213906238,0.1546707213906238,38876136,38876136,https://www.sec.gov/Archives/edgar/data/1025378/000095012308002343/y50345e10vk.htm,https://www.sec.gov/Archives/edgar/data/1025378/000095012308002343/y50345e10vk.htm,1620599902,18:38:22,20210509
53,2007-09-30,WPC,USD,2007-11-09 00:00:00,2007-11-09 14:03:15,Q3,55852000,0.0,0.0,0.0,0.0,12345000.0,0.0,0.0,26993000.0,26993000.0,0.0,6631000.0,35490000.0,0.6354293489937692,28859000.0,0.5167048628518227,9419000.0,33947000.0,0.6078027644489007,11519000.0,20409000.0,0.365412160710449,0.5328862683258475,0.5153546729240169,38298979,39601853,https://www.sec.gov/Archives/edgar/data/1025378/000095012307015216/0000950123-07-015216-index.html,https://www.sec.gov/Archives/edgar/data/1025378/000095012307015216/y41244e10vq.htm,1620599902,18:38:22,20210509
54,2007-06-30,WPC,USD,2007-08-02 00:00:00,2007-08-02 15:58:45,Q2,110135000,0.0,0.0,0.0,0.0,23256000.0,0.0,0.0,36644000.0,36644000.0,0.0,7201000.0,80692000.0,0.7326644572570028,73491000.0,0.6672810641485449,-1043000.0,70422000.0,0.6394152630862123,31144000.0,42030000.0,0.38162255413810325,1.0971540768214598,1.0506349817353746,38308202,40004379,https://www.sec.gov/Archives/edgar/data/1025378/000095012307010732/0000950123-07-010732-index.html,https://www.sec.gov/Archives/edgar/data/1025378/000095012307010732/y37491e10vq.htm,1620599902,18:38:22,20210509
55,2007-03-31,WPC,USD,2007-05-10 00:00:00,2007-05-10 16:12:58,Q1,45898000,0.0,0.0,0.0,0.0,12237000.0,0.0,0.0,26600000.0,26600000.0,0.0,7308000.0,26606000.0,0.5796766743648961,19298000.0,0.4204540502854155,2293000.0,17326000.0,0.3774892152163493,6378000.0,10800000.0,0.23530437056080875,0.28,0.27,37930777,39851353,https://www.sec.gov/Archives/edgar/data/1025378/000095012307007214/0000950123-07-007214-index.html,https://www.sec.gov/Archives/edgar/data/1025378/000095012307007214/y34778e10vq.htm,1620599902,18:38:22,20210509
56,2006-12-31,WPC,USD,2007-02-27,2007-02-26 21:09:27,Q4,115117000,0.0,0.0,0.0,0.0,11665000.0,0.0,0.0,50983000.0,50983000.0,0.0,8450000.0,72584000.0,0.6305237280332183,64134000.0,0.5571201473283702,8858000.0,69241000.0,0.6014837078798092,29191000.0,43629000.0,0.3789970204227004,1.1502268988584126,1.1502268988584126,37930777,37930777,https://www.sec.gov/Archives/edgar/data/1025378/000095012307002758/y30667e10vk.htm,https://www.sec.gov/Archives/edgar/data/1025378/000095012307002758/y30667e10vk.htm,1620599902,18:38:22,20210509
57,2006-09-30,WPC,USD,2006-11-08,2006-11-08 12:17:00,Q3,52604000,0.0,0.0,0.0,0.0,8800000.0,0.0,0.0,32267000.0,32267000.0,0.0,3707000.0,24044000.0,0.45707550756596454,20337000.0,0.3866055813246141,3217000.0,19995000.0,0.38010417458748386,5580000.0,14305000.0,0.2719374952475097,0.38,0.37,38034590,39303948,https://www.sec.gov/Archives/edgar/data/1025378/000095012306013706/y26689e10vq.htm,https://www.sec.gov/Archives/edgar/data/1025378/000095012306013706/y26689e10vq.htm,1620599902,18:38:22,20210509
58,2006-06-30,WPC,USD,2006-08-09,2006-08-09 15:35:57,Q2,57659000,0.0,0.0,0.0,0.0,9871000.0,0.0,0.0,38609000.0,38609000.0,0.0,3658000.0,22708000.0,0.3938327060823115,19050000.0,0.3303907455904542,6726000.0,22041000.0,0.38226469415008935,3998000.0,17304000.0,0.3001092630812189,0.46,0.44,37876079,39346537,https://www.sec.gov/Archives/edgar/data/1025378/000095012306010241/y23706e10vq.htm,https://www.sec.gov/Archives/edgar/data/1025378/000095012306010241/y23706e10vq.htm,1620599902,18:38:22,20210509
59,2006-03-31,WPC,USD,2006-05-10,2006-05-10 16:25:46,Q1,47886000,0.0,0.0,0.0,0.0,14156000.0,0.0,0.0,23489000.0,23489000.0,0.0,3645000.0,28042000.0,0.5855991312700998,24397000.0,0.5094808503529216,938000.0,21674000.0,0.4526166311656852,6722000.0,11065000.0,0.23106962368959613,0.3,0.29,37727782,38627267,https://www.sec.gov/Archives/edgar/data/1025378/000095012306006096/y21030e10vq.htm,https://www.sec.gov/Archives/edgar/data/1025378/000095012306006096/y21030e10vq.htm,1620599902,18:38:22,20210509
60,2005-12-31,WPC,USD,2005-12-31,2005-12-31,Q4,47430000,0.0,0.0,0.0,0.0,15652000.0,0.0,0.0,44066000.0,44066000.0,0.0,3177000.0,6541000.0,0.13790849673202615,3364000.0,0.07092557453088763,4975000.0,5364000.0,0.11309297912713473,3855000.0,11488000.0,0.24220957200084334,0.30449709447536566,0.30449709447536566,37727782,37727782,,,1620599902,18:38:22,20210509
61,2005-09-30,WPC,USD,2005-09-30,2005-09-30,Q3,40170000,0.0,0.0,0.0,0.0,11503000.0,0.0,0.0,19200000.0,19200000.0,0.0,2945000.0,23915000.0,0.595344784665173,20970000.0,0.5220313666915609,745000.0,18256000.0,0.4544685088374409,4583000.0,14328000.0,0.3566840926064227,0.38,0.37,37727008,38948980,,,1620599902,18:38:22,20210509
62,2005-06-30,WPC,USD,2005-06-30,2005-06-30,Q2,42521000,0.0,0.0,0.0,0.0,14218000.0,0.0,0.0,20969000.0,20969000.0,0.0,2916000.0,24468000.0,0.5754333153030268,21552000.0,0.506855436137438,117000.0,18298000.0,0.43032854354319044,5099000.0,16933000.0,0.3982267585428377,0.45,0.43,37670305,39017636,,,1620599902,18:38:22,20210509
63,2005-03-31,WPC,USD,2005-03-31,2005-03-31,Q1,43996000,0.0,0.0,0.0,0.0,13811000.0,0.0,0.0,20578000.0,20578000.0,0.0,2901000.0,26319000.0,0.5982134739521775,23418000.0,0.5322756614237658,386000.0,20333000.0,0.46215565051368307,5853000.0,5855000.0,0.13308028002545685,0.16,0.15,37592343,39377650,,,1620599902,18:38:22,20210509
64,2004-12-31,WPC,USD,2005-03-16 00:00:00,2005-03-16 16:36:54,Q4,37995000,0.0,0.0,0.0,0.0,11301000.0,0.0,0.0,24756000.0,24756000.0,0.0,3088000.0,16327000.0,0.4297144361100145,13239000.0,0.34844058428740626,1917000.0,11856000.0,0.3120410580339518,8228000.0,2124000.0,0.05590209238057639,0.05650086774319973,0.05650086774319973,37592343,37592343,https://www.sec.gov/Archives/edgar/data/1025378/000095012305003246/0000950123-05-003246-index.html,https://www.sec.gov/Archives/edgar/data/1025378/000095012305003246/y06523e10vk.txt,1620599902,18:38:22,20210509
65,2004-09-30,WPC,USD,2004-11-09 00:00:00,2004-11-09 16:02:13,Q3,99271000,0.0,0.0,0.0,0.0,14563000.0,0.0,0.0,30800000.0,30800000.0,0.0,2799000.0,71270000.0,0.7179337369423094,68471000.0,0.6897381914154184,242000.0,65877000.0,0.6636077001339767,32610000.0,35154000.0,0.35412154607085655,0.94,0.9,37472823,38929696,https://www.sec.gov/Archives/edgar/data/1025378/000095012304013292/0000950123-04-013292-index.html,https://www.sec.gov/Archives/edgar/data/1025378/000095012304013292/y68497e10vq.txt,1620599902,18:38:22,20210509
66,2004-06-30,WPC,USD,2004-08-09 00:00:00,2004-08-09 15:03:18,Q2,53433000,0.0,0.0,0.0,0.0,14382000.0,0.0,0.0,22991000.0,22991000.0,0.0,2717000.0,33159000.0,0.6205715569030374,30442000.0,0.5697228304605768,1156000.0,28941000.0,0.5416315759923642,8732000.0,15480000.0,0.28970860704059287,0.41,0.4,37404485,38595391,https://www.sec.gov/Archives/edgar/data/1025378/000095012304009443/0000950123-04-009443-index.html,https://www.sec.gov/Archives/edgar/data/1025378/000095012304009443/y99927e10vq.txt,1620599902,18:38:22,20210509
67,2004-03-31,WPC,USD,2004-05-10 00:00:00,2004-05-10 13:51:37,Q1,37401000,0.0,0.0,0.0,0.0,10739000.0,0.0,0.0,21407000.0,21407000.0,0.0,2772000.0,18766000.0,0.501751290072458,15994000.0,0.4276356247159167,1717000.0,14793000.0,0.3955241838453517,3405000.0,11092000.0,0.29656961043822355,0.3,0.28,37314792,38757405,https://www.sec.gov/Archives/edgar/data/1025378/000095012304006042/0000950123-04-006042-index.html,https://www.sec.gov/Archives/edgar/data/1025378/000095012304006042/y97228e10vq.txt,1620599902,18:38:22,20210509
68,2003-12-31,WPC,USD,2004-03-15 00:00:00,2004-03-15 14:20:48,Q4,37220000,0.0,0.0,0.0,0.0,8715000.0,0.0,0.0,22828000.0,22828000.0,0.0,2747000.0,17139000.0,0.4604782375067168,14392000.0,0.38667383127350885,30223000.0,17987000.0,0.4832616872649113,71000.0,18584000.0,0.4993014508328855,0.49803305884701166,0.49803305884701166,37314792,37314792,https://www.sec.gov/Archives/edgar/data/1025378/000095012304003311/0000950123-04-003311-index.html,https://www.sec.gov/Archives/edgar/data/1025378/000095012304003311/y95128e10vk.txt,1620599902,18:38:22,20210509
69,2003-09-30,WPC,USD,2003-11-12 00:00:00,2003-11-12 14:17:55,Q3,44177000,0.0,0.0,0.0,0.0,12102000.0,0.0,0.0,26404000.0,26404000.0,0.0,2718000.0,20491000.0,0.4638386490707834,17773000.0,0.4023134210109333,1277000.0,22737000.0,0.5146795843991218,8717000.0,14047000.0,0.3179708898295493,0.38,0.37,36650893,38239815,https://www.sec.gov/Archives/edgar/data/1025378/000095012303012526/0000950123-03-012526-index.html,https://www.sec.gov/Archives/edgar/data/1025378/000095012303012526/y91609e10vq.txt,1620599902,18:38:22,20210509
70,2003-06-30,WPC,USD,2003-08-13 00:00:00,2003-08-13 17:14:20,Q2,36329000,0.0,0.0,0.0,0.0,10821000.0,0.0,0.0,24509000.0,24509000.0,0.0,2694000.0,14514000.0,0.39951553855046934,11820000.0,0.3253599053098076,1593000.0,17315000.0,0.47661647719452777,3338000.0,12974000.0,0.357125161716535,0.35,0.34,36519037,37758129,https://www.sec.gov/Archives/edgar/data/1025378/000095012303009395/0000950123-03-009395-index.html,https://www.sec.gov/Archives/edgar/data/1025378/000095012303009395/y89140e10vq.txt,1620599902,18:38:22,20210509
71,2003-03-31,WPC,USD,2003-05-14 00:00:00,2003-05-14 10:59:06,Q1,47161000,0.0,0.0,0.0,0.0,12061000.0,0.0,0.0,29304000.0,29304000.0,0.0,2821000.0,20678000.0,0.43845550348805157,17857000.0,0.3786391297894447,1803000.0,23583000.0,0.5000530099022498,7024000.0,17273000.0,0.36625601662390533,0.48,0.46,36389289,37211485,https://www.sec.gov/Archives/edgar/data/1025378/000095012303005876/0000950123-03-005876-index.html,https://www.sec.gov/Archives/edgar/data/1025378/000095012303005876/y86510e10vq.txt,1620599902,18:38:22,20210509
72,2002-12-31,WPC,USD,2003-03-31 00:00:00,2003-03-31 11:07:09,Q4,52553000,0.0,0.0,0.0,0.0,15858000.0,0.0,0.0,18934000.0,18934000.0,0.0,2751000.0,36370000.0,0.6920632504328963,33619000.0,0.6397160961315244,2682000.0,-9207000.0,-0.175194565486271,6841000.0,-3719000.0,-0.07076665461534071,-0.10220040298121791,-0.10220040298121791,36389289,36389289,https://www.sec.gov/Archives/edgar/data/1025378/000095012303003589/0000950123-03-003589-index.html,https://www.sec.gov/Archives/edgar/data/1025378/000095012303003589/y84797e10vk.txt,1620599902,18:38:22,20210509
73,2002-09-30,WPC,USD,2002-11-12 00:00:00,2002-11-12 08:43:46,Q3,38197000,0.0,0.0,0.0,0.0,10066000.0,0.0,0.0,26107000.0,26107000.0,0.0,2747000.0,14837000.0,0.3884336466214624,12090000.0,0.31651700395319005,450000.0,16594000.0,0.43443202345733956,4052000.0,12985000.0,0.33994816346833523,0.36240897108590425,0.3565052502776678,35829687,36423026,https://www.sec.gov/Archives/edgar/data/1025378/000095012302010501/0000950123-02-010501-index.html,https://www.sec.gov/Archives/edgar/data/1025378/000095012302010501/y65385e10vq.txt,1620599902,18:38:22,20210509
74,2002-06-30,WPC,USD,2002-08-14 00:00:00,2002-08-14 09:56:17,Q2,41590000,0.0,0.0,0.0,0.0,9339000.0,0.0,0.0,29531000.0,29531000.0,0.0,2870000.0,14929000.0,0.3589564799230584,12059000.0,0.28994950709305123,11651000.0,28151000.0,0.6768694397691752,4422000.0,23592000.0,0.5672517432075018,0.66,0.65,35588117,36142003,https://www.sec.gov/Archives/edgar/data/1025378/000095012302007943/0000950123-02-007943-index.html,https://www.sec.gov/Archives/edgar/data/1025378/000095012302007943/y62972e10vq.txt,1620599902,18:38:22,20210509
75,2002-03-31,WPC,USD,2002-05-14 00:00:00,2002-05-14 10:10:30,Q1,35506000,0.0,0.0,0.0,0.0,7375000.0,0.0,0.0,24983000.0,24983000.0,0.0,2732000.0,13255000.0,0.3733171858277474,10523000.0,0.29637244409395597,1445000.0,16622000.0,0.46814622880639895,2893000.0,13729000.0,0.3866670421900524,0.39,0.38,35289369,35939985,https://www.sec.gov/Archives/edgar/data/1025378/000095012302005081/0000950123-02-005081-index.html,https://www.sec.gov/Archives/edgar/data/1025378/000095012302005081/y60592e10-q.txt,1620599902,18:38:22,20210509
76,2001-12-31,WPC,USD,2002-03-28,2002-03-28,Q4,38515000,0.0,0.0,0.0,0.0,9580000.0,0.0,0.0,29145000.0,29145000.0,0.0,2694000.0,12064000.0,0.31322861222900167,9370000.0,0.24328183824483968,-12360000.0,2682000.0,0.06963520706218357,2549000.0,133000.0,0.00345320005192782,0.0037688404119665614,0.0037688404119665614,35289369,35289369,https://www.sec.gov/Archives/edgar/data/1025378/000095012302003094/0000950123-02-003094-index.htm,https://www.sec.gov/Archives/edgar/data/1025378/000095012302003094/y58842e10-k405.txt,1620599902,18:38:22,20210509
77,2001-09-30,WPC,USD,2001-11-13 00:00:00,2001-11-13 00:00:00,Q3,33341000,0.0,0.0,0.0,0.0,6874000.0,0.0,0.0,26027000.0,26027000.0,0.0,2554000.0,9868000.0,0.2959719264569149,7314000.0,0.21936954500464892,1827000.0,14120000.0,0.42350259440328725,2883000.0,11237000.0,0.33703248252901835,0.33,0.32,34535728,34855481,https://www.sec.gov/Archives/edgar/data/1025378/000095012301508335/0000950123-01-508335-index.html,https://www.sec.gov/Archives/edgar/data/1025378/000095012301508335/y54978e10-q.txt,1620599902,18:38:22,20210509
78,2001-06-30,WPC,USD,2001-08-10 00:00:00,2001-08-10 00:00:00,Q2,35658000,0.0,0.0,0.0,0.0,6650000.0,0.0,0.0,27377000.0,27377000.0,0.0,2672000.0,10953000.0,0.3071680969207471,8281000.0,0.23223400078523754,1020000.0,14657000.0,0.4110438050367379,2905000.0,11752000.0,0.32957541084749564,0.34160451103988343,0.33848389342884155,34402356,34719525,https://www.sec.gov/Archives/edgar/data/1025378/000095012301505316/0000950123-01-505316-index.html,https://www.sec.gov/Archives/edgar/data/1025378/000095012301505316/y52317e10-q.txt,1620599902,18:38:22,20210509
79,2001-03-31,WPC,USD,2001-05-14 00:00:00,2001-05-14 00:00:00,Q1,31897000,0.0,0.0,0.0,0.0,6241000.0,0.0,0.0,26387000.0,26387000.0,0.0,2612000.0,8122000.0,0.2546320970624197,5510000.0,0.1727435181992037,1713000.0,12819000.0,0.40188732482678624,180000.0,12639000.0,0.39624416089287395,0.37,0.365456,34268978,34584163,https://www.sec.gov/Archives/edgar/data/1025378/000095012301502410/0000950123-01-502410-index.html,https://www.sec.gov/Archives/edgar/data/1025378/000095012301502410/y49128e10-q.txt,1620599902,18:38:22,20210509
80,2000-12-31,WPC,USD,2000-12-31,2000-12-31,Q4,36435000,0.0,0.0,0.0,0.0,6472000.0,0.0,0.0,39995000.0,39995000.0,0.0,8039000.0,4479000.0,0.12293124742692466,-3560000.0,-0.09770824756415535,-888000.0,2086000.0,0.05725264169068204,2323000.0,-237000.0,-0.006504734458624949,-0.006915875927201564,-0.006915875927201564,34268978,34268978,,,1620599902,18:38:22,20210509
81,2000-09-30,WPC,USD,2000-11-16 00:00:00,2000-11-16 00:00:00,Q3,33929000,0.0,0.0,0.0,0.0,5925000.0,0.0,0.0,29267000.0,29267000.0,0.0,6903000.0,11565000.0,0.34085885230923396,4662000.0,0.13740458015267176,208000.0,12023000.0,0.3543576291667895,648000.0,11375000.0,0.33525892304518257,0.34,0.335078,33718638,33947369,https://www.sec.gov/Archives/edgar/data/1025378/000095012300010763/0000950123-00-010763-index.html,https://www.sec.gov/Archives/edgar/data/1025378/000095012300010763/y42840e10-q.txt,1620599902,18:38:22,20210509
82,2000-06-30,WPC,USD,2000-08-14 00:00:00,2000-08-14 00:00:00,Q2,26611000,0.0,0.0,0.0,0.0,2405000.0,0.0,0.0,23618000.0,23618000.0,0.0,4100000.0,7093000.0,0.2665439104129871,2993000.0,0.11247228589680959,-38943000.0,-29076000.0,-1.0926308669347262,965000.0,-30041000.0,-1.1288940663635338,-1.18,-1.18,25425965,25425965,https://www.sec.gov/Archives/edgar/data/1025378/000095012300007616/0000950123-00-007616-index.html,https://www.sec.gov/Archives/edgar/data/1025378/000095012300007616/e10-q.txt,1620599902,18:38:22,20210509
83,2000-03-31,WPC,USD,2000-05-15 00:00:00,2000-05-15 00:00:00,Q1,23276000,0.0,0.0,0.0,0.0,1913000.0,0.0,0.0,19897000.0,19897000.0,0.0,3127000.0,6506000.0,0.27951538064959613,3379000.0,0.14517099157930916,0.0,0.0,0.0,0.0,9625000.0,0.41351606805293006,0.38,0.38,25624346,25624346,https://www.sec.gov/Archives/edgar/data/1025378/000095012300005025/0000950123-00-005025-index.html,https://www.sec.gov/Archives/edgar/data/1025378/0000950123-00-005025.txt,1620599902,18:38:22,20210509
84,1999-12-31,WPC,USD,1999-12-31,1999-12-31,Q4,20606000,0.0,0.0,0.0,0.0,2045000.0,0.0,0.0,89422000.0,89422000.0,0.0,4192000.0,-64624000.0,-3.136173929923323,-68816000.0,-3.3396098223818305,0.0,0.0,0.0,0.0,5039000.0,0.2445404251188974,0.19664892130320127,0.19664892130320127,25624346,25624346,,,1620599902,18:38:22,20210509
85,1999-09-30,WPC,USD,1999-11-12 00:00:00,1999-11-12 00:00:00,Q3,24100000,0.0,0.0,0.0,0.0,2300000.0,0.0,0.0,-6200000.0,-6200000.0,0.0,2900000.0,33200000.0,1.3775933609958506,30300000.0,1.2572614107883817,0.0,0.0,0.0,0.0,9500000.0,0.3941908713692946,0.37,0.37,25675676,25675676,https://www.sec.gov/Archives/edgar/data/1025378/000095012399010076/0000950123-99-010076-index.html,https://www.sec.gov/Archives/edgar/data/1025378/0000950123-99-010076.txt,1620599902,18:38:22,20210509
86,1999-06-30,WPC,USD,1999-08-10 00:00:00,1999-08-10 00:00:00,Q2,22000000,0.0,0.0,0.0,0.0,1900000.0,0.0,0.0,-5100000.0,-5100000.0,0.0,2100000.0,29200000.0,1.3272727272727274,27100000.0,1.231818181818182,0.0,0.0,0.0,0.0,9600000.0,0.43636363636363634,0.38,0.38,25263158,25263158,https://www.sec.gov/Archives/edgar/data/1025378/000095012399007370/0000950123-99-007370-index.html,https://www.sec.gov/Archives/edgar/data/1025378/0000950123-99-007370.txt,1620599902,18:38:22,20210509
87,1999-03-31,WPC,USD,1999-05-14 00:00:00,1999-05-14 00:00:00,Q1,21700000,0.0,0.0,0.0,0.0,1900000.0,0.0,0.0,-5000000.0,-5000000.0,0.0,2000000.0,28700000.0,1.3225806451612903,26700000.0,1.2304147465437787,0.0,0.0,0.0,0.0,9900000.0,0.45622119815668205,0.39,0.39,25384615,25384615,https://www.sec.gov/Archives/edgar/data/1025378/000095012399004660/0000950123-99-004660-index.html,https://www.sec.gov/Archives/edgar/data/1025378/0000950123-99-004660.txt,1620599902,18:38:22,20210509
88,1998-12-31,WPC,USD,2000-05-01,2000-05-01,Q4,20030000,0.0,0.0,0.0,0.0,1860000.0,0.0,0.0,76598000.0,76598000.0,0.0,2000000.0,-54568000.0,-2.7243135297054417,-56568000.0,-2.8241637543684472,0.0,0.0,0.0,0.0,8564000.0,0.4275586620069895,0.33736970208135914,0.33736970208135914,25384615,25384615,https://www.sec.gov/Archives/edgar/data/1025378/0000950123-00-004192-index.html,https://www.sec.gov/Archives/edgar/data/1025378/000095012300004192/,1620599902,18:38:22,20210509
89,1998-09-30,WPC,USD,1998-11-12 00:00:00,1998-11-12 00:00:00,Q3,21800000,0.0,0.0,0.0,0.0,1300000.0,0.0,0.0,-4400000.0,-4400000.0,0.0,2000000.0,28200000.0,1.2935779816513762,26200000.0,1.201834862385321,0.0,0.0,0.0,0.0,10100000.0,0.463302752293578,0.4,0.4,25250000,25250000,https://www.sec.gov/Archives/edgar/data/1025378/000095012398009805/0000950123-98-009805-index.html,https://www.sec.gov/Archives/edgar/data/1025378/0000950123-98-009805.txt,1620599902,18:38:22,20210509
90,1998-06-30,WPC,USD,1998-08-13 00:00:00,1998-08-13 00:00:00,Q2,21300000,0.0,0.0,0.0,0.0,1900000.0,0.0,0.0,-4300000.0,-4300000.0,0.0,1800000.0,27400000.0,1.2863849765258215,25600000.0,1.2018779342723005,0.0,0.0,0.0,0.0,9900000.0,0.4647887323943662,0.4,0.4,24750000,24750000,https://www.sec.gov/Archives/edgar/data/1025378/000095012398007514/0000950123-98-007514-index.html,https://www.sec.gov/Archives/edgar/data/1025378/0000950123-98-007514.txt,1620599902,18:38:22,20210509
91,1998-03-31,WPC,USD,1998-05-20 00:00:00,1998-05-20 00:00:00,Q1,22300000,0.0,0.0,0.0,0.0,1600000.0,0.0,0.0,-4700000.0,-4700000.0,0.0,1600000.0,28600000.0,1.2825112107623318,27000000.0,1.210762331838565,0.0,0.0,0.0,0.0,9700000.0,0.4349775784753363,0.4,0.4,24250000,24250000,https://www.sec.gov/Archives/edgar/data/1025378/000095012398005320/0000950123-98-005320-index.html,https://www.sec.gov/Archives/edgar/data/1025378/0000950123-98-005320.txt,1620599902,18:38:22,20210509
92,1997-12-31,WPC,USD,1998-01-21 00:00:00,1998-01-21 00:00:00,Q4,23300000,2600000.0,8300000.0,0.3562231759656652,0.0,1700000.0,0.0,2800000.0,11900000.0,14500000.0,-100000.0,2500000.000000001,11300000.0,0.48497854077253216,8800000.0,0.3776824034334764,1000000.0,9600000.0,0.41201716738197425,0.0,9600000.0,0.41201716738197425,0.44037,0.44037,21800000,21800000,https://www.sec.gov/Archives/edgar/data/1025378/000095012398000435/0000950123-98-000435-index.html,https://www.sec.gov/Archives/edgar/data/1025378/0000950123-98-000435.txt,1620599902,18:38:22,20210509
