,date,symbol,reportedCurrency,fillingDate,acceptedDate,period,revenue,costOfRevenue,grossProfit,grossProfitRatio,researchAndDevelopmentExpenses,generalAndAdministrativeExpenses,sellingAndMarketingExpenses,otherExpenses,operatingExpenses,costAndExpenses,interestExpense,depreciationAndAmortization,ebitda,ebitdaratio,operatingIncome,operatingIncomeRatio,totalOtherIncomeExpensesNet,incomeBeforeTax,incomeBeforeTaxRatio,incomeTaxExpense,netIncome,netIncomeRatio,eps,epsdiluted,weightedAverageShsOut,weightedAverageShsOutDil,link,finalLink,timestamp,est_time,est_date
0,2019-06-30,TYPE,USD,2019-07-26,2019-07-26 09:16:29,Q2,63236000,11833000.0,51403000,0.8128755772028591,6764000.0,-6982000.0,18570000.0,861000.0,37783000,49616000,0.0,3233000.0,16853000.0,0.26650958314883927,13620000.0,0.21538364222911,-937000.0,12683000.0,0.20056613321525713,2376000.0,10307000.0,0.16299259915238157,7.895833524849621,0.2572502348434823,1305372.0,40066047,https://www.sec.gov/Archives/edgar/data/1385292/000119312519203240/0001193125-19-203240-index.htm,https://www.sec.gov/Archives/edgar/data/1385292/000119312519203240/d762486d10q.htm,1620599178,18:26:18,20210509
1,2019-03-31,TYPE,USD,2019-04-26 00:00:00,2019-04-26 07:47:15,Q1,51356000,10460000.0,40896000,0.7963237012228367,7441000.0,-5111000.0,17130000.0,808000.0,37398000,47858000,0.0,3212000.0,6710000.0,0.13065659319261624,3498000.0,0.06811278136926552,-977000.0,2521000.0,0.04908871407430485,-139000.0,2660000.0,0.051795311161305396,0.06446348723861661,0.06639035798354911,41263669.0,40066059,https://www.sec.gov/Archives/edgar/data/1385292/000119312519120907/0001193125-19-120907-index.html,https://www.sec.gov/Archives/edgar/data/1385292/000119312519120907/d696362d10q.htm,1620599178,18:26:18,20210509
2,2018-12-31,TYPE,USD,2019-02-25 00:00:00,2019-02-25 16:04:00,Q4,71398000,10616000.0,60782000,0.8513123616908037,7996000.0,-9264000.0,21599000.0,3602000.0,45532000,56148000,0.0,3250000.0,18500000.0,0.259110899464971,15250000.0,0.21359141712653015,30000.0,14582000.0,0.20423541275665985,5126000.0,9456000.0,0.13244068461301436,5.844707313424902,0.23413534924793428,1617874.0,40386896,https://www.sec.gov/Archives/edgar/data/1385292/000119312519049831/0001193125-19-049831-index.html,https://www.sec.gov/Archives/edgar/data/1385292/000119312519049831/d646546d10k.htm,1620599178,18:26:18,20210509
3,2018-09-30,TYPE,USD,2018-11-02 00:00:00,2018-11-02 07:21:42,Q3,57969000,10254000.0,47715000,0.8231123531542721,7680000.0,-7426000.0,18212000.0,1095000.0,37773000,48027000,0.0,3156000.0,13098000.0,0.22594835170522176,9942000.0,0.17150545981472856,-1187000.0,8755000.0,0.15102899825768945,5434000.0,3321000.0,0.05728924080111784,1.9399746944583667,0.08209219054346414,1711878.0,40454518,https://www.sec.gov/Archives/edgar/data/1385292/000119312518316365/0001193125-18-316365-index.html,https://www.sec.gov/Archives/edgar/data/1385292/000119312518316365/d592148d10q.htm,1620599178,18:26:18,20210509
4,2018-06-30,TYPE,USD,2018-07-30 00:00:00,2018-07-30 16:08:06,Q2,60687000,10816000.0,49871000,0.821774020795228,8310000.0,-8319000.0,20105000.0,7535000.0,47736000,58552000,0.0,3253000.0,5388000.0,0.08878342972959613,2135000.0,0.03518051642032066,-6000.0,1969000.0,0.03244516947616458,1274000.0,695000.0,0.011452205579448647,0.382828990565331,0.017187401659313796,1815432.0,40436595,https://www.sec.gov/Archives/edgar/data/1385292/000119312518231462/0001193125-18-231462-index.html,https://www.sec.gov/Archives/edgar/data/1385292/000119312518231462/d502221d10q.htm,1620599178,18:26:18,20210509
5,2018-03-31,TYPE,USD,2018-04-30 00:00:00,2018-04-30 16:59:53,Q1,56683000,13300000.0,43383000,0.7653617486724414,9442000.0,-4375000.0,20065000.0,1024000.0,46221000,59521000,0.0,3304000.0,466000.0,0.008221159783356562,-2838000.0,-0.050067921599068504,-826000.0,-3664000.0,-0.06464019194467477,-2465000.0,-1199000.0,-0.02115272656704832,-0.651336625326619,-0.029970662495870284,1840830.0,40005789,https://www.sec.gov/Archives/edgar/data/1385292/000119312518143527/0001193125-18-143527-index.html,https://www.sec.gov/Archives/edgar/data/1385292/000119312518143527/d503036d10q.htm,1620599178,18:26:18,20210509
6,2017-12-31,TYPE,USD,2018-02-27 00:00:00,2018-02-27 16:09:27,Q4,65016000,11008000.0,54008000,0.8306878306878307,9885000.0,-12566000.0,25091000.0,1016000.0,48517000,59525000,0.0,3181000.0,8672000.0,0.13338255198720314,5491000.0,0.08445613387473852,-314000.0,4870000.0,0.07490463885812723,-7000000.0,11870000.0,0.18257044419835117,5.677649194940913,0.2978053626441383,2090654.0,39858248,https://www.sec.gov/Archives/edgar/data/1385292/000119312518060842/0001193125-18-060842-index.html,https://www.sec.gov/Archives/edgar/data/1385292/000119312518060842/d507580d10k.htm,1620599178,18:26:18,20210509
7,2017-09-30,TYPE,USD,2017-11-01 00:00:00,2017-11-01 16:07:57,Q3,60507000,10604000.0,49903000,0.824747549870263,8997000.0,-11162000.0,22453000.0,1021000.0,43762000,54366000,0.0,3153000.0,9294000.0,0.15360206257127273,6141000.0,0.10149238931032772,-32000.0,3998000.0,0.06607499958682467,2737000.0,1261000.0,0.020840563901697324,0.5936791298481245,0.03186249390797202,2124043.0,39576312,https://www.sec.gov/Archives/edgar/data/1385292/000119312517329399/0001193125-17-329399-index.html,https://www.sec.gov/Archives/edgar/data/1385292/000119312517329399/d398701d10q.htm,1620599178,18:26:18,20210509
8,2017-06-30,TYPE,USD,2017-07-31 00:00:00,2017-07-31 16:07:01,Q2,57801000,11022000.0,46779000,0.8093112575906991,9227000.0,-10908000.0,22722000.0,1019000.0,44782000,55804000,0.0,3177000.0,5174000.0,0.08951402224875002,1997000.0,0.0345495752668639,56000.0,-1523000.0,-0.026349025103371913,-1027000.0,-496000.0,-0.008581166415805955,-0.23535920987635575,-0.01253561846874691,2107417.0,39567254,https://www.sec.gov/Archives/edgar/data/1385292/000119312517242353/0001193125-17-242353-index.html,https://www.sec.gov/Archives/edgar/data/1385292/000119312517242353/d362543d10q.htm,1620599178,18:26:18,20210509
9,2017-03-31,TYPE,USD,2017-04-28 00:00:00,2017-04-28 16:09:03,Q1,52465000,9656000.0,42809000,0.815953492804727,9554000.0,-10315000.0,21242000.0,1011000.0,42734000,52390000,0.0,3106000.0,3181000.0,0.06063089678833508,75000.0,0.0014295244448680072,-1251000.0,-1176000.0,-0.022414943295530353,-101000.0,-1075000.0,-0.020489850376441437,-0.53933995826763,-0.027231432906093683,1993177.0,39476439,https://www.sec.gov/Archives/edgar/data/1385292/000119312517148137/0001193125-17-148137-index.html,https://www.sec.gov/Archives/edgar/data/1385292/000119312517148137/d369163d10q.htm,1620599178,18:26:18,20210509
10,2016-12-31,TYPE,USD,2017-02-28 00:00:00,2017-02-28 08:32:21,Q4,52637000,9546000.0,43091000,0.8186446795980014,7807000.0,-5543000.0,19298000.0,975000.0,41835000,51381000,0.0,3220000.0,4476000.0,0.08503524137013888,1256000.0,0.023861542261147103,-17000.0,1092000.0,0.020745863176092862,642000.0,450000.0,0.008549119440697608,0.29572966365679587,0.011325905368335684,1521660.0,39731923,https://www.sec.gov/Archives/edgar/data/1385292/000119312517060429/0001193125-17-060429-index.html,https://www.sec.gov/Archives/edgar/data/1385292/000119312517060429/d321156d10k.htm,1620599178,18:26:18,20210509
11,2016-09-30,TYPE,USD,2016-10-31 00:00:00,2016-10-31 17:14:57,Q3,52229000,9861000.0,42368000,0.8111968446648413,7781000.0,-5185000.0,16538000.0,941000.0,36613000,46474000,0.0,3398000.0,9153000.0,0.1752474678818281,5755000.0,0.1101878266863237,21000.0,5132000.0,0.09825958758544104,2707000.0,2425000.0,0.04643014417277758,1.7545928729522815,0.06108344653712274,1382087.0,39699790,https://www.sec.gov/Archives/edgar/data/1385292/000119312516753734/0001193125-16-753734-index.html,https://www.sec.gov/Archives/edgar/data/1385292/000119312516753734/d267781d10q.htm,1620599178,18:26:18,20210509
12,2016-06-30,TYPE,USD,2016-07-27 00:00:00,2016-07-27 16:07:01,Q2,48733000,8719000.0,40014000,0.8210863275398601,5991000.0,-6010000.0,14648000.0,742000.0,30019000,38738000,0.0,2952000.0,12947000.0,0.26567213182032706,9995000.0,0.20509716208729198,515000.0,10510000.0,0.2156649498286582,3857000.0,6653000.0,0.1365194016374941,5.42885772851305,0.16785558273842116,1225488.0,39635262,https://www.sec.gov/Archives/edgar/data/1385292/000119312516659972/0001193125-16-659972-index.html,https://www.sec.gov/Archives/edgar/data/1385292/000119312516659972/d171986d10q.htm,1620599178,18:26:18,20210509
13,2016-03-31,TYPE,USD,2016-04-29 00:00:00,2016-04-29 16:07:37,Q1,49842000,9450000.0,40392000,0.8104008667388949,7336000.0,-5238000.0,14087000.0,735000.0,31007000,40457000,0.0,2929000.0,12314000.0,0.24706071184944425,9385000.0,0.1882950122386742,-920000.0,8465000.0,0.16983668392119097,3107000.0,5358000.0,0.10749969904899483,4.83644284052105,0.13557136917898024,1107839.0,39521619,https://www.sec.gov/Archives/edgar/data/1385292/000119312516569232/0001193125-16-569232-index.html,https://www.sec.gov/Archives/edgar/data/1385292/000119312516569232/d150359d10q.htm,1620599178,18:26:18,20210509
14,2015-12-31,TYPE,USD,2016-02-26 00:00:00,2016-02-26 16:16:22,Q4,50616000,9100000.0,41516000,0.8202149517938991,5233000.0,-3054000.0,14317000.0,775000.0,31588000,40688000,0.0,2970000.0,12898000.0,0.254820610083768,9928000.0,0.19614351193298563,-22000.0,9458000.0,0.18685791054212106,4561000.0,4897000.0,0.09674806385332702,5.0069782778734915,0.12434436090324841,978035.0,39382566,https://www.sec.gov/Archives/edgar/data/1385292/000119312516481975/0001193125-16-481975-index.html,https://www.sec.gov/Archives/edgar/data/1385292/000119312516481975/d101166d10k.htm,1620599178,18:26:18,20210509
15,2015-09-30,TYPE,USD,2015-11-02 00:00:00,2015-11-02 16:14:31,Q3,49352000,8399000.0,40953000,0.8298143945534122,5155000.0,-7301000.0,15472000.0,862000.0,29660000,38059000,0.0,2926000.0,14219000.0,0.2881139568811801,11293000.0,0.2288255795104555,2000.0,11014000.0,0.2231723131787972,2975000.0,8039000.0,0.16289106824444805,8.343192809847022,0.2041258975610472,963540.0,39382558,https://www.sec.gov/Archives/edgar/data/1385292/000119312515362326/0001193125-15-362326-index.html,https://www.sec.gov/Archives/edgar/data/1385292/000119312515362326/d16512d10q.htm,1620599178,18:26:18,20210509
16,2015-06-30,TYPE,USD,2015-07-29 00:00:00,2015-07-29 16:08:20,Q2,46405000,8687000.0,37718000,0.8128003447904321,5290000.0,-7522000.0,14532000.0,790000.0,27622000,36309000,0.0,2967000.0,13063000.0,0.28149983837948495,10096000.0,0.21756276263333693,-2000.0,9087000.0,0.1958194160112057,3183000.0,5904000.0,0.12722766943217326,6.33966834858297,0.14962457764129322,931279.0,39458758,https://www.sec.gov/Archives/edgar/data/1385292/000119312515268251/0001193125-15-268251-index.html,https://www.sec.gov/Archives/edgar/data/1385292/000119312515268251/d941113d10q.htm,1620599178,18:26:18,20210509
17,2015-03-31,TYPE,USD,2015-05-01 00:00:00,2015-05-01 16:06:53,Q1,46046000,8543000.0,37503000,0.8144681405550971,5799000.0,-6077000.0,12976000.0,702000.0,26376000,34919000,0.0,2387000.0,13514000.0,0.2934891195760761,11127000.0,0.24164965469313296,-211000.0,10916000.0,0.2370672805455414,3559000.0,7357000.0,0.15977500760109456,9.041193530944305,0.18614883167128177,813720.0,39522139,https://www.sec.gov/Archives/edgar/data/1385292/000119312515166277/0001193125-15-166277-index.html,https://www.sec.gov/Archives/edgar/data/1385292/000119312515166277/d899048d10q.htm,1620599178,18:26:18,20210509
18,2014-12-31,TYPE,USD,2015-02-27,2015-02-27 16:06:50,Q4,46402000,8665000.0,37737000,0.8132623593810612,4794000.0,-7590000.0,13114000.0,948000.0,24380000,33045000,0.0,2613000.0,15970000.0,0.34416619973277013,13357000.0,0.28785397181155986,-72000.0,12486000.0,0.2690832291711564,3116000.0,9370000.0,0.2019309512521012,12.563454158811714,0.23741523775590456,745814.0,39466717,https://www.sec.gov/Archives/edgar/data/1385292/000119312515069684/0001193125-15-069684-index.htm,https://www.sec.gov/Archives/edgar/data/1385292/000119312515069684/d843908d10k.htm,1620599178,18:26:18,20210509
19,2014-09-30,TYPE,USD,2014-10-31 00:00:00,2014-10-31 16:06:33,Q3,47063000,8371000.0,38692000,0.8221320357818244,5227000.0,-6870000.0,13361000.0,1587000.0,26666000,35037000,0.0,3287000.0,15313000.0,0.32537237320187834,12026000.0,0.2555298217283216,50000.0,11141000.0,0.23672524063489364,4102000.0,7039000.0,0.1495654760639993,9.419595542185442,0.17746657551051517,747272.0,39663807,https://www.sec.gov/Archives/edgar/data/1385292/000119312514392029/0001193125-14-392029-index.html,https://www.sec.gov/Archives/edgar/data/1385292/000119312514392029/d785741d10q.htm,1620599178,18:26:18,20210509
20,2014-06-30,TYPE,USD,2014-07-28 00:00:00,2014-07-28 16:12:23,Q2,44963000,8468000.0,36495000,0.8116673709494473,4910000.0,-6601000.0,11987000.0,1431000.0,23714000,32182000,0.0,3139000.0,15920000.0,0.3540689010964571,12781000.0,0.2842559437759936,-4000.0,12240000.0,0.27222382848119564,4549000.0,7691000.0,0.17105175366412384,10.604282801096966,0.19292174119910882,725273.0,39865906,https://www.sec.gov/Archives/edgar/data/1385292/000119312514282343/0001193125-14-282343-index.html,https://www.sec.gov/Archives/edgar/data/1385292/000119312514282343/d749588d10q.htm,1620599178,18:26:18,20210509
21,2014-03-31,TYPE,USD,2014-05-01 00:00:00,2014-05-01 16:07:52,Q1,46072000,7653000.0,38419000,0.8338904323667303,5753000.0,-4920000.0,11118000.0,1432000.0,24501000,32154000,0.0,3058000.0,16976000.0,0.36846674769925336,13918000.0,0.30209237714881054,-365000.0,13553000.0,0.2941699947907623,5108000.0,8445000.0,0.18330005209237715,13.899976133847964,0.21245133367614014,607555.0,39750280,https://www.sec.gov/Archives/edgar/data/1385292/000119312514177092/0001193125-14-177092-index.html,https://www.sec.gov/Archives/edgar/data/1385292/000119312514177092/d692339d10q.htm,1620599178,18:26:18,20210509
22,2013-12-31,TYPE,USD,2014-03-11,2014-03-11 17:17:01,Q4,43032000,6958000.0,36074000,0.8383063766499349,5379000.0,-5967000.0,11076000.0,1496000.0,23060000,30018000,0.0,3181000.0,16195000.0,0.37634783416992007,13014000.0,0.3024261015058561,-1000.0,12390000.0,0.28792526491912995,4296000.0,8094000.0,0.1880925822643614,12.715239278684301,0.2060294228037611,636559.0,39285651,https://www.sec.gov/Archives/edgar/data/1385292/000119312514093952/0001193125-14-093952-index.htm,https://www.sec.gov/Archives/edgar/data/1385292/000119312514093952/d634406d10k.htm,1620599178,18:26:18,20210509
23,2013-09-30,TYPE,USD,2013-10-31 00:00:00,2013-10-31 16:07:53,Q3,40468000,7076000.0,33392000,0.8251457942077691,4655000.0,-5706000.0,10632000.0,1490000.0,21703000,28779000,0.0,3280000.0,14969000.0,0.36989720272808146,11689000.0,0.2888455075615301,8000.0,11101000.0,0.2743155085499654,4037000.0,7064000.0,0.17455767520015816,10.850231780857266,0.18017689422629213,651046.0,39205915,https://www.sec.gov/Archives/edgar/data/1385292/000119312513420841/0001193125-13-420841-index.html,https://www.sec.gov/Archives/edgar/data/1385292/000119312513420841/d585577d10q.htm,1620599178,18:26:18,20210509
24,2013-06-30,TYPE,USD,2013-07-26 00:00:00,2013-07-26 16:12:44,Q2,41085000,7155000.0,33930000,0.8258488499452354,4891000.0,-5412000.0,10392000.0,1487000.0,21750000,28905000,0.0,3098000.0,15278000.0,0.37186321041742726,12180000.0,0.2964585615188025,-37000.0,11610000.0,0.28258488499452356,4299000.0,7311000.0,0.17794815626140928,11.156585910747312,0.18862809683486903,655308.0,38758807,https://www.sec.gov/Archives/edgar/data/1385292/000119312513304750/0001193125-13-304750-index.html,https://www.sec.gov/Archives/edgar/data/1385292/000119312513304750/d540803d10q.htm,1620599178,18:26:18,20210509
25,2013-03-31,TYPE,USD,2013-05-01 00:00:00,2013-05-01 16:12:46,Q1,42039000,7147000.0,34892000,0.8299911986488737,4972000.0,-5214000.0,9919000.0,1490000.0,21086000,28233000,0.0,3072000.0,16878000.0,0.40148433597373867,13806000.0,0.328409334189681,-959000.0,12847000.0,0.3055971835676396,4231000.0,8616000.0,0.2049525440662242,0.2322215046007538,0.22388221425746174,37102507.0,38484522,https://www.sec.gov/Archives/edgar/data/1385292/000119312513192404/0001193125-13-192404-index.html,https://www.sec.gov/Archives/edgar/data/1385292/000119312513192404/d502904d10q.htm,1620599178,18:26:18,20210509
26,2012-12-31,TYPE,USD,2013-03-01 00:00:00,2013-03-01 16:08:07,Q4,39034000,6927000.0,32107000,0.8225393246912948,4458000.0,-4451000.0,9348000.0,1412000.0,20115000,27042000,0.0,2927000.0,14919000.0,0.3822052569554747,11992000.0,0.3072193472357432,-26000.0,11449000.0,0.29330839780704,3609000.0,7840000.0,0.20085054055438847,0.21590756842775916,0.2087218414867832,36311835.0,37561953,https://www.sec.gov/Archives/edgar/data/1385292/000119312513087668/0001193125-13-087668-index.html,https://www.sec.gov/Archives/edgar/data/1385292/000119312513087668/d444784d10k.htm,1620599178,18:26:18,20210509
27,2012-09-30,TYPE,USD,2012-10-30 00:00:00,2012-10-30 15:01:23,Q3,37982000,6511000.0,31471000,0.8285766942235796,4617000.0,-4228000.0,8614000.0,1405000.0,19022000,25533000,0.0,2914000.0,15363000.0,0.4044810699805171,12449000.0,0.32776051814017165,14000.0,11876000.0,0.3126744247275025,3886000.0,7990000.0,0.2103628034332052,0.2206088417483596,0.2124974681152735,36217950.0,37600448,https://www.sec.gov/Archives/edgar/data/1385292/000119312512441301/0001193125-12-441301-index.html,https://www.sec.gov/Archives/edgar/data/1385292/000119312512441301/d398319d10q.htm,1620599178,18:26:18,20210509
28,2012-06-30,TYPE,USD,2012-07-27 00:00:00,2012-07-27 17:21:55,Q2,38496000,7165000.0,31331000,0.8138767664172901,4588000.0,-4022000.0,8720000.0,1431000.0,19437000,26602000,0.0,2890000.0,14784000.0,0.38403990024937656,11894000.0,0.30896716541978386,-14000.0,11548000.0,0.2999792186201164,4133000.0,7415000.0,0.19261741479634248,0.20503494483979304,0.1972601352004739,36164567.0,37589957,https://www.sec.gov/Archives/edgar/data/1385292/000119312512319815/0001193125-12-319815-index.html,https://www.sec.gov/Archives/edgar/data/1385292/000119312512319815/d351598d10q.htm,1620599178,18:26:18,20210509
29,2012-03-31,TYPE,USD,2012-05-01 00:00:00,2012-05-01 16:06:35,Q1,34349000,4453000.0,29896000,0.8703601269323706,4344000.0,-4344000.0,9271000.0,1221000.0,19763000,24216000,0.0,2409000.0,12542000.0,0.365134356167574,10133000.0,0.29500131008180736,-826000.0,9307000.0,0.2709540306850272,3587000.0,5720000.0,0.16652595417624969,0.15765207333974451,0.15209915311882904,36282428.0,37607047,https://www.sec.gov/Archives/edgar/data/1385292/000119312512200717/0001193125-12-200717-index.html,https://www.sec.gov/Archives/edgar/data/1385292/000119312512200717/d319884d10q.htm,1620599178,18:26:18,20210509
30,2011-12-31,TYPE,USD,2012-03-01 00:00:00,2012-03-01 16:08:16,Q4,31722000,3461000.0,28261000,0.8908959082025093,4364000.0,-3632000.0,8424000.0,1224000.0,18804000,22265000,0.0,2436000.0,11893000.0,0.374913309375197,9457000.0,0.2981211777315428,-2000.0,8777000.0,0.2766849505075342,3138000.0,5639000.0,0.1777630666414476,0.15948467134250796,0.1531613643654536,35357630.0,36817379,https://www.sec.gov/Archives/edgar/data/1385292/000119312512092133/0001193125-12-092133-index.html,https://www.sec.gov/Archives/edgar/data/1385292/000119312512092133/d262750d10k.htm,1620599178,18:26:18,20210509
31,2011-09-30,TYPE,USD,2011-11-01 00:00:00,2011-11-01 16:06:31,Q3,30695000,3301000.0,27394000,0.892458055057827,4116000.0,-3885000.0,8169000.0,1252000.0,17821000,21122000,0.0,2383000.0,11956000.0,0.3895096921322691,9573000.0,0.3118748981918879,2000.0,8912000.0,0.2903404463267633,2920000.0,5992000.0,0.1952109464082098,0.16990102414704128,0.1632550840526647,35267592.0,36703298,https://www.sec.gov/Archives/edgar/data/1385292/000119312511290678/0001193125-11-290678-index.html,https://www.sec.gov/Archives/edgar/data/1385292/000119312511290678/d230969d10q.htm,1620599178,18:26:18,20210509
32,2011-06-30,TYPE,USD,2011-08-02 00:00:00,2011-08-02 16:11:52,Q2,60795000,6562000.0,54233000,0.8920634920634921,2221440.0,-14276178.0,16029000.0,2595000.0,22598262,29160262,-62220.0,1933386.0,33568124.0,0.5521527099268032,31634738.0,0.5203509828110865,-2281000.0,26249066.0,0.4317635660827371,5893000.0,20356066.0,0.33483125257011265,0.5786893258035358,0.5555892448904501,35176156.0,36638697,https://www.sec.gov/Archives/edgar/data/1385292/000119312511206341/0001193125-11-206341-index.html,https://www.sec.gov/Archives/edgar/data/1385292/000119312511206341/d10q.htm,1620599178,18:26:18,20210509
33,2011-03-31,TYPE,USD,2011-05-03 00:00:00,2011-05-03 16:06:01,Q1,29729000,5606000.0,24123000,0.8114299169161425,4127000.0,-3605000.0,7798000.0,1291000.0,17409000,23015000,-916000.0,2304000.0,11821000.0,0.39762521443708165,9517000.0,0.32012513034410844,0.0,8362000.0,0.28127417672979244,2922000.0,5440000.0,0.18298630966396448,0.1552427458617749,0.14943890635334017,35041895.0,36402836,https://www.sec.gov/Archives/edgar/data/1385292/000119312511123925/0001193125-11-123925-index.html,https://www.sec.gov/Archives/edgar/data/1385292/000119312511123925/d10q.htm,1620599178,18:26:18,20210509
34,2010-12-31,TYPE,USD,2011-03-03,2011-03-03 16:13:48,Q4,29405000,5608000.0,23797000,0.8092841353511308,3879000.0,-2738000.0,7026000.0,1218000.0,16411000,22019000,-1034000.0,2357000.0,12547000.0,0.4266961401122258,10190000.0,0.34653970413195034,9000.0,8782000.0,0.29865669103893894,2651000.0,6131000.0,0.20850195544975345,0.17637,0.17637,34762919.0,34762919,https://www.sec.gov/Archives/edgar/data/1385292/000119312511054983/0001193125-11-054983-index.htm,https://www.sec.gov/Archives/edgar/data/1385292/000119312511054983/d10k.htm,1620599178,18:26:18,20210509
35,2010-09-30,TYPE,USD,2010-11-02 00:00:00,2010-11-02 16:02:27,Q3,28358000,5388000.0,22970000,0.8100007052683547,3934000.0,-2627000.0,6731000.0,1189000.0,15958000,21346000,-1084000.0,2318000.0,12024000.0,0.4240073347908879,9706000.0,0.3422667324917131,0.0,8227000.0,0.29011213766838284,2304000.0,5923000.0,0.20886522321743423,0.17064047018061385,0.16493705992882116,34710406.0,35910668,https://www.sec.gov/Archives/edgar/data/1385292/000119312510244306/0001193125-10-244306-index.html,https://www.sec.gov/Archives/edgar/data/1385292/000119312510244306/d10q.htm,1620599178,18:26:18,20210509
36,2010-06-30,TYPE,USD,2010-08-02 00:00:00,2010-08-02 16:12:32,Q2,24435000,5556000.0,18879000,0.7726212400245549,3570000.0,-2132000.0,6204000.0,1187000.0,15033000,20589000,-1108000.0,2305000.0,8929000.0,0.36541845713116433,6624000.0,0.2710865561694291,-9000.0,4832000.0,0.19774913034581543,1788000.0,3044000.0,0.12457540413341518,0.08784514897241522,0.08473425775142393,34651885.0,35924077,https://www.sec.gov/Archives/edgar/data/1385292/000119312510173626/0001193125-10-173626-index.html,https://www.sec.gov/Archives/edgar/data/1385292/000119312510173626/d10q.htm,1620599178,18:26:18,20210509
37,2010-03-31,TYPE,USD,2010-05-04 00:00:00,2010-05-04 16:14:48,Q1,24461000,5378000.0,19083000,0.7801398143984302,4021000.0,-1950000.0,5974000.0,1201000.0,15220000,20598000,-1195000.0,2343000.0,8895000.0,0.36364008012755,6552000.0,0.26785495278197946,0.0,5139000.0,0.21008953027267896,1877000.0,3262000.0,0.1333551367482932,0.09434446575855539,0.09118135168611007,34575425.0,35774859,https://www.sec.gov/Archives/edgar/data/1385292/000119312510106533/0001193125-10-106533-index.html,https://www.sec.gov/Archives/edgar/data/1385292/000119312510106533/d10q.htm,1620599178,18:26:18,20210509
38,2009-12-31,TYPE,USD,2010-03-05 00:00:00,2010-03-05 16:23:15,Q4,25116000,12962000.0,12154000,0.4839146360885491,3958000.0,-2481000.0,6358000.0,4737000.0,18937000,28352000,-1253000.0,2349000.0,9357000.0,0.3725513616817965,7008000.0,0.27902532250358336,5000.0,5703000.0,0.22706641184902054,1681000.0,4022000.0,0.16013696448479056,0.11704,0.11704,34365544.0,34365544,https://www.sec.gov/Archives/edgar/data/1385292/000119312510048971/0001193125-10-048971-index.html,https://www.sec.gov/Archives/edgar/data/1385292/000119312510048971/d10k.htm,1620599178,18:26:18,20210509
39,2009-09-30,TYPE,USD,2009-11-04 00:00:00,2009-11-04 16:40:25,Q3,23032000,2635000.0,20397000,0.8855939562348037,3350000.0,-2230000.0,5795000.0,21000.0,12710000,16535000,-1009000.0,2340000.0,8837000.0,0.3836835706842654,6497000.0,0.28208579367836056,14000.0,5082000.0,0.22064953108718305,2063000.0,3019000.0,0.13107849947898575,0.08794016177377782,0.08580235604914,34330162.0,35185514,https://www.sec.gov/Archives/edgar/data/1385292/000119312509223852/0001193125-09-223852-index.html,https://www.sec.gov/Archives/edgar/data/1385292/000119312509223852/d10q.htm,1620599178,18:26:18,20210509
40,2009-06-30,TYPE,USD,2009-08-03 00:00:00,2009-08-03 16:11:10,Q2,22251000,2287000.0,19964000,0.8972181025571885,3463000.0,-2052000.0,5510000.0,-1454000.0,12431000,15900000,-1056000.0,2321000.0,8672000.0,0.3897352927958294,6351000.0,0.2854253741404881,17000.0,4932000.0,0.22165295941755428,1861000.0,3071000.0,0.1380162689317334,0.08955192108699878,0.08758700482646892,34292955.0,35062279,https://www.sec.gov/Archives/edgar/data/1385292/000119312509162207/0001193125-09-162207-index.html,https://www.sec.gov/Archives/edgar/data/1385292/000119312509162207/d10q.htm,1620599178,18:26:18,20210509
41,2009-03-31,TYPE,USD,2009-05-06 00:00:00,2009-05-06 10:31:57,Q1,23606000,2604000.0,21002000,0.8896890621028553,3371000.0,-2208000.0,5982000.0,1440000.0,13127000,16906000,-1178000.0,2288000.0,8988000.0,0.38075065661272556,6700000.0,0.2838261458951114,-31000.0,5260000.0,0.22282470558332626,1970000.0,3290000.0,0.139371346267898,0.0960426852226973,0.09395108101427417,34255602.0,35018224,https://www.sec.gov/Archives/edgar/data/1385292/000119312509100993/0001193125-09-100993-index.html,https://www.sec.gov/Archives/edgar/data/1385292/000119312509100993/d10q.htm,1620599178,18:26:18,20210509
42,2008-12-31,TYPE,USD,2009-03-13 00:00:00,2009-03-12 17:51:22,Q4,27369000,2546000.0,24823000,0.9069750447586685,3477000.0,-1183000.0,5715000.0,43000.0,13724000,17652000,-1853000.0,2493000.0,12210000.0,0.44612517812123204,9717000.0,0.35503672037706896,43000.0,6579000.0,0.24038145346925355,2501000.0,4078000.0,0.1490006942160839,0.12058,0.12058,33818508.0,33818508,https://www.sec.gov/Archives/edgar/data/1385292/000119312509052407/0001193125-09-052407-index.html,https://www.sec.gov/Archives/edgar/data/1385292/000119312509052407/d10k.htm,1620599178,18:26:18,20210509
43,2008-09-30,TYPE,USD,2008-11-12 00:00:00,2008-11-12 16:52:41,Q3,27310000,3488000.0,23822000,0.8722812156719151,3417000.0,-772000.0,5585000.0,98000.0,13815000,19124000,-1868000.0,2932000.0,11118000.0,0.4071036250457708,8186000.0,0.2997436836323691,98000.0,6037000.0,0.22105455876968144,1644000.0,4393000.0,0.16085682900036616,0.13029317506672075,0.1241822747032339,33716271.0,35375419,https://www.sec.gov/Archives/edgar/data/1385292/000119312508233860/0001193125-08-233860-index.html,https://www.sec.gov/Archives/edgar/data/1385292/000119312508233860/d10q.htm,1620599178,18:26:18,20210509
44,2008-06-30,TYPE,USD,2008-08-12 00:00:00,2008-08-12 16:36:11,Q2,28839000,2909000.0,25930000,0.89912965082007,3686000.0,-816000.0,6183000.0,-287000.0,15236000,20060000,-1911000.0,3076000.0,11855000.0,0.41107528000277405,8779000.0,0.3044141613786886,-5000.0,5710000.0,0.19799576961753182,2486000.0,3224000.0,0.11179305801172024,0.09591848119154317,0.09125994401496822,33611875.0,35327657,https://www.sec.gov/Archives/edgar/data/1385292/000119312508174836/0001193125-08-174836-index.html,https://www.sec.gov/Archives/edgar/data/1385292/000119312508174836/d10q.htm,1620599178,18:26:18,20210509
45,2008-03-31,TYPE,USD,2008-05-14 00:00:00,2008-05-13 19:54:30,Q1,27343000,3550000.0,23793000,0.8701678674615075,4287000.0,-258000.0,5428000.0,277000.0,14885000,20241000,-2565000.0,2940000.0,10042000.0,0.3672603591412793,7102000.0,0.2597374099403869,-5000.0,6825000.0,0.24960684635921443,3139000.0,3686000.0,0.1348059832498263,0.10997493221966857,0.10410648981103628,33516729.0,35406054,https://www.sec.gov/Archives/edgar/data/1385292/000119312508113438/0001193125-08-113438-index.html,https://www.sec.gov/Archives/edgar/data/1385292/000119312508113438/d10q.htm,1620599178,18:26:18,20210509
46,2007-12-31,TYPE,USD,2008-03-27,2008-03-27 09:41:19,Q4,27514000,2580000.0,24934000,0.90622955586247,4862000.0,-1060000.0,5374000.0,-16311000.0,14550000,18933000,-3106000.0,2938000.0,11519000.0,0.41865959148070075,8581000.0,0.3118775895907538,1178000.0,6511000.0,0.23664316348040998,2536000.0,3975000.0,0.14447190521189213,0.24576,0.24576,16174165.0,16174165,https://www.sec.gov/Archives/edgar/data/1385292/000119312508066507/0001193125-08-066507-index.htm,https://www.sec.gov/Archives/edgar/data/1385292/000119312508066507/d10k.htm,1620599178,18:26:18,20210509
47,2007-09-30,TYPE,USD,2007-11-13 00:00:00,2007-11-13 10:21:54,Q3,26172000,2843000.0,23329000,0.8913724591166132,6079000.0,-858000.0,4694000.0,5927000.0,14609000,19244000,-3981000.0,2895000.0,9823000.0,0.37532477456824087,6928000.0,0.2647103775026746,-956000.0,1001000.0,0.038246981506954,-523000.0,1524000.0,0.05823016964695094,0.14649,0.14649,10403474.0,10403474,https://www.sec.gov/Archives/edgar/data/1385292/000119312507244358/0001193125-07-244358-index.html,https://www.sec.gov/Archives/edgar/data/1385292/000119312507244358/d10q.htm,1620599178,18:26:18,20210509
