,date,symbol,reportedCurrency,fillingDate,acceptedDate,period,revenue,costOfRevenue,grossProfit,grossProfitRatio,researchAndDevelopmentExpenses,generalAndAdministrativeExpenses,sellingAndMarketingExpenses,otherExpenses,operatingExpenses,costAndExpenses,interestExpense,depreciationAndAmortization,ebitda,ebitdaratio,operatingIncome,operatingIncomeRatio,totalOtherIncomeExpensesNet,incomeBeforeTax,incomeBeforeTaxRatio,incomeTaxExpense,netIncome,netIncomeRatio,eps,epsdiluted,weightedAverageShsOut,weightedAverageShsOutDil,link,finalLink,timestamp,est_time,est_date
0,2021-03-31,PMBC,USD,2021-05-07,2021-05-07 12:51:38,Q1,14477000.0,0.0,0.0,0.0,0.0,5946000.0,0.0,0.0,0.0,0.0,959000.0,82000.0,0.0,0.0,0.0,0.33245838226151825,0.0,4813000.0,0.33245838226151825,1425000.0,3388000.0,0.23402638668232367,0.14,0.14,23562000.0,23813000.0,https://www.sec.gov/Archives/edgar/data/1109546/000110954621000017/0001109546-21-000017-index.htm,https://www.sec.gov/Archives/edgar/data/1109546/000110954621000017/pmbc-20210331.htm,1620596645,17:44:05,20210509
1,2020-12-31,PMBC,USD,2021-03-15,2021-03-12 17:39:31,Q4,14538000.0,0.0,14538000.0,1.0,0.0,6388000.0,0.0,-427.0,-44000000.0,-427.0,1296000.0,84000.0,96414.776,0.006631914706286972,12414.776,0.4019122300178842,-889.0,5843000.0,0.4019122300178842,2140000.0,3703000.0,0.25471178979226855,0.15746725633611158,0.15746725633611158,23516000.0,23516000.0,https://www.sec.gov/Archives/edgar/data/1109546/000110954621000005/0001109546-21-000005-index.htm,https://www.sec.gov/Archives/edgar/data/1109546/000110954621000005/pmbc-20201231.htm,1620596645,17:44:05,20210509
2,2020-09-30,PMBC,USD,2020-11-06,2020-11-06 16:31:21,Q3,16411000.0,0.0,16411000.0,1.0,0.0,6833000.0,0.0,427.0,11000000.0,427.0,1762000.0,91000.0,98224.0,0.005985253793187496,7224.0,0.00044019255377490706,889.0,7224000.0,0.44019255377490707,2138000.0,5086000.0,0.30991408201815857,0.2162782786188127,0.21441821247892073,23516000.0,23720000.0,https://www.sec.gov/Archives/edgar/data/1109546/000110954620000034/0001109546-20-000034-index.htm,https://www.sec.gov/Archives/edgar/data/1109546/000110954620000034/pmbc-20200930.htm,1620596645,17:44:05,20210509
3,2020-06-30,PMBC,USD,2020-08-07,2020-08-07 18:33:29,Q2,14337000.0,0.0,0.0,0.0,0.0,6464000.0,0.0,0.0,14000000.0,0.0,2262000.0,97000.0,0.0,0.0,0.0,0.18867266513217548,0.0,2705000.0,0.18867266513217548,800000.0,1905000.0,0.13287298598033062,0.08105693132499361,0.08033568085016657,23502000.0,23713000.0,https://www.sec.gov/Archives/edgar/data/1109546/000110954620000023/0001109546-20-000023-index.htm,https://www.sec.gov/Archives/edgar/data/1109546/000110954620000023/pmbc-20200630.htm,1620596645,17:44:05,20210509
4,2020-03-31,PMBC,USD,2020-05-04,2020-05-04 13:14:07,Q1,12443000.0,0.0,0.0,0.0,0.0,7142000.0,0.0,0.0,19000000.0,0.0,3296000.0,101000.0,0.0,0.0,0.0,-0.26938841115486617,0.0,-3352000.0,-0.26938841115486617,-991000.0,-2361000.0,-0.18974523828658685,-0.1,-0.1,23597000.0,23597000.0,https://www.sec.gov/Archives/edgar/data/1109546/000110954620000014/0001109546-20-000014-index.htm,https://www.sec.gov/Archives/edgar/data/1109546/000110954620000008/pmbc-201910k.htm,1620596645,17:44:05,20210509
5,2019-12-31,PMBC,USD,2020-03-09,2020-03-06 17:56:03,Q4,13703000.0,0.0,0.0,0.0,0.0,7058000.0,0.0,0.0,17000000.0,0.0,3734000.0,108000.0,0.0,0.0,0.0,0.027147339998540465,0.0,372000.0,0.027147339998540465,-69000.0,441000.0,0.032182733707947164,0.018726909847551914,0.018596609597705996,23549000.0,23714000.0,https://www.sec.gov/Archives/edgar/data/1109546/000110954620000008/0001109546-20-000008-index.htm,https://www.sec.gov/Archives/edgar/data/1109546/000110954620000008/pmbc-201910k.htm,1620596645,17:44:05,20210509
6,2019-09-30,PMBC,USD,2019-11-01,2019-11-01 14:33:11,Q3,13963000.0,0.0,0.0,0.0,0.0,6875000.0,0.0,0.0,16000000.0,0.0,4024000.0,98000.0,0.0,0.0,0.0,0.16386163431927236,0.0,2288000.0,0.16386163431927236,658000.0,1630000.0,0.11673709088304805,0.06978934749100874,0.06890138225472377,23356000.0,23657000.0,https://www.sec.gov/Archives/edgar/data/1109546/000110954619000088/0001109546-19-000088-index.htm,https://www.sec.gov/Archives/edgar/data/1109546/000110954619000088/pmbc-2019q310q.htm,1620596645,17:44:05,20210509
7,2019-06-30,PMBC,USD,2019-08-02,2019-08-02 13:27:29,Q2,13483000.0,0.0,0.0,0.0,0.0,6758000.0,0.0,0.0,14000000.0,0.0,4247000.0,105000.0,0.0,0.0,0.0,0.28910479863531857,0.0,3898000.0,0.28910479863531857,1170000.0,2728000.0,0.20232885856263444,0.12060123784261716,0.1155149051490515,22620000.0,23616000.0,https://www.sec.gov/Archives/edgar/data/1109546/000110954619000040/0001109546-19-000040-index.htm,https://www.sec.gov/Archives/edgar/data/1109546/000110954619000040/pmbc-2019q210q.htm,1620596645,17:44:05,20210509
8,2019-03-31,PMBC,USD,2019-05-03,2019-05-03 15:00:04,Q1,13355000.0,0.0,0.0,0.0,0.0,6380000.0,0.0,0.0,16000000.0,0.0,4116000.0,108000.0,0.0,0.0,0.0,0.09419692998876825,0.0,1258000.0,0.09419692998876825,376000.0,882000.0,0.06604268064395358,0.04041422287390029,0.037457000891833354,21824000.0,23547000.0,https://www.sec.gov/Archives/edgar/data/1109546/000110954619000027/0001109546-19-000027-index.htm,https://www.sec.gov/Archives/edgar/data/1109546/000110954619000011/pmbc-201810k.htm,1620596645,17:44:05,20210509
9,2018-12-31,PMBC,USD,2019-03-11,2019-03-11 16:49:06,Q4,13695000.0,0.0,0.0,0.0,0.0,6802000.0,0.0,0.0,13000000.0,0.0,3794000.0,105000.0,0.0,0.0,0.0,0.3500547645125958,0.0,4794000.0,0.3500547645125958,431000.0,4363000.0,0.318583424607521,0.2001376146788991,0.18567537662779812,21800000.0,23498000.0,https://www.sec.gov/Archives/edgar/data/1109546/000110954619000011/0001109546-19-000011-index.htm,https://www.sec.gov/Archives/edgar/data/1109546/000110954619000011/pmbc-201810k.htm,1620596645,17:44:05,20210509
10,2018-09-30,PMBC,USD,2018-11-02,2018-11-02 15:22:50,Q3,12623000.0,0.0,0.0,0.0,0.0,6729000.0,0.0,0.0,13000000.0,0.0,3529000.0,107000.0,0.0,0.0,0.0,0.3011962291056009,0.0,3802000.0,0.3011962291056009,-98000.0,3900000.0,0.30895983522142123,0.16959471212384764,0.16526824307144675,22996000.0,23598000.0,https://www.sec.gov/Archives/edgar/data/1109546/000110954618000037/0001109546-18-000037-index.htm,https://www.sec.gov/Archives/edgar/data/1109546/000110954618000037/pmbc-2018q310q.htm,1620596645,17:44:05,20210509
11,2018-06-30,PMBC,USD,2018-08-03,2018-08-03 14:33:14,Q2,13400000.0,0.0,0.0,0.0,0.0,6939000.0,0.0,0.0,13000000.0,0.0,3467000.0,105000.0,0.0,0.0,0.0,0.31970149253731345,0.0,4284000.0,0.31970149253731345,-11085000.0,15369000.0,1.1469402985074626,0.66,0.65,23332000.0,23558000.0,https://www.sec.gov/Archives/edgar/data/1109546/000110954618000026/0001109546-18-000026-index.htm,https://www.sec.gov/Archives/edgar/data/1109546/000110954618000026/pmbc-2018q210q.htm,1620596645,17:44:05,20210509
12,2018-03-31,PMBC,USD,2018-05-04,2018-05-04 13:02:20,Q1,13070000.0,0.0,0.0,0.0,0.0,7081000.0,0.0,0.0,12000000.0,0.0,2830000.0,88000.0,0.0,0.0,0.0,0.2836266258607498,0.0,3707000.0,0.2836266258607498,0.0,3707000.0,0.2836266258607498,0.15933121292873723,0.1581349714188209,23266000.0,23442000.0,https://www.sec.gov/Archives/edgar/data/1109546/000110954618000014/0001109546-18-000014-index.htm,https://www.sec.gov/Archives/edgar/data/1109546/000110954618000006/pmbc-201710k.htm,1620596645,17:44:05,20210509
13,2017-12-31,PMBC,USD,2018-03-02,2018-03-02 16:16:35,Q4,12018000.0,0.0,0.0,0.0,0.0,6704000.0,0.0,0.0,13000000.0,0.0,2542000.0,110000.0,0.0,0.0,0.0,0.18064569811948744,0.0,2171000.0,0.18064569811948744,-241000.0,2412000.0,0.20069895157264103,0.10395207516269447,0.10307251826845007,23203000.0,23401000.0,https://www.sec.gov/Archives/edgar/data/1109546/000110954618000006/0001109546-18-000006-index.htm,https://www.sec.gov/Archives/edgar/data/1109546/000110954618000006/pmbc-201710k.htm,1620596645,17:44:05,20210509
14,2017-09-30,PMBC,USD,2017-11-03,2017-11-03 15:52:21,Q3,12974000.0,0.0,0.0,0.0,0.0,6668000.0,0.0,0.0,11000000.0,0.0,2020000.0,118000.0,0.0,0.0,0.0,0.2923539386465238,0.0,3793000.0,0.2923539386465238,37000.0,3756000.0,0.28950208108524744,0.16194541456473935,0.160987527324161,23193000.0,23331000.0,https://www.sec.gov/Archives/edgar/data/1109546/000110954617000033/0001109546-17-000033-index.htm,https://www.sec.gov/Archives/edgar/data/1109546/000110954617000033/pmbc-2017q310q.htm,1620596645,17:44:05,20210509
15,2017-06-30,PMBC,USD,2017-08-07,2017-08-07 13:43:25,Q2,11650000.0,0.0,0.0,0.0,0.0,6545000.0,0.0,0.0,11000000.0,0.0,1736000.0,94000.0,0.0,0.0,0.0,0.22017167381974248,0.0,2565000.0,0.22017167381974248,64000.0,2501000.0,0.21467811158798283,0.10786216414370121,0.10735748626373626,23187000.0,23296000.0,https://www.sec.gov/Archives/edgar/data/1109546/000110954617000026/0001109546-17-000026-index.htm,https://www.sec.gov/Archives/edgar/data/1109546/000110954617000026/pmbc-2017q210q.htm,1620596645,17:44:05,20210509
16,2017-03-31,PMBC,USD,2017-05-05,2017-05-05 13:34:16,Q1,11019000.0,0.0,0.0,0.0,0.0,6561000.0,0.0,0.0,11000000.0,0.0,1533000.0,106000.0,0.0,0.0,0.0,0.1660767764769943,0.0,1830000.0,0.1660767764769943,49000.0,1781000.0,0.16162991197023324,0.07697294493906129,0.07664170754798176,23138000.0,23238000.0,https://www.sec.gov/Archives/edgar/data/1109546/000110954617000015/0001109546-17-000015-index.htm,https://www.sec.gov/Archives/edgar/data/1109546/000110954617000009/pmbc-201610k.htm,1620596645,17:44:05,20210509
17,2016-12-31,PMBC,USD,2017-03-10,2017-03-10 15:15:48,Q4,9305000.0,0.0,0.0,0.0,0.0,5823000.0,0.0,0.0,11000000.0,0.0,1462000.0,117000.0,0.0,0.0,0.0,0.016120365394948953,0.0,150000.0,0.016120365394948953,-159000.0,309000.0,0.03320795271359484,0.013433614468307103,0.013390535621424856,23002000.0,23076000.0,https://www.sec.gov/Archives/edgar/data/1109546/000110954617000009/0001109546-17-000009-index.htm,https://www.sec.gov/Archives/edgar/data/1109546/000110954617000009/pmbc-201610k.htm,1620596645,17:44:05,20210509
18,2016-09-30,PMBC,USD,2016-11-04,2016-11-04 16:49:13,Q3,10091000.0,0.0,0.0,0.0,0.0,6564000.0,0.0,0.0,22000000.0,0.0,1409000.0,130000.0,0.0,0.0,0.0,-1.0082251511247646,0.0,-10174000.0,-1.0082251511247646,20352000.0,-30526000.0,-3.025071846199584,-1.33,-1.33,22996000.0,22996000.0,https://www.sec.gov/Archives/edgar/data/1109546/000110954616000094/0001109546-16-000094-index.htm,https://www.sec.gov/Archives/edgar/data/1109546/000110954616000094/pmbc-2016q310q.htm,1620596645,17:44:05,20210509
19,2016-06-30,PMBC,USD,2016-08-05,2016-08-05 14:44:11,Q2,9271000.0,0.0,0.0,0.0,0.0,6321000.0,0.0,0.0,19000000.0,0.0,1355000.0,116000.0,0.0,0.0,0.0,-0.8919210441160609,0.0,-8269000.0,-0.8919210441160609,-3559000.0,-4710000.0,-0.5080358105921692,-0.21,-0.21,22962000.0,22962000.0,https://www.sec.gov/Archives/edgar/data/1109546/000110954616000090/0001109546-16-000090-index.htm,https://www.sec.gov/Archives/edgar/data/1109546/000110954616000090/pmbc-2016q210q.htm,1620596645,17:44:05,20210509
20,2016-03-31,PMBC,USD,2016-05-06,2016-05-06 13:03:09,Q1,9419000.0,0.0,0.0,0.0,0.0,6392000.0,0.0,0.0,10000000.0,0.0,1251000.0,122000.0,0.0,0.0,0.0,0.051173160632763566,0.0,482000.0,0.051173160632763566,198000.0,284000.0,0.0301518207877694,0.012416386132120842,0.01234460575502043,22873000.0,23006000.0,https://www.sec.gov/Archives/edgar/data/1109546/000110954616000076/0001109546-16-000076-index.htm,https://www.sec.gov/Archives/edgar/data/1109546/000110954616000065/pmbc-201510k.htm,1620596645,17:44:05,20210509
21,2015-12-31,PMBC,USD,2016-03-14,2016-03-14 14:25:11,Q4,9128000.0,0.0,0.0,0.0,0.0,5796000.0,0.0,0.0,10000000.0,0.0,1280000.0,136000.0,0.0,0.0,0.0,0.056419807186678356,0.0,515000.0,0.056419807186678356,-11551000.0,12066000.0,1.3218667835232252,0.5286540483701367,0.5252252644408654,22824000.0,22973000.0,https://www.sec.gov/Archives/edgar/data/1109546/000110954616000065/0001109546-16-000065-index.htm,https://www.sec.gov/Archives/edgar/data/1109546/000110954616000065/pmbc-201510k.htm,1620596645,17:44:05,20210509
22,2015-09-30,PMBC,USD,2015-11-06,2015-11-06 12:55:45,Q3,8773000.0,0.0,0.0,0.0,0.0,6239000.0,0.0,0.0,10000000.0,0.0,1342000.0,128000.0,0.0,0.0,0.0,0.03658953607659866,0.0,321000.0,0.03658953607659866,0.0,321000.0,0.03658953607659866,-0.03,-0.03,19824000.0,19824000.0,https://www.sec.gov/Archives/edgar/data/1109546/000110954615000051/0001109546-15-000051-index.htm,https://www.sec.gov/Archives/edgar/data/1109546/000110954615000051/pmbc-2015q310q.htm,1620596645,17:44:05,20210509
23,2015-06-30,PMBC,USD,2015-08-07,2015-08-07 12:16:20,Q2,8935000.0,0.0,0.0,0.0,0.0,6303000.0,0.0,0.0,10000000.0,0.0,1324000.0,133000.0,0.0,0.0,0.0,0.01544487968662563,0.0,138000.0,0.01544487968662563,0.0,138000.0,0.01544487968662563,-0.01,-0.01,19774000.0,19774000.0,https://www.sec.gov/Archives/edgar/data/1109546/000110954615000035/0001109546-15-000035-index.htm,https://www.sec.gov/Archives/edgar/data/1109546/000110954615000035/pmbc-2015q210q.htm,1620596645,17:44:05,20210509
24,2015-03-31,PMBC,USD,2015-05-08,2015-05-08 12:22:15,Q1,8962000.0,0.0,0.0,0.0,0.0,6740000.0,0.0,0.0,10000000.0,0.0,1322000.0,128000.0,0.0,0.0,0.0,-0.009484490069180986,0.0,-85000.0,-0.009484490069180986,0.0,-85000.0,-0.009484490069180986,-0.02,-0.02,19617000.0,19617000.0,https://www.sec.gov/Archives/edgar/data/1109546/000110954615000020/0001109546-15-000020-index.htm,https://www.sec.gov/Archives/edgar/data/1109546/000110954615000012/pmbc-201410k.htm,1620596645,17:44:05,20210509
25,2014-12-31,PMBC,USD,2015-03-13,2015-03-13 15:19:08,Q4,9543000.0,0.0,0.0,0.0,0.0,6482000.0,0.0,0.0,11000000.0,0.0,1524000.0,131000.0,0.0,0.0,0.0,0.03541863145761291,0.0,338000.0,0.03541863145761291,-608000.0,287000.0,0.030074400083831082,0.014764133957508103,0.014643604265523752,19439000.0,19599000.0,https://www.sec.gov/Archives/edgar/data/1109546/000110954615000012/0001109546-15-000012-index.htm,https://www.sec.gov/Archives/edgar/data/1109546/000110954615000012/pmbc-201410k.htm,1620596645,17:44:05,20210509
26,2014-09-30,PMBC,USD,2014-11-07,2014-11-07 08:24:32,Q3,9000000.0,0.0,0.0,0.0,0.0,6359000.0,0.0,0.0,11000000.0,0.0,1353000.0,35000.0,0.0,0.0,0.0,-0.034888888888888886,0.0,-314000.0,-0.034888888888888886,0.0,-385000.0,-0.042777777777777776,-0.04,-0.04,19291000.0,19291000.0,https://www.sec.gov/Archives/edgar/data/1109546/000110954614000034/0001109546-14-000034-index.htm,https://www.sec.gov/Archives/edgar/data/1109546/000110954614000034/pmbc-2014q310q.htm,1620596645,17:44:05,20210509
27,2014-06-30,PMBC,USD,2014-08-08,2014-08-08 13:32:21,Q2,8706000.0,0.0,0.0,0.0,0.0,6289000.0,0.0,0.0,11000000.0,0.0,1508000.0,149000.0,0.0,0.0,0.0,-0.08821502412129566,0.0,-768000.0,-0.08821502412129566,0.0,4000.0,0.00045945325063174823,-0.02,-0.02,19074000.0,19074000.0,https://www.sec.gov/Archives/edgar/data/1109546/000110954614000026/0001109546-14-000026-index.htm,https://www.sec.gov/Archives/edgar/data/1109546/000110954614000026/pmbc-2014q210q.htm,1620596645,17:44:05,20210509
28,2014-03-31,PMBC,USD,2014-05-09,2014-05-09 12:19:05,Q1,9138000.0,0.0,0.0,0.0,0.0,6379000.0,19000.0,0.0,11000000.0,0.0,1443000.0,147000.0,0.0,0.0,0.0,-0.08021448894725323,0.0,-733000.0,-0.08021448894725323,0.0,451000.0,0.04935434449551324,0.01,0.01,19146000.0,19146000.0,https://www.sec.gov/Archives/edgar/data/1109546/000110954614000018/0001109546-14-000018-index.htm,https://www.sec.gov/Archives/edgar/data/1109546/000110954614000007/pmbc-123113x10k.htm,1620596645,17:44:05,20210509
29,2013-12-31,PMBC,USD,2014-03-14,2014-03-14 13:52:05,Q4,6262000.0,0.0,0.0,0.0,0.0,761000.0,-376000.0,0.0,12000000.0,0.0,1100000.0,131000.0,0.0,0.0,0.0,0.0027147876077930374,0.0,17000.0,0.0027147876077930374,7539000.0,-14804000.0,-2.3641009262216546,-0.79,-0.79,18994000.0,18994000.0,https://www.sec.gov/Archives/edgar/data/1109546/000110954614000007/0001109546-14-000007-index.htm,https://www.sec.gov/Archives/edgar/data/1109546/000110954614000007/pmbc-123113x10k.htm,1620596645,17:44:05,20210509
30,2013-09-30,PMBC,USD,2013-11-14,2013-11-13 19:15:45,Q3,9148000.0,0.0,0.0,0.0,0.0,7235000.0,166000.0,0.0,9000000.0,0.0,1209000.0,125000.0,0.0,0.0,0.0,-0.12035417577612594,0.0,-1101000.0,-0.12035417577612594,0.0,-1101000.0,-0.12035417577612594,-0.07,-0.07,18923003.0,18923003.0,https://www.sec.gov/Archives/edgar/data/1109546/000119312513440573/0001193125-13-440573-index.htm,https://www.sec.gov/Archives/edgar/data/1109546/000119312513440573/d604775d10q.htm,1620596645,17:44:05,20210509
31,2013-06-30,PMBC,USD,2013-08-13,2013-08-12 19:37:12,Q2,8516000.0,0.0,0.0,0.0,0.0,7507000.0,0.0,0.0,11000000.0,0.0,1382000.0,136000.0,0.0,0.0,0.0,-0.368952559887271,0.0,-3142000.0,-0.368952559887271,0.0,-3142000.0,-0.368952559887271,-0.18,-0.18,18905842.0,18905842.0,https://www.sec.gov/Archives/edgar/data/1109546/000119312513331315/0001193125-13-331315-index.htm,https://www.sec.gov/Archives/edgar/data/1109546/000119312513331315/d561245d10q.htm,1620596645,17:44:05,20210509
32,2013-03-31,PMBC,USD,2013-05-15,2013-05-14 21:35:01,Q1,8964000.0,0.0,0.0,0.0,0.0,6861000.0,0.0,0.0,13000000.0,0.0,1626000.0,144000.0,0.0,0.0,0.0,-0.56871932173137,0.0,-5098000.0,-0.56871932173137,-1929000.0,-3169000.0,-0.35352521195894687,-0.21,-0.21,16732774.0,16732774.0,https://www.sec.gov/Archives/edgar/data/1109546/000119312513220301/0001193125-13-220301-index.htm,https://www.sec.gov/Archives/edgar/data/1109546/000119312513117154/d447528d10k.htm,1620596645,17:44:05,20210509
33,2012-12-31,PMBC,USD,2013-03-20,2013-03-20 15:56:50,Q4,8579000.0,0.0,0.0,0.0,0.0,7364000.0,0.0,0.0,-1000000.0,0.0,1924000.0,122000.0,0.0,0.0,0.0,-0.29805338617554494,0.0,-2557000.0,-0.29805338617554494,-1674000.0,-883000.0,-0.10292574892178576,-0.05296369353803351,-0.04645211820343829,16671798.0,19008821.0,https://www.sec.gov/Archives/edgar/data/1109546/000119312513117154/0001193125-13-117154-index.htm,https://www.sec.gov/Archives/edgar/data/1109546/000119312513117154/d447528d10k.htm,1620596645,17:44:05,20210509
34,2012-09-30,PMBC,USD,2012-11-13,2012-11-13 06:35:59,Q3,19210000.0,0.0,0.0,0.0,0.0,8128000.0,0.0,0.0,16000000.0,0.0,2115000.0,460000.0,0.0,0.0,0.0,0.27605413846954713,0.0,5303000.0,0.27605413846954713,1944000.0,3359000.0,0.17485684539302446,0.19,0.18,16669350.0,19170781.0,https://www.sec.gov/Archives/edgar/data/1109546/000119312512465397/0001193125-12-465397-index.htm,https://www.sec.gov/Archives/edgar/data/1109546/000119312512465397/d413888d10q.htm,1620596645,17:44:05,20210509
35,2012-06-30,PMBC,USD,2012-08-14,2012-08-14 06:02:55,Q2,17270000.0,0.0,0.0,0.0,0.0,10058000.0,0.0,0.0,18000000.0,0.0,2209000.0,520000.0,0.0,0.0,0.0,0.10063694267515924,0.0,1738000.0,0.10063694267515924,-4058000.0,5796000.0,0.3356108859293573,0.3673236580264909,0.3627487795719114,15779000.0,15978000.0,https://www.sec.gov/Archives/edgar/data/1109546/000119312512353321/0001193125-12-353321-index.htm,https://www.sec.gov/Archives/edgar/data/1109546/000119312512353321/d358324d10q.htm,1620596645,17:44:05,20210509
36,2012-03-31,PMBC,USD,2012-05-07,2012-05-07 12:03:12,Q1,14119000.0,0.0,0.0,0.0,0.0,8814000.0,0.0,77000.0,14000000.0,0.0,2295000.0,398000.0,0.0,0.0,0.0,0.15617253346554288,0.0,2205000.0,0.15617253346554288,823000.0,1382000.0,0.09788228628089808,0.11148427599795972,0.11119202436183462,12396367.0,12428949.0,https://www.sec.gov/Archives/edgar/data/1109546/000119312512214178/0001193125-12-214178-index.htm,https://www.sec.gov/Archives/edgar/data/1109546/000119312512078897/d275409d10k.htm,1620596645,17:44:05,20210509
37,2011-12-31,PMBC,USD,2012-02-27,2012-02-24 21:01:17,Q4,10603000.0,0.0,0.0,0.0,0.0,5503000.0,0.0,0.0,5000000.0,0.0,2616000.0,370000.0,0.0,0.0,0.0,0.09638781476940489,0.0,1022000.0,0.09638781476940489,-6838000.0,7860000.0,0.7412996321795718,0.6340567361389027,0.6340567361389027,12396367.0,12396367.0,https://www.sec.gov/Archives/edgar/data/1109546/000119312512078897/0001193125-12-078897-index.htm,https://www.sec.gov/Archives/edgar/data/1109546/000119312512078897/d275409d10k.htm,1620596645,17:44:05,20210509
38,2011-09-30,PMBC,USD,2011-11-17,2011-11-17 13:25:36,Q3,10457000.0,0.0,0.0,0.0,0.0,4966000.0,0.0,54000.0,12000000.0,0.0,2763000.0,378000.0,0.0,0.0,0.0,0.05995983551687865,0.0,627000.0,0.05995983551687865,-225000.0,852000.0,0.08147652290331835,0.06942066257133646,0.06918355688743827,12273003.0,12315065.0,https://www.sec.gov/Archives/edgar/data/1109546/000119312511315424/0001193125-11-315424-index.htm,https://www.sec.gov/Archives/edgar/data/1109546/000119312511315424/d243037d10q.htm,1620596645,17:44:05,20210509
39,2011-06-30,PMBC,USD,2011-08-15,2011-08-15 17:02:13,Q2,10513000.0,0.0,0.0,0.0,0.0,4617000.0,0.0,63000.0,11000000.0,0.0,2865000.0,358000.0,0.0,0.0,0.0,0.1778750118900409,0.0,1870000.0,0.1778750118900409,630000.0,1240000.0,0.11794920574526777,0.09,0.08,10434665.0,12097476.0,https://www.sec.gov/Archives/edgar/data/1109546/000119312511223330/0001193125-11-223330-index.htm,https://www.sec.gov/Archives/edgar/data/1109546/000119312511223330/d10q.htm,1620596645,17:44:05,20210509
40,2011-03-31,PMBC,USD,2011-05-11,2011-05-10 21:52:11,Q1,10016000.0,0.0,0.0,0.0,0.0,5007000.0,0.0,52000.0,11000000.0,0.0,2855000.0,357000.0,0.0,0.0,0.0,0.16773162939297126,0.0,1680000.0,0.16773162939297126,0.0,1680000.0,0.16773162939297126,0.161001814624619,0.16066947143282453,10434665.0,10456249.0,https://www.sec.gov/Archives/edgar/data/1109546/000119312511134675/0001193125-11-134675-index.htm,https://www.sec.gov/Archives/edgar/data/1109546/000119312511085137/d10k.htm,1620596645,17:44:05,20210509
41,2010-12-31,PMBC,USD,2011-03-31,2011-03-31 17:26:47,Q4,9683000.0,0.0,0.0,0.0,0.0,5076000.0,0.0,0.0,15000000.0,0.0,3770000.0,121000.0,0.0,0.0,0.0,-0.21408654342662398,0.0,-2073000.0,-0.21408654342662398,-101000.0,-1972000.0,-0.20365589176907983,-0.18898546335699326,-0.18898546335699326,10434665.0,10434665.0,https://www.sec.gov/Archives/edgar/data/1109546/000119312511085137/0001193125-11-085137-index.htm,https://www.sec.gov/Archives/edgar/data/1109546/000119312511085137/d10k.htm,1620596645,17:44:05,20210509
42,2010-09-30,PMBC,USD,2010-11-12,2010-11-10 21:21:30,Q3,10263000.0,0.0,0.0,0.0,0.0,5167000.0,0.0,52000.0,15000000.0,0.0,4386000.0,119000.0,0.0,0.0,0.0,-0.012179674559095782,0.0,-125000.0,-0.012179674559095782,0.0,-125000.0,-0.012179674559095782,-0.04,-0.04,10434665.0,10434665.0,https://www.sec.gov/Archives/edgar/data/1109546/000119312510256517/0001193125-10-256517-index.htm,https://www.sec.gov/Archives/edgar/data/1109546/000119312510256517/d10q.htm,1620596645,17:44:05,20210509
43,2010-06-30,PMBC,USD,2010-08-16,2010-08-16 17:08:53,Q2,10123000.0,0.0,0.0,0.0,0.0,4772000.0,0.0,200000.0,18000000.0,0.0,4713000.0,132000.0,0.0,0.0,0.0,-0.2986268892620765,0.0,-3023000.0,-0.2986268892620765,8960000.0,-11983000.0,-1.183739998024301,-1.17,-1.17,10434665.0,10434665.0,https://www.sec.gov/Archives/edgar/data/1109546/000119312510190377/0001193125-10-190377-index.htm,https://www.sec.gov/Archives/edgar/data/1109546/000119312510190377/d10q.htm,1620596645,17:44:05,20210509
44,2010-03-31,PMBC,USD,2010-05-12,2010-04-01 06:08:27,Q1,9826000.0,0.0,0.0,0.0,0.0,5076000.0,0.0,34000.0,15000000.0,0.0,5212000.0,132000.0,0.0,0.0,0.0,0.02289843272949318,0.0,225000.0,0.02289843272949318,99000.0,126000.0,0.012823122328516182,-0.01,-0.01,10434665.0,10434665.0,https://www.sec.gov/Archives/edgar/data/1109546/000119312510116609/0001193125-10-116609-index.htm,https://www.sec.gov/Archives/edgar/data/1109546/000119312510074214/d10k.htm,1620596645,17:44:05,20210509
45,2009-12-31,PMBC,USD,2010-04-01,2010-04-01 06:08:27,Q4,7625000.0,0.0,0.0,0.0,0.0,6890000.0,0.0,0.0,25000000.0,0.0,6262000.0,133000.0,0.0,0.0,0.0,-1.9499016393442623,0.0,-14868000.0,-1.9499016393442623,-6153000.0,-8715000.0,-1.1429508196721312,-0.8351969133652111,-0.8351969133652111,10434665.0,10434665.0,https://www.sec.gov/Archives/edgar/data/1109546/000119312510074214/0001193125-10-074214-index.htm,https://www.sec.gov/Archives/edgar/data/1109546/000119312510074214/d10k.htm,1620596645,17:44:05,20210509
46,2009-09-30,PMBC,USD,2009-11-09,2009-11-09 17:25:11,Q3,6859000.0,0.0,0.0,0.0,0.0,4562000.0,0.0,0.0,21000000.0,0.0,7495000.0,125000.0,0.0,0.0,0.0,-0.45531418574136173,0.0,-3123000.0,-0.45531418574136173,-1211000.0,-1912000.0,-0.27875783641930313,-0.18,-0.18,10434665.0,10434665.0,https://www.sec.gov/Archives/edgar/data/1109546/000119312509229619/0001193125-09-229619-index.htm,https://www.sec.gov/Archives/edgar/data/1109546/000119312509229619/d10q.htm,1620596645,17:44:05,20210509
47,2009-06-30,PMBC,USD,2009-08-10,2009-08-10 10:18:06,Q2,5076000.0,0.0,0.0,0.0,0.0,4042000.0,0.0,0.0,22000000.0,0.0,8005000.0,116000.0,0.0,0.0,0.0,-1.850669818754925,0.0,-9394000.0,-1.850669818754925,-4847000.0,-4547000.0,-0.8957840819542947,-0.44,-0.44,10434665.0,10434665.0,https://www.sec.gov/Archives/edgar/data/1109546/000119312509170010/0001193125-09-170010-index.htm,https://www.sec.gov/Archives/edgar/data/1109546/000119312509170010/d10q.htm,1620596645,17:44:05,20210509
48,2009-03-31,PMBC,USD,2009-05-11,2009-05-11 16:15:05,Q1,7847000.0,0.0,0.0,0.0,0.0,3917000.0,0.0,0.0,18000000.0,0.0,8121000.0,118000.0,0.0,0.0,0.0,-0.2874984070345355,0.0,-2256000.0,-0.2874984070345355,-122000.0,-2134000.0,-0.2719510641009303,-0.2,-0.2,10434665.0,10434665.0,https://www.sec.gov/Archives/edgar/data/1109546/000119312509107152/0001193125-09-107152-index.htm,https://www.sec.gov/Archives/edgar/data/1109546/000119312509056032/d10k.htm,1620596645,17:44:05,20210509
49,2008-12-31,PMBC,USD,2009-03-17,2009-03-17 06:15:05,Q4,6747000.0,0.0,0.0,0.0,0.0,3419000.0,0.0,0.0,32000000.0,0.0,8619000.0,453000.0,0.0,0.0,0.0,-2.4075885578775753,0.0,-16244000.0,-2.4075885578775753,-3753000.0,-12491000.0,-1.8513413368904699,-1.1970676586167357,-1.1970676586167357,10434665.0,10434665.0,https://www.sec.gov/Archives/edgar/data/1109546/000119312509056032/0001193125-09-056032-index.htm,https://www.sec.gov/Archives/edgar/data/1109546/000119312509056032/d10k.htm,1620596645,17:44:05,20210509
50,2008-09-30,PMBC,USD,2008-11-07,2008-11-07 17:01:20,Q3,7688000.0,0.0,0.0,0.0,0.0,3226000.0,0.0,0.0,15000000.0,0.0,8246000.0,-5000.0,0.0,0.0,0.0,0.06464620187304891,0.0,497000.0,0.06464620187304891,143000.0,354000.0,0.04604578563995838,0.03379322991777649,0.033780946782603384,10475471.0,10479280.0,https://www.sec.gov/Archives/edgar/data/1109546/000119312508230156/0001193125-08-230156-index.htm,https://www.sec.gov/Archives/edgar/data/1109546/000119312508230156/d10q.htm,1620596645,17:44:05,20210509
51,2008-06-30,PMBC,USD,2008-08-11,2008-08-11 09:22:02,Q2,6925000.0,0.0,0.0,0.0,0.0,2832000.0,0.0,0.0,17000000.0,0.0,8613000.0,236000.0,0.0,0.0,0.0,-0.21805054151624548,0.0,-1510000.0,-0.21805054151624548,-680000.0,-830000.0,-0.11985559566787003,-0.08,-0.08,10478242.0,10478242.0,https://www.sec.gov/Archives/edgar/data/1109546/000119312508172779/0001193125-08-172779-index.htm,https://www.sec.gov/Archives/edgar/data/1109546/000119312508172779/d10q.htm,1620596645,17:44:05,20210509
52,2008-03-31,PMBC,USD,2008-05-09,2008-05-09 06:10:06,Q1,8359000.0,0.0,0.0,0.0,0.0,3291000.0,0.0,0.0,16000000.0,0.0,9019000.0,255000.0,0.0,0.0,0.0,0.18997487737767677,0.0,1588000.0,0.18997487737767677,588000.0,1000000.0,0.11963153487259241,0.1,0.09,10491027.0,10676259.0,https://www.sec.gov/Archives/edgar/data/1109546/000119312508108631/0001193125-08-108631-index.htm,https://www.sec.gov/Archives/edgar/data/1109546/000119312508056374/d10k.htm,1620596645,17:44:05,20210509
53,2007-12-31,PMBC,USD,2008-03-14,2008-03-14 06:15:32,Q4,8368000.0,0.0,0.0,0.0,0.0,3213000.0,0.0,0.0,16000000.0,0.0,9218000.0,279000.0,0.0,0.0,0.0,0.22789196940726578,0.0,1907000.0,0.22789196940726578,705000.0,1202000.0,0.14364244741873805,0.11457410223041081,0.11457410223041081,10491027.0,10491027.0,https://www.sec.gov/Archives/edgar/data/1109546/000119312508056374/0001193125-08-056374-index.htm,https://www.sec.gov/Archives/edgar/data/1109546/000119312508056374/d10k.htm,1620596645,17:44:05,20210509
54,2007-09-30,PMBC,USD,2007-11-09,2007-11-08 19:17:11,Q3,8462000.0,0.0,0.0,0.0,0.0,2919000.0,0.0,0.0,16000000.0,0.0,9964000.0,502000.0,0.0,0.0,0.0,0.2715670054360671,0.0,2298000.0,0.2715670054360671,867000.0,1431000.0,0.16910895769321674,0.14,0.13,10466389.0,10905721.0,https://www.sec.gov/Archives/edgar/data/1109546/000119312507240688/0001193125-07-240688-index.htm,https://www.sec.gov/Archives/edgar/data/1109546/000119312507240688/d10q.htm,1620596645,17:44:05,20210509
55,2007-06-30,PMBC,USD,2007-08-09,2007-08-08 20:42:26,Q2,8161000.0,0.0,0.0,0.0,0.0,2794000.0,0.0,0.0,16000000.0,0.0,10046000.0,114000.0,0.0,0.0,0.0,0.2993505697831148,0.0,2443000.0,0.2993505697831148,899000.0,1544000.0,0.18919250091900502,0.15,0.14,10396999.0,10682401.0,https://www.sec.gov/Archives/edgar/data/1109546/000119312507176058/0001193125-07-176058-index.htm,https://www.sec.gov/Archives/edgar/data/1109546/000119312507176058/d10q.htm,1620596645,17:44:05,20210509
56,2007-03-31,PMBC,USD,2007-05-10,2007-05-10 06:08:34,Q1,8125000.0,0.0,0.0,0.0,0.0,2982000.0,0.0,0.0,15000000.0,0.0,9388000.0,334000.0,0.0,0.0,0.0,0.33526153846153844,0.0,2724000.0,0.33526153846153844,1130000.0,1594000.0,0.19618461538461537,0.15437663074843513,0.1487365696196319,10325397.0,10716934.0,https://www.sec.gov/Archives/edgar/data/1109546/000119312507108926/0001193125-07-108926-index.htm,https://www.sec.gov/Archives/edgar/data/1109546/000119312507054819/d10k.htm,1620596645,17:44:05,20210509
57,2006-12-31,PMBC,USD,2007-03-15,2007-03-14 21:22:22,Q4,8237000.0,0.0,0.0,0.0,0.0,0.0,0.0,0.0,9000000.0,0.0,8954000.0,357000.0,0.0,0.0,0.0,0.35170571810125045,0.0,2897000.0,0.35170571810125045,1113000.0,1784000.0,0.21658370766055604,0.172777860260482,0.172777860260482,10325397.0,10325397.0,https://www.sec.gov/Archives/edgar/data/1109546/000119312507054819/0001193125-07-054819-index.htm,https://www.sec.gov/Archives/edgar/data/1109546/000119312507054819/d10k.htm,1620596645,17:44:05,20210509
58,2006-09-30,PMBC,USD,2006-11-09,2006-11-09 11:23:08,Q3,8384000.0,0.0,0.0,0.0,0.0,2894000.0,0.0,0.0,9000000.0,0.0,8609000.0,653000.0,0.0,0.0,0.0,0.34029103053435117,0.0,2853000.0,0.34029103053435117,1151000.0,1702000.0,0.2030057251908397,0.17,0.16,10293566.0,10762436.0,https://www.sec.gov/Archives/edgar/data/1109546/000119312506229706/0001193125-06-229706-index.htm,https://www.sec.gov/Archives/edgar/data/1109546/000119312506229706/d10q.htm,1620596645,17:44:05,20210509
59,2006-06-30,PMBC,USD,2006-08-09,2006-08-08 19:12:32,Q2,8591000.0,0.0,0.0,0.0,0.0,2821000.0,0.0,0.0,8000000.0,0.0,7419000.0,159000.0,0.0,0.0,0.0,0.34862064951693633,0.0,2995000.0,0.34862064951693633,1235000.0,1687000.0,0.19636829239902223,0.17,0.16,10248408.0,10757288.0,https://www.sec.gov/Archives/edgar/data/1109546/000119312506166100/0001193125-06-166100-index.htm,https://www.sec.gov/Archives/edgar/data/1109546/000119312506166100/d10q.htm,1620596645,17:44:05,20210509
60,2006-03-31,PMBC,USD,2006-05-10,2006-05-10 12:24:07,Q1,8490000.0,0.0,0.0,0.0,0.0,3036000.0,0.0,0.0,7000000.0,0.0,6442000.0,428000.0,0.0,0.0,0.0,0.3442873969375736,0.0,2923000.0,0.3442873969375736,1163000.0,1760000.0,0.20730270906949352,0.17,0.16,10187688.0,10838782.0,https://www.sec.gov/Archives/edgar/data/1109546/000119312506107070/0001193125-06-107070-index.htm,https://www.sec.gov/Archives/edgar/data/1109546/000119312506055623/d10k.htm,1620596645,17:44:05,20210509
61,2005-12-31,PMBC,USD,2006-03-16,2006-03-16 06:31:22,Q4,8254000.0,0.0,0.0,0.0,0.0,2658000.0,0.0,0.0,6000000.0,0.0,5460000.0,500000.0,0.0,0.0,0.0,0.334262175914708,0.0,2759000.0,0.334262175914708,1124000.0,1637000.0,0.19832808335352556,0.16068415130106065,0.16068415130106065,10187688.0,10187688.0,https://www.sec.gov/Archives/edgar/data/1109546/000119312506055623/0001193125-06-055623-index.htm,https://www.sec.gov/Archives/edgar/data/1109546/000119312506055623/d10k.htm,1620596645,17:44:05,20210509
62,2005-09-30,PMBC,USD,2005-11-09,2005-11-08 21:16:34,Q3,8024000.0,0.0,0.0,0.0,0.0,2506000.0,0.0,0.0,5000000.0,0.0,4583000.0,644000.0,0.0,0.0,0.0,0.3561814556331007,0.0,2858000.0,0.3561814556331007,1164000.0,1483000.0,0.18482053838484547,0.14574215235509197,0.13926985407749828,10175505.0,10648392.0,https://www.sec.gov/Archives/edgar/data/1109546/000119312505220207/0001193125-05-220207-index.htm,https://www.sec.gov/Archives/edgar/data/1109546/000119312505220207/d10q.htm,1620596645,17:44:05,20210509
63,2005-06-30,PMBC,USD,2005-08-09,2005-08-09 15:37:01,Q2,7388000.0,0.0,0.0,0.0,0.0,2374000.0,0.0,0.0,4000000.0,0.0,3843000.0,594000.0,0.0,0.0,0.0,0.34650785056848943,0.0,2560000.0,0.34650785056848943,1051000.0,1376000.0,0.18624796968056306,0.14,0.13,10162511.0,10529150.0,https://www.sec.gov/Archives/edgar/data/1109546/000119312505162513/0001193125-05-162513-index.htm,https://www.sec.gov/Archives/edgar/data/1109546/000119312505162513/d10q.htm,1620596645,17:44:05,20210509
64,2005-03-31,PMBC,USD,2005-05-10,2005-05-09 20:18:49,Q1,7487000.0,0.0,0.0,0.0,0.0,3123000.0,0.0,0.0,4000000.0,0.0,3628000.0,640000.0,0.0,0.0,0.0,0.2803526111927341,0.0,2099000.0,0.2803526111927341,871000.0,1228000.0,0.1640176305596367,0.12,0.11,10110125.0,10856945.0,https://www.sec.gov/Archives/edgar/data/1109546/000119312505101268/0001193125-05-101268-index.htm,https://www.sec.gov/Archives/edgar/data/1109546/000119312505051297/d10k.htm,1620596645,17:44:05,20210509
65,2004-12-31,PMBC,USD,2005-03-16,2005-03-15 17:54:24,Q4,7742000.0,0.0,0.0,0.0,0.0,2659000.0,0.0,0.0,0.0,0.0,3363000.0,622000.0,0.0,0.0,0.0,0.3685094290880909,0.0,2853000.0,0.3685094290880909,1197000.0,1656000.0,0.21389821751485405,0.16379619440907012,0.16379619440907012,10110125.0,10110125.0,https://www.sec.gov/Archives/edgar/data/1109546/000119312505051297/0001193125-05-051297-index.htm,https://www.sec.gov/Archives/edgar/data/1109546/000119312505051297/d10k.htm,1620596645,17:44:05,20210509
66,2004-09-30,PMBC,USD,2004-11-15,2004-11-12 19:26:08,Q3,7080000.0,0.0,0.0,0.0,0.0,2489000.0,0.0,0.0,0.0,0.0,3065000.0,727000.0,0.0,0.0,0.0,0.35706214689265536,0.0,2528000.0,0.35706214689265536,1046000.0,1482000.0,0.2093220338983051,0.15,0.14,10082248.0,10551854.0,https://www.sec.gov/Archives/edgar/data/1109546/000119312504195684/0001193125-04-195684-index.htm,https://www.sec.gov/Archives/edgar/data/1109546/000119312504195684/d10q.htm,1620596645,17:44:05,20210509
67,2004-06-30,PMBC,USD,2004-08-11,2004-08-11 16:59:45,Q2,6193000.0,0.0,0.0,0.0,0.0,2247000.0,0.0,0.0,0.0,0.0,2887000.0,942000.0,0.0,0.0,0.0,0.26239302438236717,0.0,1625000.0,0.26239302438236717,685000.0,940000.0,0.1517842725658001,0.09323947358580269,0.08939860039833734,10081567.0,10514706.0,https://www.sec.gov/Archives/edgar/data/1109546/000119312504138006/0001193125-04-138006-index.htm,https://www.sec.gov/Archives/edgar/data/1109546/000119312504138006/d10q.htm,1620596645,17:44:05,20210509
68,2004-03-31,PMBC,USD,2004-05-14,2004-05-13 21:36:50,Q1,6410000.0,0.0,0.0,0.0,0.0,2412000.0,0.0,0.0,0.0,0.0,2757000.0,756000.0,0.0,0.0,0.0,0.20249609984399375,0.0,1298000.0,0.20249609984399375,514000.0,784000.0,0.12230889235569423,0.08,0.07,10081248.0,10509465.0,https://www.sec.gov/Archives/edgar/data/1109546/000119312504087740/0001193125-04-087740-index.htm,https://www.sec.gov/Archives/edgar/data/1109546/000119312504052721/d10k.htm,1620596645,17:44:05,20210509
69,2003-12-31,PMBC,USD,2004-03-30,2004-03-29 21:58:56,Q4,5204000.0,0.0,0.0,0.0,0.0,2563000.0,0.0,0.0,0.0,0.0,2771000.0,869000.0,0.0,0.0,0.0,0.07167563412759416,0.0,373000.0,0.07167563412759416,86000.0,287000.0,0.05514988470407379,0.02846869752633801,0.02846869752633801,10081248.0,10081248.0,https://www.sec.gov/Archives/edgar/data/1109546/000119312504052721/0001193125-04-052721-index.htm,https://www.sec.gov/Archives/edgar/data/1109546/000119312504052721/d10k.htm,1620596645,17:44:05,20210509
70,2003-09-30,PMBC,USD,2003-11-10,2003-11-07 21:37:06,Q3,5253000.0,0.0,0.0,0.0,0.0,2348000.0,27000.0,0.0,0.0,0.0,2649000.0,1630000.0,0.0,0.0,0.0,0.11041309727774605,0.0,580000.0,0.11041309727774605,208000.0,372000.0,0.07081667618503712,0.06,0.05,6401127.0,6724710.0,https://www.sec.gov/Archives/edgar/data/1109546/000119312503075553/0001193125-03-075553-index.htm,https://www.sec.gov/Archives/edgar/data/1109546/000119312503075553/d10q.htm,1620596645,17:44:05,20210509
71,2003-06-30,PMBC,USD,2003-08-14,2003-08-13 17:55:51,Q2,5873000.0,0.0,0.0,0.0,0.0,2395000.0,0.0,0.0,0.0,0.0,2855000.0,1311000.0,0.0,0.0,0.0,0.19325727907372722,0.0,1135000.0,0.19325727907372722,426000.0,709000.0,0.12072194789715648,0.11077709585890529,0.10612814442049617,6400240.0,6680603.0,https://www.sec.gov/Archives/edgar/data/1109546/000119312503036283/0001193125-03-036283-index.htm,https://www.sec.gov/Archives/edgar/data/1109546/000119312503036283/d10q.htm,1620596645,17:44:05,20210509
72,2003-03-31,PMBC,USD,2003-05-15,2003-05-15 14:19:59,Q1,5866000.0,0.0,0.0,0.0,0.0,2331000.0,0.0,0.0,0.0,0.0,2739000.0,931000.0,0.0,0.0,0.0,0.19672690078418,0.0,1154000.0,0.19672690078418,439000.0,715000.0,0.12188885100579612,0.11172070511233946,0.1089517666719441,6399888.0,6562537.0,https://www.sec.gov/Archives/edgar/data/1109546/000101706203001274/0001017062-03-001274-index.htm,https://www.sec.gov/Archives/edgar/data/1109546/000101706203000701/d10k.htm,1620596645,17:44:05,20210509
73,2002-12-31,PMBC,USD,2003-03-31,2003-03-31 15:40:14,Q4,6647200.0,0.0,0.0,0.0,0.0,2395000.0,35900.0,0.0,0.0,0.0,2265100.0,1151100.0,0.0,0.0,0.0,0.2555963413166446,0.0,1699000.0,0.2555963413166446,695900.0,1003100.0,0.15090564448188712,0.15673711789956324,0.15673711789956324,6399888.0,6399888.0,https://www.sec.gov/Archives/edgar/data/1109546/000101706203000701/0001017062-03-000701-index.htm,https://www.sec.gov/Archives/edgar/data/1109546/000101706203000701/d10k.htm,1620596645,17:44:05,20210509
74,2002-09-30,PMBC,USD,2002-11-14 00:00:00,2002-11-14 16:00:23,Q3,4899100.0,0.0,0.0,0.0,0.0,1958800.0,71900.0,0.0,0.0,0.0,1638300.0,559100.0,0.0,0.0,0.0,0.19015737584454287,0.0,931600.0,0.19015737584454287,375800.0,555800.0,0.11344940907513625,0.09,0.08,6397931.0,6525026.0,https://www.sec.gov/Archives/edgar/data/1109546/000101706202001985/0001017062-02-001985-index.html,https://www.sec.gov/Archives/edgar/data/1109546/000101706202001985/d10q.htm,1620596645,17:44:05,20210509
75,2002-06-30,PMBC,USD,2002-08-14 00:00:00,2002-08-14 14:18:34,Q2,3529600.0,0.0,0.0,0.0,0.0,1791200.0,59200.0,0.0,0.0,0.0,1078200.0,269900.0,0.0,0.0,0.0,-0.07428603807796917,0.0,-262200.0,-0.07428603807796917,-99700.0,-162500.0,-0.04603921124206709,-0.03,-0.03,6361255.0,6361255.0,https://www.sec.gov/Archives/edgar/data/1109546/000101706202001546/0001017062-02-001546-index.html,https://www.sec.gov/Archives/edgar/data/1109546/000101706202001546/d10q.txt,1620596645,17:44:05,20210509
76,2002-03-31,PMBC,USD,2002-05-15 00:00:00,2002-05-14 21:40:44,Q1,3411100.0,0.0,0.0,0.0,0.0,1626000.0,26000.0,0.0,0.0,0.0,978400.0,230900.0,0.0,0.0,0.0,0.05616956407024127,0.0,191600.0,0.05616956407024127,72000.0,119600.0,0.03506200345929465,0.01883247474464361,0.018074183643075375,6350732.0,6617173.0,https://www.sec.gov/Archives/edgar/data/1109546/000102140802006982/0001021408-02-006982-index.html,https://www.sec.gov/Archives/edgar/data/1109546/000102140802006982/d10q.txt,1620596645,17:44:05,20210509
77,2001-12-31,PMBC,USD,2001-12-31,2001-12-31,Q4,3654900.0,0.0,0.0,0.0,0.0,0.0,0.0,0.0,0.0,0.0,895800.0,104600.0,0.0,0.0,0.0,-0.009193137979151276,0.0,-33600.0,-0.009193137979151276,-434000.0,400400.0,0.10955156091821938,0.06304785023206774,0.06304785023206774,6350732.0,6350732.0,,,1620596645,17:44:05,20210509
78,2001-09-30,PMBC,USD,2001-11-14 00:00:00,2001-11-14 00:00:00,Q3,3247000.0,0.0,0.0,0.0,0.0,0.0,0.0,0.0,0.0,0.0,863700.0,189200.0,0.0,0.0,0.0,0.133877425315676,0.0,434700.0,0.133877425315676,-100000.0,534700.0,0.1646750846935633,0.08,0.08,6339816.0,6339816.0,https://www.sec.gov/Archives/edgar/data/1109546/000102140801510023/0001021408-01-510023-index.html,https://www.sec.gov/Archives/edgar/data/1109546/000102140801510023/d10q.txt,1620596645,17:44:05,20210509
79,2001-06-30,PMBC,USD,2001-08-14 00:00:00,2001-08-14 00:00:00,Q2,2712000.0,0.0,0.0,0.0,0.0,1119400.0,41800.0,0.0,0.0,0.0,883600.0,169400.0,0.0,0.0,0.0,0.0,0.0,0.0,0.0,0.0,420200.0,0.1549410029498525,0.07,0.07,6332020.0,6332020.0,https://www.sec.gov/Archives/edgar/data/1109546/000101706201500856/0001017062-01-500856-index.html,https://www.sec.gov/Archives/edgar/data/1109546/000101706201500856/d10q.txt,1620596645,17:44:05,20210509
80,2001-03-31,PMBC,USD,2001-04-02 00:00:00,2001-04-02 00:00:00,Q1,2405100.0,0.0,0.0,0.0,0.0,944700.0,68300.0,0.0,0.0,0.0,1015800.0,86900.0,0.0,0.0,0.0,0.0,0.0,0.0,0.0,0.0,469300.0,0.19512702174545757,0.07,0.07,6704286.0,6704286.0,https://www.sec.gov/Archives/edgar/data/1109546/000101706201000725/0001017062-01-000725-index.html,https://www.sec.gov/Archives/edgar/data/1109546/000101706201000725/0001017062-01-000725-0001.txt,1620596645,17:44:05,20210509
81,2000-12-31,PMBC,USD,2001-04-02 00:00:00,2001-04-02 00:00:00,Q4,2247400.0,0.0,0.0,0.0,0.0,-2535562.0,0.0,0.0,0.0,0.0,993400.0,74800.0,0.0,0.0,0.0,0.0,0.0,0.0,0.0,0.0,387300.0,0.17233247308000357,0.05776901522399253,0.05776901522399253,6704286.0,6704286.0,https://www.sec.gov/Archives/edgar/data/1109546/000101706201000725/0001017062-01-000725-index.html,https://www.sec.gov/Archives/edgar/data/1109546/000101706201000725/0001017062-01-000725-0001.txt,1620596645,17:44:05,20210509
82,2000-09-30,PMBC,USD,2000-11-14 00:00:00,2000-11-14 00:00:00,Q3,2020200.0,0.0,0.0,0.0,0.0,880100.0,0.0,0.0,0.0,0.0,921100.0,113500.0,0.0,0.0,0.0,0.10825660825660825,0.0,218700.0,0.10825660825660825,1600.0,217100.0,0.10746460746460747,0.03434527713680304,0.02917883683560017,6321102.0,7440324.0,https://www.sec.gov/Archives/edgar/data/1109546/000101706200002320/0001017062-00-002320-index.html,https://www.sec.gov/Archives/edgar/data/1109546/000101706200002320/0001017062-00-002320-0001.txt,1620596645,17:44:05,20210509
83,2000-06-30,PMBC,USD,2000-06-30,2000-06-30,Q2,1596200.0,0.0,0.0,0.0,0.0,1036500.0,0.0,0.0,0.0,0.0,798000.0,103000.0,0.0,0.0,0.0,0.0,0.0,0.0,0.0,0.0,-235300.0,-0.14741260493672473,-0.06,-0.06,3994900.0,7440324.0,,,1620596645,17:44:05,20210509
84,2000-03-31,PMBC,USD,2000-03-31,2000-03-31,Q1,1185600.0,0.0,0.0,0.0,0.0,731000.0,0.0,0.0,0.0,0.0,774700.0,91500.0,0.0,0.0,0.0,-0.20369433198380565,0.0,-241500.0,-0.20369433198380565,800.0,-242300.0,-0.20436909581646423,-0.035,-0.035,7440324.0,7440324.0,,,1620596645,17:44:05,20210509
