,date,symbol,reportedCurrency,fillingDate,acceptedDate,period,revenue,costOfRevenue,grossProfit,grossProfitRatio,researchAndDevelopmentExpenses,generalAndAdministrativeExpenses,sellingAndMarketingExpenses,otherExpenses,operatingExpenses,costAndExpenses,interestExpense,depreciationAndAmortization,ebitda,ebitdaratio,operatingIncome,operatingIncomeRatio,totalOtherIncomeExpensesNet,incomeBeforeTax,incomeBeforeTaxRatio,incomeTaxExpense,netIncome,netIncomeRatio,eps,epsdiluted,weightedAverageShsOut,weightedAverageShsOutDil,link,finalLink,timestamp,est_time,est_date
0,2019-06-30,ALGIL.PA,EUR,2019-06-30,2019-06-30,Q2,164375750,104309250,60066500,0.36542190682019704,0.0,0.0,0.0,-109500.0,2343500.0,147523250,201000.0,8245000.0,25097500.0,0.1526837139906586,16852500.0,0.1025242470376561,0.0,16762750.0,0.10197824192437145,5289500.0,11424500.0,0.06950234447599479,0.6175,0.6175,18484912,18484912,https://www.infogreffe.com/recherche-entreprise-dirigeants/resultats-entreprise-dirigeants.html?ga_cat=globale&ga_q=A.L.G.I.L#phrase=A.L.G.I.L,https://www.infogreffe.com/recherche-entreprise-dirigeants/resultats-entreprise-dirigeants.html?ga_cat=globale&ga_q=A.L.G.I.L#phrase=A.L.G.I.L,1620586531,14:55:31,20210509
1,2019-03-31,ALGIL.PA,EUR,2019-03-31,2019-03-31,Q1,164375750,104309250,60066500,0.36542190682019704,0.0,0.0,0.0,-109500.0,2343500.0,147523250,201000.0,8245000.0,25097500.0,0.1526837139906586,16852500.0,0.1025242470376561,0.0,16762750.0,0.10197824192437145,5289500.0,11424500.0,0.06950234447599479,0.6175,0.6175,18484912,18484912,https://www.infogreffe.com/recherche-entreprise-dirigeants/resultats-entreprise-dirigeants.html?ga_cat=globale&ga_q=A.L.G.I.L#phrase=A.L.G.I.L,https://www.infogreffe.com/recherche-entreprise-dirigeants/resultats-entreprise-dirigeants.html?ga_cat=globale&ga_q=A.L.G.I.L#phrase=A.L.G.I.L,1620586531,14:55:31,20210509
2,2019-01-31,ALGIL.PA,EUR,2019-01-31,2019-01-31,Q1,164375750,104309250,60066500,0.36542190682019704,0.0,0.0,0.0,-109500.0,2343500.0,147523250,201000.0,8245000.0,25097500.0,0.1526837139906586,16852500.0,0.1025242470376561,0.0,16762750.0,0.10197824192437145,5289500.0,11424500.0,0.06950234447599479,0.6175,0.6175,18484912,18484912,https://www.infogreffe.com/recherche-entreprise-dirigeants/resultats-entreprise-dirigeants.html?ga_cat=globale&ga_q=A.L.G.I.L#phrase=A.L.G.I.L,https://www.infogreffe.com/recherche-entreprise-dirigeants/resultats-entreprise-dirigeants.html?ga_cat=globale&ga_q=A.L.G.I.L#phrase=A.L.G.I.L,1620586531,14:55:31,20210509
3,2018-06-30,ALGIL.PA,EUR,2018-06-30,2018-06-30,Q2,153003750,100743500,52260250,0.3415618898229619,0.0,0.0,0.0,0.0,1825500.0,139410500,202000.0,6549750.0,20143000.0,0.1316503680465348,13593250.0,0.08884259372727793,0.0,12996500.0,0.08494236252379435,3970000.0,9020000.0,0.058952803444360026,0.4875,0.4875,18487338,18487338,https://www.infogreffe.com/recherche-entreprise-dirigeants/resultats-entreprise-dirigeants.html?ga_cat=globale&ga_q=A.L.G.I.L#phrase=A.L.G.I.L,https://www.infogreffe.com/recherche-entreprise-dirigeants/resultats-entreprise-dirigeants.html?ga_cat=globale&ga_q=A.L.G.I.L#phrase=A.L.G.I.L,1620586531,14:55:31,20210509
4,2018-03-31,ALGIL.PA,EUR,2018-03-31,2018-03-31,Q1,153003750,100743500,52260250,0.3415618898229619,0.0,0.0,0.0,0.0,1825500.0,139410500,202000.0,6549750.0,20143000.0,0.1316503680465348,13593250.0,0.08884259372727793,0.0,12996500.0,0.08494236252379435,3970000.0,9020000.0,0.058952803444360026,0.4875,0.4875,18487338,18487338,https://www.infogreffe.com/recherche-entreprise-dirigeants/resultats-entreprise-dirigeants.html?ga_cat=globale&ga_q=A.L.G.I.L#phrase=A.L.G.I.L,https://www.infogreffe.com/recherche-entreprise-dirigeants/resultats-entreprise-dirigeants.html?ga_cat=globale&ga_q=A.L.G.I.L#phrase=A.L.G.I.L,1620586531,14:55:31,20210509
5,2018-01-31,ALGIL.PA,EUR,2018-01-31,2018-01-31,Q1,153003750,100743500,52260250,0.3415618898229619,0.0,0.0,0.0,0.0,1825500.0,139410500,202000.0,6549750.0,20143000.0,0.1316503680465348,13593250.0,0.08884259372727793,0.0,12996500.0,0.08494236252379435,3970000.0,9020000.0,0.058952803444360026,0.4875,0.4875,18487338,18487338,https://www.infogreffe.com/recherche-entreprise-dirigeants/resultats-entreprise-dirigeants.html?ga_cat=globale&ga_q=A.L.G.I.L#phrase=A.L.G.I.L,https://www.infogreffe.com/recherche-entreprise-dirigeants/resultats-entreprise-dirigeants.html?ga_cat=globale&ga_q=A.L.G.I.L#phrase=A.L.G.I.L,1620586531,14:55:31,20210509
6,2017-06-30,ALGIL.PA,EUR,2017-06-30,2017-06-30,Q2,149899500,94459750,55439750,0.36984613024059454,0.0,0.0,0.0,0.0,1724000.0,132357500,248500.0,6643500.0,24185500.0,0.16134476766099953,17542000.0,0.11702507346588881,0.0,16958500.0,0.11313246541849706,4629750.0,12298250.0,0.0820433023459051,0.665,0.665,18487817,18487817,https://www.infogreffe.com/recherche-entreprise-dirigeants/resultats-entreprise-dirigeants.html?ga_cat=globale&ga_q=A.L.G.I.L#phrase=A.L.G.I.L,https://www.infogreffe.com/recherche-entreprise-dirigeants/resultats-entreprise-dirigeants.html?ga_cat=globale&ga_q=A.L.G.I.L#phrase=A.L.G.I.L,1620586531,14:55:31,20210509
7,2017-03-31,ALGIL.PA,EUR,2017-03-31,2017-03-31,Q1,149899500,94459750,55439750,0.36984613024059454,0.0,0.0,0.0,0.0,1724000.0,132357500,248500.0,6643500.0,24185500.0,0.16134476766099953,17542000.0,0.11702507346588881,0.0,16958500.0,0.11313246541849706,4629750.0,12298250.0,0.0820433023459051,0.665,0.665,18487817,18487817,https://www.infogreffe.com/recherche-entreprise-dirigeants/resultats-entreprise-dirigeants.html?ga_cat=globale&ga_q=A.L.G.I.L#phrase=A.L.G.I.L,https://www.infogreffe.com/recherche-entreprise-dirigeants/resultats-entreprise-dirigeants.html?ga_cat=globale&ga_q=A.L.G.I.L#phrase=A.L.G.I.L,1620586531,14:55:31,20210509
8,2017-01-31,ALGIL.PA,EUR,2017-01-31,2017-01-31,Q1,149899500,94459750,55439750,0.36984613024059454,0.0,0.0,0.0,0.0,1724000.0,132357500,248500.0,6643500.0,24185500.0,0.16134476766099953,17542000.0,0.11702507346588881,0.0,16958500.0,0.11313246541849706,4629750.0,12298250.0,0.0820433023459051,0.665,0.665,18487817,18487817,https://www.infogreffe.com/recherche-entreprise-dirigeants/resultats-entreprise-dirigeants.html?ga_cat=globale&ga_q=A.L.G.I.L#phrase=A.L.G.I.L,https://www.infogreffe.com/recherche-entreprise-dirigeants/resultats-entreprise-dirigeants.html?ga_cat=globale&ga_q=A.L.G.I.L#phrase=A.L.G.I.L,1620586531,14:55:31,20210509
9,2016-06-30,ALGIL.PA,EUR,2016-06-30,2016-06-30,Q2,142204000,86456750,55747250,0.39202307951956344,0.0,0.0,0.0,0.0,1705500.0,123614750,384250.0,6819750.0,25409000.0,0.17867992461534135,18589250.0,0.13072241287164918,0.0,17716000.0,0.12458158701583641,4862250.0,12849250.0,0.09035786616410228,0.695,0.695,18485279,18485279,https://www.infogreffe.com/recherche-entreprise-dirigeants/resultats-entreprise-dirigeants.html?ga_cat=globale&ga_q=A.L.G.I.L#phrase=A.L.G.I.L,https://www.infogreffe.com/recherche-entreprise-dirigeants/resultats-entreprise-dirigeants.html?ga_cat=globale&ga_q=A.L.G.I.L#phrase=A.L.G.I.L,1620586531,14:55:31,20210509
10,2016-03-31,ALGIL.PA,EUR,2016-03-31,2016-03-31,Q1,142204000,86456750,55747250,0.39202307951956344,0.0,0.0,0.0,0.0,1705500.0,123614750,384250.0,6819750.0,25409000.0,0.17867992461534135,18589250.0,0.13072241287164918,0.0,17716000.0,0.12458158701583641,4862250.0,12849250.0,0.09035786616410228,0.695,0.695,18485279,18485279,https://www.infogreffe.com/recherche-entreprise-dirigeants/resultats-entreprise-dirigeants.html?ga_cat=globale&ga_q=A.L.G.I.L#phrase=A.L.G.I.L,https://www.infogreffe.com/recherche-entreprise-dirigeants/resultats-entreprise-dirigeants.html?ga_cat=globale&ga_q=A.L.G.I.L#phrase=A.L.G.I.L,1620586531,14:55:31,20210509
11,2016-01-31,ALGIL.PA,EUR,2016-01-31,2016-01-31,Q1,142204000,86456750,55747250,0.39202307951956344,0.0,0.0,0.0,0.0,1705500.0,123614750,384250.0,6819750.0,25409000.0,0.17867992461534135,18589250.0,0.13072241287164918,0.0,17716000.0,0.12458158701583641,4862250.0,12849250.0,0.09035786616410228,0.695,0.695,18485279,18485279,https://www.infogreffe.com/recherche-entreprise-dirigeants/resultats-entreprise-dirigeants.html?ga_cat=globale&ga_q=A.L.G.I.L#phrase=A.L.G.I.L,https://www.infogreffe.com/recherche-entreprise-dirigeants/resultats-entreprise-dirigeants.html?ga_cat=globale&ga_q=A.L.G.I.L#phrase=A.L.G.I.L,1620586531,14:55:31,20210509
12,2015-09-30,ALGIL.PA,EUR,2015-09-30,2015-09-30,Q3,129113250,80903000,48210250,0.37339506208696627,0.0,0.0,0.0,0.0,1720000.0,115205750,344000.0,6449250.0,20356750.0,0.1576658476182731,13907500.0,0.10771551331873375,0.0,14083250.0,0.10907672140543283,4405250.0,9678000.0,0.07495745014551179,0.5225,0.5225,18481880,18481880,https://www.infogreffe.com/recherche-entreprise-dirigeants/resultats-entreprise-dirigeants.html?ga_cat=globale&ga_q=A.L.G.I.L#phrase=A.L.G.I.L,https://www.infogreffe.com/recherche-entreprise-dirigeants/resultats-entreprise-dirigeants.html?ga_cat=globale&ga_q=A.L.G.I.L#phrase=A.L.G.I.L,1620586531,14:55:31,20210509
13,2015-06-30,ALGIL.PA,EUR,2015-06-30,2015-06-30,Q2,129113250,80903000,48210250,0.37339506208696627,0.0,0.0,0.0,0.0,1720000.0,115205750,344000.0,6449250.0,20356750.0,0.1576658476182731,13907500.0,0.10771551331873375,0.0,14083250.0,0.10907672140543283,4405250.0,9678000.0,0.07495745014551179,0.5225,0.5225,18481880,18481880,https://www.infogreffe.com/recherche-entreprise-dirigeants/resultats-entreprise-dirigeants.html?ga_cat=globale&ga_q=A.L.G.I.L#phrase=A.L.G.I.L,https://www.infogreffe.com/recherche-entreprise-dirigeants/resultats-entreprise-dirigeants.html?ga_cat=globale&ga_q=A.L.G.I.L#phrase=A.L.G.I.L,1620586531,14:55:31,20210509
14,2015-03-31,ALGIL.PA,EUR,2015-03-31,2015-03-31,Q1,129113250,80903000,48210250,0.37339506208696627,0.0,0.0,0.0,0.0,1720000.0,115205750,344000.0,6449250.0,20356750.0,0.1576658476182731,13907500.0,0.10771551331873375,0.0,14083250.0,0.10907672140543283,4405250.0,9678000.0,0.07495745014551179,0.5225,0.5225,18481880,18481880,https://www.infogreffe.com/recherche-entreprise-dirigeants/resultats-entreprise-dirigeants.html?ga_cat=globale&ga_q=A.L.G.I.L#phrase=A.L.G.I.L,https://www.infogreffe.com/recherche-entreprise-dirigeants/resultats-entreprise-dirigeants.html?ga_cat=globale&ga_q=A.L.G.I.L#phrase=A.L.G.I.L,1620586531,14:55:31,20210509
15,2015-01-31,ALGIL.PA,EUR,2015-01-31,2015-01-31,Q1,129113250,80903000,48210250,0.37339506208696627,0.0,0.0,0.0,0.0,1720000.0,115205750,344000.0,6449250.0,20356750.0,0.1576658476182731,13907500.0,0.10771551331873375,0.0,14083250.0,0.10907672140543283,4405250.0,9678000.0,0.07495745014551179,0.5225,0.5225,18481880,18481880,https://www.infogreffe.com/recherche-entreprise-dirigeants/resultats-entreprise-dirigeants.html?ga_cat=globale&ga_q=A.L.G.I.L#phrase=A.L.G.I.L,https://www.infogreffe.com/recherche-entreprise-dirigeants/resultats-entreprise-dirigeants.html?ga_cat=globale&ga_q=A.L.G.I.L#phrase=A.L.G.I.L,1620586531,14:55:31,20210509
16,2014-09-30,ALGIL.PA,EUR,2014-09-30,2014-09-30,Q3,124293250,79163250,45130000,0.3630929274115851,0.0,0.0,0.0,0.0,3400750.0,112622750,398000.0,6070500.0,17741000.0,0.14273502382470488,11670500.0,0.09389488166091078,0.0,11168750.0,0.0898580574568611,3321000.0,7847250.0,0.06313496509263375,0.42475,0.42475,18479440,18479440,https://www.infogreffe.com/recherche-entreprise-dirigeants/resultats-entreprise-dirigeants.html?ga_cat=globale&ga_q=A.L.G.I.L#phrase=A.L.G.I.L,https://www.infogreffe.com/recherche-entreprise-dirigeants/resultats-entreprise-dirigeants.html?ga_cat=globale&ga_q=A.L.G.I.L#phrase=A.L.G.I.L,1620586531,14:55:31,20210509
17,2014-06-30,ALGIL.PA,EUR,2014-06-30,2014-06-30,Q2,124293250,79163250,45130000,0.3630929274115851,0.0,0.0,0.0,0.0,3400750.0,112622750,398000.0,6070500.0,17741000.0,0.14273502382470488,11670500.0,0.09389488166091078,0.0,11168750.0,0.0898580574568611,3321000.0,7847250.0,0.06313496509263375,0.42475,0.42475,18479440,18479440,https://www.infogreffe.com/recherche-entreprise-dirigeants/resultats-entreprise-dirigeants.html?ga_cat=globale&ga_q=A.L.G.I.L#phrase=A.L.G.I.L,https://www.infogreffe.com/recherche-entreprise-dirigeants/resultats-entreprise-dirigeants.html?ga_cat=globale&ga_q=A.L.G.I.L#phrase=A.L.G.I.L,1620586531,14:55:31,20210509
18,2014-03-31,ALGIL.PA,EUR,2014-03-31,2014-03-31,Q1,124293250,79163250,45130000,0.3630929274115851,0.0,0.0,0.0,0.0,3400750.0,112622750,398000.0,6070500.0,17741000.0,0.14273502382470488,11670500.0,0.09389488166091078,0.0,11168750.0,0.0898580574568611,3321000.0,7847250.0,0.06313496509263375,0.42475,0.42475,18479440,18479440,https://www.infogreffe.com/recherche-entreprise-dirigeants/resultats-entreprise-dirigeants.html?ga_cat=globale&ga_q=A.L.G.I.L#phrase=A.L.G.I.L,https://www.infogreffe.com/recherche-entreprise-dirigeants/resultats-entreprise-dirigeants.html?ga_cat=globale&ga_q=A.L.G.I.L#phrase=A.L.G.I.L,1620586531,14:55:31,20210509
19,2014-01-31,ALGIL.PA,EUR,2014-01-31,2014-01-31,Q1,124293250,79163250,45130000,0.3630929274115851,0.0,0.0,0.0,0.0,3400750.0,112622750,398000.0,6070500.0,17741000.0,0.14273502382470488,11670500.0,0.09389488166091078,0.0,11168750.0,0.0898580574568611,3321000.0,7847250.0,0.06313496509263375,0.42475,0.42475,18479440,18479440,https://www.infogreffe.com/recherche-entreprise-dirigeants/resultats-entreprise-dirigeants.html?ga_cat=globale&ga_q=A.L.G.I.L#phrase=A.L.G.I.L,https://www.infogreffe.com/recherche-entreprise-dirigeants/resultats-entreprise-dirigeants.html?ga_cat=globale&ga_q=A.L.G.I.L#phrase=A.L.G.I.L,1620586531,14:55:31,20210509
20,2013-09-30,ALGIL.PA,EUR,2013-09-30,2013-09-30,Q3,118239250,77534250,40705000,0.3442596261393742,0.0,0.0,0.0,0.0,1456500.0,108672250,452750.0,6295500.0,15862500.0,0.13415595920982246,9567000.0,0.0809122182354844,0.0,8405750.0,0.0710910294170506,2227000.0,6178500.0,0.05225422184257766,0.3345,0.3345,18470280,18470280,https://www.infogreffe.com/recherche-entreprise-dirigeants/resultats-entreprise-dirigeants.html?ga_cat=globale&ga_q=A.L.G.I.L#phrase=A.L.G.I.L,https://www.infogreffe.com/recherche-entreprise-dirigeants/resultats-entreprise-dirigeants.html?ga_cat=globale&ga_q=A.L.G.I.L#phrase=A.L.G.I.L,1620586531,14:55:31,20210509
21,2013-06-30,ALGIL.PA,EUR,2013-06-30,2013-06-30,Q2,118239250,77534250,40705000,0.3442596261393742,0.0,0.0,0.0,0.0,1456500.0,108672250,452750.0,6295500.0,15862500.0,0.13415595920982246,9567000.0,0.0809122182354844,0.0,8405750.0,0.0710910294170506,2227000.0,6178500.0,0.05225422184257766,0.3345,0.3345,18470280,18470280,https://www.infogreffe.com/recherche-entreprise-dirigeants/resultats-entreprise-dirigeants.html?ga_cat=globale&ga_q=A.L.G.I.L#phrase=A.L.G.I.L,https://www.infogreffe.com/recherche-entreprise-dirigeants/resultats-entreprise-dirigeants.html?ga_cat=globale&ga_q=A.L.G.I.L#phrase=A.L.G.I.L,1620586531,14:55:31,20210509
22,2013-03-31,ALGIL.PA,EUR,2013-03-31,2013-03-31,Q1,118239250,77534250,40705000,0.3442596261393742,0.0,0.0,0.0,0.0,1456500.0,108672250,452750.0,6295500.0,15862500.0,0.13415595920982246,9567000.0,0.0809122182354844,0.0,8405750.0,0.0710910294170506,2227000.0,6178500.0,0.05225422184257766,0.3345,0.3345,18470280,18470280,https://www.infogreffe.com/recherche-entreprise-dirigeants/resultats-entreprise-dirigeants.html?ga_cat=globale&ga_q=A.L.G.I.L#phrase=A.L.G.I.L,https://www.infogreffe.com/recherche-entreprise-dirigeants/resultats-entreprise-dirigeants.html?ga_cat=globale&ga_q=A.L.G.I.L#phrase=A.L.G.I.L,1620586531,14:55:31,20210509
23,2013-01-31,ALGIL.PA,EUR,2013-01-31,2013-01-31,Q1,118239250,77534250,40705000,0.3442596261393742,0.0,0.0,0.0,0.0,1456500.0,108672250,452750.0,6295500.0,15862500.0,0.13415595920982246,9567000.0,0.0809122182354844,0.0,8405750.0,0.0710910294170506,2227000.0,6178500.0,0.05225422184257766,0.3345,0.3345,18470280,18470280,https://www.infogreffe.com/recherche-entreprise-dirigeants/resultats-entreprise-dirigeants.html?ga_cat=globale&ga_q=A.L.G.I.L#phrase=A.L.G.I.L,https://www.infogreffe.com/recherche-entreprise-dirigeants/resultats-entreprise-dirigeants.html?ga_cat=globale&ga_q=A.L.G.I.L#phrase=A.L.G.I.L,1620586531,14:55:31,20210509
24,2012-09-30,ALGIL.PA,EUR,2012-09-30,2012-09-30,Q3,117177000,77251750,39925250,0.3407259957158828,0.0,0.0,0.0,0.0,1495750.0,108391500,0.0,6482250.0,15267750.0,0.13029647456412094,8785500.0,0.07497631787808187,0.0,8207000.0,0.07003934219172704,2459250.0,5747250.0,0.049047594664481935,0.3115,0.3115,18457650,18457650,https://www.infogreffe.com/recherche-entreprise-dirigeants/resultats-entreprise-dirigeants.html?ga_cat=globale&ga_q=A.L.G.I.L#phrase=A.L.G.I.L,https://www.infogreffe.com/recherche-entreprise-dirigeants/resultats-entreprise-dirigeants.html?ga_cat=globale&ga_q=A.L.G.I.L#phrase=A.L.G.I.L,1620586531,14:55:31,20210509
25,2012-06-30,ALGIL.PA,EUR,2012-06-30,2012-06-30,Q2,117177000,77251750,39925250,0.3407259957158828,0.0,0.0,0.0,0.0,1495750.0,108391500,0.0,6482250.0,15267750.0,0.13029647456412094,8785500.0,0.07497631787808187,0.0,8207000.0,0.07003934219172704,2459250.0,5747250.0,0.049047594664481935,0.3115,0.3115,18457650,18457650,https://www.infogreffe.com/recherche-entreprise-dirigeants/resultats-entreprise-dirigeants.html?ga_cat=globale&ga_q=A.L.G.I.L#phrase=A.L.G.I.L,https://www.infogreffe.com/recherche-entreprise-dirigeants/resultats-entreprise-dirigeants.html?ga_cat=globale&ga_q=A.L.G.I.L#phrase=A.L.G.I.L,1620586531,14:55:31,20210509
26,2012-03-31,ALGIL.PA,EUR,2012-03-31,2012-03-31,Q1,117177000,77251750,39925250,0.3407259957158828,0.0,0.0,0.0,0.0,1495750.0,108391500,0.0,6482250.0,15267750.0,0.13029647456412094,8785500.0,0.07497631787808187,0.0,8207000.0,0.07003934219172704,2459250.0,5747250.0,0.049047594664481935,0.3115,0.3115,18457650,18457650,https://www.infogreffe.com/recherche-entreprise-dirigeants/resultats-entreprise-dirigeants.html?ga_cat=globale&ga_q=A.L.G.I.L#phrase=A.L.G.I.L,https://www.infogreffe.com/recherche-entreprise-dirigeants/resultats-entreprise-dirigeants.html?ga_cat=globale&ga_q=A.L.G.I.L#phrase=A.L.G.I.L,1620586531,14:55:31,20210509
27,2012-01-31,ALGIL.PA,EUR,2012-01-31,2012-01-31,Q1,117177000,77251750,39925250,0.3407259957158828,0.0,0.0,0.0,0.0,1495750.0,108391500,0.0,6482250.0,15267750.0,0.13029647456412094,8785500.0,0.07497631787808187,0.0,8207000.0,0.07003934219172704,2459250.0,5747250.0,0.049047594664481935,0.3115,0.3115,18457650,18457650,https://www.infogreffe.com/recherche-entreprise-dirigeants/resultats-entreprise-dirigeants.html?ga_cat=globale&ga_q=A.L.G.I.L#phrase=A.L.G.I.L,https://www.infogreffe.com/recherche-entreprise-dirigeants/resultats-entreprise-dirigeants.html?ga_cat=globale&ga_q=A.L.G.I.L#phrase=A.L.G.I.L,1620586531,14:55:31,20210509
28,2011-09-30,ALGIL.PA,EUR,2011-09-30,2011-09-30,Q3,114322750,77911500,36411250,0.31849522514110273,0.0,0.0,0.0,0.0,8775500.0,108770750,0.0,6319500.0,11871500.0,0.10384197371039447,5552000.0,0.048564262143799025,0.0,4401000.0,0.03849627480094732,1655500.0,2745250.0,0.02401315573671907,0.149,0.14875,18433330,18445330,https://www.infogreffe.com/recherche-entreprise-dirigeants/resultats-entreprise-dirigeants.html?ga_cat=globale&ga_q=A.L.G.I.L#phrase=A.L.G.I.L,https://www.infogreffe.com/recherche-entreprise-dirigeants/resultats-entreprise-dirigeants.html?ga_cat=globale&ga_q=A.L.G.I.L#phrase=A.L.G.I.L,1620586531,14:55:31,20210509
29,2011-06-30,ALGIL.PA,EUR,2011-06-30,2011-06-30,Q2,114322750,77911500,36411250,0.31849522514110273,0.0,0.0,0.0,0.0,8775500.0,108770750,0.0,6319500.0,11871500.0,0.10384197371039447,5552000.0,0.048564262143799025,0.0,4401000.0,0.03849627480094732,1655500.0,2745250.0,0.02401315573671907,0.149,0.14875,18433330,18445330,https://www.infogreffe.com/recherche-entreprise-dirigeants/resultats-entreprise-dirigeants.html?ga_cat=globale&ga_q=A.L.G.I.L#phrase=A.L.G.I.L,https://www.infogreffe.com/recherche-entreprise-dirigeants/resultats-entreprise-dirigeants.html?ga_cat=globale&ga_q=A.L.G.I.L#phrase=A.L.G.I.L,1620586531,14:55:31,20210509
30,2011-03-31,ALGIL.PA,EUR,2011-03-31,2011-03-31,Q1,114322750,77911500,36411250,0.31849522514110273,0.0,0.0,0.0,0.0,8775500.0,108770750,0.0,6319500.0,11871500.0,0.10384197371039447,5552000.0,0.048564262143799025,0.0,4401000.0,0.03849627480094732,1655500.0,2745250.0,0.02401315573671907,0.149,0.14875,18433330,18445330,https://www.infogreffe.com/recherche-entreprise-dirigeants/resultats-entreprise-dirigeants.html?ga_cat=globale&ga_q=A.L.G.I.L#phrase=A.L.G.I.L,https://www.infogreffe.com/recherche-entreprise-dirigeants/resultats-entreprise-dirigeants.html?ga_cat=globale&ga_q=A.L.G.I.L#phrase=A.L.G.I.L,1620586531,14:55:31,20210509
31,2011-01-31,ALGIL.PA,EUR,2011-01-31,2011-01-31,Q1,114322750,77911500,36411250,0.31849522514110273,0.0,0.0,0.0,0.0,8775500.0,108770750,0.0,6319500.0,11871500.0,0.10384197371039447,5552000.0,0.048564262143799025,0.0,4401000.0,0.03849627480094732,1655500.0,2745250.0,0.02401315573671907,0.149,0.14875,18433330,18445330,https://www.infogreffe.com/recherche-entreprise-dirigeants/resultats-entreprise-dirigeants.html?ga_cat=globale&ga_q=A.L.G.I.L#phrase=A.L.G.I.L,https://www.infogreffe.com/recherche-entreprise-dirigeants/resultats-entreprise-dirigeants.html?ga_cat=globale&ga_q=A.L.G.I.L#phrase=A.L.G.I.L,1620586531,14:55:31,20210509
32,2010-09-30,ALGIL.PA,EUR,2010-09-30,2010-09-30,Q3,100931000,48445000,52486000,0.5200186265864799,0.0,0.0,0.0,-774500.0,19830000.0,93329000,315000.0,5804000.0,13406000.0,0.13282341401551556,7602000.0,0.0753187821382925,0.0,6832250.0,0.067692284828249,2122000.0,4710000.0,0.046665543787339864,0.2555,0.25525,18433010,18459510,https://www.infogreffe.com/recherche-entreprise-dirigeants/resultats-entreprise-dirigeants.html?ga_cat=globale&ga_q=A.L.G.I.L#phrase=A.L.G.I.L,https://www.infogreffe.com/recherche-entreprise-dirigeants/resultats-entreprise-dirigeants.html?ga_cat=globale&ga_q=A.L.G.I.L#phrase=A.L.G.I.L,1620586531,14:55:31,20210509
33,2010-06-30,ALGIL.PA,EUR,2010-06-30,2010-06-30,Q2,100931000,48445000,52486000,0.5200186265864799,0.0,0.0,0.0,-774500.0,19830000.0,93329000,315000.0,5804000.0,13406000.0,0.13282341401551556,7602000.0,0.0753187821382925,0.0,6832250.0,0.067692284828249,2122000.0,4710000.0,0.046665543787339864,0.2555,0.25525,18433010,18459510,https://www.infogreffe.com/recherche-entreprise-dirigeants/resultats-entreprise-dirigeants.html?ga_cat=globale&ga_q=A.L.G.I.L#phrase=A.L.G.I.L,https://www.infogreffe.com/recherche-entreprise-dirigeants/resultats-entreprise-dirigeants.html?ga_cat=globale&ga_q=A.L.G.I.L#phrase=A.L.G.I.L,1620586531,14:55:31,20210509
34,2010-03-31,ALGIL.PA,EUR,2010-03-31,2010-03-31,Q1,100931000,48445000,52486000,0.5200186265864799,0.0,0.0,0.0,-774500.0,19830000.0,93329000,315000.0,5804000.0,13406000.0,0.13282341401551556,7602000.0,0.0753187821382925,0.0,6832250.0,0.067692284828249,2122000.0,4710000.0,0.046665543787339864,0.2555,0.25525,18433010,18459510,https://www.infogreffe.com/recherche-entreprise-dirigeants/resultats-entreprise-dirigeants.html?ga_cat=globale&ga_q=A.L.G.I.L#phrase=A.L.G.I.L,https://www.infogreffe.com/recherche-entreprise-dirigeants/resultats-entreprise-dirigeants.html?ga_cat=globale&ga_q=A.L.G.I.L#phrase=A.L.G.I.L,1620586531,14:55:31,20210509
35,2010-01-31,ALGIL.PA,EUR,2010-01-31,2010-01-31,Q1,100931000,48445000,52486000,0.5200186265864799,0.0,0.0,0.0,-774500.0,19830000.0,93329000,315000.0,5804000.0,13406000.0,0.13282341401551556,7602000.0,0.0753187821382925,0.0,6832250.0,0.067692284828249,2122000.0,4710000.0,0.046665543787339864,0.2555,0.25525,18433010,18459510,https://www.infogreffe.com/recherche-entreprise-dirigeants/resultats-entreprise-dirigeants.html?ga_cat=globale&ga_q=A.L.G.I.L#phrase=A.L.G.I.L,https://www.infogreffe.com/recherche-entreprise-dirigeants/resultats-entreprise-dirigeants.html?ga_cat=globale&ga_q=A.L.G.I.L#phrase=A.L.G.I.L,1620586531,14:55:31,20210509
36,2009-09-30,ALGIL.PA,EUR,2009-09-30,2009-09-30,Q3,77072500,32448250,44624250,0.5789905608355769,0.0,0.0,0.0,-309000.0,17416000.0,70349000,226250.0,4231500.0,10955000.0,0.1421388951960816,6723500.0,0.08723604398455999,0.0,6500500.0,0.08434266437445262,2180250.0,4319750.0,0.05604787699892958,0.23375,0.2335,18483660,18502660,https://www.infogreffe.com/recherche-entreprise-dirigeants/resultats-entreprise-dirigeants.html?ga_cat=globale&ga_q=A.L.G.I.L#phrase=A.L.G.I.L,https://www.infogreffe.com/recherche-entreprise-dirigeants/resultats-entreprise-dirigeants.html?ga_cat=globale&ga_q=A.L.G.I.L#phrase=A.L.G.I.L,1620586531,14:55:31,20210509
37,2009-06-30,ALGIL.PA,EUR,2009-06-30,2009-06-30,Q2,77072500,32448250,44624250,0.5789905608355769,0.0,0.0,0.0,-309000.0,17416000.0,70349000,226250.0,4231500.0,10955000.0,0.1421388951960816,6723500.0,0.08723604398455999,0.0,6500500.0,0.08434266437445262,2180250.0,4319750.0,0.05604787699892958,0.23375,0.2335,18483660,18502660,https://www.infogreffe.com/recherche-entreprise-dirigeants/resultats-entreprise-dirigeants.html?ga_cat=globale&ga_q=A.L.G.I.L#phrase=A.L.G.I.L,https://www.infogreffe.com/recherche-entreprise-dirigeants/resultats-entreprise-dirigeants.html?ga_cat=globale&ga_q=A.L.G.I.L#phrase=A.L.G.I.L,1620586531,14:55:31,20210509
38,2009-03-31,ALGIL.PA,EUR,2009-03-31,2009-03-31,Q1,77072500,32448250,44624250,0.5789905608355769,0.0,0.0,0.0,-309000.0,17416000.0,70349000,226250.0,4231500.0,10955000.0,0.1421388951960816,6723500.0,0.08723604398455999,0.0,6500500.0,0.08434266437445262,2180250.0,4319750.0,0.05604787699892958,0.23375,0.2335,18483660,18502660,https://www.infogreffe.com/recherche-entreprise-dirigeants/resultats-entreprise-dirigeants.html?ga_cat=globale&ga_q=A.L.G.I.L#phrase=A.L.G.I.L,https://www.infogreffe.com/recherche-entreprise-dirigeants/resultats-entreprise-dirigeants.html?ga_cat=globale&ga_q=A.L.G.I.L#phrase=A.L.G.I.L,1620586531,14:55:31,20210509
39,2009-01-31,ALGIL.PA,EUR,2009-01-31,2009-01-31,Q1,77072500,32448250,44624250,0.5789905608355769,0.0,0.0,0.0,-309000.0,17416000.0,70349000,226250.0,4231500.0,10955000.0,0.1421388951960816,6723500.0,0.08723604398455999,0.0,6500500.0,0.08434266437445262,2180250.0,4319750.0,0.05604787699892958,0.23375,0.2335,18483660,18502660,https://www.infogreffe.com/recherche-entreprise-dirigeants/resultats-entreprise-dirigeants.html?ga_cat=globale&ga_q=A.L.G.I.L#phrase=A.L.G.I.L,https://www.infogreffe.com/recherche-entreprise-dirigeants/resultats-entreprise-dirigeants.html?ga_cat=globale&ga_q=A.L.G.I.L#phrase=A.L.G.I.L,1620586531,14:55:31,20210509
40,2008-09-30,ALGIL.PA,EUR,2008-09-30,2008-09-30,Q3,78474000,51388250,27085750,0.3451557203659811,0.0,0.0,0.0,0.0,6502500.0,74084750,0.0,5028500.0,9417750.0,0.12001108647450111,4389250.0,0.05593253816550705,0.0,3267000.0,0.04163162321278385,1169750.0,2097000.0,0.026722226469913603,0.11,0.10975,19088080,19114080,https://www.infogreffe.com/recherche-entreprise-dirigeants/resultats-entreprise-dirigeants.html?ga_cat=globale&ga_q=A.L.G.I.L#phrase=A.L.G.I.L,https://www.infogreffe.com/recherche-entreprise-dirigeants/resultats-entreprise-dirigeants.html?ga_cat=globale&ga_q=A.L.G.I.L#phrase=A.L.G.I.L,1620586531,14:55:31,20210509
41,2008-06-30,ALGIL.PA,EUR,2008-06-30,2008-06-30,Q2,78474000,51388250,27085750,0.3451557203659811,0.0,0.0,0.0,0.0,6502500.0,74084750,0.0,5028500.0,9417750.0,0.12001108647450111,4389250.0,0.05593253816550705,0.0,3267000.0,0.04163162321278385,1169750.0,2097000.0,0.026722226469913603,0.11,0.10975,19088080,19114080,https://www.infogreffe.com/recherche-entreprise-dirigeants/resultats-entreprise-dirigeants.html?ga_cat=globale&ga_q=A.L.G.I.L#phrase=A.L.G.I.L,https://www.infogreffe.com/recherche-entreprise-dirigeants/resultats-entreprise-dirigeants.html?ga_cat=globale&ga_q=A.L.G.I.L#phrase=A.L.G.I.L,1620586531,14:55:31,20210509
42,2008-03-31,ALGIL.PA,EUR,2008-03-31,2008-03-31,Q1,78474000,51388250,27085750,0.3451557203659811,0.0,0.0,0.0,0.0,6502500.0,74084750,0.0,5028500.0,9417750.0,0.12001108647450111,4389250.0,0.05593253816550705,0.0,3267000.0,0.04163162321278385,1169750.0,2097000.0,0.026722226469913603,0.11,0.10975,19088080,19114080,https://www.infogreffe.com/recherche-entreprise-dirigeants/resultats-entreprise-dirigeants.html?ga_cat=globale&ga_q=A.L.G.I.L#phrase=A.L.G.I.L,https://www.infogreffe.com/recherche-entreprise-dirigeants/resultats-entreprise-dirigeants.html?ga_cat=globale&ga_q=A.L.G.I.L#phrase=A.L.G.I.L,1620586531,14:55:31,20210509
43,2008-01-31,ALGIL.PA,EUR,2008-01-31,2008-01-31,Q1,78474000,51388250,27085750,0.3451557203659811,0.0,0.0,0.0,0.0,6502500.0,74084750,0.0,5028500.0,9417750.0,0.12001108647450111,4389250.0,0.05593253816550705,0.0,3267000.0,0.04163162321278385,1169750.0,2097000.0,0.026722226469913603,0.11,0.10975,19088080,19114080,https://www.infogreffe.com/recherche-entreprise-dirigeants/resultats-entreprise-dirigeants.html?ga_cat=globale&ga_q=A.L.G.I.L#phrase=A.L.G.I.L,https://www.infogreffe.com/recherche-entreprise-dirigeants/resultats-entreprise-dirigeants.html?ga_cat=globale&ga_q=A.L.G.I.L#phrase=A.L.G.I.L,1620586531,14:55:31,20210509
44,2007-09-30,ALGIL.PA,EUR,2007-09-30,2007-09-30,Q3,76656500,49441750,27214750,0.35502207901482585,0.0,0.0,0.0,0.0,5247750.0,70621750,0.0,3979000.0,10013750.0,0.13063145330141607,6034750.0,0.07872456999732573,0.0,5393000.0,0.07035280765492816,2069250.0,3323250.0,0.04335248804732802,0.16975,0.1695,19585890,19601390,https://www.infogreffe.com/recherche-entreprise-dirigeants/resultats-entreprise-dirigeants.html?ga_cat=globale&ga_q=A.L.G.I.L#phrase=A.L.G.I.L,https://www.infogreffe.com/recherche-entreprise-dirigeants/resultats-entreprise-dirigeants.html?ga_cat=globale&ga_q=A.L.G.I.L#phrase=A.L.G.I.L,1620586531,14:55:31,20210509
45,2007-06-30,ALGIL.PA,EUR,2007-06-30,2007-06-30,Q2,76656500,49441750,27214750,0.35502207901482585,0.0,0.0,0.0,0.0,5247750.0,70621750,0.0,3979000.0,10013750.0,0.13063145330141607,6034750.0,0.07872456999732573,0.0,5393000.0,0.07035280765492816,2069250.0,3323250.0,0.04335248804732802,0.16975,0.1695,19585890,19601390,https://www.infogreffe.com/recherche-entreprise-dirigeants/resultats-entreprise-dirigeants.html?ga_cat=globale&ga_q=A.L.G.I.L#phrase=A.L.G.I.L,https://www.infogreffe.com/recherche-entreprise-dirigeants/resultats-entreprise-dirigeants.html?ga_cat=globale&ga_q=A.L.G.I.L#phrase=A.L.G.I.L,1620586531,14:55:31,20210509
46,2007-03-31,ALGIL.PA,EUR,2007-03-31,2007-03-31,Q1,76656500,49441750,27214750,0.35502207901482585,0.0,0.0,0.0,0.0,5247750.0,70621750,0.0,3979000.0,10013750.0,0.13063145330141607,6034750.0,0.07872456999732573,0.0,5393000.0,0.07035280765492816,2069250.0,3323250.0,0.04335248804732802,0.16975,0.1695,19585890,19601390,https://www.infogreffe.com/recherche-entreprise-dirigeants/resultats-entreprise-dirigeants.html?ga_cat=globale&ga_q=A.L.G.I.L#phrase=A.L.G.I.L,https://www.infogreffe.com/recherche-entreprise-dirigeants/resultats-entreprise-dirigeants.html?ga_cat=globale&ga_q=A.L.G.I.L#phrase=A.L.G.I.L,1620586531,14:55:31,20210509
47,2007-01-31,ALGIL.PA,EUR,2007-01-31,2007-01-31,Q1,76656500,49441750,27214750,0.35502207901482585,0.0,0.0,0.0,0.0,5247750.0,70621750,0.0,3979000.0,10013750.0,0.13063145330141607,6034750.0,0.07872456999732573,0.0,5393000.0,0.07035280765492816,2069250.0,3323250.0,0.04335248804732802,0.16975,0.1695,19585890,19601390,https://www.infogreffe.com/recherche-entreprise-dirigeants/resultats-entreprise-dirigeants.html?ga_cat=globale&ga_q=A.L.G.I.L#phrase=A.L.G.I.L,https://www.infogreffe.com/recherche-entreprise-dirigeants/resultats-entreprise-dirigeants.html?ga_cat=globale&ga_q=A.L.G.I.L#phrase=A.L.G.I.L,1620586531,14:55:31,20210509
