,date,symbol,reportedCurrency,fillingDate,acceptedDate,period,revenue,costOfRevenue,grossProfit,grossProfitRatio,researchAndDevelopmentExpenses,generalAndAdministrativeExpenses,sellingAndMarketingExpenses,otherExpenses,operatingExpenses,costAndExpenses,interestExpense,depreciationAndAmortization,ebitda,ebitdaratio,operatingIncome,operatingIncomeRatio,totalOtherIncomeExpensesNet,incomeBeforeTax,incomeBeforeTaxRatio,incomeTaxExpense,netIncome,netIncomeRatio,eps,epsdiluted,weightedAverageShsOut,weightedAverageShsOutDil,link,finalLink,timestamp,est_time,est_date
0,2019-06-30,CRN.L,EUR,2019-06-30,2019-06-30,Q2,108832750,87507500.0,21325250.0,0.19594515437678456,0.0,1637750.0,0.0,0.0,0.0,94383250.0,2021750.0,185750.0,14635250.0,0.13447468707718954,14449500.0,0.13276793979753337,0.0,14647000.0,0.13458265090241678,1843000.0,12806000.0,0.1176667868817061,0.01629543126726683,0.016293576236702318,785864442,785953913,https://find-and-update.company-information.service.gov.uk/search/companies?q=Cairn+Homes+PLC,https://find-and-update.company-information.service.gov.uk/search/companies?q=Cairn+Homes+PLC,1620590692,16:04:52,20210509
1,2019-03-31,CRN.L,EUR,2019-03-31,2019-03-31,Q1,108832750,87507500.0,21325250.0,0.19594515437678456,0.0,1637750.0,0.0,0.0,0.0,94383250.0,2021750.0,185750.0,14635250.0,0.13447468707718954,14449500.0,0.13276793979753337,0.0,14647000.0,0.13458265090241678,1843000.0,12806000.0,0.1176667868817061,0.01629543126726683,0.016293576236702318,785864442,785953913,https://find-and-update.company-information.service.gov.uk/search/companies?q=Cairn+Homes+PLC,https://find-and-update.company-information.service.gov.uk/search/companies?q=Cairn+Homes+PLC,1620590692,16:04:52,20210509
2,2019-01-31,CRN.L,EUR,2019-01-31,2019-01-31,Q1,108832750,87507500.0,21325250.0,0.19594515437678456,0.0,1637750.0,0.0,0.0,0.0,94383250.0,2021750.0,185750.0,14635250.0,0.13447468707718954,14449500.0,0.13276793979753337,0.0,14647000.0,0.13458265090241678,1843000.0,12806000.0,0.1176667868817061,0.01629543126726683,0.016293576236702318,785864442,785953913,https://find-and-update.company-information.service.gov.uk/search/companies?q=Cairn+Homes+PLC,https://find-and-update.company-information.service.gov.uk/search/companies?q=Cairn+Homes+PLC,1620590692,16:04:52,20210509
3,2018-06-30,CRN.L,EUR,2018-06-30,2018-06-30,Q2,84255250,66981000.0,17274250.0,0.20502283240510236,0.0,3969750.0,0.0,0.0,1458500.0,70950750.0,2771250.0,82500.0,13387000.0,0.15888624151017294,13304500.0,0.15790707403989662,0.0,9395750.0,0.11151530616786491,1541250.0,7691000.0,0.09128214562297304,0.009964393042784856,0.009961842400306276,771848317,772045942,https://find-and-update.company-information.service.gov.uk/search/companies?q=Cairn+Homes+PLC,https://find-and-update.company-information.service.gov.uk/search/companies?q=Cairn+Homes+PLC,1620590692,16:04:52,20210509
4,2018-03-31,CRN.L,EUR,2018-03-31,2018-03-31,Q1,84255250,66981000.0,17274250.0,0.20502283240510236,0.0,3969750.0,0.0,0.0,1458500.0,70950750.0,2771250.0,82500.0,13387000.0,0.15888624151017294,13304500.0,0.15790707403989662,0.0,9395750.0,0.11151530616786491,1541250.0,7691000.0,0.09128214562297304,0.009964393042784856,0.009961842400306276,771848317,772045942,https://find-and-update.company-information.service.gov.uk/search/companies?q=Cairn+Homes+PLC,https://find-and-update.company-information.service.gov.uk/search/companies?q=Cairn+Homes+PLC,1620590692,16:04:52,20210509
5,2018-01-31,CRN.L,EUR,2018-01-31,2018-01-31,Q1,84255250,66981000.0,17274250.0,0.20502283240510236,0.0,3969750.0,0.0,0.0,1458500.0,70950750.0,2771250.0,82500.0,13387000.0,0.15888624151017294,13304500.0,0.15790707403989662,0.0,9395750.0,0.11151530616786491,1541250.0,7691000.0,0.09128214562297304,0.009964393042784856,0.009961842400306276,771848317,772045942,https://find-and-update.company-information.service.gov.uk/search/companies?q=Cairn+Homes+PLC,https://find-and-update.company-information.service.gov.uk/search/companies?q=Cairn+Homes+PLC,1620590692,16:04:52,20210509
6,2017-06-30,CRN.L,EUR,2017-06-30,2017-06-30,Q2,37365500,30581250.0,6784250.0,0.18156454483413845,0.0,3227750.0,0.0,0.0,1016750.0,33620250.0,2133250.0,99500.0,3844750.0,0.10289571931327027,3745250.0,0.10023283510189882,0.0,1492000.0,0.03992988184287645,247250.0,1113000.0,0.02978683544981333,0.0015357356665609396,0.0014714448127721854,724734096,756399418,https://find-and-update.company-information.service.gov.uk/search/companies?q=Cairn+Homes+PLC,https://find-and-update.company-information.service.gov.uk/search/companies?q=Cairn+Homes+PLC,1620590692,16:04:52,20210509
7,2017-03-31,CRN.L,EUR,2017-03-31,2017-03-31,Q1,37365500,30581250.0,6784250.0,0.18156454483413845,0.0,3227750.0,0.0,0.0,1016750.0,33620250.0,2133250.0,99500.0,3844750.0,0.10289571931327027,3745250.0,0.10023283510189882,0.0,1492000.0,0.03992988184287645,247250.0,1113000.0,0.02978683544981333,0.0015357356665609396,0.0014714448127721854,724734096,756399418,https://find-and-update.company-information.service.gov.uk/search/companies?q=Cairn+Homes+PLC,https://find-and-update.company-information.service.gov.uk/search/companies?q=Cairn+Homes+PLC,1620590692,16:04:52,20210509
8,2017-01-31,CRN.L,EUR,2017-01-31,2017-01-31,Q1,37365500,30581250.0,6784250.0,0.18156454483413845,0.0,3227750.0,0.0,0.0,1016750.0,33620250.0,2133250.0,99500.0,3844750.0,0.10289571931327027,3745250.0,0.10023283510189882,0.0,1492000.0,0.03992988184287645,247250.0,1113000.0,0.02978683544981333,0.0015357356665609396,0.0014714448127721854,724734096,756399418,https://find-and-update.company-information.service.gov.uk/search/companies?q=Cairn+Homes+PLC,https://find-and-update.company-information.service.gov.uk/search/companies?q=Cairn+Homes+PLC,1620590692,16:04:52,20210509
9,2016-06-30,CRN.L,EUR,2016-06-30,2016-06-30,Q2,10226500,8461000.0,1765500.0,0.17263971055590868,0.0,2299250.0,0.0,0.0,678750.0,9315000.0,1266750.0,36000.0,947500.0,0.09265144477582751,911500.0,0.08913117880017601,0.0,-703750.0,-0.06881631056568718,-188000.0,-515750.0,-0.050432699359507165,-0.00075,-0.00075,632830319,632830319,https://find-and-update.company-information.service.gov.uk/search/companies?q=Cairn+Homes+PLC,https://find-and-update.company-information.service.gov.uk/search/companies?q=Cairn+Homes+PLC,1620590692,16:04:52,20210509
10,2016-03-31,CRN.L,EUR,2016-03-31,2016-03-31,Q1,10226500,8461000.0,1765500.0,0.17263971055590868,0.0,2299250.0,0.0,0.0,678750.0,9315000.0,1266750.0,36000.0,947500.0,0.09265144477582751,911500.0,0.08913117880017601,0.0,-703750.0,-0.06881631056568718,-188000.0,-515750.0,-0.050432699359507165,-0.00075,-0.00075,632830319,632830319,https://find-and-update.company-information.service.gov.uk/search/companies?q=Cairn+Homes+PLC,https://find-and-update.company-information.service.gov.uk/search/companies?q=Cairn+Homes+PLC,1620590692,16:04:52,20210509
11,2016-01-31,CRN.L,EUR,2016-01-31,2016-01-31,Q1,10226500,8461000.0,1765500.0,0.17263971055590868,0.0,2299250.0,0.0,0.0,678750.0,9315000.0,1266750.0,36000.0,947500.0,0.09265144477582751,911500.0,0.08913117880017601,0.0,-703750.0,-0.06881631056568718,-188000.0,-515750.0,-0.050432699359507165,-0.00075,-0.00075,632830319,632830319,https://find-and-update.company-information.service.gov.uk/search/companies?q=Cairn+Homes+PLC,https://find-and-update.company-information.service.gov.uk/search/companies?q=Cairn+Homes+PLC,1620590692,16:04:52,20210509
