,date,symbol,reportedCurrency,fillingDate,acceptedDate,period,revenue,costOfRevenue,grossProfit,grossProfitRatio,researchAndDevelopmentExpenses,generalAndAdministrativeExpenses,sellingAndMarketingExpenses,otherExpenses,operatingExpenses,costAndExpenses,interestExpense,depreciationAndAmortization,ebitda,ebitdaratio,operatingIncome,operatingIncomeRatio,totalOtherIncomeExpensesNet,incomeBeforeTax,incomeBeforeTaxRatio,incomeTaxExpense,netIncome,netIncomeRatio,eps,epsdiluted,weightedAverageShsOut,weightedAverageShsOutDil,link,finalLink,timestamp,est_time,est_date
0,2016-06-30,RLOC,USD,2016-08-11,2016-08-11 17:29:06,Q2,81460000,45591000,35869000,0.44032654063343973,0.0,-13439000,22975000,6296000.0,38807000,84398000,1115000.0,4432000.0,370000.0,0.004542106555364596,-4062000.0,-0.04986496439970538,78000.0,-4062000.0,-0.04986496439970538,175000.0,-4237000.0,-0.0520132580407562,-0.14207,-0.14207,29824000,29824000,https://www.sec.gov/Archives/edgar/data/1297336/000143774916037202/0001437749-16-037202-index.htm,https://www.sec.gov/Archives/edgar/data/1297336/000143774916037202/rloc20160729_10q.htm,1620597309,17:55:09,20210509
1,2016-03-31,RLOC,USD,2016-05-13 00:00:00,2016-05-13 17:31:29,Q1,78709000,43851000,34858000,0.44287184438882465,0.0,-15246000,23124000,8542000.0,39544000,83395000,1115000.0,4533000.0,-1352000.0,-0.01717719701685957,-5885000.0,-0.0747690861273806,0.0,-5885000.0,-0.0747690861273806,267000.0,-6152000.0,-0.07816132843766278,-0.2063875469672571,-0.20627682403433475,29808000,29824000,https://www.sec.gov/Archives/edgar/data/1297336/000143774916031880/0001437749-16-031880-index.html,https://www.sec.gov/Archives/edgar/data/1297336/000143774916031880/rloc20160401_10q.htm,1620597309,17:55:09,20210509
2,2015-12-31,RLOC,USD,2016-03-30,2016-03-30 08:07:16,Q4,88977000,48131000,40846000,0.4590624543421334,6900000.0,-17603000,27002000,2039000.0,45340000,93471000,2790000.0,4686000.0,2828000.0,0.03178349461096688,-1858000.0,-0.020881800914843162,1843000.0,-2588000.0,-0.029086168335637298,-85000.0,-2503000.0,-0.028130865279791407,-0.0858,-0.0858,29174000,29174000,https://www.sec.gov/Archives/edgar/data/1297336/000143774916028591/0001437749-16-028591-index.htm,https://www.sec.gov/Archives/edgar/data/1297336/000143774916028591/rloc20151201_10k.htm,1620597309,17:55:09,20210509
3,2015-09-30,RLOC,USD,2015-11-09 00:00:00,2015-11-09 17:25:17,Q3,95281000,53671000,41610000,0.43670826292755116,0.0,-21325000,30635000,35729000.0,75674000,129345000,0.0,4712000.0,-30925000.0,-0.32456628288955824,-35637000.0,-0.3740200039882033,-1178000.0,-35242000.0,-0.36987437159559616,395000.0,-35637000.0,-0.3740200039882033,-1.2238,-1.2238,29120000,29120000,https://www.sec.gov/Archives/edgar/data/1297336/000143774915020278/0001437749-15-020278-index.html,https://www.sec.gov/Archives/edgar/data/1297336/000143774915020278/rloc20150831_10q.htm,1620597309,17:55:09,20210509
4,2015-06-30,RLOC,USD,2015-08-06 00:00:00,2015-08-06 17:12:36,Q2,98776000,55390000,43386000,0.43923625172106584,0.0,-23136000,33046000,10215000.0,53171000,108561000,0.0,5149000.0,-5444000.0,-0.05511460273750709,-10593000.0,-0.1072426500364461,-848000.0,-10633000.0,-0.10764760670608245,-40000.0,-10593000.0,-0.1072426500364461,-0.36423,-0.36423,29083000,29083000,https://www.sec.gov/Archives/edgar/data/1297336/000143774915015106/0001437749-15-015106-index.html,https://www.sec.gov/Archives/edgar/data/1297336/000143774915015106/rloc20150630_10q.htm,1620597309,17:55:09,20210509
5,2015-03-31,RLOC,USD,2015-05-07 00:00:00,2015-05-06 18:12:52,Q1,99563000,56217000,43346000,0.4353625342747808,0.0,-25570000,36283000,8877000.0,55873000,112090000,0.0,5134000.0,-7648000.0,-0.07681568454144612,-12782000.0,-0.12838102507959784,-156000.0,-12683000.0,-0.1273866797906853,99000.0,-12782000.0,-0.12838102507959784,-0.4397,-0.4397,29070000,29070000,https://www.sec.gov/Archives/edgar/data/1297336/000143774915009157/0001437749-15-009157-index.html,https://www.sec.gov/Archives/edgar/data/1297336/000143774915009157/rloc20150331_10q.htm,1620597309,17:55:09,20210509
6,2014-12-31,RLOC,USD,2015-03-13,2015-03-12 21:30:20,Q4,109009000,61708000,47301000,0.4339183003238265,0.0,-31056000,42334000,8349000.0,61961000,123669000,0.0,4799000.0,-9861000.0,-0.09046042069920832,-14660000.0,-0.13448430863506683,345000.0,-14315000.0,-0.13131943234044896,3422000.0,-17458000.0,-0.16015191406214166,-0.6134,-0.6134,28461000,28461000,https://www.sec.gov/Archives/edgar/data/1297336/000143774915004966/0001437749-15-004966-index.htm,https://www.sec.gov/Archives/edgar/data/1297336/000143774915004966/rloc20141231_10k.htm,1620597309,17:55:09,20210509
7,2014-09-30,RLOC,USD,2014-11-06 00:00:00,2014-11-05 18:30:48,Q3,117623000,64154000,53469000,0.4545794614998767,0.0,-33296000,45479000,7264000.0,64926000,129080000,0.0,4355000.0,-7102000.0,-0.06037934757657941,-11457000.0,-0.09740441920372717,208000.0,-11249000.0,-0.09563605757377383,35000.0,-11284000.0,-0.0959336184249679,-0.39788,-0.39788,28360000,28360000,https://www.sec.gov/Archives/edgar/data/1297336/000143774914019663/0001437749-14-019663-index.html,https://www.sec.gov/Archives/edgar/data/1297336/000143774914019663/rloc20140930_10q.htm,1620597309,17:55:09,20210509
8,2014-06-30,RLOC,USD,2014-08-07 00:00:00,2014-08-07 16:13:06,Q2,123553000,63461000,60092000,0.4863661748399472,0.0,-33616000,48146000,9042000.0,71718000,135179000,0.0,4018000.0,-7608000.0,-0.06157681318948144,-11626000.0,-0.09409726999749096,195000.0,-11431000.0,-0.09251899994334416,-1105000.0,-10295000.0,-0.08332456516636585,-0.36405,-0.36405,28279000,28279000,https://www.sec.gov/Archives/edgar/data/1297336/000143774914014590/0001437749-14-014590-index.html,https://www.sec.gov/Archives/edgar/data/1297336/000143774914014590/rloc20140630_10q.htm,1620597309,17:55:09,20210509
9,2014-03-31,RLOC,USD,2014-05-09 00:00:00,2014-05-08 19:43:34,Q1,124736000,63398000,61338000,0.4917425602873268,0.0,-32597000,46761000,8782000.0,69707000,133105000,0.0,4222000.0,-4147000.0,-0.03324621600820934,-8369000.0,-0.06709370189840944,188000.0,-8181000.0,-0.0655865187275526,-1868000.0,-5973000.0,-0.04788513340174448,-0.21265,-0.21265,28088000,28088000,https://www.sec.gov/Archives/edgar/data/1297336/000143774914008457/0001437749-14-008457-index.html,https://www.sec.gov/Archives/edgar/data/1297336/000143774914008457/rloc20140331_10q.htm,1620597309,17:55:09,20210509
10,2013-12-31,RLOC,USD,2014-03-05,2014-03-04 21:41:01,Q4,132047000,63886000,68161000,0.5161874181162768,0.0,-26610000,42384000,4666000.0,62824000,126710000,0.0,3090000.0,8427000.0,0.06381818594894242,5337000.0,0.040417427128219496,64000.0,5401000.0,0.04090210303906942,452000.0,-585000.0,-0.004430240747612593,-0.021070450943668058,-0.0201370004474889,27764000,29051000,https://www.sec.gov/Archives/edgar/data/1297336/000143774914003411/0001437749-14-003411-index.htm,https://www.sec.gov/Archives/edgar/data/1297336/000143774914003411/rloc20131231_10k.htm,1620597309,17:55:09,20210509
11,2013-09-30,RLOC,USD,2013-11-06 00:00:00,2013-11-06 17:01:01,Q3,133148000,66764000,66384000,0.4985730164929252,0.0,-37604000,48980000,5901000.0,66257000,133021000,0.0,3987000.0,4114000.0,0.030897948147925618,127000.0,0.0009538258178868628,181000.0,308000.0,0.0023132153693634153,1430000.0,-1122000.0,-0.00842671313125244,-0.0403,-0.0403,27843000,27843000,https://www.sec.gov/Archives/edgar/data/1297336/000143774913014067/0001437749-13-014067-index.html,https://www.sec.gov/Archives/edgar/data/1297336/000143774913014067/rloc20130930_10q.htm,1620597309,17:55:09,20210509
12,2013-06-30,RLOC,USD,2013-08-07 00:00:00,2013-08-07 17:08:22,Q2,127055000,64247000,62808000,0.49433709810711896,0.0,-36804000,46791000,5497000.0,62275000,126522000,0.0,3988000.0,4521000.0,0.03558301522962497,533000.0,0.004195033646845855,114000.0,647000.0,0.005092282869623392,788000.0,-141000.0,-0.0011097556176459015,-0.00503,-0.00503,28011000,28011000,https://www.sec.gov/Archives/edgar/data/1297336/000143774913010136/0001437749-13-010136-index.html,https://www.sec.gov/Archives/edgar/data/1297336/000143774913010136/rloc20130723_10q.htm,1620597309,17:55:09,20210509
13,2013-03-31,RLOC,USD,2013-05-09 00:00:00,2013-05-08 20:57:36,Q1,121820000,61553000,60267000,0.49472172057133473,0.0,-35474000,44699000,6176000.0,60100000,121653000,0.0,4031000.0,4198000.0,0.03446067969134789,167000.0,0.0013708750615662453,227000.0,394000.0,0.00323428008537186,1029000.0,-635000.0,-0.005212608767033328,-0.022669665488558068,-0.02258821855435401,28011000,28112000,https://www.sec.gov/Archives/edgar/data/1297336/000143774913005556/0001437749-13-005556-index.html,https://www.sec.gov/Archives/edgar/data/1297336/000143774913005556/reach_10q-033113.htm,1620597309,17:55:09,20210509
14,2012-12-31,RLOC,USD,2013-03-11 00:00:00,2013-03-11 17:30:08,Q4,120248000,59790000,60458000,0.5027775929745193,0.0,-34615000,44845000,5596000.0,60671000,120461000,0.0,4083000.0,3870000.0,0.032183487459250884,-213000.0,-0.001771339232253343,237000.0,24000.0,0.00019958751912713726,418000.0,-394000.0,-0.00327656177233717,-0.0139,-0.0139,28348000,28348000,https://www.sec.gov/Archives/edgar/data/1297336/000143774913002625/0001437749-13-002625-index.html,https://www.sec.gov/Archives/edgar/data/1297336/000143774913002625/reachlocal_10k-123112.htm,1620597309,17:55:09,20210509
15,2012-09-30,RLOC,USD,2012-11-06 00:00:00,2012-11-06 06:08:44,Q3,118891000,59500000,59391000,0.4995415969249144,0.0,-32894000,42860000,5448000.0,58274000,117774000,0.0,3509000.0,4626000.0,0.03890958945588817,1117000.0,0.009395160272854967,33000.0,1150000.0,0.009672725437585688,314000.0,836000.0,0.0070316508398449,0.02945840233975827,0.02892533388692824,28379000,28902000,https://www.sec.gov/Archives/edgar/data/1297336/000143774912011033/0001437749-12-011033-index.html,https://www.sec.gov/Archives/edgar/data/1297336/000143774912011033/rloc20121026_10q.htm,1620597309,17:55:09,20210509
16,2012-06-30,RLOC,USD,2012-08-03 00:00:00,2012-08-03 16:01:28,Q2,112212000,55656000,56556000,0.5040102662816811,0.0,-30708000,41176000,4399000.0,56043000,111699000,0.0,3196000.0,3709000.0,0.033053505863900476,513000.0,0.004571703561116458,102000.0,615000.0,0.005480697251630842,283000.0,332000.0,0.0029586853455958366,0.0117,0.0117,28367000,28367000,https://www.sec.gov/Archives/edgar/data/1297336/000143774912007709/0001437749-12-007709-index.html,https://www.sec.gov/Archives/edgar/data/1297336/000143774912007709/reach_10q-063012.htm,1620597309,17:55:09,20210509
17,2012-03-31,RLOC,USD,2012-05-04,2012-05-04,Q1,104003000,52390000,51613000,0.49626453083084143,0.0,-28736000,38543000,4333000.0,52683000,105073000,0.0,2964000.0,1894000.0,0.01821101314385162,-1070000.0,-0.010288164764477947,203000.0,-867000.0,-0.008336297991404094,139000.0,-1006000.0,-0.009672797900060575,-0.03546374308174992,-0.03455738380680842,28367000,29111000,https://www.sec.gov/Archives/edgar/data/1297336/000143774912004475/0001437749-12-004475-index.htm,https://www.sec.gov/Archives/edgar/data/1297336/000143774912004475/reachlocal_10q-033112.htm,1620597309,17:55:09,20210509
18,2011-12-31,RLOC,USD,2012-03-15 00:00:00,2012-03-15 15:58:15,Q4,99802000,49196000,50606000,0.5070639866936534,0.0,-27629000,36472000,4802000.0,50117000,99313000,0.0,2639000.0,3128000.0,0.031342057273401336,489000.0,0.004899701408789403,231000.0,720000.0,0.007214284282880103,412000.0,-1187000.0,-0.011893549227470391,-0.04097,-0.04097,28974000,28974000,https://www.sec.gov/Archives/edgar/data/1297336/000143774912002361/0001437749-12-002361-index.html,https://www.sec.gov/Archives/edgar/data/1297336/000143774912002361/reach_10k-123111.htm,1620597309,17:55:09,20210509
19,2011-09-30,RLOC,USD,2011-11-07 00:00:00,2011-11-04 19:59:40,Q3,98629000,50265000,48364000,0.4903628750164759,0.0,-27501000,36322000,3256000.0,48399000,98664000,0.0,2330000.0,2295000.0,0.02326901824007138,-35000.0,-0.0003548652019182999,280000.0,245000.0,0.002484056413428099,126000.0,-4601000.0,-0.04664956554360279,-0.1587975426244219,-0.15900608238871994,28974000,28936000,https://www.sec.gov/Archives/edgar/data/1297336/000143774911008090/0001437749-11-008090-index.html,https://www.sec.gov/Archives/edgar/data/1297336/000143774911008090/reachlocal_10q-093011.htm,1620597309,17:55:09,20210509
20,2011-06-30,RLOC,USD,2011-08-04 00:00:00,2011-08-03 20:38:52,Q2,92752000,866112000,523270000,5.641603415559772,0.0,-58563000,67135000,4005000.0,47293000,93891000,-91295000.0,-208324000.0,-209463000.0,-2.2583124892185613,-1139000.0,-0.012280058651026392,221000.0,-918000.0,-0.009897360703812317,3948000.0,-949000.0,-0.010231585302742797,-0.032753503140746876,-0.033006399554813576,28974000,28752000,https://www.sec.gov/Archives/edgar/data/1297336/000143774911005425/0001437749-11-005425-index.html,https://www.sec.gov/Archives/edgar/data/1297336/000143774911005425/rli_10q-063011.htm,1620597309,17:55:09,20210509
21,2011-03-31,RLOC,USD,2011-05-16,2011-05-16 16:58:39,Q1,84058000,44500000,39558000,0.4706036308263342,0.0,-25342000,32419000,3539000.0,43035000,87535000,0.0,2479000.0,-998000.0,-0.011872754526636371,-3477000.0,-0.041364296081277216,196000.0,-3281000.0,-0.03903257274738871,166000.0,-3447000.0,-0.04100739965262081,-0.12111,-0.12111,28461000,28461000,https://www.sec.gov/Archives/edgar/data/1297336/000119312511141662/0001193125-11-141662-index.htm,https://www.sec.gov/Archives/edgar/data/1297336/000119312511141662/d10q.htm,1620597309,17:55:09,20210509
22,2010-12-31,RLOC,USD,2011-03-28,2011-03-28 16:54:19,Q4,80580000,43561000,37019000,0.45940680069496154,0.0,-24180000,30869000,3358000.0,40916000,84477000,0.0,2139000.0,-1758000.0,-0.021816827997021594,-3897000.0,-0.04836187639612807,191000.0,-3706000.0,-0.0459915611814346,-78000.0,-3628000.0,-0.045023579051873916,-0.13802,-0.13802,26286000,26286000,https://www.sec.gov/Archives/edgar/data/1297336/000119312511079852/0001193125-11-079852-index.htm,https://www.sec.gov/Archives/edgar/data/1297336/000119312511079852/d10k.htm,1620597309,17:55:09,20210509
23,2010-09-30,RLOC,USD,2010-11-04,2010-11-04 16:33:11,Q3,77121000,42172000,34949000,0.4531709910400539,0.0,-22871000,28874000,3015000.0,37892000,80064000,0.0,1884000.0,-1059000.0,-0.01373166841716264,-2943000.0,-0.03816081223013187,155000.0,-2788000.0,-0.03615098351940457,83000.0,-2871000.0,-0.037227214377406934,-0.16734,-0.16734,17157000,17157000,https://www.sec.gov/Archives/edgar/data/1297336/000119312510248164/0001193125-10-248164-index.htm,https://www.sec.gov/Archives/edgar/data/1297336/000119312510248164/d10q.htm,1620597309,17:55:09,20210509
