,date,symbol,reportedCurrency,fillingDate,acceptedDate,period,revenue,costOfRevenue,grossProfit,grossProfitRatio,researchAndDevelopmentExpenses,generalAndAdministrativeExpenses,sellingAndMarketingExpenses,otherExpenses,operatingExpenses,costAndExpenses,interestExpense,depreciationAndAmortization,ebitda,ebitdaratio,operatingIncome,operatingIncomeRatio,totalOtherIncomeExpensesNet,incomeBeforeTax,incomeBeforeTaxRatio,incomeTaxExpense,netIncome,netIncomeRatio,eps,epsdiluted,weightedAverageShsOut,weightedAverageShsOutDil,link,finalLink,timestamp,est_time,est_date
0,2020-12-31,TEF,EUR,2020-12-31,2020-12-31,Q3,10909000000.0,0.0,0.0,0.0,0.0,0.0,0.0,0.0,-3250000000.0,9764000000.0,0.0,0.0,3367000000.0,0.3086442387019892,1145000000.0,0.10495920799339994,504000000.0,1189000000.0,0.10899257493812449,98000000.0,911000000.0,0.08350902924191035,0.16,0.16,5435000000.0,5435000000.0,,,1620598692,18:18:12,20210509
1,2020-09-30,TEF,EUR,2020-09-30,2020-09-30,Q2,10461000000.0,0.0,0.0,0.0,0.0,0.0,0.0,0.0,9123000000.0,9123000000.0,0.0,0.0,4261000000.0,0.4073224357136029,1338000000.0,0.1279036420992257,-793000000.0,14000000.0,0.0013383041774208966,108000000.0,-160000000.0,-0.015294904884810247,-0.04,-0.04,5282000000.0,5282000000.0,,,1620598692,18:18:12,20210509
2,2020-06-30,TEF,EUR,2020-06-30,2020-06-30,Q1,10340000000.0,0.0,0.0,0.0,0.0,0.0,0.0,0.0,9192000000.0,0.0,0.0,0.0,0.0,0.0,1033000000.0,0.09990328820116054,0.0,716000000.0,0.06924564796905222,224000000.0,425000000.0,0.04110251450676983,0.08046194623248769,0.08046194623248769,5282000000.0,5282000000.0,,,1620598692,18:18:12,20210509
3,2019-12-31,TEF,EUR,2019-12-31,2019-12-31,Q3,12399000000.0,3744000000.0,8655000000.0,0.6980401645293975,0.0,1872000000.0,0.0,0.0,7752000000.0,11496000000.0,0.0,0.0,5399000000.0,0.4354383418017582,903000000.0,0.022340511331558996,134000000.0,277000000.0,0.022340511331558996,400000000.0,-202000000.0,-0.01629163642229212,-0.05,-0.05,5114000000.0,5114000000.0,,,1620598692,18:18:12,20210509
4,2019-09-30,TEF,EUR,2019-09-30,2019-09-30,Q2,11902000000.0,3357000000.0,8545000000.0,0.7179465636027559,0.0,3289000000.0,0.0,0.0,8834000000.0,12191000000.0,0.0,0.0,1834000000.0,0.1540917492858343,-289000000.0,-0.024281633338934634,459000000.0,-369000000.0,-0.031003192740715845,-102000000.0,-443000000.0,-0.03722063518736347,-0.1,-0.1,5114000000.0,5114000000.0,,,1620598692,18:18:12,20210509
5,2019-06-30,TEF,EUR,2019-06-30,2019-06-30,Q1,12142000000.0,3261000000.0,8881000000.0,0.7314281008071158,0.0,1522000000.0,0.0,0.0,7386000000.0,10647000000.0,0.0,0.0,3817000000.0,0.3143633668258936,1495000000.0,0.12312633832976445,314000000.0,1568000000.0,0.12913852742546533,522000000.0,862000000.0,0.07099324658211167,0.16,0.16,5122000000.0,5122000000.0,,,1620598692,18:18:12,20210509
6,2018-12-31,TEF,EUR,2018-12-31,2018-12-31,Q3,12917000000.0,3998000000.0,8919000000.0,0.6904854068282109,0.0,2931000000.0,0.0,88000000.0,7668000000.0,11666000000.0,0.0,0.0,5186000000.0,0.40148641325385154,1251000000.0,0.053417976310288766,97000000.0,690000000.0,0.053417976310288766,-48000000.0,610000000.0,0.047224587752574126,0.11,0.11,5127000000.0,5127000000.0,,,1620598692,18:18:12,20210509
7,2018-09-30,TEF,EUR,2018-09-30,2018-09-30,Q2,11699000000.0,3366000000.0,8333000000.0,0.7122831011197538,0.0,1401000000.0,0.0,62000000.0,6533000000.0,9899000000.0,0.0,0.0,3848000000.0,0.32891700145311564,1800000000.0,0.15385930421403538,123000000.0,1714000000.0,0.1465082485682537,366000000.0,1139000000.0,0.09735874861099239,0.21,0.21,5127000000.0,5127000000.0,,,1620598692,18:18:12,20210509
8,2018-06-30,TEF,EUR,2018-06-30,2018-06-30,Q1,12144000000.0,3362000000.0,8782000000.0,0.7231554677206851,0.0,1555000000.0,0.0,-12000000.0,6642000000.0,10004000000.0,0.0,0.0,4387000000.0,0.3612483530961792,2140000000.0,0.17621870882740448,-79000000.0,2060000000.0,0.16963109354413702,939000000.0,902000000.0,0.07427536231884058,0.16,0.16,5127000000.0,5127000000.0,,,1620598692,18:18:12,20210509
9,2017-12-31,TEF,EUR,2017-12-31,2017-12-31,Q3,13162000000.0,4004000000.0,9158000000.0,0.6957909132350707,0.0,2840000000.0,0.0,0.0,7581000000.0,11585000000.0,0.0,0.0,4960000000.0,0.37684242516334904,1577000000.0,0.08950007597629539,161000000.0,1178000000.0,0.08950007597629539,352000000.0,693000000.0,0.05265157270931469,0.13521951219512196,0.13521951219512196,5125000000.0,5125000000.0,,,1620598692,18:18:12,20210509
10,2017-09-30,TEF,EUR,2017-09-30,2017-09-30,Q2,12754000000.0,3656000000.0,9098000000.0,0.7133448329935707,0.0,1598000000.0,0.0,-3000000.0,7336000000.0,10992000000.0,0.0,0.0,4070000000.0,0.319115571585385,1762000000.0,0.13815273639642464,13000000.0,1243000000.0,0.09745962051121217,347000000.0,839000000.0,0.06578328367570958,0.15,0.15,5125000000.0,5125000000.0,,,1620598692,18:18:12,20210509
11,2017-06-30,TEF,EUR,2017-06-30,2017-06-30,Q1,12960000000.0,3632000000.0,9328000000.0,0.7197530864197531,0.0,1675000000.0,0.0,-1000000.0,7552000000.0,11184000000.0,0.0,0.0,4108000000.0,0.3169753086419753,1776000000.0,0.13703703703703704,26000000.0,1053000000.0,0.08125,206000000.0,821000000.0,0.06334876543209876,0.15,0.15,5123000000.0,5123000000.0,,,1620598692,18:18:12,20210509
12,2016-12-31,TEF,EUR,2016-12-31,2016-12-31,Q3,13721000000.0,4134000000.0,9587000000.0,0.6987100065592887,0.0,4034000000.0,0.0,39000000.0,8819000000.0,12953000000.0,0.0,0.0,5076000000.0,0.3699438816412798,768000000.0,0.021718533634574738,384000000.0,298000000.0,0.021718533634574738,105000000.0,144000000.0,0.01049486189053276,0.01,0.01,5053000000.0,5053000000.0,,,1620598692,18:18:12,20210509
13,2016-09-30,TEF,EUR,2016-09-30,2016-09-30,Q2,13080000000.0,3685000000.0,9395000000.0,0.7182721712538226,0.0,1704000000.0,0.0,49000000.0,7745000000.0,11430000000.0,0.0,0.0,4089000000.0,0.31261467889908257,1650000000.0,0.12614678899082568,69000000.0,1187000000.0,0.09074923547400611,193000000.0,983000000.0,0.07515290519877676,0.19,0.19,4910000000.0,4910000000.0,,,1620598692,18:18:12,20210509
14,2016-06-30,TEF,EUR,2016-06-30,2016-06-30,Q1,14451000000.0,4528000000.0,9923000000.0,0.6866652826793993,0.0,1819000000.0,0.0,49000000.0,8116000000.0,12644000000.0,0.0,0.0,6207000000.0,0.4295204484118746,1807000000.0,0.12504324960210367,20000000.0,1085000000.0,0.07508130925195489,280000000.0,465000000.0,0.03217770396512352,0.09470468431771895,0.0946854001221747,4910000000.0,4911000000.0,,,1620598692,18:18:12,20210509
15,2015-12-31,TEF,EUR,2015-12-31,2015-12-31,Q3,11882000000.0,3371000000.0,8511000000.0,0.7162935532738596,0.0,5815000000.0,0.0,232000000.0,10361000000.0,13732000000.0,0.0,0.0,2513000000.0,0.21149638108062616,-1850000000.0,-0.2057734388150143,-182000000.0,-2445000000.0,-0.2057734388150143,-313000000.0,-1832000000.0,-0.1541827975088369,-0.38,-0.38,4974000000.0,4974000000.0,,,1620598692,18:18:12,20210509
16,2015-09-30,TEF,EUR,2015-09-30,2015-09-30,Q2,11919000000.0,3248000000.0,8671000000.0,0.7274939172749392,0.0,1673000000.0,0.0,-11000000.0,7100000000.0,10348000000.0,0.0,0.0,3646000000.0,0.30589814581760216,1571000000.0,0.13180635959392567,17000000.0,821000000.0,0.0688816175853679,255000000.0,884000000.0,0.07416729591408676,0.17,0.17,4889000000.0,4889000000.0,,,1620598692,18:18:12,20210509
17,2015-06-30,TEF,EUR,2015-06-30,2015-06-30,Q1,11876000000.0,3233000000.0,8643000000.0,0.7277702930279556,0.0,1682000000.0,0.0,33000000.0,7147000000.0,10380000000.0,0.0,0.0,3613000000.0,0.3042270124621085,1496000000.0,0.12596833950825193,61000000.0,1071000000.0,0.09018187942068036,-314000000.0,1891000000.0,0.15922869653081845,0.37,0.37,4860000000.0,4860000000.0,,,1620598692,18:18:12,20210509
18,2014-12-31,TEF,EUR,2014-12-31,2014-12-31,Q3,12399000000.0,4081000000.0,8318000000.0,0.670860553270425,0.0,3188000000.0,0.0,11000000.0,7402000000.0,11483000000.0,0.0,0.0,3763000000.0,0.3034922171142834,916000000.0,-0.017420759738688604,-727000000.0,-216000000.0,-0.017420759738688604,-340000000.0,152000000.0,0.012259053149447537,0.02,0.02,4665000000.0,4665000000.0,,,1620598692,18:18:12,20210509
19,2014-09-30,TEF,EUR,2014-09-30,2014-09-30,Q2,13021000000.0,3836000000.0,9185000000.0,0.7053989708931726,0.0,1672000000.0,0.0,54000000.0,7155000000.0,10991000000.0,0.0,0.0,4100000000.0,0.3148759695875893,2030000000.0,0.155902004454343,103000000.0,1399000000.0,0.10744182474464327,373000000.0,947000000.0,0.07272866907303586,0.2,0.2,4455000000.0,4455000000.0,,,1620598692,18:18:12,20210509
20,2014-06-30,TEF,EUR,2014-06-30,2014-06-30,Q1,12725000000.0,3685000000.0,9040000000.0,0.7104125736738703,0.0,1663000000.0,0.0,91000000.0,7087000000.0,10772000000.0,0.0,0.0,4013000000.0,0.3153634577603143,1953000000.0,0.15347740667976426,42000000.0,1415000000.0,0.1111984282907662,43000000.0,1210000000.0,0.09508840864440078,0.26,0.26,4473000000.0,4473000000.0,,,1620598692,18:18:12,20210509
21,2013-12-31,TEF,EUR,2013-12-31,2013-12-31,Q3,14435000000.0,4397000000.0,10038000000.0,0.6953931416695531,0.0,2715000000.0,0.0,0.0,7303000000.0,11700000000.0,0.0,0.0,5670000000.0,0.3927952892275719,2735000000.0,0.12746795981988224,-328000000.0,1840000000.0,0.12746795981988224,206000000.0,1448000000.0,0.10031174229303776,0.31,0.31,4534000000.0,4534000000.0,,,1620598692,18:18:12,20210509
22,2013-09-30,TEF,EUR,2013-09-30,2013-09-30,Q2,14063000000.0,4203000000.0,9860000000.0,0.7011306264666145,0.0,1741000000.0,0.0,0.0,7435000000.0,11638000000.0,0.0,0.0,4789000000.0,0.34053900305766904,2425000000.0,0.17243831330441584,-200000000.0,1495000000.0,0.10630733129488729,354000000.0,1089000000.0,0.07743724667567375,0.24,0.24,4518000000.0,4518000000.0,,,1620598692,18:18:12,20210509
23,2013-06-30,TEF,EUR,2013-06-30,2013-06-30,Q1,14421000000.0,4253000000.0,10168000000.0,0.7050828652659317,0.0,1828000000.0,0.0,48000000.0,8089000000.0,12342000000.0,0.0,0.0,4559000000.0,0.3161361902780667,2079000000.0,0.14416475972540047,182000000.0,1535000000.0,0.10644199431384786,300000000.0,1154000000.0,0.08002218986200679,0.25,0.25,4541000000.0,4541000000.0,,,1620598692,18:18:12,20210509
24,2012-12-31,TEF,EUR,2012-12-31,2012-12-31,Q3,15256000000.0,4671000000.0,10585000000.0,0.6938253801782905,0.0,-6892000000.0,0.0,0.0,7667000000.0,12338000000.0,1606000000.0,0.0,5752000000.0,0.3770319874147876,2918000000.0,0.04981646565285789,-1515000000.0,760000000.0,0.04981646565285789,103000000.0,473000000.0,0.03100419507079182,0.0,0.0,0.0,0.0,,,1620598692,18:18:12,20210509
25,2012-09-30,TEF,EUR,2012-09-30,2012-09-30,Q2,15724000000.0,4343000000.0,11381000000.0,0.7237980157720681,0.0,5535000000.0,0.0,0.0,8695000000.0,13038000000.0,834000000.0,0.0,5339000000.0,0.33954464512846605,2686000000.0,0.17082167387433222,35000000.0,1887000000.0,0.12000763164589164,398000000.0,1380000000.0,0.08776392775375223,0.31,0.31,4467000000.0,4467000000.0,,,1620598692,18:18:12,20210509
26,2012-06-30,TEF,EUR,2012-06-30,2012-06-30,Q1,15678000000.0,4464000000.0,11214000000.0,0.7152698048220436,0.0,5468000000.0,0.0,0.0,8591000000.0,13055000000.0,767000000.0,0.0,5170000000.0,0.32976144916443423,2623000000.0,0.16730450312539866,149000000.0,2006000000.0,0.12794999362163542,559000000.0,1327000000.0,0.0846408980737339,0.29,0.29,4503000000.0,4503000000.0,,,1620598692,18:18:12,20210509
27,2011-12-31,TEF,EUR,2011-12-31,2011-12-31,Q3,16165000000.0,4859000000.0,11306000000.0,0.6994123105474791,0.0,-6387000000.0,0.0,0.0,7698000000.0,12557000000.0,1564000000.0,0.0,5627000000.0,0.3480977420352614,3608000000.0,0.14494277760593877,237000000.0,2343000000.0,0.14494277760593877,-781000000.0,2670000000.0,0.16517166718218373,0.59,0.59,4488000000.0,4488000000.0,,,1620598692,18:18:12,20210509
28,2011-09-30,TEF,EUR,2011-09-30,2011-09-30,Q2,15786000000.0,4504000000.0,11282000000.0,0.7146838971240339,0.0,8050000000.0,0.0,0.0,11266000000.0,15770000000.0,880000000.0,0.0,2898000000.0,0.18358038768529075,16000000.0,0.0010135563157227924,77000000.0,-503000000.0,-0.03186367667553528,-188000000.0,-429000000.0,-0.02717597871531737,-0.1,-0.1,4508000000.0,4508000000.0,,,1620598692,18:18:12,20210509
29,2011-06-30,TEF,EUR,2011-06-30,2011-06-30,Q1,15634000000.0,4417000000.0,11217000000.0,0.7174747345528976,0.0,5243000000.0,0.0,0.0,8152000000.0,12569000000.0,586000000.0,0.0,4985000000.0,0.31885633874888064,3065000000.0,0.19604707688371498,-291000000.0,2187000000.0,0.13988742484329025,543000000.0,1538000000.0,0.09837533580657541,0.33,0.33,4598000000.0,4598000000.0,,,1620598692,18:18:12,20210509
30,2010-12-31,TEF,EUR,2010-12-31,2010-12-31,Q3,11406000000.0,4910000000.0,6496000000.0,0.5695248115027178,0.0,3527000000.0,0.0,0.0,-212000000.0,4698000000.0,894000000.0,0.0,9523000000.0,0.834911450113975,6708000000.0,0.19139049623005436,-3811000000.0,2183000000.0,0.19139049623005436,1099000000.0,1332000000.0,0.1167806417674908,0.3,0.3,4512000000.0,4512000000.0,,,1620598692,18:18:12,20210509
31,2010-09-30,TEF,EUR,2010-09-30,2010-09-30,Q2,15227000000.0,4363000000.0,10864000000.0,0.7134694949760294,0.0,5018000000.0,0.0,0.0,7799000000.0,12162000000.0,719000000.0,0.0,5618000000.0,0.36894989163985026,3065000000.0,0.20128718723320418,3839000000.0,6443000000.0,0.4231299665068628,1301000000.0,5059000000.0,0.332238786366323,1.12,1.12,4514000000.0,4514000000.0,,,1620598692,18:18:12,20210509
32,2010-06-30,TEF,EUR,2010-06-30,2010-06-30,Q1,15304000000.0,4309000000.0,10995000000.0,0.7184396236278098,0.0,4902000000.0,0.0,0.0,7698000000.0,12007000000.0,681000000.0,0.0,5598000000.0,0.3657867224255097,3297000000.0,0.21543387349712492,265000000.0,2882000000.0,0.18831677992681653,714000000.0,2120000000.0,0.13852587558808155,0.47,0.47,4521000000.0,4521000000.0,,,1620598692,18:18:12,20210509
33,2009-12-31,TEF,EUR,2009-12-31,2009-12-31,Q3,14527000000.0,4608000000.0,9919000000.0,0.6827975493907895,0.0,-4350000000.0,0.0,0.0,-88000000.0,4520000000.0,0.0,0.0,12880000000.0,0.8866249053486611,10007000000.0,0.16341983892063056,-6384000000.0,2374000000.0,0.16341983892063056,159000000.0,2166000000.0,0.14910167274729813,0.0,0.0,0.0,0.0,,,1620598692,18:18:12,20210509
34,2009-09-30,TEF,EUR,2009-09-30,2009-09-30,Q2,14298000000.0,4105000000.0,10193000000.0,0.7128969086585536,0.0,4152000000.0,0.0,0.0,6863000000.0,10968000000.0,0.0,0.0,5424000000.0,0.37935375577003777,3330000000.0,0.23289970625262274,159000000.0,2771000000.0,0.19380332913694223,732000000.0,1991000000.0,0.13925024478948106,0.43893298059964725,0.43662280701754386,4536000000.0,4560000000.0,,,1620598692,18:18:12,20210509
35,2009-06-30,TEF,EUR,2009-06-30,2009-06-30,Q1,13867000000.0,3833000000.0,10034000000.0,0.7235883752794404,0.0,1565000000.0,0.0,0.0,6686000000.0,10519000000.0,679000000.0,0.0,5604000000.0,0.4041249008437297,3348000000.0,0.24143650393019397,13000000.0,2682000000.0,0.19340881228816614,819000000.0,1830000000.0,0.13196798153890532,0.4019327915660004,0.40065088753603306,4553000000.0,4567567568.0,,,1620598692,18:18:12,20210509
36,2008-12-31,TEF,EUR,2008-12-31,2008-12-31,Q3,14276000000.0,4608000000.0,9668000000.0,0.6772205099467637,0.0,-4861000000.0,0.0,0.0,-285000000.0,4323000000.0,0.0,0.0,13427000000.0,0.9405295601008686,9953000000.0,0.19410198935275988,-6484000000.0,2771000000.0,0.19410198935275988,715000000.0,1996000000.0,0.13981507425049033,0.0,0.0,0.0,0.0,,,1620598692,18:18:12,20210509
37,2008-09-30,TEF,EUR,2008-09-30,2008-09-30,Q2,15170000000.0,4548000000.0,10622000000.0,0.7001977587343441,0.0,4208000000.0,0.0,0.0,7075000000.0,11623000000.0,0.0,0.0,5754000000.0,0.37930125247198415,3547000000.0,0.23381674357284113,99000000.0,2934000000.0,0.19340804218853,854000000.0,2003000000.0,0.13203691496374423,0.433,0.433,4625800000.0,4625800000.0,,,1620598692,18:18:12,20210509
38,2008-06-30,TEF,EUR,2008-06-30,2008-06-30,Q1,14438000000.0,4350000000.0,10088000000.0,0.6987117329269982,0.0,4260000000.0,0.0,0.0,6964000000.0,11314000000.0,0.0,0.0,4992000000.0,0.34575425959274136,3124000000.0,0.21637345892782933,374000000.0,2879000000.0,0.19940434963291315,784000000.0,2055000000.0,0.14233273306552155,0.44,0.44,4669200000.0,4669200000.0,,,1620598692,18:18:12,20210509
39,2007-12-31,TEF,EUR,2007-12-31,2007-12-31,Q3,14415122330.0,4649132370.0,9765989960.0,0.6774822812065584,0.0,0.0,0.0,0.0,4906269250.0,9555401620.0,0.0,0.0,11443552800.0,0.7938574878538682,4859720710.0,0.0975715597690665,-5989726800.0,1406505970.0,0.0975715597690665,293803220.0,1055974460.0,0.07325463050718349,0.0,0.0,0.0,0.0,,,1620598692,18:18:12,20210509
40,2007-09-30,TEF,EUR,2007-09-30,2007-09-30,Q2,14191994040.0,4412047920.0,9779946120.0,0.6891171242346434,0.0,4276098540.0,0.0,0.0,5071472490.0,9483520410.0,0.0,0.0,5262782700.0,0.37082757258542365,4708473630.0,0.3317697017578511,1744216530.0,4076379090.0,0.2872308907762196,14716170.0,4018915950.0,0.28318190795970766,0.84924,0.84924,4730199999.0,4730199999.0,,,1620598692,18:18:12,20210509
41,2007-06-30,TEF,EUR,2007-06-30,2007-06-30,Q1,14263000000.0,4444000000.0,9819000000.0,0.6884245951062189,0.0,4414000000.0,0.0,0.0,7168000000.0,11612000000.0,670000000.0,0.0,5013000000.0,0.3514688354483629,2651000000.0,0.18586552618663676,1242000000.0,3222000000.0,0.22589917969571618,601000000.0,2573000000.0,0.18039683096122835,0.5406257222700818,0.5328887415017628,4759300000.0,4828400001.0,,,1620598692,18:18:12,20210509
42,2006-12-31,TEF,EUR,2006-12-31,2006-12-31,Q3,14236403743.52,4656498951.16,9579904792.36,0.6729160653876859,0.0,0.0,0.0,0.0,7595004143.8,12251503094.96,0.0,0.0,3322876443.88,0.23340701090979366,1984900648.56,0.08379300960349474,1178975782.92,1192911115.6,0.08379300960349474,69085018.36,1052469360.16,0.07392803541688353,0.0,0.0,0.0,0.0,,,1620598692,18:18:12,20210509
43,2006-09-30,TEF,EUR,2006-09-30,2006-09-30,Q2,13528029011.16,4241350716.08,9286678295.08,0.686476816941989,0.0,3858643271.84,0.0,0.0,3880721123.08,8122071839.16,0.0,0.0,8051345337.52,0.5951602654664632,5405957172.0,0.3996115892078835,236856836.2,1829224713.24,0.1352173854543758,711570429.84,2609024599.48,0.19286065969607805,0.540436,0.540436,4828100001.0,4828100001.0,,,1620598692,18:18:12,20210509
44,2006-06-30,TEF,EUR,2006-06-30,2006-06-30,Q1,13226091824.4,4231004814.4,8995087010.0,0.6801016603714727,0.0,4271533320.6,0.0,0.0,6608192227.0,10839197041.4,0.0,0.0,4496393083.0,0.33996384893569864,2386894783.0,0.1804686384073461,109477131.4,1735332544.4,0.13120523941914514,342043156.0,1301423887.4,0.09839821957073393,0.278188,0.278188,4678200000.0,4678200000.0,,,1620598692,18:18:12,20210509
45,2005-12-31,TEF,EUR,2005-12-31,2005-12-31,Q3,10480231072.84,6355877509.01,4124353563.83,0.39353651032737735,0.0,0.0,0.0,0.0,1689404088.39,8045281597.4,0.0,0.0,3190597462.22,0.3044396101617053,2434949475.44,0.17092843396672963,1142646458.78,1791369484.89,0.17092843396672963,513507613.8,1192959258.96,0.11382948053994808,0.0,0.0,0.0,0.0,,,1620598692,18:18:12,20210509
46,2005-09-30,TEF,EUR,2005-09-30,2005-09-30,Q2,10031696111.63,2568933166.11,7462762945.52,0.7439183626055249,0.0,2975495624.38,0.0,0.0,4869455963.85,7438389129.96,0.0,0.0,4297770962.56,0.42841917405945795,2593306981.67,0.25851131780831293,20778087.62,2202527990.31,0.2195568890645076,647901799.53,1416674417.67,0.14121982981797201,0.290695,0.290695,4877901000.0,4877901000.0,,,1620598692,18:18:12,20210509
47,2005-06-30,TEF,EUR,2005-06-30,2005-06-30,Q1,9062476454.43,2432954389.95,6629522064.48,0.7315353698093524,0.0,3398491337.85,0.0,0.0,4992749327.79,7425703717.74,0.0,0.0,3031837058.88,0.33454840673246117,1636772736.69,0.18060987467613207,168357571.2,1235987726.4,0.13638520691502748,226439446.59,921027580.2,0.10163089358977315,0.187624,0.187624,4898001000.0,4898001000.0,,,1620598692,18:18:12,20210509
48,2004-12-31,TEF,EUR,2004-12-31,2004-12-31,Q3,9264910201.9,2420642927.92,6844267273.98,0.7387300173267101,0.0,0.0,0.0,0.0,5033978199.82,7454621127.74,0.0,1589947878.18,3400236952.34,0.36700160910817003,1810289074.16,0.11086032110590402,-401503960.92,1027110920.0,0.11086032110590402,161128242.56,758410047.16,0.08185832680865802,0.0,0.0,0.0,0.0,,,1620598692,18:18:12,20210509
49,2004-09-30,TEF,EUR,2004-09-30,2004-09-30,Q2,7600761150.06,1769011842.78,5831749307.28,0.7672585932047035,0.0,2282727656.04,0.0,0.0,3832575519.24,5601587362.02,0.0,1439864989.68,3439038777.7200003,0.4524597878849084,1999173788.04,0.2630228405512017,-147075676.02,1396871918.52,0.18378053078394302,417831823.5,862759687.92,0.11350964342738086,0.16736,0.16736,5151663201.0,5151663201.0,,,1620598692,18:18:12,20210509
50,2004-06-30,TEF,EUR,2004-06-30,2004-06-30,Q1,7357950862.08,1777676288.64,5580274573.44,0.7584006305612275,0.0,2292048003.84,0.0,0.0,3786015381.12,5563691669.76,0.0,1457504993.28,3251764185.6,0.4419388286973103,1794259192.32,0.24385310882774575,-383007112.32,947927702.4,0.12883039315813435,171024362.88,695186607.36,0.09448100706172419,0.13455,0.13455,5151654222.0,5151654222.0,,,1620598692,18:18:12,20210509
51,2003-12-31,TEF,EUR,2003-12-31,2003-12-31,Q3,8215818172.07,1698302960.22,6517515211.85,0.7932886384957438,0.0,0.0,0.0,0.0,4788496209.32,6486799169.54,0.0,1564218910.22,3293237912.75,0.4008411388588775,1729019002.53,0.0070709646907099345,-1166998147.45,58093760.2,0.0070709646907099345,-205496143.23,186897786.18,0.022748530002205558,0.0,0.0,0.0,0.0,,,1620598692,18:18:12,20210509
52,2003-09-30,TEF,EUR,2003-09-30,2003-09-30,Q2,7264256643.0,1596059949.75,5668196693.25,0.780285853296772,0.0,2311304397.15,0.0,0.0,3896173693.65,5492233643.4,0.0,1563585180.15,3335608179.75,0.45918093807496,1772022999.6,0.2439372790204984,10092605.25,1083558055.65,0.14916296448503658,402088020.6,588243186.3,0.08097775384448239,0.096114,0.096114,5151663201.0,5151663201.0,,,1620598692,18:18:12,20210509
53,2003-06-30,TEF,EUR,2003-06-30,2003-06-30,Q1,7090701725.58,1531563024.2,5559138701.38,0.7840040261918192,0.0,2430039381.99,0.0,0.0,4002224607.59,5533787631.79,0.0,1573981675.97,3130895769.76,0.4415494955125759,1556914093.79,0.2195712292019516,112983430.89,1387039591.41,0.1956138680049391,451135011.47,880510984.98,0.12417825753458507,0.192021,0.192021,5170270269.0,5170270269.0,,,1620598692,18:18:12,20210509
54,2002-12-31,TEF,EUR,2002-12-31,2002-12-31,Q3,7746529060.68,1753208241.12,5993320819.56,0.7736782206086372,0.0,0.0,0.0,0.0,4762453420.46,6515661661.58,0.0,0.0,-4590530538.28,-0.5925919211457831,1230867399.1,-1.2089313028457067,-11677448226.5,-9365021469.86,-1.2089313028457067,-3022600019.16,-546811450.7,-0.07058792995117225,0.0,0.0,0.0,0.0,,,1620598692,18:18:12,20210509
55,2002-09-30,TEF,EUR,2002-09-30,2002-09-30,Q2,6823209915.28,1724405043.02,5098804872.26,0.7472736344871436,0.0,2324475966.56,0.0,0.0,3809870971.06,5534276014.08,0.0,1560803744.06,2849737645.26,0.4176535209444831,1288933901.2,0.18890433054295191,-197260092.04,368752037.72,0.0540437773860967,-103374358.12,537447016.48,0.0787674750085635,0.101482,0.101482,5261039877.0,5261039877.0,,,1620598692,18:18:12,20210509
56,2002-06-30,TEF,EUR,2002-06-30,2002-06-30,Q1,7204961958.6,1702479692.2,5502482266.4,0.7637073308669057,0.0,2505448538.6,0.0,0.0,4197744458.6,5900224150.8,0.0,1721247749.2,3025985557.0,0.4199863336388775,1304737807.8,0.18108878510352666,-5944250821.6,-5609605645.0,-0.7785753314497729,76274108.4,-5685879753.4,-0.7891616619312207,-1.079175,-1.079175,5261039877.0,5261039877.0,,,1620598692,18:18:12,20210509
57,2001-09-30,TEF,EUR,2001-09-30,2001-09-30,Q2,7771341684.3,2979512357.1,4791829327.2,0.6166025793050202,0.0,1280957721.9,0.0,0.0,3374136604.8,6353648961.9,0.0,1862856175.8,3280548898.2,0.4221341734114595,1417692722.4,0.18242573547680757,-292148464.2,637532085.3,0.08203629581594254,195663927.3,441868158.0,0.056858670735412536,0.088622,0.088622,5169171594.0,5169171594.0,,,1620598692,18:18:12,20210509
58,2001-06-30,TEF,EUR,2001-06-30,2001-06-30,Q1,7907153220.6,3208309345.8,4698843874.8,0.5942522857099067,0.0,1352134600.8,0.0,0.0,3317530770.6,6525840116.4,0.0,1844682892.8,3225995997.0,0.40798450554815596,1381313104.2,0.17469158187062234,134803062.0,970106700.0,0.12268722673447671,253918516.2,716188183.8,0.09057471934831877,0.141883,0.141883,5120372508.0,5120372508.0,,,1620598692,18:18:12,20210509
59,2000-09-30,TEF,EUR,2000-09-30,2000-09-30,Q2,7480848890.02,2961182271.3,4519666618.72,0.6041649397235608,0.0,1353068556.4,0.0,0.0,3331191890.4,6292374161.7,0.0,0.0,2995000482.76,0.400355698503087,1188474728.32,0.15886896604815962,70240439.94,698797093.28,0.09341147021593317,203816196.76,494980896.52,0.0661664075557442,0.101866,0.101866,4771876815.0,4771876815.0,,,1620598692,18:18:12,20210509
60,2000-06-30,TEF,EUR,2000-06-30,2000-06-30,Q1,6842107280.32,2533972588.64,4308134691.68,0.6296502693068724,0.0,1220105978.96,0.0,0.0,3053169771.67,5587142360.31,0.0,0.0,2880671291.33,0.4210210646091,1254964920.01,0.18341789577308504,127920398.31,795172285.64,0.11621745363846596,151060310.33,644111975.31,0.09413941479150198,0.16624758312003352,0.16579560247317587,3874414071.0,3884976234.0,,,1620598692,18:18:12,20210509
61,1999-09-30,TEF,EUR,1999-09-30,1999-09-30,Q2,3461097168.0,606622608.0,2854474560.0,0.8247311246824839,0.0,1265059728.0,0.0,0.0,2293587144.0,2900209752.0,0.0,0.0,1536384456.0,0.44390098902880615,560887416.0,0.1620548019240123,3741120.0,365507424.0,0.10560449656812408,-27964872.0,393472296.0,0.11368426741609469,0.100306,0.100306,3922720449.0,3922720449.0,,,1620598692,18:18:12,20210509
62,1999-06-30,TEF,EUR,1999-06-30,1999-06-30,Q1,3250253500.0,467302420.0,2782951080.0,0.8562258543833581,0.0,1162267470.0,0.0,0.0,2155888800.0,2623191220.0,0.0,0.0,956627360.0,0.29432392273402674,627062280.0,0.19292719167904904,612090830.0,1049450350.0,0.32288261515601785,287548430.0,761901920.0,0.23441307578008916,0.20158,0.20158,3779642256.0,3779642256.0,,,1620598692,18:18:12,20210509
63,1998-09-30,TEF,EUR,1998-09-30,1998-09-30,Q2,4362259286.0,595081102.0,3767178184.0,0.8635841973195355,0.0,1471707776.0,0.0,0.0,2694963040.0,3290044142.0,0.0,1155453864.0,2227669008.0,0.5106686379577117,1072215144.0,0.24579353809644225,6618612.0,606875808.0,0.13911960940691318,216632262.0,390243546.0,0.08945904413624074,0.122978,0.122978,3173277950.0,3173277950.0,,,1620598692,18:18:12,20210509
64,1998-06-30,TEF,EUR,1998-06-30,1998-06-30,Q1,4172601125.0,562843500.0,3609757625.0,0.8651096802357306,0.0,1374503900.0,0.0,0.0,2618133025.0,3180976525.0,0.0,1179492838.0,2171117438.0,0.5203270988429309,991624600.0,0.23765142420604604,128780050.0,587433750.0,0.14078358616173742,199545325.0,387888425.0,0.09296082069191312,0.108235,0.108235,3583749853.0,3583749853.0,,,1620598692,18:18:12,20210509
65,1997-09-30,TEF,EUR,1997-09-30,1997-09-30,Q2,3589211836.0,0.0,0.0,0.0,0.0,0.0,0.0,0.0,0.0,0.0,0.0,0.0,3589211836.0,1.0,3589211836.0,1.0,0.0,0.0,0.0,0.0,288601600.0,0.08040807096012262,0.077521,0.077521,3722878250.0,3722878250.0,,,1620598692,18:18:12,20210509
66,1997-06-30,TEF,EUR,1997-06-30,1997-06-30,Q1,3369480847.0,1619538124.0,1749942723.0,0.5193508443765313,0.0,79094961.0,0.0,0.0,1031962875.0,2651500999.0,0.0,0.0,1554824065.0,0.4614432120557473,717979848.0,0.21308322575546013,54505394.0,435332984.0,0.1291988302552889,101376482.0,333956502.0,0.09911215322601892,0.097308,0.097308,3447111714.0,3447111714.0,,,1620598692,18:18:12,20210509
67,1996-09-30,TEF,EUR,1996-09-30,1996-09-30,Q2,3114700100.0,1444823600.0,1669876500.0,0.5361275392131654,0.0,65673800.0,0.0,0.0,943460200.0,2388283800.0,0.0,0.0,1496081200.0,0.4803291334533299,726416300.0,0.23322190794548728,43248600.0,416468000.0,0.13371046541527384,125741300.0,290726700.0,0.09334019028027771,0.084408,0.084408,3447108402.0,3447108402.0,,,1620598692,18:18:12,20210509
68,1996-06-30,TEF,EUR,1996-06-30,1996-06-30,Q1,3207994632.0,1669957884.0,1538036748.0,0.4794386912802041,0.0,50072256.0,0.0,0.0,935083332.0,2605041216.0,0.0,0.0,1317847212.0,0.4108009405172845,602953416.0,0.18795337435589574,121649904.0,391751208.0,0.12211716444044224,88027668.0,303723540.0,0.0946770723898144,0.088228,0.088228,3447108402.0,3447108402.0,,,1620598692,18:18:12,20210509
69,1995-09-30,TEF,EUR,1995-09-30,1995-09-30,Q2,2706979210.0,0.0,0.0,0.0,0.0,0.0,0.0,0.0,0.0,0.0,0.0,0.0,2706979210.0,1.0,2706979210.0,1.0,0.0,0.0,0.0,0.0,241808060.0,0.08932763838995277,0.106511,0.106511,3447111714.0,3447111714.0,,,1620598692,18:18:12,20210509
70,1995-06-30,TEF,EUR,1995-06-30,1995-06-30,Q1,2903008680.0,1407519360.0,1495489320.0,0.5151515151515151,0.0,57894760.0,0.0,0.0,886466520.0,2293985880.0,0.0,0.0,1351880240.0,0.4656824656824657,609022800.0,0.2097902097902098,85714320.0,327819680.0,0.11292411292411292,72180480.0,255639200.0,0.08806008806008805,0.084507,0.084507,3447111714.0,3447111714.0,,,1620598692,18:18:12,20210509
71,1994-09-30,TEF,EUR,1994-09-30,1994-09-30,Q2,2663644608.0,0.0,0.0,0.0,0.0,0.0,0.0,0.0,0.0,0.0,0.0,0.0,2663644608.0,1.0,2663644608.0,1.0,0.0,0.0,0.0,0.0,173156328.0,0.0650072939460248,0.051622,0.051622,3354294406.0,3354294406.0,,,1620598692,18:18:12,20210509
72,1994-06-30,TEF,EUR,1994-06-30,1994-06-30,Q1,2748174984.0,0.0,0.0,0.0,0.0,0.0,0.0,0.0,0.0,0.0,0.0,0.0,2748174984.0,1.0,2748174984.0,1.0,0.0,0.0,0.0,0.0,178651419.0,0.0650072939460248,0.053261,0.053261,3354294406.0,3354294406.0,,,1620598692,18:18:12,20210509
73,1991-09-30,TEF,EUR,1991-09-30,1991-09-30,Q2,2234634780.0,0.0,0.0,0.0,0.0,0.0,0.0,0.0,0.0,0.0,0.0,0.0,2234634780.0,1.0,2234634780.0,1.0,0.0,0.0,0.0,0.0,0.0,0.0,0.117632,0.117632,3450565281.0,3450565281.0,,,1620598692,18:18:12,20210509
74,1991-06-30,TEF,EUR,1991-06-30,1991-06-30,Q1,1841273416.0,0.0,0.0,0.0,0.0,0.0,0.0,0.0,0.0,0.0,0.0,0.0,1841273416.0,1.0,1841273416.0,1.0,0.0,0.0,0.0,0.0,0.0,0.0,0.133254,0.133254,3450565281.0,3450565281.0,,,1620598692,18:18:12,20210509
75,1990-09-30,TEF,EUR,1990-09-30,1990-09-30,Q2,1615618368.0,0.0,0.0,0.0,0.0,0.0,0.0,0.0,0.0,0.0,0.0,0.0,1615618368.0,1.0,1615618368.0,1.0,0.0,0.0,0.0,0.0,0.0,0.0,0.035187,0.035187,3450565281.0,3450565281.0,,,1620598692,18:18:12,20210509
76,1990-06-30,TEF,EUR,1990-06-30,1990-06-30,Q1,1804066810.0,0.0,0.0,0.0,0.0,0.0,0.0,0.0,0.0,0.0,0.0,0.0,1804066810.0,1.0,1804066810.0,1.0,0.0,0.0,0.0,0.0,0.0,0.0,0.063328,0.063328,3450565281.0,3450565281.0,,,1620598692,18:18:12,20210509
77,1989-09-30,TEF,EUR,1989-09-30,1989-09-30,Q2,1404051420.0,0.0,0.0,0.0,0.0,0.0,0.0,0.0,0.0,0.0,0.0,0.0,1404051420.0,1.0,1404051420.0,1.0,0.0,0.0,0.0,0.0,0.0,0.0,0.03679,0.03679,3450565281.0,3450565281.0,,,1620598692,18:18:12,20210509
78,1989-06-30,TEF,EUR,1989-06-30,1989-06-30,Q1,1314312582.0,0.0,0.0,0.0,0.0,0.0,0.0,0.0,0.0,0.0,0.0,0.0,1314312582.0,1.0,1314312582.0,1.0,0.0,0.0,0.0,0.0,0.0,0.0,0.041026,0.041026,3450565281.0,3450565281.0,,,1620598692,18:18:12,20210509
79,1988-09-30,TEF,EUR,1988-09-30,1988-09-30,Q2,1224049508.0,0.0,0.0,0.0,0.0,0.0,0.0,0.0,0.0,0.0,0.0,0.0,1224049508.0,1.0,1224049508.0,1.0,0.0,0.0,0.0,0.0,0.0,0.0,0.039376,0.039376,3450565281.0,3450565281.0,,,1620598692,18:18:12,20210509
80,1988-06-30,TEF,EUR,1988-06-30,1988-06-30,Q1,1184427570.0,0.0,0.0,0.0,0.0,0.0,0.0,0.0,0.0,0.0,0.0,0.0,1184427570.0,1.0,1184427570.0,1.0,0.0,0.0,0.0,0.0,0.0,0.0,0.038104,0.038104,3450565281.0,3450565281.0,,,1620598692,18:18:12,20210509
81,1987-09-30,TEF,EUR,1987-09-30,1987-09-30,Q2,1117376228.0,0.0,0.0,0.0,0.0,0.0,0.0,0.0,0.0,0.0,0.0,0.0,1117376228.0,1.0,1117376228.0,1.0,0.0,0.0,0.0,0.0,0.0,0.0,0.038454,0.038454,3450565281.0,3450565281.0,,,1620598692,18:18:12,20210509
82,1987-06-30,TEF,EUR,1987-06-30,1987-06-30,Q1,1116049658.0,0.0,0.0,0.0,0.0,0.0,0.0,0.0,0.0,0.0,0.0,0.0,1116049658.0,1.0,1116049658.0,1.0,0.0,0.0,0.0,0.0,0.0,0.0,0.038407,0.038407,3450565281.0,3450565281.0,,,1620598692,18:18:12,20210509
83,1986-09-30,TEF,EUR,1986-09-30,1986-09-30,Q2,1037899680.0,0.0,0.0,0.0,0.0,0.0,0.0,0.0,0.0,0.0,0.0,0.0,1037899680.0,1.0,1037899680.0,1.0,0.0,0.0,0.0,0.0,0.0,0.0,0.078578,0.078578,3450565281.0,3450565281.0,,,1620598692,18:18:12,20210509
84,1986-06-30,TEF,EUR,1986-06-30,1986-06-30,Q1,1097760160.0,0.0,0.0,0.0,0.0,0.0,0.0,0.0,0.0,0.0,0.0,0.0,1097760160.0,1.0,1097760160.0,1.0,0.0,0.0,0.0,0.0,0.0,0.0,0.08311,0.08311,3450565281.0,3450565281.0,,,1620598692,18:18:12,20210509
