,date,symbol,reportedCurrency,fillingDate,acceptedDate,period,revenue,costOfRevenue,grossProfit,grossProfitRatio,researchAndDevelopmentExpenses,generalAndAdministrativeExpenses,sellingAndMarketingExpenses,otherExpenses,operatingExpenses,costAndExpenses,interestExpense,depreciationAndAmortization,ebitda,ebitdaratio,operatingIncome,operatingIncomeRatio,totalOtherIncomeExpensesNet,incomeBeforeTax,incomeBeforeTaxRatio,incomeTaxExpense,netIncome,netIncomeRatio,eps,epsdiluted,weightedAverageShsOut,weightedAverageShsOutDil,link,finalLink,timestamp,est_time,est_date
0,2020-09-30,RTRX,USD,2020-11-05,2020-11-05 16:51:33,Q3,51139000.0,1189000.0,49950000.0,0.9767496431295097,32349000.0,31951000.0,0.0,553000.0,69385000.0,70574000.0,4767000.0,6439000.0,-12996000.0,-0.25413089814036255,-19435000.0,-0.3800426289133538,553000.0,-22526000.0,-0.4404857349576644,23000.0,-22549000.0,-0.4409354895480944,-0.44,-0.44,50929575.0,50929575.0,https://www.sec.gov/Archives/edgar/data/1438533/000143853320000031/0001438533-20-000031-index.htm,https://www.sec.gov/Archives/edgar/data/1438533/000143853320000031/rtrx-20200930.htm,1620597452,17:57:32,20210509
1,2020-06-30,RTRX,USD,2020-07-31,2020-07-30 21:58:33,Q2,48430000.0,1494000.0,46936000.0,0.9691513524674789,30790000.0,34971000.0,0.0,426000.0,70047000.0,71541000.0,4634000.0,5851000.0,-17260000.0,-0.35639066694197813,-23111000.0,-0.47720421226512494,426000.0,-26003000.0,-0.536919264918439,65000.0,-26068000.0,-0.5382614082180467,-0.58,-0.58,44763843.0,44763843.0,https://www.sec.gov/Archives/edgar/data/1438533/000143853320000022/0001438533-20-000022-index.htm,https://www.sec.gov/Archives/edgar/data/1438533/000143853320000022/rtrx-20200630.htm,1620597452,17:57:32,20210509
2,2020-03-31,RTRX,USD,2020-05-11 00:00:00,2020-05-11 16:47:11,Q1,47769000.0,1370000.0,46399000.0,0.9713203123364526,30249000.0,33139000.0,0.0,-190000.0,61466000.0,62836000.0,4887000.0,5656000.0,-9411000.0,-0.19701061357784336,-15067000.0,-0.31541376206326277,-190000.0,-18168000.0,-0.38033033976009545,-18976000.0,808000.0,0.01691473549791706,0.018737145605036695,0.018535298928377564,43122897.0,43592499.0,https://www.sec.gov/Archives/edgar/data/1438533/000143853320000011/0001438533-20-000011-index.htm,https://www.sec.gov/Archives/edgar/data/1438533/000143853320000011/rtrx-20200331x10q.htm,1620597452,17:57:32,20210509
3,2019-12-31,RTRX,USD,2020-02-24 00:00:00,2020-02-24 16:47:19,Q4,46687000.0,1725000.0,44962000.0,0.963051813138561,36366000.0,27533000.0,0.0,359000.0,73130000.0,74855000.0,4598000.0,5290000.0,-22878000.0,-0.49002934435710155,-28168000.0,-0.6033371173988477,359000.0,-30227000.0,-0.6474393300062116,32000.0,-30259000.0,-0.6481247456465398,-0.7016921891866402,-0.7016921891866402,43122897.0,43122897.0,https://www.sec.gov/Archives/edgar/data/1438533/000143853320000004/0001438533-20-000004-index.html,https://www.sec.gov/Archives/edgar/data/1438533/000143853320000004/rtrx-20191231x10k.htm,1620597452,17:57:32,20210509
4,2019-09-30,RTRX,USD,2019-10-30 00:00:00,2019-10-30 17:01:03,Q3,44373000.0,1513000.0,42860000.0,0.9659026885718793,33220000.0,29779000.0,0.0,-496000.0,62297000.0,63810000.0,4547000.0,5376000.0,-14061000.0,-0.31688188763437225,-19437000.0,-0.4380366439050774,-15496000.0,-37013000.0,-0.8341333693912966,-523000.0,-36490000.0,-0.8223469226782052,-0.85,-0.85,42943828.0,42943828.0,https://www.sec.gov/Archives/edgar/data/1438533/000143853319000036/0001438533-19-000036-index.html,https://www.sec.gov/Archives/edgar/data/1438533/000143853319000036/rtrx-20190930x10q.htm,1620597452,17:57:32,20210509
5,2019-06-30,RTRX,USD,2019-08-06 00:00:00,2019-08-06 16:52:04,Q2,44707000.0,979000.0,43728000.0,0.9781018632428926,37934000.0,38970000.0,0.0,125000.0,80257000.0,81236000.0,4817000.0,4841000.0,-31688000.0,-0.708792806495627,-36529000.0,-0.8170756257409354,125000.0,-38632000.0,-0.8641152392242826,69000.0,-38701000.0,-0.8656586216923524,-0.92,-0.92,41957860.0,41957860.0,https://www.sec.gov/Archives/edgar/data/1438533/000143853319000024/0001438533-19-000024-index.html,https://www.sec.gov/Archives/edgar/data/1438533/000143853319000024/rtrx-20190630x10q.htm,1620597452,17:57:32,20210509
6,2019-03-31,RTRX,USD,2019-05-07 00:00:00,2019-05-07 17:08:00,Q1,39570000.0,1017000.0,38553000.0,0.9742987111448067,33443000.0,32669000.0,0.0,-302000.0,69281000.0,70298000.0,4865000.0,4901000.0,-25827000.0,-0.6526914329037149,-30728000.0,-0.7765478898155168,-7802000.0,-40576000.0,-1.0254233004801618,401000.0,-40977000.0,-1.035557240333586,-0.99,-0.99,41410314.0,41410314.0,https://www.sec.gov/Archives/edgar/data/1438533/000143853319000011/0001438533-19-000011-index.html,https://www.sec.gov/Archives/edgar/data/1438533/000143853319000011/rtrx-20190331x10q.htm,1620597452,17:57:32,20210509
7,2018-12-31,RTRX,USD,2019-02-26 00:00:00,2019-02-26 17:02:48,Q4,43771000.0,1603000.0,42168000.0,0.9633775787621941,31995000.0,25955000.0,0.0,-102000.0,47153000.0,48756000.0,4962000.0,4879000.0,-106000.0,-0.002421694729387037,-4985000.0,-0.11388819081126773,-102000.0,-7455000.0,-0.17031824724132416,0.0,-7455000.0,-0.17031824724132416,-0.18,-0.18,41275872.0,41275872.0,https://www.sec.gov/Archives/edgar/data/1438533/000143853319000003/0001438533-19-000003-index.html,https://www.sec.gov/Archives/edgar/data/1438533/000143853319000003/rtrx-20181231x10k.htm,1620597452,17:57:32,20210509
8,2018-09-30,RTRX,USD,2018-11-01 00:00:00,2018-11-01 16:47:09,Q3,40706000.0,1133000.0,39573000.0,0.9721662654154178,32448000.0,26107000.0,0.0,-90000.0,75156000.0,76289000.0,2533000.0,4798000.0,-30785000.0,-0.7562767159632486,-35583000.0,-0.8741463174961922,-17132000.0,-54101000.0,-1.3290669680145433,415000.0,-54516000.0,-1.3392620252542622,-1.34,-1.34,40717440.0,40717440.0,https://www.sec.gov/Archives/edgar/data/1438533/000143853318000032/0001438533-18-000032-index.html,https://www.sec.gov/Archives/edgar/data/1438533/000143853318000032/rtrx-20180930x10q.htm,1620597452,17:57:32,20210509
9,2018-06-30,RTRX,USD,2018-08-03 00:00:00,2018-08-03 16:18:03,Q2,41337000.0,1178000.0,40159000.0,0.9715025280015482,34460000.0,25100000.0,0.0,-403000.0,61719000.0,62897000.0,199000.0,4643000.0,-16917000.0,-0.40924595398795266,-21560000.0,-0.5215666352178436,-403000.0,-22162000.0,-0.5361298594479522,167000.0,-22329000.0,-0.5401698236446767,-0.56,-0.56,40061045.0,40061045.0,https://www.sec.gov/Archives/edgar/data/1438533/000143853318000028/0001438533-18-000028-index.html,https://www.sec.gov/Archives/edgar/data/1438533/000143853318000028/rtrx-20180630x10q.htm,1620597452,17:57:32,20210509
10,2018-03-31,RTRX,USD,2018-05-01 00:00:00,2018-05-01 17:02:39,Q1,38432000.0,1613000.0,36819000.0,0.9580297668609492,24636000.0,26468000.0,0.0,121000.0,54731000.0,56344000.0,358000.0,4348000.0,-13564000.0,-0.35293505412156534,-17912000.0,-0.4660699417152373,121000.0,-18149000.0,-0.47223667776852624,229000.0,-18378000.0,-0.4781952539550375,-0.46,-0.46,39657418.0,39657418.0,https://www.sec.gov/Archives/edgar/data/1438533/000143853318000016/0001438533-18-000016-index.html,https://www.sec.gov/Archives/edgar/data/1438533/000143853318000016/rtrx-20180331x10q.htm,1620597452,17:57:32,20210509
11,2017-12-31,RTRX,USD,2018-02-27 00:00:00,2018-02-27 17:20:10,Q4,42177000.0,1174000.0,41003000.0,0.9721649240107167,19576000.0,27275000.0,0.0,42000.0,55183000.0,56357000.0,333000.0,4468000.0,-9712000.0,-0.23026768143775042,-14180000.0,-0.33620219550940084,3475000.0,-11038000.0,-0.2617066173506888,6580000.0,-17618000.0,-0.417715816677336,-0.45,-0.55,39325913.0,40089779.0,https://www.sec.gov/Archives/edgar/data/1438533/000143853318000006/0001438533-18-000006-index.html,https://www.sec.gov/Archives/edgar/data/1438533/000143853318000006/rtrx-20171231x10k.htm,1620597452,17:57:32,20210509
12,2017-09-30,RTRX,USD,2017-11-07 00:00:00,2017-11-07 16:50:56,Q3,40340000.0,925000.0,39415000.0,0.9770699058006941,19610000.0,24852000.0,0.0,557000.0,48891000.0,49816000.0,65000.0,4615000.0,-4861000.0,-0.12050074367873079,-9476000.0,-0.2349033217649975,-9476000.0,-19017000.0,-0.471417947446703,-1223000.0,-17794000.0,-0.44110064452156666,-0.46,-0.46,38654086.0,38654086.0,https://www.sec.gov/Archives/edgar/data/1438533/000143853317000034/0001438533-17-000034-index.html,https://www.sec.gov/Archives/edgar/data/1438533/000143853317000034/rtrx-20170930x10q.htm,1620597452,17:57:32,20210509
13,2017-06-30,RTRX,USD,2017-08-09 00:00:00,2017-08-09 16:59:53,Q2,38800000.0,797000.0,38003000.0,0.979458762886598,19482000.0,28835000.0,0.0,382000.0,51601000.0,52398000.0,658000.0,4437000.0,-9161000.0,-0.2361082474226804,-13598000.0,-0.3504639175257732,-898000.0,-15154000.0,-0.3905670103092784,-1925000.0,-13229000.0,-0.34095360824742266,-0.34,-0.34,39041145.0,39041145.0,https://www.sec.gov/Archives/edgar/data/1438533/000143853317000029/0001438533-17-000029-index.html,https://www.sec.gov/Archives/edgar/data/1438533/000143853317000029/rtrx-20170630x10q.htm,1620597452,17:57:32,20210509
14,2017-03-31,RTRX,USD,2017-05-05 00:00:00,2017-05-04 17:43:35,Q1,33620000.0,709000.0,32911000.0,0.9789113622843546,20860000.0,23115000.0,0.0,126000.0,47319000.0,48028000.0,132000.0,4284000.0,-10124000.0,-0.3011302795954789,-14408000.0,-0.4285544318857823,1386000.0,-13154000.0,-0.3912552052349792,-2064000.0,-11090000.0,-0.3298631766805473,-0.29,-0.32,38045317.0,39158922.0,https://www.sec.gov/Archives/edgar/data/1438533/000143853317000017/0001438533-17-000017-index.html,https://www.sec.gov/Archives/edgar/data/1438533/000143853317000017/rtrx-20170331x10q.htm,1620597452,17:57:32,20210509
15,2016-12-31,RTRX,USD,2017-03-01 00:00:00,2017-03-01 17:08:14,Q4,37326000.0,1203000.0,36123000.0,0.9677704549107861,20078000.0,26625000.0,0.0,-420000.0,54345000.0,55548000.0,0.0,4182000.0,-14040000.0,-0.37614531425815784,-18222000.0,-0.4881851792316348,6084000.0,-12288000.0,-0.3292075229062852,-3685000.0,-8603000.0,-0.23048277340191822,-0.22612507079386407,-0.22612507079386407,38045317.0,38045317.0,https://www.sec.gov/Archives/edgar/data/1438533/000143853317000005/0001438533-17-000005-index.html,https://www.sec.gov/Archives/edgar/data/1438533/000143853317000005/rtrx-20161231x10k.htm,1620597452,17:57:32,20210509
16,2016-09-30,RTRX,USD,2016-11-04 00:00:00,2016-11-04 15:01:55,Q3,33945000.0,1573000.0,32372000.0,0.953660332891442,18428000.0,29060000.0,0.0,151000.0,52744000.0,54317000.0,299000.0,4095000.0,-16277000.0,-0.4795109736338194,-20372000.0,-0.6001472970982472,-9975000.0,-30646000.0,-0.9028133745765209,6467000.0,-37113000.0,-1.0933274414494034,-1.0,-1.0,36980356.0,36980356.0,https://www.sec.gov/Archives/edgar/data/1438533/000162828016020847/0001628280-16-020847-index.html,https://www.sec.gov/Archives/edgar/data/1438533/000162828016020847/rtrx-20160930x10q.htm,1620597452,17:57:32,20210509
17,2016-06-30,RTRX,USD,2016-08-05 00:00:00,2016-08-04 18:54:27,Q2,33311000.0,1021000.0,32290000.0,0.9693494641409744,17675000.0,23205000.0,0.0,-206000.0,43669000.0,44690000.0,147000.0,3967000.0,-7412000.0,-0.2225090810843265,-11379000.0,-0.3415988712437333,-9269000.0,-20795000.0,-0.6242682597340218,-7392000.0,-13403000.0,-0.40235958091921586,-0.37,-0.37,36683429.0,36683429.0,https://www.sec.gov/Archives/edgar/data/1438533/000162828016018545/0001628280-16-018545-index.html,https://www.sec.gov/Archives/edgar/data/1438533/000162828016018545/rtrx-20160630x10q.htm,1620597452,17:57:32,20210509
18,2016-03-31,RTRX,USD,2016-05-05 00:00:00,2016-05-05 17:22:54,Q1,29008000.0,757000.0,28251000.0,0.973903750689465,14672000.0,19125000.0,0.0,210000.0,36492000.0,37249000.0,163000.0,3891000.0,-4350000.0,-0.14995863210148924,-8241000.0,-0.28409404302261443,14550000.0,6146000.0,0.21187258687258687,-5070000.0,11216000.0,0.3866519580805295,0.31,-0.08,36520186.0,37947479.0,https://www.sec.gov/Archives/edgar/data/1438533/000162828016015744/0001628280-16-015744-index.html,https://www.sec.gov/Archives/edgar/data/1438533/000162828016015744/rtrx-20160331x10q.htm,1620597452,17:57:32,20210509
19,2015-12-31,RTRX,USD,2016-02-26 00:00:00,2016-02-26 17:25:41,Q4,30448000.0,761000.0,29687000.0,0.9750065685759327,15452000.0,22685000.0,0.0,-331000.0,44889000.0,45650000.0,333000.0,3975000.0,-11227000.0,-0.3687270099842354,-15202000.0,-0.49927745664739887,2542000.0,-12993000.0,-0.42672753547031006,-10524000.0,-2469000.0,-0.08108906988964792,-0.07,-0.14,36260106.0,37985347.0,https://www.sec.gov/Archives/edgar/data/1438533/000162828016011857/0001628280-16-011857-index.html,https://www.sec.gov/Archives/edgar/data/1438533/000162828016011857/rtrx-201510k.htm,1620597452,17:57:32,20210509
20,2015-09-30,RTRX,USD,2015-11-06 00:00:00,2015-11-06 15:55:33,Q3,28005000.0,513000.0,27492000.0,0.98168184252812,14064000.0,22308000.0,0.0,-314000.0,43278000.0,43791000.0,695000.0,3881000.0,-11905000.0,-0.425102660239243,-15786000.0,-0.5636850562399571,160820000.0,144339000.0,5.154043920728442,38761000.0,105578000.0,3.7699696482770935,2.95,1.78,35741877.0,42752859.0,https://www.sec.gov/Archives/edgar/data/1438533/000162828015008436/0001628280-15-008436-index.html,https://www.sec.gov/Archives/edgar/data/1438533/000162828015008436/rtrx-20150930x10q.htm,1620597452,17:57:32,20210509
21,2015-06-30,RTRX,USD,2015-08-10 00:00:00,2015-08-07 20:56:50,Q2,24068000.0,637000.0,23431000.0,0.9735333222536148,10563000.0,19692000.0,0.0,402000.0,30255000.0,30892000.0,2922000.0,3757253.0,-3066747.0,-0.12742010137942497,-6824000.0,-0.2835299983380422,-15766000.0,-25512000.0,-1.0599966760844275,15000.0,-25527000.0,-1.0606199102542795,-0.73,-0.73,34957134.0,34957134.0,https://www.sec.gov/Archives/edgar/data/1438533/000157104915006497/0001571049-15-006497-index.html,https://www.sec.gov/Archives/edgar/data/1438533/000157104915006497/t1501774_10q.htm,1620597452,17:57:32,20210509
22,2015-03-31,RTRX,USD,2015-05-11 00:00:00,2015-05-11 17:11:25,Q1,17371800.0,274447.0,17097353.0,0.9842015795714895,10346456.0,14855340.0,0.0,0.0,25201796.0,25476243.0,3798533.0,1778747.0,-6325696.0,-0.3641358984100669,-8104443.0,-0.46652868441957657,12136814.0,-366162.0,-0.021077953925327256,-40021151.0,39654989.0,2.2827219401558847,1.46,1.32,27157883.0,30380694.0,https://www.sec.gov/Archives/edgar/data/1438533/000157104915003959/0001571049-15-003959-index.html,https://www.sec.gov/Archives/edgar/data/1438533/000157104915003959/t1501048_10q.htm,1620597452,17:57:32,20210509
23,2014-12-31,RTRX,USD,2015-03-11,2015-03-11 06:05:35,Q4,14084988.0,337708.0,13747280.0,0.976023550747789,14191777.0,18464186.0,0.0,0.0,32655963.0,32993671.0,0.0,1858229.0,-17050454.0,-1.210540896449468,-18908683.0,-1.3424706503122332,-7702724.0,-29238783.0,-2.0758827057573637,0.0,-29238783.0,-2.0758827057573637,-1.076622319935615,-1.076622319935615,27157883.0,27157883.0,https://www.sec.gov/Archives/edgar/data/1438533/000157104915001817/t1500483_10k.htm,https://www.sec.gov/Archives/edgar/data/1438533/000157104915001817/t1500483_10k.htm,1620597452,17:57:32,20210509
24,2014-09-30,RTRX,USD,2014-11-13 00:00:00,2014-11-13 17:21:34,Q3,8348583.0,197411.0,8151172.0,0.9763539513232365,13018729.0,18575982.0,0.0,0.0,31594711.0,31792122.0,2629101.0,1850203.0,-21593336.0,-2.586467188503726,-23443539.0,-2.8080859949526764,6528840.0,-19556300.0,-2.342469374742995,0.0,-19556300.0,-2.342469374742995,-0.73,-0.89,26682510.0,28210225.0,https://www.sec.gov/Archives/edgar/data/1438533/000157104914006312/0001571049-14-006312-index.html,https://www.sec.gov/Archives/edgar/data/1438533/000157104914006312/t1401981_10q.htm,1620597452,17:57:32,20210509
25,2014-06-30,RTRX,USD,2014-08-14 00:00:00,2014-08-13 18:42:15,Q2,5741734.0,1207395.0,4534339.0,0.7897159638534282,13697991.0,11141452.0,0.0,0.0,25038062.0,26245457.0,2178937.0,1565419.0,-18938304.0,-3.2983596941272446,-20503723.0,-3.570998412674638,33348763.0,5957823.0,1.0376347981289276,-2525124.0,8482947.0,1.4774190166245946,0.33,-0.9,25635277.0,27326442.0,https://www.sec.gov/Archives/edgar/data/1438533/000119380514001682/0001193805-14-001682-index.html,https://www.sec.gov/Archives/edgar/data/1438533/000119380514001682/e612615_10q-retrophin.htm,1620597452,17:57:32,20210509
26,2014-03-31,RTRX,USD,2014-05-15 00:00:00,2014-05-15 17:13:04,Q1,27900.0,900.0,27000.0,0.967741935483871,6886726.0,10092022.0,0.0,0.0,16978748.0,16979648.0,0.0,127187.0,-16824561.0,-603.0308602150537,-16951748.0,-607.5895340501792,-53609138.0,-70560350.0,-2529.0448028673836,65376.0,-70625726.0,-2531.388028673835,-3.03,-3.03,23334967.0,23334967.0,https://www.sec.gov/Archives/edgar/data/1438533/000119380514000998/0001193805-14-000998-index.html,https://www.sec.gov/Archives/edgar/data/1438533/000119380514000998/e612271_10q-retrophin.htm,1620597452,17:57:32,20210509
27,2013-12-31,RTRX,USD,2014-03-28,2014-03-28 16:31:48,Q4,0.0,0.0,0.0,0.0,4970196.0,6497003.0,0.0,0.0,11467199.0,11467199.0,0.0,56865.0,-11410334.0,0.0,-11467199.0,0.0,-1586509.0,-13058498.0,0.0,0.0,-13134273.0,0.0,-0.5628580061844527,-0.5628580061844527,23334967.0,23334967.0,https://www.sec.gov/Archives/edgar/data/1438533/000119380514000650/e612056_10k-retrophin.htm,https://www.sec.gov/Archives/edgar/data/1438533/000119380514000650/e612056_10k-retrophin.htm,1620597452,17:57:32,20210509
28,2013-09-30,RTRX,USD,2013-11-13 00:00:00,2013-11-12 19:15:58,Q3,0.0,0.0,0.0,0.0,1399875.0,3754611.0,0.0,0.0,5154486.0,5154486.0,0.0,53821.0,-5100665.0,0.0,-5154486.0,0.0,-5743317.0,-10897799.0,0.0,0.0,-10897799.0,0.0,-0.71,-0.71,15365631.0,15365631.0,https://www.sec.gov/Archives/edgar/data/1438533/000119380513002068/0001193805-13-002068-index.html,https://www.sec.gov/Archives/edgar/data/1438533/000119380513002068/e611529_10q-retrophin.htm,1620597452,17:57:32,20210509
29,2013-06-30,RTRX,USD,2013-07-24 00:00:00,2013-07-24 15:50:14,Q2,0.0,0.0,0.0,0.0,0.0,5099902.0,0.0,0.0,5099902.0,5099902.0,0.0,53139.0,-5046763.0,0.0,-5099902.0,0.0,51384.0,-5048513.0,0.0,0.0,-5048513.0,0.0,-0.41,-0.41,12253599.0,12253599.0,https://www.sec.gov/Archives/edgar/data/1438533/000119380513001332/0001193805-13-001332-index.html,https://www.sec.gov/Archives/edgar/data/1438533/000119380513001332/e611138_10q-retrophin.htm,1620597452,17:57:32,20210509
30,2013-03-31,RTRX,USD,2013-06-13 00:00:00,2013-06-13 16:38:35,Q1,0.0,0.0,0.0,0.0,0.0,2250484.0,0.0,0.0,2250484.0,2250484.0,41563.0,52168.0,-2198316.0,0.0,-2250484.0,0.0,-2450875.0,-4742922.0,0.0,0.0,-4742922.0,0.0,-0.44,-0.44,10697129.0,10697129.0,https://www.sec.gov/Archives/edgar/data/1438533/000119380513001119/0001193805-13-001119-index.html,https://www.sec.gov/Archives/edgar/data/1438533/000119380513001119/e611009_10k-retrophin.htm,1620597452,17:57:32,20210509
31,2012-12-31,RTRX,USD,2013-03-06 00:00:00,2013-03-06 16:52:13,Q4,0.0,0.0,0.0,0.0,524000.0,1292296.0,0.0,28440721.0,30257017.0,30257017.0,105917.0,124885.0,-30343731115.0,0.0,-30343856000.0,0.0,0.0,-30343856000.0,0.0,-1906.0,-30343856000.0,0.0,-1238.955739582386,-8285.885147212784,24491477.0,3662114.0,https://www.sec.gov/Archives/edgar/data/1438533/000119380513000588/0001193805-13-000588-index.html,https://www.sec.gov/Archives/edgar/data/1438533/000119380513000588/e610664_10q-retrophin.htm,1620597452,17:57:32,20210509
32,2012-11-30,RTRX,USD,2013-03-06,2013-03-06 16:52:13,Q4,0.0,0.0,0.0,0.0,0.0,3161.0,0.0,0.0,3161.0,3161.0,500.0,0.0,-3161.0,0.0,-3161.0,0.0,0.0,-3661.0,0.0,0.0,-3661.0,0.0,-0.03,-0.03,106695.0,106695.0,https://www.sec.gov/Archives/edgar/data/1438533/000119380513000588/e610664_10q-retrophin.htm,https://www.sec.gov/Archives/edgar/data/1438533/000119380513000588/e610664_10q-retrophin.htm,1620597452,17:57:32,20210509
33,2012-08-31,RTRX,USD,2012-10-10 00:00:00,2012-10-10 10:21:24,Q3,0.0,0.0,0.0,0.0,0.0,3000.0,0.0,0.0,3000.0,3000.0,500.0,0.0,-3000.0,0.0,-3000.0,0.0,0.0,-3500.0,0.0,0.0,-3500.0,0.0,-0.03,-0.03,106695.0,106695.0,https://www.sec.gov/Archives/edgar/data/1438533/000122527912000219/0001225279-12-000219-index.html,https://www.sec.gov/Archives/edgar/data/1438533/000122527912000219/f121010desertgateway10q08312.htm,1620597452,17:57:32,20210509
34,2012-05-31,RTRX,USD,2012-08-08 00:00:00,2012-08-08 15:37:52,Q2,0.0,0.0,0.0,0.0,0.0,3009.0,0.0,0.0,3009.0,3009.0,500.0,0.0,-3009.0,0.0,-3009.0,0.0,0.0,-3509.0,0.0,0.0,-3509.0,0.0,-0.03,-0.03,106681.0,106681.0,https://www.sec.gov/Archives/edgar/data/1438533/000122527912000193/0001225279-12-000193-index.html,https://www.sec.gov/Archives/edgar/data/1438533/000122527912000193/f120710desertgateway10q05312.htm,1620597452,17:57:32,20210509
35,2012-02-29,RTRX,USD,2012-05-24,2012-05-24 15:14:08,Q1,0.0,0.0,0.0,0.0,0.0,3758.0,0.0,0.0,3758.0,3758.0,500.0,0.0,-3758.0,0.0,-3758.0,0.0,0.0,-4258.0,0.0,0.0,-4258.0,0.0,-0.03991338663867043,-0.03991338663867043,106681.0,106681.0,https://www.sec.gov/Archives/edgar/data/1438533/000122527912000073/f120523desertgateway10k02292.htm,https://www.sec.gov/Archives/edgar/data/1438533/000122527912000073/f120523desertgateway10k02292.htm,1620597452,17:57:32,20210509
36,2011-11-30,RTRX,USD,2012-01-11 00:00:00,2012-01-11 17:06:38,Q4,0.0,0.0,0.0,0.0,0.0,3018.0,0.0,0.0,3018.0,3018.0,500.0,0.0,-3018.0,0.0,-3018.0,0.0,0.0,-3518.0,0.0,0.0,-3518.0,0.0,-0.003668,-0.003668,959127.0,959127.0,https://www.sec.gov/Archives/edgar/data/1438533/000122527912000017/0001225279-12-000017-index.html,https://www.sec.gov/Archives/edgar/data/1438533/000122527912000017/f120110desertgateway10q11302.htm,1620597452,17:57:32,20210509
37,2011-08-31,RTRX,USD,2011-10-13 00:00:00,2011-10-12 18:24:19,Q3,0.0,0.0,0.0,0.0,0.0,3025.0,0.0,0.0,0.0,0.0,0.0,0.0,0.0,0.0,0.0,0.0,0.0,-3525.0,0.0,0.0,-3525.0,0.0,-0.033077161275793146,-0.033077161275793146,106569.0,106569.0,https://www.sec.gov/Archives/edgar/data/1438533/000122527911000128/0001225279-11-000128-index.html,https://www.sec.gov/Archives/edgar/data/1438533/000122527911000128/f111012desertgateway10q08312.htm,1620597452,17:57:32,20210509
38,2011-05-31,RTRX,USD,2011-07-07 00:00:00,2011-07-07 17:11:03,Q2,0.0,0.0,0.0,0.0,0.0,3024.0,0.0,0.0,3024.0,3024.0,500.0,0.0,-3024.0,0.0,-3024.0,0.0,0.0,-3524.0,0.0,0.0,-3524.0,0.0,-0.03,-0.03,106681.0,106681.0,https://www.sec.gov/Archives/edgar/data/1438533/000122527911000099/0001225279-11-000099-index.html,https://www.sec.gov/Archives/edgar/data/1438533/000122527911000099/f110706desertgateway10q05312.htm,1620597452,17:57:32,20210509
39,2011-02-28,RTRX,USD,2011-05-25 00:00:00,2011-05-25 14:15:11,Q1,0.0,0.0,0.0,0.0,0.0,3580.0,0.0,0.0,3580.0,3580.0,500.0,0.0,-3580.0,0.0,-3580.0,0.0,0.0,-4080.0,0.0,0.0,-4080.0,0.0,-0.03824486084682371,-0.03824486084682371,106681.0,106681.0,https://www.sec.gov/Archives/edgar/data/1438533/000122527911000079/0001225279-11-000079-index.html,https://www.sec.gov/Archives/edgar/data/1438533/000122527911000079/f110525dg10k02282011.htm,1620597452,17:57:32,20210509
40,2010-11-30,RTRX,USD,2011-01-19,2011-01-19 15:25:13,Q4,0.0,0.0,0.0,0.0,0.0,3091.0,0.0,0.0,3091.0,3091.0,2581.0,0.0,-3091.0,0.0,-3091.0,0.0,0.0,-5672.0,0.0,0.0,-5672.0,0.0,-0.005914,-0.005914,959127.0,959127.0,https://www.sec.gov/Archives/edgar/data/1438533/000122527911000029/f11011910q11302010desertgate.htm,https://www.sec.gov/Archives/edgar/data/1438533/000122527911000029/f11011910q11302010desertgate.htm,1620597452,17:57:32,20210509
41,2010-08-31,RTRX,USD,2010-10-28 00:00:00,2010-10-28 14:54:25,Q3,0.0,0.0,0.0,0.0,0.0,3000.0,0.0,0.0,0.0,0.0,0.0,0.0,0.0,0.0,0.0,0.0,0.0,-6626.0,0.0,0.0,-6626.0,0.0,-0.062175679606639826,-0.062175679606639826,106569.0,106569.0,https://www.sec.gov/Archives/edgar/data/1438533/000122527910000210/0001225279-10-000210-index.html,https://www.sec.gov/Archives/edgar/data/1438533/000122527910000210/f10102510q08312010desertgate.htm,1620597452,17:57:32,20210509
42,2010-05-31,RTRX,USD,2010-10-28,2010-10-28 14:54:13,Q2,0.0,0.0,0.0,0.0,0.0,3018.0,0.0,0.0,0.0,0.0,0.0,0.0,0.0,0.0,0.0,0.0,0.0,-6644.0,0.0,0.0,-6644.0,0.0,-0.06234458425996303,-0.06234458425996303,106569.0,106569.0,https://www.sec.gov/Archives/edgar/data/1438533/000122527910000208/f101025desertgateway10k02282.htm,https://www.sec.gov/Archives/edgar/data/1438533/000122527910000208/f101025desertgateway10k02282.htm,1620597452,17:57:32,20210509
43,2010-02-28,RTRX,USD,2010-10-28,2010-10-28 14:53:59,Q4,0.0,0.0,0.0,0.0,0.0,13478000.0,0.0,0.0,13478000.0,27978000.0,0.0,3122000.0,-24856000.0,0.0,-27978000.0,0.0,0.0,-27978000.0,0.0,0.0,-27978000.0,0.0,-0.29171,-0.29171,95910983.0,95910983.0,https://www.sec.gov/Archives/edgar/data/1438533/000122527910000208/0001225279-10-000208-index.htm,https://www.sec.gov/Archives/edgar/data/1438533/000122527910000208/f101025desertgateway10k02282.htm,1620597452,17:57:32,20210509
44,2009-11-30,RTRX,USD,2010-10-28,2010-10-28 14:53:45,Q1,0.0,0.0,0.0,0.0,0.0,3018000.0,0.0,0.0,3018000.0,6644000.0,0.0,9378000.0,2734000.0,0.0,-6644000.0,0.0,0.0,-6644000.0,0.0,0.0,-6644000.0,0.0,-0.06927,-0.06927,95910983.0,95910983.0,https://www.sec.gov/Archives/edgar/data/1438533/000122527910000207/0001225279-10-000207-index.htm,https://www.sec.gov/Archives/edgar/data/1438533/000122527910000207/f10102510q11302009desertgate.htm,1620597452,17:57:32,20210509
45,2009-08-31,RTRX,USD,2010-10-28,2010-10-28 14:53:34,Q2,0.0,0.0,0.0,0.0,0.0,7087000.0,0.0,0.0,7087000.0,14339000.0,0.0,3126000.0,-11213000.0,0.0,-14339000.0,0.0,0.0,-14339000.0,0.0,0.0,-14339000.0,0.0,-0.1495,-0.1495,95910983.0,95910983.0,https://www.sec.gov/Archives/edgar/data/1438533/000122527910000206/0001225279-10-000206-index.htm,https://www.sec.gov/Archives/edgar/data/1438533/000122527910000206/f10102510q08312009desertgate.htm,1620597452,17:57:32,20210509
46,2009-05-31,RTRX,USD,2010-10-28,2010-10-28 14:53:23,Q1,0.0,0.0,0.0,0.0,0.0,4019000.0,0.0,0.0,4019000.0,7645000.0,0.0,3126000.0,-4519000.0,0.0,-7645000.0,0.0,0.0,-7645000.0,0.0,0.0,-7645000.0,0.0,-0.07971,-0.07971,95910983.0,95910983.0,https://www.sec.gov/Archives/edgar/data/1438533/000122527910000205/0001225279-10-000205-index.htm,https://www.sec.gov/Archives/edgar/data/1438533/000122527910000204/f101025desertgateway10k02282.htm,1620597452,17:57:32,20210509
47,2009-02-28,RTRX,USD,2010-10-28,2010-10-28 14:53:09,Q4,0.0,0.0,0.0,0.0,0.0,13432000.0,0.0,0.0,13432000.0,18266000.0,0.0,-1042000.0,-19308000.0,0.0,-18266000.0,0.0,0.0,-18266000.0,0.0,0.0,-18266000.0,0.0,-0.19045,-0.19045,95910983.0,95910983.0,https://www.sec.gov/Archives/edgar/data/1438533/000122527910000204/0001225279-10-000204-index.htm,https://www.sec.gov/Archives/edgar/data/1438533/000122527910000204/f101025desertgateway10k02282.htm,1620597452,17:57:32,20210509
48,2008-11-30,RTRX,USD,2010-10-28,2010-10-28 14:52:50,Q3,0.0,0.0,0.0,0.0,0.0,10677000.0,0.0,0.0,10677000.0,10677000.0,0.0,1042000.0,-9635000.0,0.0,-10677000.0,0.0,0.0,-10677000.0,0.0,0.0,-10677000.0,0.0,-0.11132,-0.11132,95910983.0,95910983.0,https://www.sec.gov/Archives/edgar/data/1438533/000122527910000203/0001225279-10-000203-index.htm,https://www.sec.gov/Archives/edgar/data/1438533/000122527910000203/f10102510q11302008desertgate.htm,1620597452,17:57:32,20210509
49,2008-08-31,RTRX,USD,2010-10-28,2010-10-28 14:52:36,Q2,0.0,0.0,0.0,0.0,0.0,6426000.0,0.0,0.0,6426000.0,6426000.0,0.0,0.0,-6426000.0,0.0,-6426000.0,0.0,0.0,-6426000.0,0.0,0.0,-6426000.0,0.0,-0.067,-0.067,95910983.0,95910983.0,https://www.sec.gov/Archives/edgar/data/1438533/000122527910000202/0001225279-10-000202-index.htm,https://www.sec.gov/Archives/edgar/data/1438533/000122527910000202/f10102510q08312008desertgate.htm,1620597452,17:57:32,20210509
