,date,symbol,reportedCurrency,fillingDate,acceptedDate,period,revenue,costOfRevenue,grossProfit,grossProfitRatio,researchAndDevelopmentExpenses,generalAndAdministrativeExpenses,sellingAndMarketingExpenses,otherExpenses,operatingExpenses,costAndExpenses,interestExpense,depreciationAndAmortization,ebitda,ebitdaratio,operatingIncome,operatingIncomeRatio,totalOtherIncomeExpensesNet,incomeBeforeTax,incomeBeforeTaxRatio,incomeTaxExpense,netIncome,netIncomeRatio,eps,epsdiluted,weightedAverageShsOut,weightedAverageShsOutDil,link,finalLink,timestamp,est_time,est_date
0,2020-06-30,AIMT,USD,2020-07-31,2020-07-30 21:20:34,Q2,0.0,4850000.0,-4850000.0,0.0,23047000.0,38094000.0,0.0,-148000.0,61141000.0,65991000.0,3212000.0,1440000.0,-64551000.0,0.0,-65991000.0,0.0,-148000.0,-68923000.0,0.0,321000.0,-69244000.0,0.0,-1.06,-1.06,65182000,65182000,https://www.sec.gov/Archives/edgar/data/1631650/000156459020034973/aimt-10q_20200630.htm,https://www.sec.gov/Archives/edgar/data/1631650/000156459020034973/aimt-10q_20200630.htm,1620586383,14:53:03,20210509
1,2020-03-31,AIMT,USD,2020-05-11 00:00:00,2020-05-11 16:14:38,Q1,575000.0,257000.0,318000.0,0.5530434782608695,36463000.0,49138000.0,0.0,221000.0,85601000.0,85858000.0,2229000.0,1298000.0,-83985000.0,-146.0608695652174,-85283000.0,-148.31826086956522,221000.0,-86313000.0,-150.1095652173913,119000.0,-86432000.0,-150.31652173913042,-1.34,-1.34,64514000,64514000,https://www.sec.gov/Archives/edgar/data/1631650/000156459020024196/0001564590-20-024196-index.html,https://www.sec.gov/Archives/edgar/data/1631650/000156459020024196/aimt-10q_20200331.htm,1620586383,14:53:03,20210509
2,2019-12-31,AIMT,USD,2020-02-27 00:00:00,2020-02-27 16:18:07,Q4,0.0,0.0,0.0,0.0,30125000.0,36861000.0,0.0,1156000.0,66986000.0,66986000.0,1250000.0,1178000.0,-65808000.0,0.0,-66986000.0,0.0,1156000.0,-66155000.0,0.0,743000.0,-66898000.0,0.0,-1.06,-1.06,63249000,63249000,https://www.sec.gov/Archives/edgar/data/1631650/000156459020007384/0001564590-20-007384-index.html,https://www.sec.gov/Archives/edgar/data/1631650/000156459020007384/aimt-10k_20191231.htm,1620586383,14:53:03,20210509
3,2019-09-30,AIMT,USD,2019-11-06 00:00:00,2019-11-06 16:25:21,Q3,0.0,0.0,0.0,0.0,30558000.0,34044000.0,0.0,0.0,64602000.0,64602000.0,0.0,1157000.0,-63445000.0,0.0,-64602000.0,0.0,0.0,-64559000.0,0.0,-104000.0,-64455000.0,0.0,-1.03,-1.03,62615000,62615000,https://www.sec.gov/Archives/edgar/data/1631650/000156459019041059/0001564590-19-041059-index.html,https://www.sec.gov/Archives/edgar/data/1631650/000156459019041059/aimt-10q_20190930.htm,1620586383,14:53:03,20210509
4,2019-06-30,AIMT,USD,2019-08-08,2019-08-08 16:14:56,Q2,0.0,0.0,0.0,0.0,31988000.0,31200000.0,0.0,0.0,63188000.0,63188000.0,0.0,1085000.0,-62103000.0,0.0,-63188000.0,0.0,0.0,-62830000.0,0.0,48000.0,-62878000.0,0.0,-1.01,-1.01,62332000,62332000,https://www.sec.gov/Archives/edgar/data/1631650/000156459019030786/aimt-10q_20190630.htm,https://www.sec.gov/Archives/edgar/data/1631650/000156459019030786/aimt-10q_20190630.htm,1620586383,14:53:03,20210509
5,2019-03-31,AIMT,USD,2019-05-08 00:00:00,2019-05-08 16:13:35,Q1,0.0,0.0,0.0,0.0,31316000.0,23712000.0,0.0,0.0,55028000.0,55028000.0,0.0,666000.0,-54362000.0,0.0,-55028000.0,0.0,0.0,-54237000.0,0.0,29000.0,-54266000.0,0.0,-0.87,-0.87,62022000,62022000,https://www.sec.gov/Archives/edgar/data/1631650/000156459019017202/0001564590-19-017202-index.html,https://www.sec.gov/Archives/edgar/data/1631650/000156459019017202/aimt-10q_20190331.htm,1620586383,14:53:03,20210509
6,2018-12-31,AIMT,USD,2019-02-28 00:00:00,2019-02-28 16:51:35,Q4,0.0,0.0,0.0,0.0,33029000.0,25404000.0,0.0,0.0,58433000.0,58433000.0,0.0,477000.0,-57956000.0,0.0,-58433000.0,0.0,0.0,-57016000.0,0.0,-18000.0,-56998000.0,0.0,-0.95,-0.95,59780000,59780000,https://www.sec.gov/Archives/edgar/data/1631650/000156459019005514/0001564590-19-005514-index.html,https://www.sec.gov/Archives/edgar/data/1631650/000156459019005514/aimt-10k_20181231.htm,1620586383,14:53:03,20210509
7,2018-09-30,AIMT,USD,2018-11-08 00:00:00,2018-11-08 16:20:05,Q3,0.0,0.0,0.0,0.0,31691000.0,21285000.0,0.0,0.0,52976000.0,52976000.0,0.0,383000.0,-52593000.0,0.0,-52976000.0,0.0,0.0,-51673000.0,0.0,29000.0,-51702000.0,0.0,-0.89,-0.89,58274000,58274000,https://www.sec.gov/Archives/edgar/data/1631650/000156459018028572/0001564590-18-028572-index.html,https://www.sec.gov/Archives/edgar/data/1631650/000156459018028572/aimt-10q_20180930.htm,1620586383,14:53:03,20210509
8,2018-06-30,AIMT,USD,2018-08-08 00:00:00,2018-08-08 16:25:37,Q2,0.0,0.0,0.0,0.0,35254000.0,18559000.0,0.0,0.0,53813000.0,53813000.0,0.0,382000.0,-53431000.0,0.0,-53813000.0,0.0,0.0,-52519000.0,0.0,33000.0,-52552000.0,0.0,-0.91,-0.91,57903000,57903000,https://www.sec.gov/Archives/edgar/data/1631650/000156459018020513/0001564590-18-020513-index.html,https://www.sec.gov/Archives/edgar/data/1631650/000156459018020513/aimt-10q_20180630.htm,1620586383,14:53:03,20210509
9,2018-03-31,AIMT,USD,2018-05-08 00:00:00,2018-05-08 16:16:26,Q1,0.0,0.0,0.0,0.0,33446000.0,16673000.0,0.0,0.0,50119000.0,50119000.0,0.0,356000.0,-49763000.0,0.0,-50119000.0,0.0,0.0,-49483000.0,0.0,17000.0,-49500000.0,0.0,-0.92,-0.92,53578000,53578000,https://www.sec.gov/Archives/edgar/data/1631650/000156459018011827/0001564590-18-011827-index.html,https://www.sec.gov/Archives/edgar/data/1631650/000156459018011827/aimt-10q_20180331.htm,1620586383,14:53:03,20210509
10,2017-12-31,AIMT,USD,2018-02-20 00:00:00,2018-02-20 16:02:38,Q4,0.0,0.0,0.0,0.0,28654000.0,12986000.0,0.0,0.0,41640000.0,41640000.0,0.0,263000.0,-41377000.0,0.0,-41640000.0,0.0,0.0,-41110000.0,0.0,0.0,-41166000.0,0.0,-0.7683377505692635,-0.7683377505692635,53578000,53578000,https://www.sec.gov/Archives/edgar/data/1631650/000156459018002466/0001564590-18-002466-index.html,https://www.sec.gov/Archives/edgar/data/1631650/000156459018002466/aimt-10k_20171231.htm,1620586383,14:53:03,20210509
11,2017-09-30,AIMT,USD,2017-11-06 00:00:00,2017-11-06 17:24:42,Q3,0.0,0.0,0.0,0.0,21063000.0,11226000.0,0.0,0.0,32289000.0,32289000.0,0.0,316000.0,-31973000.0,0.0,-32289000.0,0.0,0.0,-31792000.0,0.0,0.0,-31792000.0,0.0,-0.63,-0.63,50458000,50458000,https://www.sec.gov/Archives/edgar/data/1631650/000156459017021880/0001564590-17-021880-index.html,https://www.sec.gov/Archives/edgar/data/1631650/000156459017021880/aimt-10q_20170930.htm,1620586383,14:53:03,20210509
12,2017-06-30,AIMT,USD,2017-08-08 00:00:00,2017-08-08 16:20:02,Q2,0.0,0.0,0.0,0.0,22191000.0,10813000.0,0.0,0.0,33004000.0,33004000.0,0.0,243000.0,-32761000.0,0.0,-33004000.0,0.0,0.0,-32497000.0,0.0,0.0,-32497000.0,0.0,-0.65,-0.65,50230000,50230000,https://www.sec.gov/Archives/edgar/data/1631650/000156459017016541/0001564590-17-016541-index.html,https://www.sec.gov/Archives/edgar/data/1631650/000156459017016541/aimt-10q_20170630.htm,1620586383,14:53:03,20210509
13,2017-03-31,AIMT,USD,2017-05-08 00:00:00,2017-05-08 16:15:37,Q1,0.0,0.0,0.0,0.0,17417000.0,8924000.0,0.0,0.0,26341000.0,26341000.0,0.0,144000.0,-26197000.0,0.0,-26341000.0,0.0,0.0,-25870000.0,0.0,0.0,-25870000.0,0.0,-0.52,-0.52,50069000,50069000,https://www.sec.gov/Archives/edgar/data/1631650/000156459017009390/0001564590-17-009390-index.html,https://www.sec.gov/Archives/edgar/data/1631650/000156459017009390/aimt-10q_20170331.htm,1620586383,14:53:03,20210509
14,2016-12-31,AIMT,USD,2017-03-15 00:00:00,2017-03-15 17:22:45,Q4,0.0,0.0,0.0,0.0,16958000.0,8343000.0,0.0,0.0,25301000.0,25301000.0,0.0,141000.0,-25160000.0,0.0,-25301000.0,0.0,0.0,-25076000.0,0.0,0.0,-25076000.0,0.0,-0.55,-0.55,45491000,45491000,https://www.sec.gov/Archives/edgar/data/1631650/000156459017004466/0001564590-17-004466-index.html,https://www.sec.gov/Archives/edgar/data/1631650/000156459017004466/aimt-10k_20161231.htm,1620586383,14:53:03,20210509
15,2016-09-30,AIMT,USD,2016-11-14 00:00:00,2016-11-14 16:30:49,Q3,0.0,0.0,0.0,0.0,15888000.0,6353000.0,0.0,0.0,22241000.0,22241000.0,0.0,136000.0,-22105000.0,0.0,-22241000.0,0.0,0.0,-22086000.0,0.0,0.0,-22086000.0,0.0,-0.53,-0.53,41997000,41997000,https://www.sec.gov/Archives/edgar/data/1631650/000156459016029257/0001564590-16-029257-index.html,https://www.sec.gov/Archives/edgar/data/1631650/000156459016029257/aimt-10q_20160930.htm,1620586383,14:53:03,20210509
16,2016-06-30,AIMT,USD,2016-08-10 00:00:00,2016-08-10 16:45:15,Q2,0.0,0.0,0.0,0.0,11820000.0,6466000.0,0.0,-59000.0,18286000.0,18286000.0,25000.0,132000.0,-18154000.0,0.0,-18286000.0,0.0,-59000.0,-18139000.0,0.0,0.0,-18139000.0,0.0,-0.43,-0.43,41800000,41800000,https://www.sec.gov/Archives/edgar/data/1631650/000156459016023915/0001564590-16-023915-index.html,https://www.sec.gov/Archives/edgar/data/1631650/000156459016023915/aimt-10q_20160630.htm,1620586383,14:53:03,20210509
17,2016-03-31,AIMT,USD,2016-05-16 00:00:00,2016-05-16 16:16:28,Q1,0.0,0.0,0.0,0.0,9976000.0,5723000.0,0.0,-15000.0,15699000.0,15699000.0,24000.0,125000.0,-15574000.0,0.0,-15699000.0,0.0,-15000.0,-15523000.0,0.0,0.0,-15523000.0,0.0,-0.37,-0.37,41694000,41694000,https://www.sec.gov/Archives/edgar/data/1631650/000156459016019543/0001564590-16-019543-index.html,https://www.sec.gov/Archives/edgar/data/1631650/000156459016019543/aimt-10q_20160331.htm,1620586383,14:53:03,20210509
18,2015-12-31,AIMT,USD,2016-03-03 00:00:00,2016-03-03 16:36:41,Q4,0.0,0.0,0.0,0.0,10766000.0,5389000.0,0.0,0.0,16155000.0,16155000.0,0.0,55000.0,-16100000.0,0.0,-16155000.0,0.0,0.0,-16008000.0,0.0,0.0,-16008000.0,0.0,-0.39,-0.39,41576095,41576095,https://www.sec.gov/Archives/edgar/data/1631650/000156459016013998/0001564590-16-013998-index.html,https://www.sec.gov/Archives/edgar/data/1631650/000156459016013998/aimt-10k_20151231.htm,1620586383,14:53:03,20210509
19,2015-09-30,AIMT,USD,2015-11-04 00:00:00,2015-11-04 16:21:18,Q3,0.0,0.0,0.0,0.0,3850000.0,5174000.0,0.0,0.0,9024000.0,9024000.0,0.0,30000.0,-8994000.0,0.0,-9024000.0,0.0,0.0,-8991000.0,0.0,0.0,-8991000.0,0.0,-0.36,-0.36,25149428,25149428,https://www.sec.gov/Archives/edgar/data/1631650/000156459015009361/0001564590-15-009361-index.html,https://www.sec.gov/Archives/edgar/data/1631650/000156459015009361/aimt-10q_20150930.htm,1620586383,14:53:03,20210509
