,date,symbol,reportedCurrency,fillingDate,acceptedDate,period,revenue,costOfRevenue,grossProfit,grossProfitRatio,researchAndDevelopmentExpenses,generalAndAdministrativeExpenses,sellingAndMarketingExpenses,otherExpenses,operatingExpenses,costAndExpenses,interestExpense,depreciationAndAmortization,ebitda,ebitdaratio,operatingIncome,operatingIncomeRatio,totalOtherIncomeExpensesNet,incomeBeforeTax,incomeBeforeTaxRatio,incomeTaxExpense,netIncome,netIncomeRatio,eps,epsdiluted,weightedAverageShsOut,weightedAverageShsOutDil,link,finalLink,timestamp,est_time,est_date
0,2020-12-31,CERC,USD,2021-03-08,2021-03-08 16:40:27,Q4,1496192.0,79424.0,1416768.0,0.9469159038412183,12636141.0,4067000.0,549123.0,-37044.0,17755764.0,17835188.0,0.0,538296.0,-15800700.0,-10.560609868252202,-16338996.0,-10.920387223030199,-37044.0,-16327167.0,-10.912481152151596,-185431.0,-15642717.0,-10.455019810291727,-0.20814916529383934,-0.20814916529383934,75151476.0,75151476.0,https://www.sec.gov/Archives/edgar/data/1534120/000162828021004162/0001628280-21-004162-index.htm,https://www.sec.gov/Archives/edgar/data/1534120/000162828021004162/cerc-20201231.htm,1620590134,15:55:34,20210509
1,2020-09-30,CERC,USD,2020-11-09,2020-11-09 16:35:53,Q3,1110794.0,76636.0,1034158.0,0.9310079096574162,8871574.0,4573292.0,462318.0,18668.0,14310392.0,14387320.0,0.0,425933.0,-12850593.0,-11.568835445636184,-13276526.0,-11.952284582019708,18668.0,-13257858.0,-11.935478585588326,3282.0,-13458645.0,-12.11623847446061,-0.17,-0.17,75151476.0,75151476.0,https://www.sec.gov/Archives/edgar/data/1534120/000162828020016113/0001628280-20-016113-index.htm,https://www.sec.gov/Archives/edgar/data/1534120/000162828020016113/cerc-20200930.htm,1620590134,15:55:34,20210509
2,2020-06-30,CERC,USD,2020-08-06,2020-08-06 07:36:07,Q2,1337764.0,77580.0,1260184.0,0.9420077083850366,5916869.0,6101475.0,653265.0,395800.0,13075109.0,13152689.0,0.0,425933.0,-11388992.0,-8.51345379304571,-11814925.0,-8.83184552731274,-1473584.0,-13279798.0,-9.926861539105552,-453957.0,-13281304.0,-9.927987298208055,-0.19,-0.19,63058355.0,63058355.0,https://www.sec.gov/Archives/edgar/data/1534120/000162828020011892/0001628280-20-011892-index.htm,https://www.sec.gov/Archives/edgar/data/1534120/000162828020011892/cerc-20200630.htm,1620590134,15:55:34,20210509
3,2020-03-31,CERC,USD,2020-05-07,2020-05-07 16:04:22,Q1,2753865.0,66558.0,2687307.0,0.9758310592567174,4767750.0,2676000.0,676527.0,0.0,8550860.0,8617418.0,0.0,453016.0,-5410537.0,-1.9647066940463676,-5863553.0,-2.1292085850250464,-18458243.0,-24312006.0,-8.828321649754074,-2156855.0,-21117106.0,-7.668170371459748,-0.34,-0.34,55591903.0,55591903.0,https://www.sec.gov/Archives/edgar/data/1534120/000162828020006935/0001628280-20-006935-index.htm,https://www.sec.gov/Archives/edgar/data/1534120/000162828020003395/cerc10-k20191231.htm,1620590134,15:55:34,20210509
4,2019-12-31,CERC,USD,2020-03-11,2020-02-27 06:29:09,Q4,-8723772.0,-3807654.0,-4916118.0,0.5635312339662247,2906913.0,2344934.0,-7192254.0,1.0,-3796519.0,-7604173.0,0.0,617254.0,-502345.0,0.05758346274982886,-1119599.0,0.1283388653440278,1739386.0,1354737.0,-0.15529257298333793,-68111.0,1621054.0,-0.1858203080043816,0.029159894022696076,0.029159894022696076,55591903.0,55591903.0,https://www.sec.gov/Archives/edgar/data/1534120/000162828020003395/0001628280-20-003395-index.htm,https://www.sec.gov/Archives/edgar/data/1534120/000162828020003395/cerc10-k20191231.htm,1620590134,15:55:34,20210509
5,2019-09-30,CERC,USD,2019-11-14,2019-11-14 16:05:08,Q3,5613276.0,1435061.0,4178215.0,0.7443451916492259,1743435.0,2679396.0,2630545.0,-15000.0,8090790.0,9525851.0,0.0,1062890.0,-2849685.0,-0.5076687837904282,-3912575.0,-0.6970216679172733,217710.0,-3900803.0,-0.6949244968535309,115651.0,-4016454.0,-0.7155276170279173,-0.07,-0.07,43815910.0,43815910.0,https://www.sec.gov/Archives/edgar/data/1534120/000162828019014207/0001628280-19-014207-index.htm,https://www.sec.gov/Archives/edgar/data/1534120/000162828019014207/cerc10-q20190930.htm,1620590134,15:55:34,20210509
6,2019-06-30,CERC,USD,2019-08-08,2019-08-08 16:24:20,Q2,4449404.0,-141822.0,4591226.0,1.0318743813778204,3712596.0,2382007.0,2936851.0,0.0,10110301.0,9968479.0,0.0,1104945.0,-4414130.0,-0.9920721966357742,-5519075.0,-1.2404077040430583,-437861.0,-6156682.0,-1.3837093687154505,66417.0,-6223099.0,-1.398636536488932,-0.11,-0.11,43372474.0,43372474.0,https://www.sec.gov/Archives/edgar/data/1534120/000162828019010465/0001628280-19-010465-index.htm,https://www.sec.gov/Archives/edgar/data/1534120/000162828019010465/cerc10-q20190630.htm,1620590134,15:55:34,20210509
7,2019-03-31,CERC,USD,2019-05-09,2019-05-09 16:16:27,Q1,5411443.0,1947892.0,3463551.0,0.6400420368467339,3401189.0,2716983.0,3108902.0,-9400.0,10305921.0,12253813.0,0.0,1098478.0,-5743892.0,-1.0614344454889388,-6842370.0,-1.2644261428975598,-237379.0,-7287690.0,-1.3467184261203526,166358.0,-7454048.0,-1.377460318809604,-0.13,-0.13,41855597.0,41855597.0,https://www.sec.gov/Archives/edgar/data/1534120/000162828019006439/0001628280-19-006439-index.htm,https://www.sec.gov/Archives/edgar/data/1534120/000162828019003078/cerc10-k20181231.htm,1620590134,15:55:34,20210509
8,2018-12-31,CERC,USD,2019-03-18,2019-03-18 16:30:02,Q4,4984102.0,2080390.0,2903712.0,0.5825948184848544,2006283.0,2843269.0,2633324.0,-4998.0,8699481.0,10779871.0,0.0,1221547.0,-4574222.0,-0.917762517701283,-5795769.0,-1.1628512016808645,344825.0,-5684901.0,-1.1406068736153474,-125986.0,-5558915.0,-1.1153293010456047,-0.13281174797243964,-0.13281174797243964,41855597.0,41855597.0,https://www.sec.gov/Archives/edgar/data/1534120/000162828019003078/0001628280-19-003078-index.htm,https://www.sec.gov/Archives/edgar/data/1534120/000162828019003078/cerc10-k20181231.htm,1620590134,15:55:34,20210509
9,2018-09-30,CERC,USD,2018-11-13,2018-11-13 08:22:34,Q3,4074786.0,3111290.0,963496.0,0.23645315361346583,1047877.0,1884293.0,2310760.0,0.0,6308328.0,9419618.0,0.0,1070846.0,-4273986.0,-1.048886002847757,-5344832.0,-1.311684098256939,-18971477.0,-24551163.0,-6.02514168842241,52412.0,-24603575.0,-6.038004204392574,-0.71,-0.71,34648641.0,34648641.0,https://www.sec.gov/Archives/edgar/data/1534120/000162828018014190/0001628280-18-014190-index.htm,https://www.sec.gov/Archives/edgar/data/1534120/000162828018014190/cerc10-q20180930.htm,1620590134,15:55:34,20210509
10,2018-06-30,CERC,USD,2018-08-09,2018-08-09 07:40:22,Q2,4785138.0,1422957.0,3362181.0,0.7026298928055993,1082698.0,3041955.0,2042015.0,0.0,7399703.0,8822660.0,0.0,1239530.0,-2797992.0,-0.5847254561937398,-4037522.0,-0.8437629176002865,-1711196.0,-5991125.0,-1.252027632222937,16351.0,-6007476.0,-1.2554446705612252,-0.19,-0.19,32245281.0,32245281.0,https://www.sec.gov/Archives/edgar/data/1534120/000162828018010858/0001628280-18-010858-index.htm,https://www.sec.gov/Archives/edgar/data/1534120/000162828018010858/cerc10-q20180630.htm,1620590134,15:55:34,20210509
11,2018-03-31,CERC,USD,2018-05-11,2018-04-02 15:48:58,Q1,4482775.0,863624.0,3619151.0,0.8073461193122563,1649778.0,2918916.0,1524816.0,18655.0,7110918.0,7974542.0,0.0,1023040.0,-2468727.0,-0.5507140108526527,-3491767.0,-0.7789297923719125,-267365.0,-3859534.0,-0.8609698233794915,23313.0,-3882847.0,-0.866170396685089,-0.12,-0.12,31316246.0,31316246.0,https://www.sec.gov/Archives/edgar/data/1534120/000162828018006658/0001628280-18-006658-index.htm,https://www.sec.gov/Archives/edgar/data/1534120/000162828018003890/cerc10-k20171231.htm,1620590134,15:55:34,20210509
12,2017-12-31,CERC,USD,2018-04-02,2018-02-22 06:38:39,Q4,2233540.0,0.0,0.0,0.0,1961285.0,3993660.0,0.0,0.0,5954945.0,6590593.0,0.0,408426.0,-3948627.0,-1.7678783455859308,-4357053.0,-1.9507387376093555,-28038.0,-4355116.0,-1.9498715044279484,-1263481.0,-3091635.0,-1.3841860902423955,-0.09872303979218965,-0.09872303979218965,31316246.0,31316246.0,https://www.sec.gov/Archives/edgar/data/1534120/000162828018003890/0001628280-18-003890-index.htm,https://www.sec.gov/Archives/edgar/data/1534120/000162828018003890/cerc10-k20171231.htm,1620590134,15:55:34,20210509
13,2017-09-30,CERC,USD,2017-11-07,2017-11-03 06:29:47,Q3,25037592.0,0.0,0.0,0.0,964574.0,2151859.0,0.0,0.0,3116433.0,3116433.0,0.0,5361.0,21926520.0,0.875743961320242,21921159.0,0.8755298432852489,64.0,21950610.0,0.876706114549674,3230000.0,18720610.0,0.7477000983161639,0.52,0.52,35668397.0,35668397.0,https://www.sec.gov/Archives/edgar/data/1534120/000162828017010968/0001628280-17-010968-index.htm,https://www.sec.gov/Archives/edgar/data/1534120/000162828017010968/cerc0930201710q.htm,1620590134,15:55:34,20210509
14,2017-06-30,CERC,USD,2017-08-14,2017-08-03 06:34:47,Q2,157800.0,0.0,0.0,0.0,493649.0,1439146.0,0.0,0.0,1932795.0,1932795.0,0.0,5859.0,-1769136.0,-11.211254752851712,-1774995.0,-11.24838403041825,2111.0,-1798515.0,-11.397433460076046,0.0,-1798515.0,-11.397433460076046,-0.14,-0.14,13265877.0,13265877.0,https://www.sec.gov/Archives/edgar/data/1534120/000162828017008646/0001628280-17-008646-index.htm,https://www.sec.gov/Archives/edgar/data/1534120/000162828017008646/cerc0630201710q.htm,1620590134,15:55:34,20210509
15,2017-03-31,CERC,USD,2017-05-09,2017-05-05 06:33:05,Q1,384206.0,0.0,0.0,0.0,953071.0,1330264.0,0.0,0.0,2283335.0,2283335.0,0.0,5830.0,-1893299.0,-4.927822574348136,-1899129.0,-4.942996725714851,-3761.0,-1960638.0,-5.103090529559664,0.0,-1960638.0,-5.103090529559664,-0.19,-0.19,10216014.0,10216014.0,https://www.sec.gov/Archives/edgar/data/1534120/000162828017005206/0001628280-17-005206-index.htm,https://www.sec.gov/Archives/edgar/data/1534120/000162828017002566/cerc10-k20161231.htm,1620590134,15:55:34,20210509
16,2016-12-31,CERC,USD,2017-03-14,2017-02-28 06:32:58,Q4,181002.0,0.0,0.0,0.0,773246.0,1094102.0,0.0,0.0,1867348.0,1867348.0,0.0,6388.0,-1679958.0,-9.281433354327577,-1686346.0,-9.316725782035558,130220.0,-1638704.0,-9.053513220848389,0.0,-1638704.0,-9.053513220848389,-0.18,-0.18,9265606.0,9265606.0,https://www.sec.gov/Archives/edgar/data/1534120/000162828017002566/0001628280-17-002566-index.htm,https://www.sec.gov/Archives/edgar/data/1534120/000162828017002566/cerc10-k20161231.htm,1620590134,15:55:34,20210509
17,2016-09-30,CERC,USD,2016-11-08,2016-11-04 06:35:49,Q3,321497.0,0.0,0.0,0.0,4581605.0,1703188.0,0.0,0.0,6284793.0,6284793.0,0.0,7052.0,-5956244.0,-18.52659278313639,-5963296.0,-18.548527668998467,-101246.0,-6168725.0,-19.187504082464223,0.0,-6168725.0,-19.187504082464223,-0.7,-0.7,8756393.0,8756393.0,https://www.sec.gov/Archives/edgar/data/1534120/000155837016009668/0001558370-16-009668-index.htm,https://www.sec.gov/Archives/edgar/data/1534120/000155837016009668/cerc-20160930x10q.htm,1620590134,15:55:34,20210509
18,2016-06-30,CERC,USD,2016-08-15,2016-08-15 10:57:55,Q2,650488.0,0.0,0.0,0.0,2501753.0,1636772.0,0.0,0.0,4138525.0,4138525.0,0.0,6628.0,-3481409.0,-5.351995732434726,-3488037.0,-5.362185005718784,90754.0,-3524160.0,-5.417717160039847,0.0,-3524160.0,-5.417717160039847,-0.41,-0.41,8650143.0,8650143.0,https://www.sec.gov/Archives/edgar/data/1534120/000155837016007985/0001558370-16-007985-index.htm,https://www.sec.gov/Archives/edgar/data/1534120/000155837016007985/cerc-20160630x10q.htm,1620590134,15:55:34,20210509
19,2016-03-31,CERC,USD,2016-05-16,2016-05-12 16:45:14,Q1,0.0,0.0,0.0,0.0,2293273.0,2649093.0,0.0,0.0,4942366.0,4942366.0,0.0,6788.0,-4935578.0,0.0,-4942366.0,0.0,-47104.0,-5140013.0,0.0,0.0,-5140013.0,0.0,-0.59,-0.59,8650143.0,8650143.0,https://www.sec.gov/Archives/edgar/data/1534120/000155837016006015/0001558370-16-006015-index.htm,https://www.sec.gov/Archives/edgar/data/1534120/000155837016004299/cerc-20151231x10k.htm,1620590134,15:55:34,20210509
20,2015-12-31,CERC,USD,2016-03-23,2016-02-26 06:39:31,Q4,0.0,0.0,0.0,0.0,1751202.0,1924289.0,0.0,0.0,3675491.0,3675491.0,0.0,6148.0,-3669343.0,0.0,-3675491.0,0.0,185366.0,-3648558.0,0.0,0.0,-3648558.0,0.0,-0.53,-0.53,6903530.0,6903530.0,https://www.sec.gov/Archives/edgar/data/1534120/000155837016004299/0001558370-16-004299-index.htm,https://www.sec.gov/Archives/edgar/data/1534120/000155837016004299/cerc-20151231x10k.htm,1620590134,15:55:34,20210509
21,2015-09-30,CERC,USD,2015-09-30,2015-09-30,Q3,0.0,0.0,0.0,0.0,1237375.0,721658.0,0.0,0.0,1959033.0,1959033.0,0.0,6322.0,-3418133.0,0.0,-1959033.0,0.0,1465422.0,-691081.0,0.0,0.0,-691081.0,0.0,-0.080078,-0.080078,8630143.0,8630143.0,,,1620590134,15:55:34,20210509
22,2015-06-30,CERC,USD,2015-06-30,2015-06-30,Q2,0.0,0.0,0.0,0.0,1875294.0,1016058.0,0.0,0.0,2891352.0,2891352.0,0.0,5519.0,-3083385.0,0.0,-2891352.0,0.0,197552.0,-2912745.0,0.0,0.0,-2912745.0,0.0,-0.629083,-0.629083,4630143.0,4630143.0,,,1620590134,15:55:34,20210509
23,2015-03-31,CERC,USD,2015-03-31,2015-03-31,Q1,0.0,0.0,0.0,0.0,1723310.0,760709.0,0.0,0.0,2484019.0,2484019.0,0.0,5519.0,-1943209.0,0.0,-2484019.0,0.0,-535291.0,-3237667.0,0.0,0.0,-3237667.0,0.0,-0.699259,-0.699259,4630143.0,4630143.0,,,1620590134,15:55:34,20210509
24,2014-12-31,CERC,USD,2014-12-31,2014-12-31,Q4,0.0,0.0,0.0,0.0,2258761.0,1573958.0,0.0,0.0,3832719.0,3832719.0,0.0,7881.0,-5356720.0,0.0,-3832719.0,0.0,1531882.0,-2523307.0,0.0,0.0,-2523307.0,0.0,-0.5449738809362907,-0.5449738809362907,4630143.0,4630143.0,,,1620590134,15:55:34,20210509
25,2014-09-30,CERC,USD,2014-09-30,2014-09-30,Q3,0.0,0.0,0.0,0.0,4371010.0,1627499.0,0.0,0.0,5998509.0,5998509.0,0.0,7397.0,-6339401.0,0.0,-5998509.0,0.0,348289.0,-5839899.0,0.0,0.0,-5839899.0,0.0,-1.261278,-1.261278,4630143.0,4630143.0,,,1620590134,15:55:34,20210509
26,2014-06-30,CERC,USD,2014-06-30,2014-06-30,Q2,0.0,0.0,0.0,0.0,2861184.0,794464.0,0.0,0.0,3655648.0,3655648.0,0.0,6832.0,-3648816.0,0.0,-3655648.0,0.0,385990.0,-4064172.0,0.0,0.0,-4064172.0,0.0,-0.8777638185256913,-0.8777638185256913,4630143.0,4630143.0,,,1620590134,15:55:34,20210509
27,2014-03-31,CERC,USD,2014-03-31,2014-03-31,Q1,0.0,0.0,0.0,0.0,2749580.0,879109.0,0.0,0.0,3628689.0,3628689.0,0.0,6833.0,-3621856.0,0.0,-3628689.0,0.0,0.0,-3628213.0,0.0,0.0,-3628213.0,0.0,-0.783607,-0.783607,4630143.0,4630143.0,,,1620590134,15:55:34,20210509
