,date,symbol,reportedCurrency,fillingDate,acceptedDate,period,revenue,costOfRevenue,grossProfit,grossProfitRatio,researchAndDevelopmentExpenses,generalAndAdministrativeExpenses,sellingAndMarketingExpenses,otherExpenses,operatingExpenses,costAndExpenses,interestExpense,depreciationAndAmortization,ebitda,ebitdaratio,operatingIncome,operatingIncomeRatio,totalOtherIncomeExpensesNet,incomeBeforeTax,incomeBeforeTaxRatio,incomeTaxExpense,netIncome,netIncomeRatio,eps,epsdiluted,weightedAverageShsOut,weightedAverageShsOutDil,link,finalLink,timestamp,est_time,est_date
0,2021-03-31,JNP.DE,USD,2021-03-31,2021-03-31,Q1,1074400000,458800000.0,615600000.0,0.5729709605361132,254700000.0,61100000.0,252700000.0,-5000000.0,568500000,1027300000,0.0,60400000.0,107500000.0,0.10005584512285927,47100000.0,-0.03518242740134028,-84900000.0,-37800000.0,-0.03518242740134028,-6700000.0,-31100000.0,-0.0289463886820551,-0.1,-0.1,326300000,326300000,https://www.bundesanzeiger.de/pub/de/suche;wwwsid=627BFD7A56A5CB624C47FDDEAB2FC509.web07-pub?0,https://www.bundesanzeiger.de/pub/de/suche;wwwsid=627BFD7A56A5CB624C47FDDEAB2FC509.web07-pub?0,1620593966,16:59:26,20210509
1,2020-12-31,JNP.DE,USD,2020-12-31,2020-12-31,Q4,1222600000,505600000.0,717000000.0,0.5864550956976934,242500000.0,77200000.0,246100000.0,-3900000.0,565800000,1071400000,0.0,54400000.0,205600000.0,0.16816620317356454,151200000.0,0.12367086536888598,-112000000.0,39200000.0,0.032062816947488956,8400000.0,30800000.0,0.02519221331588418,0.09370246425311834,0.09257589419897806,328700000,332700000,,,1620593966,16:59:26,20210509
2,2020-09-30,JNP.DE,USD,2020-09-30,2020-09-30,Q3,1138200000,480400000.0,657800000.0,0.5779300650149358,242400000.0,59800000.0,229300000.0,-2500000.0,531500000,1011900000,19100000.0,52000000.0,178300000.0,0.15665085222280795,126300000.0,0.11096468107538218,-1700000.0,111600000.0,0.09804955192409066,-33800000.0,145400000.0,0.12774556316991742,0.44,0.43,330900000,334500000,https://www.bundesanzeiger.de/pub/de/suche;wwwsid=627BFD7A56A5CB624C47FDDEAB2FC509.web07-pub?0,https://www.bundesanzeiger.de/pub/de/suche;wwwsid=627BFD7A56A5CB624C47FDDEAB2FC509.web07-pub?0,1620593966,16:59:26,20210509
3,2020-06-30,JNP.DE,USD,2020-06-30,2020-06-30,Q2,1086300000,466700000.0,619600000.0,0.570376507410476,241000000.0,59100000.0,224200000.0,-900000.0,524300000,991000000,19300000.0,52000000.0,147300000.0,0.1355979011322839,95300000.0,0.0877289883089386,800000.0,86100000.0,0.07925987296326982,24900000.0,61200000.0,0.056338028169014086,0.18489425981873112,0.1837286100270189,331000000,333100000,https://www.bundesanzeiger.de/pub/de/suche;wwwsid=627BFD7A56A5CB624C47FDDEAB2FC509.web07-pub?0,https://www.bundesanzeiger.de/pub/de/suche;wwwsid=627BFD7A56A5CB624C47FDDEAB2FC509.web07-pub?0,1620593966,16:59:26,20210509
4,2020-03-31,JNP.DE,USD,2020-03-31,2020-03-31,Q1,998000000,418700000.0,579300000.0,0.5804609218436874,232500000.0,59300000.0,239200000.0,-200000.0,531000000,949700000,20100000.0,54000000.0,102300000.0,0.10250501002004007,48300000.0,0.04839679358717435,-14900000.0,28300000.0,0.028356713426853707,7900000.0,20400000.0,0.020440881763527055,0.06166868198307134,0.06087735004476276,330800000,335100000,https://www.bundesanzeiger.de/pub/de/suche;wwwsid=627BFD7A56A5CB624C47FDDEAB2FC509.web07-pub?0,https://www.bundesanzeiger.de/pub/de/suche;wwwsid=627BFD7A56A5CB624C47FDDEAB2FC509.web07-pub?0,1620593966,16:59:26,20210509
5,2019-12-31,JNP.DE,USD,2019-12-31,2019-12-31,Q4,1208100000,488800000.0,719300000.0,0.5953977319758298,239600000.0,54900000.0,246500000.0,-1100000.0,541000000,1029800000,20400000.0,54800000.0,233100000.0,0.19294760367519245,178300000.0,0.1475871202715007,0.0,174000000.0,0.14402781226719644,5600000.0,168400000.0,0.13939243440112573,0.5,0.49,336200000,340800000,https://www.bundesanzeiger.de/pub/de/suche;wwwsid=627BFD7A56A5CB624C47FDDEAB2FC509.web07-pub?0,https://www.bundesanzeiger.de/pub/de/suche;wwwsid=627BFD7A56A5CB624C47FDDEAB2FC509.web07-pub?0,1620593966,16:59:26,20210509
6,2019-09-30,JNP.DE,USD,2019-09-30,2019-09-30,Q3,1133100000,454700000.0,678400000.0,0.5987114994263525,244500000.0,61200000.0,235300000.0,700000.0,541000000,995700000,22100000.0,53800000.0,191200000.0,0.16874062306945548,137400000.0,0.12126025946518401,-16900000.0,118100000.0,0.10422734092313124,18800000.0,99300000.0,0.08763568970082075,0.2901811805961426,0.2874095513748191,342200000,345500000,https://www.bundesanzeiger.de/pub/de/suche;wwwsid=627BFD7A56A5CB624C47FDDEAB2FC509.web07-pub?0,https://www.bundesanzeiger.de/pub/de/suche;wwwsid=627BFD7A56A5CB624C47FDDEAB2FC509.web07-pub?0,1620593966,16:59:26,20210509
7,2019-06-30,JNP.DE,USD,2019-06-30,2019-06-30,Q2,1102500000,465700000.0,636800000.0,0.5775963718820861,244000000.0,60000000.0,229000000.0,400000.0,533000000,998700000,22000000.0,53000000.0,156800000.0,0.14222222222222222,103800000.0,0.09414965986394558,-23800000.0,77800000.0,0.07056689342403628,31600000.0,46200000.0,0.0419047619047619,0.13341033785734913,0.1323403036379261,346300000,349100000,https://www.bundesanzeiger.de/pub/de/suche;wwwsid=627BFD7A56A5CB624C47FDDEAB2FC509.web07-pub?0,https://www.bundesanzeiger.de/pub/de/suche;wwwsid=627BFD7A56A5CB624C47FDDEAB2FC509.web07-pub?0,1620593966,16:59:26,20210509
8,2019-03-31,JNP.DE,USD,2019-03-31,2019-03-31,Q1,1001700000,419400000.0,582300000.0,0.5813117699910153,227600000.0,68200000.0,228500000.0,900000.0,524300000,943700000,24200000.0,48700000.0,106700000.0,0.10651891783967256,58000000.0,0.0579015673355296,-12800000.0,44500000.0,0.04442447838674254,13400000.0,31100000.0,0.03104721972646501,0.08934214306233841,0.08817692089594556,348100000,352700000,https://www.bundesanzeiger.de/pub/de/suche;wwwsid=627BFD7A56A5CB624C47FDDEAB2FC509.web07-pub?0,https://www.bundesanzeiger.de/pub/de/suche;wwwsid=627BFD7A56A5CB624C47FDDEAB2FC509.web07-pub?0,1620593966,16:59:26,20210509
9,2018-12-31,JNP.DE,USD,2018-12-31,2018-12-31,Q4,1181000000,470100000.0,710900000.0,0.6019475021168501,231200000.0,53000000.0,224900000.0,-200000.0,509100000,979200000,25500000.0,51300000.0,253100000.0,0.2143099068585944,201800000.0,0.17087214225232852,-10800000.0,188400000.0,0.15952582557154954,-3800000.0,192200000.0,0.16274343776460626,0.56,0.55,345400000,350800000,https://www.bundesanzeiger.de/pub/de/suche;wwwsid=627BFD7A56A5CB624C47FDDEAB2FC509.web07-pub?0,https://www.bundesanzeiger.de/pub/de/suche;wwwsid=627BFD7A56A5CB624C47FDDEAB2FC509.web07-pub?0,1620593966,16:59:26,20210509
10,2018-09-30,JNP.DE,USD,2018-09-30,2018-09-30,Q3,1179800000,468800000.0,711000000.0,0.6026445160196644,253800000.0,67900000.0,224800000.0,700000.0,546500000,1015300000,25800000.0,48300000.0,212800000.0,0.18036955416172232,164500000.0,0.13943041193422614,-5600000.0,152000000.0,0.12883539582980166,-71800000.0,223800000.0,0.18969316833361588,0.65,0.64,346200000,350500000,https://www.bundesanzeiger.de/pub/de/suche;wwwsid=627BFD7A56A5CB624C47FDDEAB2FC509.web07-pub?0,https://www.bundesanzeiger.de/pub/de/suche;wwwsid=627BFD7A56A5CB624C47FDDEAB2FC509.web07-pub?0,1620593966,16:59:26,20210509
11,2018-06-30,JNP.DE,USD,2018-06-30,2018-06-30,Q2,1204100000,503200000.0,700900000.0,0.5820945104227223,248800000.0,54200000.0,238300000.0,400000.0,541300000,1044500000,25900000.0,55200000.0,214800000.0,0.1783904991279794,159600000.0,0.13254713063699028,1200000.0,150900000.0,0.12532181712482351,34400000.0,116500000.0,0.09675276139855493,0.333810888252149,0.33162539140335895,349000000,351300000,https://www.bundesanzeiger.de/pub/de/suche;wwwsid=627BFD7A56A5CB624C47FDDEAB2FC509.web07-pub?0,https://www.bundesanzeiger.de/pub/de/suche;wwwsid=627BFD7A56A5CB624C47FDDEAB2FC509.web07-pub?0,1620593966,16:59:26,20210509
12,2018-03-31,JNP.DE,USD,2018-03-31,2018-03-31,Q1,1082600000,464200000.0,618400000.0,0.571217439497506,269400000.0,56000000.0,239400000.0,-2500000.0,564800000,1029000000,26000000.0,55700000.0,109300000.0,0.10096065028634768,53600000.0,0.04951043783484205,-1100000.0,41400000.0,0.03824127101422502,7000000.0,34400000.0,0.03177535562534639,0.096819589079651,0.09539656128674431,355300000,360600000,https://www.bundesanzeiger.de/pub/de/suche;wwwsid=627BFD7A56A5CB624C47FDDEAB2FC509.web07-pub?0,https://www.bundesanzeiger.de/pub/de/suche;wwwsid=627BFD7A56A5CB624C47FDDEAB2FC509.web07-pub?0,1620593966,16:59:26,20210509
13,2017-12-31,JNP.DE,USD,2017-12-31,2017-12-31,Q4,1239500000,488300000.0,751200000.0,0.6060508269463494,227900000.0,50800000.0,233600000.0,-700000.0,512300000,1000600000,25600000.0,55900000.0,294800000.0,0.23783783783783785,238900000.0,0.1927390076643808,-29000000.0,200200000.0,0.16151674062121824,348300000.0,-148100000.0,-0.11948366276724486,-0.4,-0.4,371500000,371500000,https://www.bundesanzeiger.de/pub/de/suche;wwwsid=627BFD7A56A5CB624C47FDDEAB2FC509.web07-pub?0,https://www.bundesanzeiger.de/pub/de/suche;wwwsid=627BFD7A56A5CB624C47FDDEAB2FC509.web07-pub?0,1620593966,16:59:26,20210509
14,2017-09-30,JNP.DE,USD,2017-09-30,2017-09-30,Q3,1257800000,485400000.0,772400000.0,0.6140880903164255,236400000.0,70600000.0,232500000.0,800000.0,539500000,1024900000,25300000.0,57600000.0,290500000.0,0.2309588169820321,232900000.0,0.18516457306408013,3500000.0,225800000.0,0.17951979647002703,60100000.0,165700000.0,0.13173795515980283,0.4380121596616442,0.43297622158348575,378300000,382700000,https://www.bundesanzeiger.de/pub/de/suche;wwwsid=627BFD7A56A5CB624C47FDDEAB2FC509.web07-pub?0,https://www.bundesanzeiger.de/pub/de/suche;wwwsid=627BFD7A56A5CB624C47FDDEAB2FC509.web07-pub?0,1620593966,16:59:26,20210509
15,2017-06-30,JNP.DE,USD,2017-06-30,2017-06-30,Q2,1308900000,507000000.0,801900000.0,0.612651845060738,240200000.0,55600000.0,239900000.0,-800000.0,535700000,1042700000,25000000.0,56300000.0,322500000.0,0.2463900985560394,266200000.0,0.20337688135075255,-8000000.0,245200000.0,0.18733287493314998,65400000.0,179800000.0,0.13736725494690197,0.4726603575184017,0.4662863070539419,380400000,385600000,https://www.bundesanzeiger.de/pub/de/suche;wwwsid=627BFD7A56A5CB624C47FDDEAB2FC509.web07-pub?0,https://www.bundesanzeiger.de/pub/de/suche;wwwsid=627BFD7A56A5CB624C47FDDEAB2FC509.web07-pub?0,1620593966,16:59:26,20210509
16,2017-03-31,JNP.DE,USD,2017-03-31,2017-03-31,Q1,1221000000,474400000.0,746600000.0,0.6114660114660114,276200000.0,50500000.0,244200000.0,-2000000.0,570900000,1045300000,25300000.0,55800000.0,231500000.0,0.18959868959868958,175700000.0,0.1438984438984439,-20200000.0,140600000.0,0.11515151515151516,31800000.0,108800000.0,0.0891072891072891,0.29,0.28,380900000,388000000,https://www.bundesanzeiger.de/pub/de/suche;wwwsid=627BFD7A56A5CB624C47FDDEAB2FC509.web07-pub?0,https://www.bundesanzeiger.de/pub/de/suche;wwwsid=627BFD7A56A5CB624C47FDDEAB2FC509.web07-pub?0,1620593966,16:59:26,20210509
17,2016-12-31,JNP.DE,USD,2016-12-31,2016-12-31,Q4,1385600000,527900000.0,857700000.0,0.6190098152424942,263000000.0,52900000.0,254500000.0,2000000.0,570400000,1098300000,25100000.0,54800000.0,342100000.0,0.24689665127020785,287300000.0,0.20734699769053117,0.0,272100000.0,0.1963770207852194,83200000.0,188900000.0,0.13633083140877597,0.52,0.51,379900000,385600000,https://www.bundesanzeiger.de/pub/de/suche;wwwsid=627BFD7A56A5CB624C47FDDEAB2FC509.web07-pub?0,https://www.bundesanzeiger.de/pub/de/suche;wwwsid=627BFD7A56A5CB624C47FDDEAB2FC509.web07-pub?0,1620593966,16:59:26,20210509
18,2016-09-30,JNP.DE,USD,2016-09-30,2016-09-30,Q3,1285300000,485800000.0,799500000.0,0.6220337664358515,251800000.0,54000000.0,242900000.0,700000.0,548700000,1034500000,25100000.0,53300000.0,304100000.0,0.23659845950361783,250800000.0,0.19512954174122774,1800000.0,236600000.0,0.18408153738426827,64200000.0,172400000.0,0.134132109235198,0.45249343832021,0.4483745123537061,381000000,384500000,https://www.bundesanzeiger.de/pub/de/suche;wwwsid=627BFD7A56A5CB624C47FDDEAB2FC509.web07-pub?0,https://www.bundesanzeiger.de/pub/de/suche;wwwsid=627BFD7A56A5CB624C47FDDEAB2FC509.web07-pub?0,1620593966,16:59:26,20210509
19,2016-06-30,JNP.DE,USD,2016-06-30,2016-06-30,Q2,1221300000,464900000.0,756400000.0,0.6193400474903791,247900000.0,58600000.0,243700000.0,1300000.0,550200000,1015100000,25000000.0,51600000.0,257800000.0,0.21108654712191927,206200000.0,0.1688364857119463,2500000.0,192200000.0,0.15737329075575207,52200000.0,140000000.0,0.1146319495619422,0.37,0.36,382800000,386300000,https://www.bundesanzeiger.de/pub/de/suche;wwwsid=627BFD7A56A5CB624C47FDDEAB2FC509.web07-pub?0,https://www.bundesanzeiger.de/pub/de/suche;wwwsid=627BFD7A56A5CB624C47FDDEAB2FC509.web07-pub?0,1620593966,16:59:26,20210509
20,2016-03-31,JNP.DE,USD,2016-03-31,2016-03-31,Q1,1097900000,407000000.0,690900000.0,0.6292922852718826,251000000.0,59400000.0,231800000.0,-2200000.0,542200000,949200000,22500000.0,47000000.0,195700000.0,0.17824938518990802,148700000.0,0.13544038619182075,-7600000.0,126500000.0,0.11521996538846889,35100000.0,91400000.0,0.08324984060479096,0.24,0.23,383200000,389300000,https://www.bundesanzeiger.de/pub/de/suche;wwwsid=627BFD7A56A5CB624C47FDDEAB2FC509.web07-pub?0,https://www.bundesanzeiger.de/pub/de/suche;wwwsid=627BFD7A56A5CB624C47FDDEAB2FC509.web07-pub?0,1620593966,16:59:26,20210509
21,2015-12-31,JNP.DE,USD,2015-12-31,2015-12-31,Q4,1319600000,477200000.0,842400000.0,0.6383752652318885,247200000.0,60300000.0,255900000.0,-2600000.0,563400000,1040600000,21400000.0,45000000.0,324000000.0,0.24552894816611096,279000000.0,0.2114277053652622,-2500000.0,260600000.0,0.19748408608669293,62800000.0,197800000.0,0.1498939072446196,0.52,0.51,383100000,390900000,https://www.bundesanzeiger.de/pub/de/suche;wwwsid=627BFD7A56A5CB624C47FDDEAB2FC509.web07-pub?0,https://www.bundesanzeiger.de/pub/de/suche;wwwsid=627BFD7A56A5CB624C47FDDEAB2FC509.web07-pub?0,1620593966,16:59:26,20210509
22,2015-09-30,JNP.DE,USD,2015-09-30,2015-09-30,Q3,1248600000,451200000.0,797400000.0,0.6386352715040846,247000000.0,57100000.0,235300000.0,1500000.0,539400000,990600000,21600000.0,42500000.0,300500000.0,0.24066954989588338,258000000.0,0.20663142719846228,7500000.0,249600000.0,0.1999038923594426,51900000.0,197700000.0,0.15833733781835657,0.52,0.51,382800000,389200000,https://www.bundesanzeiger.de/pub/de/suche;wwwsid=627BFD7A56A5CB624C47FDDEAB2FC509.web07-pub?0,https://www.bundesanzeiger.de/pub/de/suche;wwwsid=627BFD7A56A5CB624C47FDDEAB2FC509.web07-pub?0,1620593966,16:59:26,20210509
23,2015-06-30,JNP.DE,USD,2015-06-30,2015-06-30,Q2,1222200000,440700000.0,781500000.0,0.6394207167403043,251600000.0,56300000.0,232400000.0,-2200000.0,540300000,981000000,21800000.0,41500000.0,282700000.0,0.23130420553100967,241200000.0,0.19734904270986744,-100000.0,226000000.0,0.18491245295369008,68000000.0,158000000.0,0.129275077728686,0.41,0.4,389900000,397200000,https://www.bundesanzeiger.de/pub/de/suche;wwwsid=627BFD7A56A5CB624C47FDDEAB2FC509.web07-pub?0,https://www.bundesanzeiger.de/pub/de/suche;wwwsid=627BFD7A56A5CB624C47FDDEAB2FC509.web07-pub?0,1620593966,16:59:26,20210509
24,2015-03-31,JNP.DE,USD,2015-03-31,2015-03-31,Q1,1067400000,410100000.0,657300000.0,0.6157953906689151,248700000.0,55200000.0,220200000.0,-1700000.0,524100000,934200000,18500000.0,47500000.0,180700000.0,0.1692898632190369,133200000.0,0.12478920741989882,-2500000.0,116000000.0,0.10867528574105302,35800000.0,80200000.0,0.07513584410717632,0.2,0.19,407100000,414200000,https://www.bundesanzeiger.de/pub/de/suche;wwwsid=627BFD7A56A5CB624C47FDDEAB2FC509.web07-pub?0,https://www.bundesanzeiger.de/pub/de/suche;wwwsid=627BFD7A56A5CB624C47FDDEAB2FC509.web07-pub?0,1620593966,16:59:26,20210509
25,2014-12-31,JNP.DE,USD,2014-12-31,2014-12-31,Q4,1101600000,426500000.0,675100000.0,0.6128358750907771,233500000.0,40600000.0,243000000.0,-1400000.0,517100000,943600000,16700000.0,44200000.0,202200000.0,0.1835511982570806,158000000.0,0.14342774146695716,-838800000.0,-694400000.0,-0.6303558460421206,75200000.0,-769600000.0,-0.6986201888162672,-1.81,-1.81,426100000,426100000,https://www.bundesanzeiger.de/pub/de/suche;wwwsid=627BFD7A56A5CB624C47FDDEAB2FC509.web07-pub?0,https://www.bundesanzeiger.de/pub/de/suche;wwwsid=627BFD7A56A5CB624C47FDDEAB2FC509.web07-pub?0,1620593966,16:59:26,20210509
26,2014-09-30,JNP.DE,USD,2014-09-30,2014-09-30,Q3,1125900000,411100000.0,714800000.0,0.63486988187228,253200000.0,55000000.0,249200000.0,8500000.0,557400000,968500000,16900000.0,46300000.0,203700000.0,0.18092192912336796,157400000.0,0.1397992716937561,22400000.0,165600000.0,0.14708233413269384,62000000.0,103600000.0,0.09201527666755485,0.2310437109723461,0.227792436235708,448400000,454800000,https://www.bundesanzeiger.de/pub/de/suche;wwwsid=627BFD7A56A5CB624C47FDDEAB2FC509.web07-pub?0,https://www.bundesanzeiger.de/pub/de/suche;wwwsid=627BFD7A56A5CB624C47FDDEAB2FC509.web07-pub?0,1620593966,16:59:26,20210509
27,2014-06-30,JNP.DE,USD,2014-06-30,2014-06-30,Q2,1229500000,481300000.0,748200000.0,0.6085400569337129,255500000.0,60600000.0,258000000.0,-1800000.0,574100000,1055400000,17800000.0,47500000.0,221600000.0,0.1802358682391216,174100000.0,0.14160227734851566,136100000.0,294500000.0,0.23952826352175682,73400000.0,221100000.0,0.17982919886132573,0.47,0.46,470300000,476500000,https://www.bundesanzeiger.de/pub/de/suche;wwwsid=627BFD7A56A5CB624C47FDDEAB2FC509.web07-pub?0,https://www.bundesanzeiger.de/pub/de/suche;wwwsid=627BFD7A56A5CB624C47FDDEAB2FC509.web07-pub?0,1620593966,16:59:26,20210509
28,2014-03-31,JNP.DE,USD,2014-03-31,2014-03-31,Q1,1170100000,450000000.0,720100000.0,0.6154174856849842,264000000.0,74900000.0,273400000.0,167500000.0,612300000,1062300000,15400000.0,48100000.0,155900000.0,0.13323647551491324,107800000.0,0.09212887787368601,53500000.0,148000000.0,0.12648491581916074,37400000.0,110600000.0,0.09452183574053499,0.23,0.22,486200000,496500000,https://www.bundesanzeiger.de/pub/de/suche;wwwsid=627BFD7A56A5CB624C47FDDEAB2FC509.web07-pub?0,https://www.bundesanzeiger.de/pub/de/suche;wwwsid=627BFD7A56A5CB624C47FDDEAB2FC509.web07-pub?0,1620593966,16:59:26,20210509
29,2013-12-31,JNP.DE,USD,2013-12-31,2013-12-31,Q4,1273600000,470000000.0,803600000.0,0.6309673366834171,258700000.0,59600000.0,285800000.0,2200000.0,600600000,1070600000,15000000.0,54800000.0,257800000.0,0.20241834170854273,203000000.0,0.15939070351758794,-5400000.0,185200000.0,0.1454145728643216,33400000.0,151800000.0,0.11918969849246232,0.30469690887193895,0.3002373417721519,498200000,505600000,https://www.bundesanzeiger.de/pub/de/suche;wwwsid=627BFD7A56A5CB624C47FDDEAB2FC509.web07-pub?0,https://www.bundesanzeiger.de/pub/de/suche;wwwsid=627BFD7A56A5CB624C47FDDEAB2FC509.web07-pub?0,1620593966,16:59:26,20210509
30,2013-09-30,JNP.DE,USD,2013-09-30,2013-09-30,Q3,1185600000,439100000.0,746500000.0,0.6296390013495277,264600000.0,61100000.0,268700000.0,4400000.0,595500000,1034600000,14200000.0,41400000.0,192400000.0,0.16228070175438597,151000000.0,0.127361673414305,-1600000.0,137500000.0,0.11597503373819164,38400000.0,99100000.0,0.0835863697705803,0.2,0.19,501500000,508600000,https://www.bundesanzeiger.de/pub/de/suche;wwwsid=627BFD7A56A5CB624C47FDDEAB2FC509.web07-pub?0,https://www.bundesanzeiger.de/pub/de/suche;wwwsid=627BFD7A56A5CB624C47FDDEAB2FC509.web07-pub?0,1620593966,16:59:26,20210509
31,2013-06-30,JNP.DE,USD,2013-06-30,2013-06-30,Q2,1150700000,430200000.0,720500000.0,0.6261406100634397,257700000.0,48800000.0,266200000.0,600000.0,573900000,1004100000,14900000.0,42100000.0,188700000.0,0.1639871382636656,146600000.0,0.12740071260971583,-7500000.0,125900000.0,0.10941166246632485,28000000.0,97900000.0,0.08507864777961241,0.19463220675944334,0.19336361840805846,503000000,506300000,https://www.bundesanzeiger.de/pub/de/suche;wwwsid=627BFD7A56A5CB624C47FDDEAB2FC509.web07-pub?0,https://www.bundesanzeiger.de/pub/de/suche;wwwsid=627BFD7A56A5CB624C47FDDEAB2FC509.web07-pub?0,1620593966,16:59:26,20210509
32,2013-03-31,JNP.DE,USD,2013-03-31,2013-03-31,Q1,1059200000,388400000.0,670800000.0,0.6333081570996979,262200000.0,47800000.0,255200000.0,2100000.0,566400000,954800000,14300000.0,51600000.0,156000000.0,0.1472809667673716,104400000.0,0.09856495468277945,-15300000.0,76900000.0,0.07260196374622356,-14100000.0,91000000.0,0.08591389728096677,0.18030513176144244,0.1774917105519797,504700000,512700000,https://www.bundesanzeiger.de/pub/de/suche;wwwsid=627BFD7A56A5CB624C47FDDEAB2FC509.web07-pub?0,https://www.bundesanzeiger.de/pub/de/suche;wwwsid=627BFD7A56A5CB624C47FDDEAB2FC509.web07-pub?0,1620593966,16:59:26,20210509
33,2012-12-31,JNP.DE,USD,2012-12-31,2012-12-31,Q4,1140832000,407791000.0,733041000.0,0.6425494726655634,275086000.0,50717000.0,263800000.0,9000000.0,590741000,998532000,12300000.0,49145000.0,191445000.0,0.16781173739867045,142300000.0,0.1247335278112816,7221000.0,139921000.0,0.12264820762390957,44224000.0,95697000.0,0.08388351659139996,0.18852836879432625,0.1865075034106412,507600000,513100000,https://www.bundesanzeiger.de/pub/de/suche;wwwsid=627BFD7A56A5CB624C47FDDEAB2FC509.web07-pub?0,https://www.bundesanzeiger.de/pub/de/suche;wwwsid=627BFD7A56A5CB624C47FDDEAB2FC509.web07-pub?0,1620593966,16:59:26,20210509
34,2012-09-30,JNP.DE,USD,2012-09-30,2012-09-30,Q3,1118311000,444480000.0,673831000.0,0.6025434785135798,288178000.0,49442000.0,261026000.0,-3956000.0,599794000,1044274000,12800000.0,48028000.0,122065000.0,0.10915121106740433,74037000.0,0.0662043027386836,-25024000.0,38813000.0,0.03470680338474718,21999000.0,16814000.0,0.015035173578727206,0.032261530609503854,0.032054936067427084,521178000,524537000,https://www.bundesanzeiger.de/pub/de/suche;wwwsid=627BFD7A56A5CB624C47FDDEAB2FC509.web07-pub?0,https://www.bundesanzeiger.de/pub/de/suche;wwwsid=627BFD7A56A5CB624C47FDDEAB2FC509.web07-pub?0,1620593966,16:59:26,20210509
35,2012-06-30,JNP.DE,USD,2012-06-30,2012-06-30,Q2,1073759000,405886000.0,667873000.0,0.6219952521934624,268734000.0,48775000.0,259455000.0,0.0,578200000,984086000,13500000.0,46431000.0,136104000.0,0.12675470007701914,89673000.0,0.0835131533239768,10415000.0,89488000.0,0.08334086140372281,31769000.0,57719000.0,0.053754147811566656,0.10936682861019108,0.1085443484311384,527756000,531755000,https://www.bundesanzeiger.de/pub/de/suche;wwwsid=627BFD7A56A5CB624C47FDDEAB2FC509.web07-pub?0,https://www.bundesanzeiger.de/pub/de/suche;wwwsid=627BFD7A56A5CB624C47FDDEAB2FC509.web07-pub?0,1620593966,16:59:26,20210509
36,2012-03-31,JNP.DE,USD,2012-03-31,2012-03-31,Q1,1032498000,398443000.0,634055000.0,0.6140980418364006,269602000.0,54666000.0,257719000.0,0.0,583165000,981608000,14200000.0,43396000.0,94286000.0,0.09131833669411467,50890000.0,0.049288231066791414,-16212000.0,23278000.0,0.02254532212168934,7008000.0,16270000.0,0.015757899773171474,0.030861972814149086,0.030486262444185033,527186000,533683000,https://www.bundesanzeiger.de/pub/de/suche;wwwsid=627BFD7A56A5CB624C47FDDEAB2FC509.web07-pub?0,https://www.bundesanzeiger.de/pub/de/suche;wwwsid=627BFD7A56A5CB624C47FDDEAB2FC509.web07-pub?0,1620593966,16:59:26,20210509
37,2011-12-31,JNP.DE,USD,2011-12-31,2011-12-31,Q4,1120757000,421822000.0,698935000.0,0.6236276017013501,250465000.0,45493000.0,253201000.0,0.0,550386000,972208000,13900000.0,44052000.0,192601000.0,0.17184902704154426,148549000.0,0.13254345054280275,-14665000.0,122484000.0,0.1092868480857135,26321000.0,96163000.0,0.08580182858550069,0.18277630368506284,0.18030506154668266,526124000,533335000,https://www.bundesanzeiger.de/pub/de/suche;wwwsid=627BFD7A56A5CB624C47FDDEAB2FC509.web07-pub?0,https://www.bundesanzeiger.de/pub/de/suche;wwwsid=627BFD7A56A5CB624C47FDDEAB2FC509.web07-pub?0,1620593966,16:59:26,20210509
38,2011-09-30,JNP.DE,USD,2011-09-30,2011-09-30,Q3,1105796000,394192000.0,711604000.0,0.6435219516077106,257096000.0,44455000.0,254933000.0,0.0,557747000,951939000,14000000.0,43337000.0,197194000.0,0.17832764813763116,153857000.0,0.13913687515599624,-20988000.0,121069000.0,0.10948583644722897,37398000.0,83663000.0,0.07565862057739402,0.15806766096212635,0.15591809654797115,529286000,536583000,https://www.bundesanzeiger.de/pub/de/suche;wwwsid=627BFD7A56A5CB624C47FDDEAB2FC509.web07-pub?0,https://www.bundesanzeiger.de/pub/de/suche;wwwsid=627BFD7A56A5CB624C47FDDEAB2FC509.web07-pub?0,1620593966,16:59:26,20210509
39,2011-06-30,JNP.DE,USD,2011-06-30,2011-06-30,Q2,1120544000,398378000.0,722166000.0,0.6444780392380843,257250000.0,44260000.0,246635000.0,0.0,549477000,947855000,15188000.0,41891000.0,214580000.0,0.19149627323871263,172689000.0,0.15411175286289516,-2869000.0,157232000.0,0.1403175600422652,41714000.0,115560000.0,0.10312848045235172,0.22,0.21,532909000,546452000,https://www.bundesanzeiger.de/pub/de/suche;wwwsid=627BFD7A56A5CB624C47FDDEAB2FC509.web07-pub?0,https://www.bundesanzeiger.de/pub/de/suche;wwwsid=627BFD7A56A5CB624C47FDDEAB2FC509.web07-pub?0,1620593966,16:59:26,20210509
40,2011-03-31,JNP.DE,USD,2011-03-31,2011-03-31,Q1,1101612000,365727000.0,735885000.0,0.6680074291129726,261979000.0,44924000.0,246291000.0,0.0,558839000,924566000,6500000.0,40758000.0,217804000.0,0.1977138956365762,177046000.0,0.16071538799504725,-2053000.0,170931000.0,0.1551644317600026,41271000.0,129750000.0,0.11778194137318766,0.24444741695852779,0.2364141575183346,530789000,548825000,https://www.bundesanzeiger.de/pub/de/suche;wwwsid=627BFD7A56A5CB624C47FDDEAB2FC509.web07-pub?0,https://www.bundesanzeiger.de/pub/de/suche;wwwsid=627BFD7A56A5CB624C47FDDEAB2FC509.web07-pub?0,1620593966,16:59:26,20210509
41,2010-12-31,JNP.DE,USD,2010-12-31,2010-12-31,Q4,1189941000,397940000.0,792001000.0,0.6655800581709513,254942000.0,45068000.0,257690000.0,0.0,556606000,954546000,0.0,42922000.0,278317000.0,0.2338914282304753,235395000.0,0.19782073228840757,-3176000.0,231639000.0,0.19466427327069158,41556000.0,190233000.0,0.1598675900737936,0.5748957388939256,0.5748957388939256,330900000,330900000,https://www.bundesanzeiger.de/pub/de/suche;wwwsid=627BFD7A56A5CB624C47FDDEAB2FC509.web07-pub?0,https://www.bundesanzeiger.de/pub/de/suche;wwwsid=627BFD7A56A5CB624C47FDDEAB2FC509.web07-pub?0,1620593966,16:59:26,20210509
42,2010-09-30,JNP.DE,USD,2010-09-30,2010-09-30,Q3,1012407000,334620000.0,677787000.0,0.6694807523061378,231151000.0,43773000.0,204704000.0,0.0,480545000,815165000,2600000.0,39618000.0,236860000.0,0.2339572918796492,197242000.0,0.19482480859970347,-1701000.0,195741000.0,0.19334220328385718,61404000.0,134543000.0,0.1328941818853485,0.26,0.25,520581000,534880000,https://www.bundesanzeiger.de/pub/de/suche;wwwsid=627BFD7A56A5CB624C47FDDEAB2FC509.web07-pub?0,https://www.bundesanzeiger.de/pub/de/suche;wwwsid=627BFD7A56A5CB624C47FDDEAB2FC509.web07-pub?0,1620593966,16:59:26,20210509
43,2010-06-30,JNP.DE,USD,2010-06-30,2010-06-30,Q2,978300000,318362000.0,659938000.0,0.6745763058366554,224768000.0,45880000.0,202303000.0,0.0,474155000,792517000,0.0,37479000.0,223262000.0,0.22821424920780947,185783000.0,0.18990391495451292,2427000.0,189043000.0,0.19323622610651128,58700000.0,130511000.0,0.13340590820811613,0.25,0.24,524463000,538947000,https://www.bundesanzeiger.de/pub/de/suche;wwwsid=627BFD7A56A5CB624C47FDDEAB2FC509.web07-pub?0,https://www.bundesanzeiger.de/pub/de/suche;wwwsid=627BFD7A56A5CB624C47FDDEAB2FC509.web07-pub?0,1620593966,16:59:26,20210509
44,2010-03-31,JNP.DE,USD,2010-03-31,2010-03-31,Q1,912618000,300597000.0,612021000.0,0.6706212237759939,206994000.0,43138000.0,192375000.0,0.0,443644000,744241000,0.0,35269000.0,203646000.0,0.22314484263952716,168377000.0,0.18449888124056285,-8104400.0,161731000.0,0.17721653528639583,-2879000.0,163115000.0,0.17873305150676405,0.31,0.3,521141000,536718000,https://www.bundesanzeiger.de/pub/de/suche;wwwsid=627BFD7A56A5CB624C47FDDEAB2FC509.web07-pub?0,https://www.bundesanzeiger.de/pub/de/suche;wwwsid=627BFD7A56A5CB624C47FDDEAB2FC509.web07-pub?0,1620593966,16:59:26,20210509
45,2009-12-31,JNP.DE,USD,2009-12-31,2009-12-31,Q4,941454000,316621000.0,624833000.0,0.6636893571008249,187210000.0,0.0,204875000.0,0.0,615769000,932390000,0.0,36570000.0,45634000.0,0.04847183186857775,9064000.0,0.009627661043449812,97600.0,3948000.0,0.004193513437725051,-17185000.0,22904000.0,0.024328326184816253,0.06921728618918102,0.06921728618918102,330900000,330900000,https://www.bundesanzeiger.de/pub/de/suche;wwwsid=627BFD7A56A5CB624C47FDDEAB2FC509.web07-pub?0,https://www.bundesanzeiger.de/pub/de/suche;wwwsid=627BFD7A56A5CB624C47FDDEAB2FC509.web07-pub?0,1620593966,16:59:26,20210509
46,2009-09-30,JNP.DE,USD,2009-09-30,2009-09-30,Q3,823912000,286708000.0,537204000.0,0.6520162347435163,185204000.0,39877000.0,177345000.0,0.0,404756000,691464000,0.0,36448000.0,168896000.0,0.20499276621775142,132448000.0,0.16075503209080583,-4492900.0,129688000.0,0.15740515977434483,45902000.0,83786000.0,0.10169289924166658,0.1599341831495119,0.15569785851798443,523878000,538132000,https://www.bundesanzeiger.de/pub/de/suche;wwwsid=627BFD7A56A5CB624C47FDDEAB2FC509.web07-pub?0,https://www.bundesanzeiger.de/pub/de/suche;wwwsid=627BFD7A56A5CB624C47FDDEAB2FC509.web07-pub?0,1620593966,16:59:26,20210509
47,2009-06-30,JNP.DE,USD,2009-06-30,2009-06-30,Q2,786363000,285961000.0,500402000.0,0.6363498791270699,183894000.0,39175000.0,170575000.0,0.0,397183000,683144000,0.0,37819000.0,141038000.0,0.1793548272235596,103219000.0,0.131261262292351,-9154000.0,96963000.0,0.12330564891786618,82194000.0,14769000.0,0.01878140248205981,0.02823333747526787,0.02771699352538238,523105000,532850000,https://www.bundesanzeiger.de/pub/de/suche;wwwsid=627BFD7A56A5CB624C47FDDEAB2FC509.web07-pub?0,https://www.bundesanzeiger.de/pub/de/suche;wwwsid=627BFD7A56A5CB624C47FDDEAB2FC509.web07-pub?0,1620593966,16:59:26,20210509
48,2009-03-31,JNP.DE,USD,2009-03-31,2009-03-31,Q1,764183000,268512000.0,495671000.0,0.6486286661702759,185400000.0,39211000.0,181243000.0,0.0,410244000,678756000,0.0,37536000.0,122963000.0,0.1609077930286332,85427000.0,0.11178866842104575,-6065000.0,81462000.0,0.1066001206517287,85922000.0,-4460000.0,-0.0058362983735571194,-0.01,-0.01,524429000,524429000,https://www.bundesanzeiger.de/pub/de/suche;wwwsid=627BFD7A56A5CB624C47FDDEAB2FC509.web07-pub?0,https://www.bundesanzeiger.de/pub/de/suche;wwwsid=627BFD7A56A5CB624C47FDDEAB2FC509.web07-pub?0,1620593966,16:59:26,20210509
49,2008-12-31,JNP.DE,USD,2008-12-31,2008-12-31,Q4,923493000,304270000.0,619223000.0,0.6705226785693016,180134000.0,0.0,0.0,0.0,429349000,733619000,0.0,32851000.0,222725000.0,0.24117670626631713,189874000.0,0.20560415725944864,-18312000.0,184773000.0,0.20008056368591856,52297000.0,132476000.0,0.14345100612565553,0.40035055908129347,0.40035055908129347,330900000,330900000,https://www.bundesanzeiger.de/pub/de/suche;wwwsid=627BFD7A56A5CB624C47FDDEAB2FC509.web07-pub?0,https://www.bundesanzeiger.de/pub/de/suche;wwwsid=627BFD7A56A5CB624C47FDDEAB2FC509.web07-pub?0,1620593966,16:59:26,20210509
50,2008-09-30,JNP.DE,USD,2008-09-30,2008-09-30,Q3,946962000,307579000.0,639383000.0,0.6751939359763116,194014000.0,0.0,0.0,0.0,437427000,745006000,0.0,38859000.0,240815000.0,0.25430270697240226,201956000.0,0.21326726943636598,0.0,211696000.0,0.2235527930371018,63188000.0,148508000.0,0.15682572267947395,0.2745150956684406,0.26789573374222064,540983000,554350000,https://www.bundesanzeiger.de/pub/de/suche;wwwsid=627BFD7A56A5CB624C47FDDEAB2FC509.web07-pub?0,https://www.bundesanzeiger.de/pub/de/suche;wwwsid=627BFD7A56A5CB624C47FDDEAB2FC509.web07-pub?0,1620593966,16:59:26,20210509
51,2008-06-30,JNP.DE,USD,2008-06-30,2008-06-30,Q2,879034000,289281000.0,589753000.0,0.6709103402143717,186357000.0,0.0,0.0,0.0,429303000,718584000,0.0,40375000.0,200825000.0,0.22846101515982317,160450000.0,0.18252991351870348,-10499000.0,172138000.0,0.19582632753681883,51728000.0,120410000.0,0.13697991203980733,0.23,0.22,528963000,559328000,https://www.bundesanzeiger.de/pub/de/suche;wwwsid=627BFD7A56A5CB624C47FDDEAB2FC509.web07-pub?0,https://www.bundesanzeiger.de/pub/de/suche;wwwsid=627BFD7A56A5CB624C47FDDEAB2FC509.web07-pub?0,1620593966,16:59:26,20210509
52,2008-03-31,JNP.DE,USD,2008-03-31,2008-03-31,Q1,822887000,264836000.0,558051000.0,0.6781623722333686,170646000.0,0.0,0.0,0.0,415357000,680193000,0.0,55389000.0,198083000.0,0.24071713370122508,142694000.0,0.1734065552135348,0.0,160284000.0,0.19478251570385727,49929000.0,110355000.0,0.13410711312731882,0.21,0.2,523672000,560407000,https://www.bundesanzeiger.de/pub/de/suche;wwwsid=627BFD7A56A5CB624C47FDDEAB2FC509.web07-pub?0,https://www.bundesanzeiger.de/pub/de/suche;wwwsid=627BFD7A56A5CB624C47FDDEAB2FC509.web07-pub?0,1620593966,16:59:26,20210509
53,2007-12-31,JNP.DE,USD,2007-12-31,2007-12-31,Q4,809182000,262469000.0,546713000.0,0.6756366305726029,165279000.0,0.0,0.0,0.0,398933000,661402000,0.0,49916000.0,197696000.0,0.24431586466332667,147780000.0,0.18262887706350364,-190000.0,167991000.0,0.2076059526781367,45087000.0,122904000.0,0.15188672016925736,0.3714233907524932,0.3714233907524932,330900000,330900000,https://www.bundesanzeiger.de/pub/de/suche;wwwsid=627BFD7A56A5CB624C47FDDEAB2FC509.web07-pub?0,https://www.bundesanzeiger.de/pub/de/suche;wwwsid=627BFD7A56A5CB624C47FDDEAB2FC509.web07-pub?0,1620593966,16:59:26,20210509
54,2007-09-30,JNP.DE,USD,2007-09-30,2007-09-30,Q3,735048000,232286000.0,502762000.0,0.6839852635474146,167887000.0,0.0,0.0,0.0,389799000,622085000,0.0,48056000.0,161019000.0,0.2190591634832011,112963000.0,0.15368112014453478,5062000.0,130708000.0,0.177822400713967,45609000.0,85099000.0,0.11577339166965966,0.17,0.15,515658000,561401000,https://www.bundesanzeiger.de/pub/de/suche;wwwsid=627BFD7A56A5CB624C47FDDEAB2FC509.web07-pub?0,https://www.bundesanzeiger.de/pub/de/suche;wwwsid=627BFD7A56A5CB624C47FDDEAB2FC509.web07-pub?0,1620593966,16:59:26,20210509
55,2007-06-30,JNP.DE,USD,2007-06-30,2007-06-30,Q2,664922000,220774000.0,444148000.0,0.6679700776933234,148702000.0,0.0,0.0,0.0,357925000,578699000,0.0,48934000.0,135157000.0,0.20326745091905515,86223000.0,0.12967385648241447,5103000.0,118475000.0,0.17817879390364585,32295000.0,86180000.0,0.12960918724301498,0.16,0.15,544224000,580736000,https://www.bundesanzeiger.de/pub/de/suche;wwwsid=627BFD7A56A5CB624C47FDDEAB2FC509.web07-pub?0,https://www.bundesanzeiger.de/pub/de/suche;wwwsid=627BFD7A56A5CB624C47FDDEAB2FC509.web07-pub?0,1620593966,16:59:26,20210509
56,2007-03-31,JNP.DE,USD,2007-03-31,2007-03-31,Q1,626936000,212109000.0,414827000.0,0.6616735998570827,141093000.0,0.0,0.0,0.0,354031000,566140000,0.0,46260000.0,107056000.0,0.17076065180496894,60796000.0,0.09697321576684063,-12584000.0,96409000.0,0.1537780570903569,26762000.0,66647000.0,0.106305906823025,0.12,0.11,569400000,604905000,https://www.bundesanzeiger.de/pub/de/suche;wwwsid=627BFD7A56A5CB624C47FDDEAB2FC509.web07-pub?0,https://www.bundesanzeiger.de/pub/de/suche;wwwsid=627BFD7A56A5CB624C47FDDEAB2FC509.web07-pub?0,1620593966,16:59:26,20210509
57,2006-12-31,JNP.DE,USD,2006-12-31,2006-12-31,Q4,595830000,190235000.0,405595000.0,0.6807226893577027,126948000.0,0.0,0.0,0.0,327795000,518030000,0.0,44416000.0,122216000.0,0.2051189097561385,77800000.0,0.1305741570582213,-15450000.0,92427000.0,0.15512310558380746,21445000.0,70982000.0,0.11913129583941728,0.21451193714113026,0.21451193714113026,330900000,330900000,https://www.bundesanzeiger.de/pub/de/suche;wwwsid=627BFD7A56A5CB624C47FDDEAB2FC509.web07-pub?0,https://www.bundesanzeiger.de/pub/de/suche;wwwsid=627BFD7A56A5CB624C47FDDEAB2FC509.web07-pub?0,1620593966,16:59:26,20210509
58,2006-09-30,JNP.DE,USD,2006-09-30,2006-09-30,Q3,573567000,190185000.0,383382000.0,0.6684171160474713,123389000.0,0.0,0.0,0.0,310329000,500514000,0.0,44082000.0,117135000.0,0.2042220002196779,73053000.0,0.12736611415928742,-15310000.0,85545000.0,0.14914560984157038,27271000.0,58274000.0,0.101599290056785,0.10249383971113038,0.09718391130471327,568561000,599626000,https://www.bundesanzeiger.de/pub/de/suche;wwwsid=627BFD7A56A5CB624C47FDDEAB2FC509.web07-pub?0,https://www.bundesanzeiger.de/pub/de/suche;wwwsid=627BFD7A56A5CB624C47FDDEAB2FC509.web07-pub?0,1620593966,16:59:26,20210509
59,2006-06-30,JNP.DE,USD,2006-06-30,2006-06-30,Q2,567469000,188923000.0,378546000.0,0.6670778491864754,116222000.0,0.0,0.0,0.0,1582997000,1771920000,0.0,43164000.0,-1161287000.0,-2.0464324923475994,-1204451000.0,-2.1224965592834146,-1287771000.0,-1185625000.0,-2.089321178778048,20831000.0,-1206456000.0,-2.126029791935771,-2.13,-2.13,566098000,566098000,https://www.bundesanzeiger.de/pub/de/suche;wwwsid=627BFD7A56A5CB624C47FDDEAB2FC509.web07-pub?0,https://www.bundesanzeiger.de/pub/de/suche;wwwsid=627BFD7A56A5CB624C47FDDEAB2FC509.web07-pub?0,1620593966,16:59:26,20210509
60,2006-03-31,JNP.DE,USD,2006-03-31,2006-03-31,Q1,566714000,184947000.0,381767000.0,0.673650200983212,113688000.0,0.0,0.0,0.0,290841000,475788000,0.0,41828000.0,132754000.0,0.23425219775759906,90926000.0,0.16044424524539716,-1404000.0,110604000.0,0.19516722720808027,34841000.0,75763000.0,0.13368824486425251,0.133874156914231,0.12552084282516746,565927000,603589000,https://www.bundesanzeiger.de/pub/de/suche;wwwsid=627BFD7A56A5CB624C47FDDEAB2FC509.web07-pub?0,https://www.bundesanzeiger.de/pub/de/suche;wwwsid=627BFD7A56A5CB624C47FDDEAB2FC509.web07-pub?0,1620593966,16:59:26,20210509
61,2005-12-31,JNP.DE,USD,2005-12-31,2005-12-31,Q4,575464000,183364000.0,392100000.0,0.6813632129898656,107547000.0,0.0,0.0,0.0,264198000,447562000,0.0,24257000.0,152159000.0,0.2644109796616296,127902000.0,0.22225890759456718,-11918000.0,133867000.0,0.23262445609108476,28337000.0,105530000.0,0.18338245311609414,0.31891810214566335,0.31891810214566335,330900000,330900000,https://www.bundesanzeiger.de/pub/de/suche;wwwsid=627BFD7A56A5CB624C47FDDEAB2FC509.web07-pub?0,https://www.bundesanzeiger.de/pub/de/suche;wwwsid=627BFD7A56A5CB624C47FDDEAB2FC509.web07-pub?0,1620593966,16:59:26,20210509
62,2005-09-30,JNP.DE,USD,2005-09-30,2005-09-30,Q3,546353000,171087000.0,375266000.0,0.6868562998647395,90504000.0,0.0,0.0,0.0,262916000,434003000,0.0,43295000.0,155645000.0,0.28487992195521944,112350000.0,0.20563628276956472,-1910000.0,125156000.0,0.22907534140015703,41103000.0,84053000.0,0.15384376035273897,0.15,0.14,561799000,605413000,https://www.bundesanzeiger.de/pub/de/suche;wwwsid=627BFD7A56A5CB624C47FDDEAB2FC509.web07-pub?0,https://www.bundesanzeiger.de/pub/de/suche;wwwsid=627BFD7A56A5CB624C47FDDEAB2FC509.web07-pub?0,1620593966,16:59:26,20210509
63,2005-06-30,JNP.DE,USD,2005-06-30,2005-06-30,Q2,493028000,155221000.0,337807000.0,0.6851679823458302,81238000.0,0.0,0.0,0.0,222842000,378063000,0.0,37290000.0,152255000.0,0.30881613214665293,114965000.0,0.2331814825932807,4660000.0,131946000.0,0.26762374550735457,42935000.0,89011000.0,0.18053944197895455,0.16,0.15,546662000,591050000,https://www.bundesanzeiger.de/pub/de/suche;wwwsid=627BFD7A56A5CB624C47FDDEAB2FC509.web07-pub?0,https://www.bundesanzeiger.de/pub/de/suche;wwwsid=627BFD7A56A5CB624C47FDDEAB2FC509.web07-pub?0,1620593966,16:59:26,20210509
64,2005-03-31,JNP.DE,USD,2005-03-31,2005-03-31,Q1,449112000,143195000.0,305917000.0,0.6811597107180392,76128000.0,0.0,0.0,0.0,204987000,348182000,0.0,34062000.0,134992000.0,0.3005753575945421,100930000.0,0.2247323607474305,0.0,111228000.0,0.24766205311815315,35793000.0,75435000.0,0.16796478384011115,0.14,0.13,542651000,587659000,https://www.bundesanzeiger.de/pub/de/suche;wwwsid=627BFD7A56A5CB624C47FDDEAB2FC509.web07-pub?0,https://www.bundesanzeiger.de/pub/de/suche;wwwsid=627BFD7A56A5CB624C47FDDEAB2FC509.web07-pub?0,1620593966,16:59:26,20210509
65,2004-12-31,JNP.DE,USD,2004-12-31,2004-12-31,Q4,430053000,126751000.0,303302000.0,0.7052665601681654,68759000.0,0.0,0.0,0.0,213076000,339827000,0.0,40416000.0,130642000.0,0.3037811618567944,90226000.0,0.2098020476545914,0.0,101340000.0,0.23564537394228152,35339000.0,66001000.0,0.1534717813850851,0.19945905107283168,0.19945905107283168,330900000,330900000,https://www.bundesanzeiger.de/pub/de/suche;wwwsid=627BFD7A56A5CB624C47FDDEAB2FC509.web07-pub?0,https://www.bundesanzeiger.de/pub/de/suche;wwwsid=627BFD7A56A5CB624C47FDDEAB2FC509.web07-pub?0,1620593966,16:59:26,20210509
66,2004-09-30,JNP.DE,USD,2004-09-30,2004-09-30,Q3,375014000,113034000.0,261980000.0,0.6985872527425643,64881000.0,0.0,0.0,0.0,192285000,305319000,0.0,43989000.0,113684000.0,0.30314601588207374,69695000.0,0.18584639506791747,-1716000.0,73404000.0,0.19573669249681344,24645000.0,48759000.0,0.13001914595188446,0.091403644598245,0.08664908533226234,533447000,562718000,https://www.bundesanzeiger.de/pub/de/suche;wwwsid=627BFD7A56A5CB624C47FDDEAB2FC509.web07-pub?0,https://www.bundesanzeiger.de/pub/de/suche;wwwsid=627BFD7A56A5CB624C47FDDEAB2FC509.web07-pub?0,1620593966,16:59:26,20210509
67,2004-06-30,JNP.DE,USD,2004-06-30,2004-06-30,Q2,306899000,96770000.0,210129000.0,0.6846845379098662,58093000.0,0.0,0.0,0.0,191268000,288038000,0.0,48067000.0,66928000.0,0.21807826027455288,18861000.0,0.0614567007386795,-32859000.0,5082000.0,0.01655919374126341,7472000.0,-12554000.0,-0.0409059658063402,-0.02,-0.02,506189000,506189000,https://www.bundesanzeiger.de/pub/de/suche;wwwsid=627BFD7A56A5CB624C47FDDEAB2FC509.web07-pub?0,https://www.bundesanzeiger.de/pub/de/suche;wwwsid=627BFD7A56A5CB624C47FDDEAB2FC509.web07-pub?0,1620593966,16:59:26,20210509
68,2004-03-31,JNP.DE,USD,2004-03-31,2004-03-31,Q1,224053000,74019000.0,150034000.0,0.6696362021485988,46630000.0,0.0,0.0,0.0,103164000,177183000,0.0,13202000.0,60072000.0,0.2681151334728836,46870000.0,0.20919157520765175,0.0,49356000.0,0.2202871641977568,15816000.0,33540000.0,0.14969672354309024,0.09,0.08,394496000,421859000,https://www.bundesanzeiger.de/pub/de/suche;wwwsid=627BFD7A56A5CB624C47FDDEAB2FC509.web07-pub?0,https://www.bundesanzeiger.de/pub/de/suche;wwwsid=627BFD7A56A5CB624C47FDDEAB2FC509.web07-pub?0,1620593966,16:59:26,20210509
69,2003-12-31,JNP.DE,USD,2003-12-31,2003-12-31,Q4,206955000,70629000.0,136326000.0,0.6587229107777053,44695000.0,0.0,0.0,0.0,101620000,172249000,0.0,10689000.0,45395000.0,0.2193472010823609,34706000.0,0.16769829189920515,-15192000.0,20231000.0,0.09775555072358726,5498000.0,14733000.0,0.07118938899760817,0.044524025385312783,0.044524025385312783,330900000,330900000,https://www.bundesanzeiger.de/pub/de/suche;wwwsid=627BFD7A56A5CB624C47FDDEAB2FC509.web07-pub?0,https://www.bundesanzeiger.de/pub/de/suche;wwwsid=627BFD7A56A5CB624C47FDDEAB2FC509.web07-pub?0,1620593966,16:59:26,20210509
70,2003-09-30,JNP.DE,USD,2003-09-30,2003-09-30,Q3,172128000,62939000.0,109189000.0,0.634347694738799,44932000.0,0.0,0.0,0.0,88164000,151103000,0.0,17688000.0,38713000.0,0.22490820784532442,21025000.0,0.12214747164900538,-4765000.0,14905000.0,0.08659253578732107,7700000.0,7205000.0,0.041858384458077706,0.018724255772554217,0.017655721997730855,384795000,408083000,https://www.bundesanzeiger.de/pub/de/suche;wwwsid=627BFD7A56A5CB624C47FDDEAB2FC509.web07-pub?0,https://www.bundesanzeiger.de/pub/de/suche;wwwsid=627BFD7A56A5CB624C47FDDEAB2FC509.web07-pub?0,1620593966,16:59:26,20210509
71,2003-06-30,JNP.DE,USD,2003-06-30,2003-06-30,Q2,165103000,62430000.0,102673000.0,0.6218724069217397,43007000.0,0.0,0.0,0.0,91816000,154246000,0.0,20496000.0,31353000.0,0.18989963840753954,10857000.0,0.06575895047334089,9275000.0,17795000.0,0.107781203248881,4217000.0,13578000.0,0.08223957166132656,0.04,0.03,379032000,399542000,https://www.bundesanzeiger.de/pub/de/suche;wwwsid=627BFD7A56A5CB624C47FDDEAB2FC509.web07-pub?0,https://www.bundesanzeiger.de/pub/de/suche;wwwsid=627BFD7A56A5CB624C47FDDEAB2FC509.web07-pub?0,1620593966,16:59:26,20210509
72,2003-03-31,JNP.DE,USD,2003-03-31,2003-03-31,Q1,157207000,61351000.0,95856000.0,0.6097438409231141,43470000.0,0.0,0.0,0.0,91448000,152799000,0.0,21167000.0,25575000.0,0.16268359551419467,4408000.0,0.028039463891556992,4352000.0,6063000.0,0.03856698493069647,2380000.0,3683000.0,0.023427709962024593,0.009806975920585596,0.009420714316774397,375549000,390947000,https://www.bundesanzeiger.de/pub/de/suche;wwwsid=627BFD7A56A5CB624C47FDDEAB2FC509.web07-pub?0,https://www.bundesanzeiger.de/pub/de/suche;wwwsid=627BFD7A56A5CB624C47FDDEAB2FC509.web07-pub?0,1620593966,16:59:26,20210509
73,2002-12-31,JNP.DE,USD,2002-12-31,2002-12-31,Q4,155266000,63092000.0,92174000.0,0.5936521839939201,44281000.0,0.0,0.0,0.0,80522000,143614000,0.0,8393000.0,20045000.0,0.12910102662527534,11652000.0,0.07504540594850129,2601000.0,9952000.0,0.06409645382762486,1500000.0,8452000.0,0.054435613720969174,0.025542459957691145,0.025542459957691145,330900000,330900000,https://www.bundesanzeiger.de/pub/de/suche;wwwsid=627BFD7A56A5CB624C47FDDEAB2FC509.web07-pub?0,https://www.bundesanzeiger.de/pub/de/suche;wwwsid=627BFD7A56A5CB624C47FDDEAB2FC509.web07-pub?0,1620593966,16:59:26,20210509
74,2002-09-30,JNP.DE,USD,2002-09-30,2002-09-30,Q3,152026000,68865000.0,83161000.0,0.5470182731901122,48771000.0,46857000.0,0.0,0.0,106862000,175727000,0.0,25370000.0,1669000.0,0.010978385276202755,-23701000.0,-0.15590096430873665,-65992000.0,-86830000.0,-0.5711523028955573,1500000.0,-88330000.0,-0.5810190362174891,-0.24,-0.24,369944000,369944000,https://www.bundesanzeiger.de/pub/de/suche;wwwsid=627BFD7A56A5CB624C47FDDEAB2FC509.web07-pub?0,https://www.bundesanzeiger.de/pub/de/suche;wwwsid=627BFD7A56A5CB624C47FDDEAB2FC509.web07-pub?0,1620593966,16:59:26,20210509
75,2002-06-30,JNP.DE,USD,2002-06-30,2002-06-30,Q2,117036000,48155000.0,68881000.0,0.588545404832701,33770000.0,34998000.0,0.0,0.0,62406000,110561000,0.0,4884000.0,11359000.0,0.0970556068218326,6475000.0,0.05532485730886223,-111000.0,6981000.0,0.05964831333948529,750000.0,6231000.0,0.05324002870911514,0.018827219246004768,0.018210139929626036,330957000,342172000,https://www.bundesanzeiger.de/pub/de/suche;wwwsid=627BFD7A56A5CB624C47FDDEAB2FC509.web07-pub?0,https://www.bundesanzeiger.de/pub/de/suche;wwwsid=627BFD7A56A5CB624C47FDDEAB2FC509.web07-pub?0,1620593966,16:59:26,20210509
76,2002-03-31,JNP.DE,USD,2002-03-31,2002-03-31,Q1,122219000,49996000.0,72223000.0,0.5909310336363414,35069000.0,37127000.0,0.0,0.0,87471000,137467000,0.0,24400000.0,9152000.0,0.07488197416113697,-15248000.0,-0.12475965275448171,-31625000.0,-45253000.0,-0.3702615796234628,750000.0,-46003000.0,-0.37639810504095106,-0.14,-0.14,329367000,329367000,https://www.bundesanzeiger.de/pub/de/suche;wwwsid=627BFD7A56A5CB624C47FDDEAB2FC509.web07-pub?0,https://www.bundesanzeiger.de/pub/de/suche;wwwsid=627BFD7A56A5CB624C47FDDEAB2FC509.web07-pub?0,1620593966,16:59:26,20210509
77,2001-12-31,JNP.DE,USD,2001-12-31,2001-12-31,Q4,151033000,58783000.0,92250000.0,0.6107936676090656,36765000.0,50333000.0,0.0,0.0,114789000,173572000,0.0,32385000.0,9846000.0,0.06519105096237246,-22539000.0,-0.14923228698363933,0.0,-8440000.0,-0.05588182715035787,-3314000.0,-5126000.0,-0.033939602603404555,-0.015491084919915382,-0.015491084919915382,330900000,330900000,https://www.bundesanzeiger.de/pub/de/suche;wwwsid=627BFD7A56A5CB624C47FDDEAB2FC509.web07-pub?0,https://www.bundesanzeiger.de/pub/de/suche;wwwsid=627BFD7A56A5CB624C47FDDEAB2FC509.web07-pub?0,1620593966,16:59:26,20210509
78,2001-09-30,JNP.DE,USD,2001-09-30,2001-09-30,Q3,201703000,119767000.0,81936000.0,0.406221027947031,37897000.0,42776000.0,0.0,0.0,108639000,228406000,0.0,35730000.0,9027000.0,0.04475392036806592,-26703000.0,-0.13238771857632262,-12476000.0,-30991000.0,-0.15364669836343534,-1265000.0,-29726000.0,-0.14737510101485848,-0.09,-0.09,320178000,320178000,https://www.bundesanzeiger.de/pub/de/suche;wwwsid=627BFD7A56A5CB624C47FDDEAB2FC509.web07-pub?0,https://www.bundesanzeiger.de/pub/de/suche;wwwsid=627BFD7A56A5CB624C47FDDEAB2FC509.web07-pub?0,1620593966,16:59:26,20210509
79,2001-06-30,JNP.DE,USD,2001-06-30,2001-06-30,Q2,202181000,80480000.0,121701000.0,0.6019408351922287,42077000.0,45402000.0,0.0,0.0,118596000,199076000,0.0,26929000.0,30034000.0,0.1485500615784866,3105000.0,0.015357526177039385,-46045000.0,-33024000.0,-0.16333879048970973,4107000.0,-37131000.0,-0.1836522719741222,-0.12,-0.12,318196000,318196000,https://www.bundesanzeiger.de/pub/de/suche;wwwsid=627BFD7A56A5CB624C47FDDEAB2FC509.web07-pub?0,https://www.bundesanzeiger.de/pub/de/suche;wwwsid=627BFD7A56A5CB624C47FDDEAB2FC509.web07-pub?0,1620593966,16:59:26,20210509
80,2001-03-31,JNP.DE,USD,2001-03-31,2001-03-31,Q1,332105000,113741000.0,218364000.0,0.657514942563346,42991000.0,51790000.0,0.0,0.0,131364000,245105000,0.0,52634000.0,139634000.0,0.42045136327366345,87000000.0,0.2619653422863251,0.0,88992000.0,0.2679634452959154,30426000.0,58566000.0,0.17634784179702204,0.19,0.17,315571000,344918000,https://www.bundesanzeiger.de/pub/de/suche;wwwsid=627BFD7A56A5CB624C47FDDEAB2FC509.web07-pub?0,https://www.bundesanzeiger.de/pub/de/suche;wwwsid=627BFD7A56A5CB624C47FDDEAB2FC509.web07-pub?0,1620593966,16:59:26,20210509
81,2000-12-31,JNP.DE,USD,2000-12-31,2000-12-31,Q4,295386000,101410000.0,193976000.0,0.6566865051153407,30243000.0,45437000.0,0.0,0.0,92523000,193933000,0.0,21761000.0,123214000.0,0.41712877387553915,101453000.0,0.34345906711895624,-10000000.0,99580000.0,0.3371182114250506,37423000.0,62157000.0,0.2104263573764498,0.18784224841341796,0.18784224841341796,330900000,330900000,https://www.bundesanzeiger.de/pub/de/suche;wwwsid=627BFD7A56A5CB624C47FDDEAB2FC509.web07-pub?0,https://www.bundesanzeiger.de/pub/de/suche;wwwsid=627BFD7A56A5CB624C47FDDEAB2FC509.web07-pub?0,1620593966,16:59:26,20210509
82,2000-09-30,JNP.DE,USD,2000-09-30,2000-09-30,Q3,201201000,70291000.0,130910000.0,0.6506428894488596,23600000.0,28831000.0,0.0,0.0,54703000,124994000,0.0,5383000.0,81590000.0,0.40551488312682343,76207000.0,0.3787605429396474,0.0,87852000.0,0.43663798887679484,29781000.0,58071000.0,0.28862182593525876,0.19,0.17,307679000,349721000,https://www.bundesanzeiger.de/pub/de/suche;wwwsid=627BFD7A56A5CB624C47FDDEAB2FC509.web07-pub?0,https://www.bundesanzeiger.de/pub/de/suche;wwwsid=627BFD7A56A5CB624C47FDDEAB2FC509.web07-pub?0,1620593966,16:59:26,20210509
83,2000-06-30,JNP.DE,USD,2000-06-30,2000-06-30,Q2,113028000,40752000.0,72276000.0,0.6394521711434334,18000000.0,21418000.0,0.0,0.0,51733000,92485000,0.0,6117000.0,26660000.0,0.2358707576883604,20543000.0,0.181751424425806,-10000000.0,30419000.0,0.26912800368050394,10802000.0,19617000.0,0.17355876420002123,0.06498298987342611,0.05662926408226067,301879000,346411000,https://www.bundesanzeiger.de/pub/de/suche;wwwsid=627BFD7A56A5CB624C47FDDEAB2FC509.web07-pub?0,https://www.bundesanzeiger.de/pub/de/suche;wwwsid=627BFD7A56A5CB624C47FDDEAB2FC509.web07-pub?0,1620593966,16:59:26,20210509
84,2000-03-31,JNP.DE,USD,2000-03-31,2000-03-31,Q1,63886000,25101000.0,38785000.0,0.6070970165607489,15990000.0,14519000.0,0.0,0.0,32900000,58001000,0.0,4740000.0,10625000.0,0.16631186801490155,5885000.0,0.09211720877813606,0.0,12521000.0,0.19598973170960773,4450000.0,8071000.0,0.12633440816454308,0.02730896245567496,0.023040908961146477,295544000,350290000,https://www.bundesanzeiger.de/pub/de/suche;wwwsid=627BFD7A56A5CB624C47FDDEAB2FC509.web07-pub?0,https://www.bundesanzeiger.de/pub/de/suche;wwwsid=627BFD7A56A5CB624C47FDDEAB2FC509.web07-pub?0,1620593966,16:59:26,20210509
85,1999-12-31,JNP.DE,USD,1999-12-31,1999-12-31,Q4,45400000,18400000.0,27000000.0,0.5947136563876652,15800000.0,10700000.0,0.0,0.0,28100000,46500000,0.0,6400000.0,5300000.0,0.11674008810572688,-1100000.0,-0.024229074889867842,0.0,5000000.0,0.11013215859030837,1900000.0,3100000.0,0.06828193832599119,0.009368389241462678,0.009368389241462678,330900000,330900000,https://www.bundesanzeiger.de/pub/de/suche;wwwsid=627BFD7A56A5CB624C47FDDEAB2FC509.web07-pub?0,https://www.bundesanzeiger.de/pub/de/suche;wwwsid=627BFD7A56A5CB624C47FDDEAB2FC509.web07-pub?0,1620593966,16:59:26,20210509
86,1999-09-30,JNP.DE,USD,1999-09-30,1999-09-30,Q3,29600000,12500000.0,17100000.0,0.5777027027027027,11500000.0,7300000.0,0.0,0.0,19500000,32000000,0.0,1400000.0,-1000000.0,-0.033783783783783786,-2400000.0,-0.08108108108108109,0.0,-1200000.0,-0.04054054054054054,400000.0,-1600000.0,-0.05405405405405406,-0.001667,-0.001667,1627134000,1627134000,https://www.bundesanzeiger.de/pub/de/suche;wwwsid=627BFD7A56A5CB624C47FDDEAB2FC509.web07-pub?0,https://www.bundesanzeiger.de/pub/de/suche;wwwsid=627BFD7A56A5CB624C47FDDEAB2FC509.web07-pub?0,1620593966,16:59:26,20210509
87,1999-06-30,JNP.DE,USD,1999-06-30,1999-06-30,Q2,17600000,8600000.0,9000000.0,0.5113636363636364,8000000.0,4800000.0,0.0,0.0,13700000,22300000,0.0,300000.0,-4400000.0,-0.25,-4700000.0,-0.26704545454545453,0.0,-3800000.0,-0.2159090909090909,100000.0,-3900000.0,-0.2215909090909091,-0.003333,-0.003333,644394000,644394000,https://www.bundesanzeiger.de/pub/de/suche;wwwsid=627BFD7A56A5CB624C47FDDEAB2FC509.web07-pub?0,https://www.bundesanzeiger.de/pub/de/suche;wwwsid=627BFD7A56A5CB624C47FDDEAB2FC509.web07-pub?0,1620593966,16:59:26,20210509
88,1999-03-31,JNP.DE,USD,1999-03-31,1999-03-31,Q1,10000000,5200000.0,4800000.0,0.48,6200000.0,3400000.0,0.0,0.0,11700000,16900000,0.0,2100000.0,-4800000.0,-0.48,-6900000.0,-0.69,300000.0,0.0,0.0,0.0,-6700000.0,-0.67,-0.005,-0.005,300396000,300396000,https://www.bundesanzeiger.de/pub/de/suche;wwwsid=627BFD7A56A5CB624C47FDDEAB2FC509.web07-pub?0,https://www.bundesanzeiger.de/pub/de/suche;wwwsid=627BFD7A56A5CB624C47FDDEAB2FC509.web07-pub?0,1620593966,16:59:26,20210509
