,date,symbol,reportedCurrency,fillingDate,acceptedDate,period,revenue,costOfRevenue,grossProfit,grossProfitRatio,researchAndDevelopmentExpenses,generalAndAdministrativeExpenses,sellingAndMarketingExpenses,otherExpenses,operatingExpenses,costAndExpenses,interestExpense,depreciationAndAmortization,ebitda,ebitdaratio,operatingIncome,operatingIncomeRatio,totalOtherIncomeExpensesNet,incomeBeforeTax,incomeBeforeTaxRatio,incomeTaxExpense,netIncome,netIncomeRatio,eps,epsdiluted,weightedAverageShsOut,weightedAverageShsOutDil,link,finalLink,timestamp,est_time,est_date
0,2021-03-31,SWM,USD,2021-05-05,2021-05-05 16:22:34,Q1,288000000,207000000.0,80000000.0,0.2777777777777778,3000000.0,0.0,9000000.0,-2000000.0,12000000.0,219000000.0,-2000000.0,0.0,68000000,0.2361111111111111,68000000.0,0.2361111111111111,-2000.0,28000000.0,0.09722222222222222,7000000.0,21000000.0,0.07291666666666667,0.6792972831343423,0.6697304175609694,30914300.0,31355900.0,https://www.sec.gov/Archives/edgar/data/1000623/000100062321000081/0001000623-21-000081-index.htm,https://www.sec.gov/Archives/edgar/data/1000623/000100062321000081/swm-20210331.htm,1620598502,18:15:02,20210509
1,2020-12-31,SWM,USD,2021-03-01,2021-03-01 16:23:29,Q4,279400000,199900000.0,79500000.0,0.28453829634932,3400000.0,39000000.0,9600000.0,-300000.0,52000000.0,251900000.0,7700000.0,19900000.0,47400000,0.16964924838940587,27500000.0,0.0984251968503937,-4500000.0,15300000.0,0.05476020042949177,2900000.0,15300000.0,0.05476020042949177,0.49,0.48,30914300.0,31355900.0,https://www.sec.gov/Archives/edgar/data/1000623/000100062321000047/0001000623-21-000047-index.htm,https://www.sec.gov/Archives/edgar/data/1000623/000100062321000047/swm-20201231.htm,1620598502,18:15:02,20210509
2,2020-09-30,SWM,USD,2020-11-04,2020-11-04 16:03:14,Q3,279300000,199100000.0,80200000.0,0.2871464375223774,3600000.0,24600000.0,9000000.0,-1000000.0,37200000.0,236300000.0,7800000.0,19800000.0,62800000,0.22484783387039026,43000000.0,0.1539563193698532,-7000000.0,28200000.0,0.10096670247046187,4800000.0,24500000.0,0.08771929824561403,0.7926314393216369,0.7867062695673116,30909700.0,31142500.0,https://www.sec.gov/Archives/edgar/data/1000623/000100062320000138/0001000623-20-000138-index.htm,https://www.sec.gov/Archives/edgar/data/1000623/000100062320000138/swm-20200930.htm,1620598502,18:15:02,20210509
3,2020-06-30,SWM,USD,2020-08-05,2020-08-05 16:34:59,Q2,254200000,179900000.0,74300000.0,0.2922895357985838,3600000.0,25900000.0,8800000.0,-300000.0,38300000.0,218200000.0,8100000.0,17200000.0,53200000,0.20928402832415421,36000000.0,0.14162077104642015,-1900000.0,26000000.0,0.1022816679779701,5400000.0,21500000.0,0.08457907159716758,0.69,0.68,30792600.0,31006700.0,https://www.sec.gov/Archives/edgar/data/1000623/000100062320000120/0001000623-20-000120-index.htm,https://www.sec.gov/Archives/edgar/data/1000623/000100062320000120/swm-20200630.htm,1620598502,18:15:02,20210509
4,2020-03-31,SWM,USD,2020-05-06,2020-05-06 16:56:35,Q1,261500000,187200000.0,74300000.0,0.2841300191204589,3200000.0,27400000.0,9500000.0,600000.0,40100000.0,227300000.0,6900000.0,15300000.0,49500000,0.18929254302103252,34200000.0,0.13078393881453154,500000.0,27800000.0,0.10630975143403441,5300000.0,22500000.0,0.08604206500956023,0.732605503332541,0.7279197670656745,30712300.0,30910000.0,https://www.sec.gov/Archives/edgar/data/1000623/000100062320000076/0001000623-20-000076-index.htm,https://www.sec.gov/Archives/edgar/data/1000623/000100062320000048/swmform10-k12312019.htm,1620598502,18:15:02,20210509
5,2019-12-31,SWM,USD,2020-03-02,2020-03-02 16:37:18,Q4,238500000,167600000.0,70900000.0,0.29727463312368974,3400000.0,33100000.0,7900000.0,600000.0,44400000.0,212000000.0,6500000.0,14300000.0,40800000,0.1710691823899371,26500000.0,0.1111111111111111,-1100000.0,18900000.0,0.07924528301886792,2400000.0,20200000.0,0.08469601677148847,0.65,0.64,30663500.0,30939000.0,https://www.sec.gov/Archives/edgar/data/1000623/000100062320000048/0001000623-20-000048-index.htm,https://www.sec.gov/Archives/edgar/data/1000623/000100062320000048/swmform10-k12312019.htm,1620598502,18:15:02,20210509
6,2019-09-30,SWM,USD,2019-11-04,2019-11-04 16:14:34,Q3,256400000,184200000.0,72200000.0,0.28159126365054604,3100000.0,24300000.0,8600000.0,1700000.0,36000000.0,220200000.0,6700000.0,14500000.0,50700000,0.19773790951638065,36200000.0,0.14118564742589704,100000.0,29600000.0,0.11544461778471139,3200000.0,27700000.0,0.10803432137285492,0.9033747733409865,0.8984201427742047,30662800.0,30831900.0,https://www.sec.gov/Archives/edgar/data/1000623/000100062319000108/0001000623-19-000108-index.htm,https://www.sec.gov/Archives/edgar/data/1000623/000100062319000108/swmform10-q09302019.htm,1620598502,18:15:02,20210509
7,2019-06-30,SWM,USD,2019-08-07,2019-08-07 16:47:00,Q2,269900000,190900000.0,79000000.0,0.2927010003705076,3700000.0,22100000.0,8600000.0,-2700000.0,34400000.0,225300000.0,15100000.0,14500000.0,59100000,0.21896998888477215,44600000.0,0.16524638755094478,-3100000.0,26400000.0,0.09781400518710634,5200000.0,20500000.0,0.0759540570581697,0.6685930844645058,0.6653835043314843,30661400.0,30809300.0,https://www.sec.gov/Archives/edgar/data/1000623/000100062319000091/0001000623-19-000091-index.htm,https://www.sec.gov/Archives/edgar/data/1000623/000100062319000091/swmform10-q06302019.htm,1620598502,18:15:02,20210509
8,2019-03-31,SWM,USD,2019-05-01,2019-05-01 16:30:13,Q1,258000000,190100000.0,67900000.0,0.2631782945736434,3300000.0,25600000.0,8600000.0,-600000.0,37500000.0,227600000.0,7800000.0,14400000.0,44800000,0.17364341085271318,30400000.0,0.11782945736434108,-600000.0,22000000.0,0.08527131782945736,4400000.0,17400000.0,0.06744186046511629,0.57,0.56,30620600.0,30716700.0,https://www.sec.gov/Archives/edgar/data/1000623/000100062319000067/0001000623-19-000067-index.htm,https://www.sec.gov/Archives/edgar/data/1000623/000100062319000048/swmform10-k12312018.htm,1620598502,18:15:02,20210509
9,2018-12-31,SWM,USD,2019-03-01,2019-03-01 16:34:35,Q4,248700000,184900000.0,63800000.0,0.2565339766787294,3400000.0,24800000.0,8500000.0,-400000.0,36700000.0,221600000.0,8100000.0,14800000.0,41900000,0.16847607559308403,27100000.0,0.10896662645757942,-700000.0,18300000.0,0.0735826296743064,300000.0,7200000.0,0.028950542822677925,0.23544723529354056,0.23435669088352473,30580100.0,30722400.0,https://www.sec.gov/Archives/edgar/data/1000623/000100062319000048/0001000623-19-000048-index.htm,https://www.sec.gov/Archives/edgar/data/1000623/000100062319000048/swmform10-k12312018.htm,1620598502,18:15:02,20210509
10,2018-09-30,SWM,USD,2018-11-07,2018-11-07 16:33:12,Q3,260300000,195000000.0,65300000.0,0.250864387245486,3600000.0,21300000.0,8900000.0,11200000.0,33800000.0,228800000.0,7300000.0,15800000.0,47300000,0.18171340760660776,31500000.0,0.12101421436803687,10800000.0,35000000.0,0.13446023818670763,-5600000.0,41000000.0,0.15751056473300037,1.3412017167381973,1.3345137812959755,30569600.0,30722800.0,https://www.sec.gov/Archives/edgar/data/1000623/000100062318000093/0001000623-18-000093-index.htm,https://www.sec.gov/Archives/edgar/data/1000623/000100062318000093/swmform10-q09302018.htm,1620598502,18:15:02,20210509
11,2018-06-30,SWM,USD,2018-08-01,2018-08-01 16:32:47,Q2,270400000,193000000.0,77400000.0,0.28624260355029585,4100000.0,21400000.0,9200000.0,-500000.0,34700000.0,227700000.0,6600000.0,15400000.0,58100000,0.21486686390532544,42700000.0,0.15791420118343194,-1100000.0,35000000.0,0.1294378698224852,8700000.0,25800000.0,0.09541420118343195,0.84,0.83,30565800.0,30705900.0,https://www.sec.gov/Archives/edgar/data/1000623/000100062318000079/0001000623-18-000079-index.htm,https://www.sec.gov/Archives/edgar/data/1000623/000100062318000079/swmform10-q06302018.htm,1620598502,18:15:02,20210509
12,2018-03-31,SWM,USD,2018-05-02,2018-05-02 16:18:06,Q1,261900000,189900000.0,72000000.0,0.27491408934707906,4100000.0,23400000.0,9100000.0,-300000.0,36600000.0,226500000.0,6200000.0,15600000.0,51000000,0.19473081328751432,35400000.0,0.13516609392898052,-700000.0,28500000.0,0.10882016036655212,7300000.0,20500000.0,0.0782741504390989,0.672382464265332,0.6695036202183562,30488600.0,30619700.0,https://www.sec.gov/Archives/edgar/data/1000623/000100062318000065/0001000623-18-000065-index.htm,https://www.sec.gov/Archives/edgar/data/1000623/000100062318000044/swmform10-k12312017.htm,1620598502,18:15:02,20210509
13,2017-12-31,SWM,USD,2018-03-01,2018-03-01 16:36:36,Q4,235700000,168900000.0,66800000.0,0.2834111158252015,4900000.0,29200000.0,8700000.0,500000.0,42800000.0,211700000.0,6900000.0,12800000.0,36800000,0.15613067458633856,24000000.0,0.10182435299109037,-3400000.0,13700000.0,0.058124734832414086,43100000.0,-27300000.0,-0.11582520152736529,-0.8972323831872455,-0.8923639145030383,30426900.0,30592900.0,https://www.sec.gov/Archives/edgar/data/1000623/000100062318000044/0001000623-18-000044-index.htm,https://www.sec.gov/Archives/edgar/data/1000623/000100062318000044/swmform10-k12312017.htm,1620598502,18:15:02,20210509
14,2017-09-30,SWM,USD,2017-11-01,2017-11-01 16:12:12,Q3,257800000,182000000.0,75800000.0,0.2940263770364624,3900000.0,23800000.0,8100000.0,4100000.0,35800000.0,217800000.0,7400000.0,14800000.0,54800000,0.2125678820791311,40000000.0,0.1551590380139643,2600000.0,35200000.0,0.1365399534522886,9500000.0,25800000.0,0.10007757951900698,0.8480481743955192,0.843978475277646,30422800.0,30569500.0,https://www.sec.gov/Archives/edgar/data/1000623/000100062317000125/0001000623-17-000125-index.htm,https://www.sec.gov/Archives/edgar/data/1000623/000100062317000125/swmform10-q9302017.htm,1620598502,18:15:02,20210509
15,2017-06-30,SWM,USD,2017-08-02,2017-08-02 16:12:20,Q2,255300000,178700000.0,76600000.0,0.300039169604387,4600000.0,22700000.0,8200000.0,-800000.0,35500000.0,214200000.0,6800000.0,15300000.0,56400000,0.2209165687426557,41100000.0,0.1609870740305523,-2400000.0,31900000.0,0.12495103799451626,9900000.0,22300000.0,0.08734821778300039,0.73,0.72,30412900.0,30546700.0,https://www.sec.gov/Archives/edgar/data/1000623/000100062317000106/0001000623-17-000106-index.htm,https://www.sec.gov/Archives/edgar/data/1000623/000100062317000106/swmform10-q6302017.htm,1620598502,18:15:02,20210509
16,2017-03-31,SWM,USD,2017-05-03,2017-05-03 16:41:10,Q1,233300000,170200000.0,63100000.0,0.2704672096013716,4400000.0,22700000.0,8300000.0,-100000.0,35400000.0,205600000.0,5800000.0,16600000.0,44300000,0.18988426918131163,27700000.0,0.11873124732104587,-1200000.0,20700000.0,0.08872696099442777,7100000.0,13700000.0,0.058722674667809685,0.4511817999189849,0.44936744152483166,30364700.0,30487300.0,https://www.sec.gov/Archives/edgar/data/1000623/000100062317000085/0001000623-17-000085-index.htm,https://www.sec.gov/Archives/edgar/data/1000623/000100062317000036/swmform10-k12312016.htm,1620598502,18:15:02,20210509
17,2016-12-31,SWM,USD,2017-02-24,2017-02-24 16:23:33,Q4,198700000,135500000.0,63200000.0,0.31806743834927026,4600000.0,24300000.0,6500000.0,-100000.0,35400000.0,170900000.0,4000000.0,11200000.0,39000000,0.19627579265223954,27800000.0,0.13990941117262204,-21700000.0,2100000.0,0.010568696527428284,-12500000.0,17000000.0,0.08555611474584801,0.5607063580802734,0.5569315039771462,30318900.0,30524400.0,https://www.sec.gov/Archives/edgar/data/1000623/000100062317000036/0001000623-17-000036-index.htm,https://www.sec.gov/Archives/edgar/data/1000623/000100062317000036/swmform10-k12312016.htm,1620598502,18:15:02,20210509
18,2016-09-30,SWM,USD,2016-11-02,2016-11-02 16:39:47,Q3,209300000,146200000.0,63100000.0,0.3014811275680841,4200000.0,20800000.0,6000000.0,700000.0,31000000.0,177200000.0,3900000.0,11200000.0,43300000,0.20688007644529383,32100000.0,0.1533683707596751,-600000.0,27600000.0,0.13186813186813187,10700000.0,18700000.0,0.08934543717152413,0.62,0.61,30316400.0,30458800.0,https://www.sec.gov/Archives/edgar/data/1000623/000100062316000212/0001000623-16-000212-index.htm,https://www.sec.gov/Archives/edgar/data/1000623/000100062316000212/swmform10-q9302016.htm,1620598502,18:15:02,20210509
19,2016-06-30,SWM,USD,2016-08-03,2016-08-03 16:22:19,Q2,217300000,150400000.0,66900000.0,0.3078693051081454,4400000.0,17700000.0,6400000.0,1000000.0,28500000.0,178900000.0,4100000.0,11300000.0,49700000,0.22871606074551312,38400000.0,0.1767142199723884,100000.0,34400000.0,0.15830648872526462,9100000.0,26000000.0,0.11965025310630464,0.8577121518018553,0.8539232848458176,30313200.0,30447700.0,https://www.sec.gov/Archives/edgar/data/1000623/000100062316000197/0001000623-16-000197-index.htm,https://www.sec.gov/Archives/edgar/data/1000623/000100062316000197/swmform10-q6302016.htm,1620598502,18:15:02,20210509
20,2016-03-31,SWM,USD,2016-05-04,2016-05-04 16:52:19,Q1,214600000,151100000.0,63500000.0,0.2958993476234856,4300000.0,19400000.0,6400000.0,2300000.0,30100000.0,181200000.0,4600000.0,10800000.0,44200000,0.2059645852749301,33400000.0,0.15563839701770738,500000.0,29300000.0,0.13653308480894688,8100000.0,21100000.0,0.0983224603914259,0.6964868674265305,0.6935610580257505,30294900.0,30422700.0,https://www.sec.gov/Archives/edgar/data/1000623/000100062316000164/0001000623-16-000164-index.htm,https://www.sec.gov/Archives/edgar/data/1000623/000100062316000141/swmform10-k12312015.htm,1620598502,18:15:02,20210509
21,2015-12-31,SWM,USD,2016-02-26,2016-02-26 17:25:12,Q4,209800000,144000000.0,65800000.0,0.3136320305052431,3500000.0,27300000.0,6200000.0,2700000.0,37000000.0,181000000.0,4400000.0,12000000.0,40800000,0.19447092469018112,28800000.0,0.13727359389895138,-1400000.0,23000000.0,0.109628217349857,3700000.0,21700000.0,0.10343183984747378,0.716727494921804,0.7138885873230494,30276500.0,30396900.0,https://www.sec.gov/Archives/edgar/data/1000623/000100062316000141/0001000623-16-000141-index.htm,https://www.sec.gov/Archives/edgar/data/1000623/000100062316000141/swmform10-k12312015.htm,1620598502,18:15:02,20210509
22,2015-09-30,SWM,USD,2015-11-04,2015-11-04 17:18:29,Q3,184400000,132000000.0,52400000.0,0.2841648590021692,3500000.0,10300000.0,5500000.0,1300000.0,19300000.0,151300000.0,1700000.0,9500000.0,42600000,0.23101952277657267,33100000.0,0.17950108459869848,0.0,31400000.0,0.1702819956616052,5900000.0,25800000.0,0.1399132321041215,0.852177015002279,0.8484441901304236,30275400.0,30408600.0,https://www.sec.gov/Archives/edgar/data/1000623/000100062315000095/0001000623-15-000095-index.htm,https://www.sec.gov/Archives/edgar/data/1000623/000100062315000095/swmform10-q9302015.htm,1620598502,18:15:02,20210509
23,2015-06-30,SWM,USD,2015-08-05,2015-08-05 16:09:17,Q2,181900000,127100000.0,54800000.0,0.3012644310060473,3700000.0,16800000.0,5100000.0,6100000.0,25600000.0,152700000.0,1900000.0,9800000.0,39000000,0.21440351841671249,29200000.0,0.1605277625068719,900000.0,28200000.0,0.15503023639362287,6500000.0,23400000.0,0.12864211105002749,0.7729328176043707,0.769812810474718,30274300.0,30397000.0,https://www.sec.gov/Archives/edgar/data/1000623/000100062315000069/0001000623-15-000069-index.htm,https://www.sec.gov/Archives/edgar/data/1000623/000100062315000069/swmform10-q6302015.htm,1620598502,18:15:02,20210509
24,2015-03-31,SWM,USD,2015-05-06,2015-05-06 16:14:50,Q1,188000000,136600000.0,51400000.0,0.2734042553191489,3300000.0,16200000.0,5400000.0,2100000.0,24900000.0,161500000.0,1700000.0,9700000.0,36200000,0.1925531914893617,26500000.0,0.14095744680851063,-1900000.0,22900000.0,0.12180851063829787,5500000.0,18800000.0,0.1,0.62,0.61,30178300.0,30293200.0,https://www.sec.gov/Archives/edgar/data/1000623/000100062315000052/0001000623-15-000052-index.htm,https://www.sec.gov/Archives/edgar/data/1000623/000100062315000028/swmform10-k12312014.htm,1620598502,18:15:02,20210509
25,2014-12-31,SWM,USD,2015-02-27,2015-02-27 16:09:06,Q4,181700000,132600000.0,49100000.0,0.2702256466703357,3800000.0,16000000.0,5500000.0,3000000.0,25300000.0,157900000.0,1800000.0,10200000.0,34000000,0.18712162905888827,23800000.0,0.1309851403412218,-3500000.0,18500000.0,0.10181618051733626,1900000.0,18500000.0,0.10181618051733626,0.6146342759940464,0.6121874948294975,30099200.0,30219500.0,https://www.sec.gov/Archives/edgar/data/1000623/000100062315000028/0001000623-15-000028-index.htm,https://www.sec.gov/Archives/edgar/data/1000623/000100062315000028/swmform10-k12312014.htm,1620598502,18:15:02,20210509
26,2014-09-30,SWM,USD,2014-11-05,2014-11-05 16:58:31,Q3,204300000,151400000.0,52900000.0,0.258932941752325,3600000.0,15300000.0,5500000.0,2700000.0,24400000.0,175800000.0,1800000.0,11300000.0,39800000,0.19481155163974548,28500000.0,0.1395007342143906,-600000.0,26100000.0,0.1277533039647577,2300000.0,23000000.0,0.11257953989231523,0.7641627600229913,0.7609468825991299,30098300.0,30225500.0,https://www.sec.gov/Archives/edgar/data/1000623/000100062314000106/0001000623-14-000106-index.htm,https://www.sec.gov/Archives/edgar/data/1000623/000100062314000106/form10-q09302014.htm,1620598502,18:15:02,20210509
27,2014-06-30,SWM,USD,2014-08-06,2014-08-06 16:27:28,Q2,203600000,144400000.0,59200000.0,0.2907662082514735,4200000.0,15800000.0,5500000.0,2800000.0,25500000.0,169900000.0,2100000.0,10500000.0,44200000,0.21709233791748528,33700000.0,0.16552062868369352,-400000.0,31200000.0,0.15324165029469547,6500000.0,25000000.0,0.12278978388998035,0.82,0.81,30096500.0,30210700.0,https://www.sec.gov/Archives/edgar/data/1000623/000100062314000089/0001000623-14-000089-index.htm,https://www.sec.gov/Archives/edgar/data/1000623/000100062314000089/form10-q06302014.htm,1620598502,18:15:02,20210509
28,2014-03-31,SWM,USD,2014-05-07,2014-05-07 16:41:08,Q1,204700000,147100000.0,57600000.0,0.28138739618954567,4100000.0,14800000.0,5500000.0,800000.0,24400000.0,171500000.0,1500000.0,13100000.0,46300000,0.22618466047874938,33200000.0,0.1621885686370298,700000.0,32400000.0,0.15828041035661944,9800000.0,23200000.0,0.11333659013190034,0.756540652646751,0.7537802730504058,30665900.0,30778200.0,https://www.sec.gov/Archives/edgar/data/1000623/000100062314000065/0001000623-14-000065-index.htm,https://www.sec.gov/Archives/edgar/data/1000623/000100062314000035/form10-k12312013.htm,1620598502,18:15:02,20210509
29,2013-12-31,SWM,USD,2014-02-28,2014-02-28 16:09:24,Q4,196500000,134600000.0,61900000.0,0.3150127226463104,4200000.0,14300000.0,5700000.0,2700000.0,24200000.0,158800000.0,900000.0,10300000.0,48000000,0.24427480916030533,37700000.0,0.19185750636132315,-35700000.0,1100000.0,0.0055979643765903305,13000000.0,-9700000.0,-0.04936386768447837,-0.3,-0.31,31099500.0,31312900.0,https://www.sec.gov/Archives/edgar/data/1000623/000100062314000035/0001000623-14-000035-index.htm,https://www.sec.gov/Archives/edgar/data/1000623/000100062314000035/form10-k12312013.htm,1620598502,18:15:02,20210509
30,2013-09-30,SWM,USD,2013-11-06,2013-11-06 16:07:56,Q3,185300000,122100000.0,63200000.0,0.3410685375067458,3600000.0,12500000.0,4700000.0,500000.0,20800000.0,142900000.0,600000.0,8900000.0,51300000,0.2768483540205073,42400000.0,0.22881813275769022,-100000.0,41700000.0,0.22504047490555856,13800000.0,29100000.0,0.15704263356718834,0.93,0.92,31092600.0,31280300.0,https://www.sec.gov/Archives/edgar/data/1000623/000100062313000108/0001000623-13-000108-index.htm,https://www.sec.gov/Archives/edgar/data/1000623/000100062313000108/form10-q9302013.htm,1620598502,18:15:02,20210509
31,2013-06-30,SWM,USD,2013-07-31,2013-07-31 17:15:05,Q2,196500000,131600000.0,64900000.0,0.3302798982188295,3700000.0,12900000.0,5500000.0,1200000.0,22100000.0,153700000.0,700000.0,9600000.0,52400000,0.26666666666666666,42800000.0,0.2178117048346056,500000.0,42600000.0,0.216793893129771,13800000.0,26600000.0,0.13536895674300253,0.85,0.84,31097300.0,31259500.0,https://www.sec.gov/Archives/edgar/data/1000623/000100062313000096/0001000623-13-000096-index.htm,https://www.sec.gov/Archives/edgar/data/1000623/000100062313000096/form10-q6302013.htm,1620598502,18:15:02,20210509
32,2013-03-31,SWM,USD,2013-05-08,2013-05-08 16:03:56,Q1,194500000,131800000.0,62700000.0,0.3223650385604113,3800000.0,10600000.0,5000000.0,1300000.0,19400000.0,151200000.0,700000.0,8500000.0,51800000,0.26632390745501283,43300000.0,0.22262210796915166,-300000.0,42300000.0,0.21748071979434447,12400000.0,30100000.0,0.15475578406169666,0.9726746290264205,0.9675687664944759,30945600.0,31108900.0,https://www.sec.gov/Archives/edgar/data/1000623/000100062313000069/0001000623-13-000069-index.htm,https://www.sec.gov/Archives/edgar/data/1000623/000100062313000042/form10-k12312012.htm,1620598502,18:15:02,20210509
33,2012-12-31,SWM,USD,2013-03-01,2013-03-01 15:54:31,Q4,185200000,125000000.0,60200000.0,0.3250539956803456,2800000.0,16500000.0,6400000.0,1400000.0,27000000.0,152000000.0,700000.0,9600000.0,42800000,0.23110151187904968,33200000.0,0.17926565874730022,-1700000.0,30600000.0,0.1652267818574514,12000000.0,16500000.0,0.08909287257019438,0.5382500024465909,0.5319337565161886,30654900.0,31018900.0,https://www.sec.gov/Archives/edgar/data/1000623/000100062313000042/0001000623-13-000042-index.htm,https://www.sec.gov/Archives/edgar/data/1000623/000100062313000042/form10-k12312012.htm,1620598502,18:15:02,20210509
34,2012-09-30,SWM,USD,2012-10-31,2012-10-31 16:23:10,Q3,202000000,138200000.0,63800000.0,0.31584158415841584,2400000.0,12000000.0,4300000.0,0.0,19500000.0,157700000.0,900000.0,9800000.0,54100000,0.26782178217821784,44300000.0,0.2193069306930693,-900000.0,43100000.0,0.21336633663366336,16700000.0,27700000.0,0.13712871287128714,0.89,0.87,30659900.0,31052600.0,https://www.sec.gov/Archives/edgar/data/1000623/000100062312000134/0001000623-12-000134-index.htm,https://www.sec.gov/Archives/edgar/data/1000623/000100062312000134/form10-q9302012.htm,1620598502,18:15:02,20210509
35,2012-06-30,SWM,USD,2012-08-01,2012-08-01 16:33:50,Q2,198800000,136300000.0,62500000.0,0.31438631790744465,2600000.0,13400000.0,5700000.0,0.0,21700000.0,158000000.0,900000.0,9800000.0,50600000,0.2545271629778672,40800000.0,0.2052313883299799,-5800000.0,34100000.0,0.17152917505030182,13500000.0,21000000.0,0.1056338028169014,0.665,0.66,30890200.0,31246000.0,https://www.sec.gov/Archives/edgar/data/1000623/000100062312000115/0001000623-12-000115-index.htm,https://www.sec.gov/Archives/edgar/data/1000623/000100062312000115/form10-q6302012.htm,1620598502,18:15:02,20210509
36,2012-03-31,SWM,USD,2012-05-02,2012-05-02 17:00:38,Q1,202100000,137700000.0,64400000.0,0.31865413161801087,2200000.0,13100000.0,6000000.0,0.0,21300000.0,159000000.0,900000.0,10200000.0,53300000,0.2637308263236022,43100000.0,0.2132607619990104,-19000000.0,23800000.0,0.11776348342404751,9700000.0,14600000.0,0.07224146462147452,0.455,0.45,31747000.0,32057400.0,https://www.sec.gov/Archives/edgar/data/1000623/000100062312000094/0001000623-12-000094-index.htm,https://www.sec.gov/Archives/edgar/data/1000623/000100062312000056/form10-k12312011.htm,1620598502,18:15:02,20210509
37,2011-12-31,SWM,USD,2012-02-24,2012-02-24 17:13:49,Q4,218100000,136200000.0,81900000.0,0.37551581843191195,2600000.0,17900000.0,5700000.0,0.0,26200000.0,162400000.0,800000.0,10600000.0,66300000,0.30398899587345257,55700000.0,0.255387436955525,-7300000.0,47600000.0,0.21824850985786337,7700000.0,47600000.0,0.21824850985786337,1.4993542696947744,1.4993542696947744,31747000.0,31747000.0,https://www.sec.gov/Archives/edgar/data/1000623/000100062312000056/0001000623-12-000056-index.htm,https://www.sec.gov/Archives/edgar/data/1000623/000100062312000056/form10-k12312011.htm,1620598502,18:15:02,20210509
38,2011-09-30,SWM,USD,2011-11-02,2011-11-02 17:26:39,Q3,211200000,154900000.0,56300000.0,0.2665719696969697,2300000.0,14600000.0,5700000.0,0.0,38500000.0,193400000.0,1100000.0,11500000.0,29300000,0.1387310606060606,17800000.0,0.08428030303030302,-7700000.0,9000000.0,0.04261363636363636,900000.0,9000000.0,0.04261363636363636,0.29,0.285,31914200.0,32191200.0,https://www.sec.gov/Archives/edgar/data/1000623/000100062311000089/0001000623-11-000089-index.htm,https://www.sec.gov/Archives/edgar/data/1000623/000100062311000089/form10q.htm,1620598502,18:15:02,20210509
39,2011-06-30,SWM,USD,2011-08-03,2011-08-03 17:00:49,Q2,206200000,151100000.0,55100000.0,0.2672162948593598,2400000.0,14900000.0,5500000.0,0.0,22800000.0,173900000.0,700000.0,10800000.0,43100000,0.2090203685741998,32300000.0,0.15664403491755577,-800000.0,30800000.0,0.14936954413191075,11600000.0,19800000.0,0.09602327837051407,0.575,0.57,33774800.0,34006800.0,https://www.sec.gov/Archives/edgar/data/1000623/000114036111039453/0001140361-11-039453-index.htm,https://www.sec.gov/Archives/edgar/data/1000623/000114036111039453/form10q.htm,1620598502,18:15:02,20210509
40,2011-03-31,SWM,USD,2011-05-04,2011-05-04 17:23:03,Q1,180700000,133500000.0,47200000.0,0.2612064194798008,2000000.0,12700000.0,5100000.0,0.0,19800000.0,153300000.0,0.0,10700000.0,38100000,0.21084670724958496,27400000.0,0.15163254012174876,-800000.0,26600000.0,0.14720531267293857,10900000.0,16200000.0,0.0896513558384062,0.4646413657014364,0.4618753278744612,34865600.0,35074400.0,https://www.sec.gov/Archives/edgar/data/1000623/000114036111024967/0001140361-11-024967-index.htm,https://www.sec.gov/Archives/edgar/data/1000623/000114036111012277/form10-k.htm,1620598502,18:15:02,20210509
41,2010-12-31,SWM,USD,2011-02-25,2011-02-25 16:38:06,Q4,182800000,134500000.0,48300000.0,0.26422319474835887,2300000.0,12200000.0,4700000.0,0.0,19200000.0,153700000.0,400000.0,10400000.0,39500000,0.21608315098468273,29100000.0,0.15919037199124728,-5500000.0,23200000.0,0.12691466083150985,9700000.0,13700000.0,0.07494529540481401,0.39293745124133816,0.39293745124133816,34865600.0,34865600.0,https://www.sec.gov/Archives/edgar/data/1000623/000114036111012277/0001140361-11-012277-index.htm,https://www.sec.gov/Archives/edgar/data/1000623/000114036111012277/form10-k.htm,1620598502,18:15:02,20210509
42,2010-09-30,SWM,USD,2010-11-03,2010-11-03 17:16:30,Q3,182000000,132500000.0,49500000.0,0.27197802197802196,2100000.0,11500000.0,4500000.0,0.0,18100000.0,150600000.0,400000.0,9700000.0,41100000,0.22582417582417583,31400000.0,0.17252747252747253,100000.0,31100000.0,0.17087912087912088,10700000.0,18200000.0,0.1,0.5,0.49,35282000.0,36014400.0,https://www.sec.gov/Archives/edgar/data/1000623/000114420410057323/0001144204-10-057323-index.htm,https://www.sec.gov/Archives/edgar/data/1000623/000114420410057323/v200812_10q.htm,1620598502,18:15:02,20210509
43,2010-06-30,SWM,USD,2010-08-04,2010-08-04 17:03:45,Q2,182900000,138000000.0,44900000.0,0.245489338436304,2100000.0,10600000.0,4600000.0,0.0,17300000.0,155300000.0,600000.0,9900000.0,37500000,0.2050300710770913,27600000.0,0.1509021323127392,-4300000.0,22700000.0,0.12411153635866594,8600000.0,14800000.0,0.08091853471842538,0.4,0.39,35640400.0,36275000.0,https://www.sec.gov/Archives/edgar/data/1000623/000114420410041236/0001144204-10-041236-index.htm,https://www.sec.gov/Archives/edgar/data/1000623/000114420410041236/v192088_10q.htm,1620598502,18:15:02,20210509
44,2010-03-31,SWM,USD,2010-05-05,2010-05-05 16:33:08,Q1,193000000,139800000.0,53200000.0,0.2756476683937824,2000000.0,12000000.0,5300000.0,0.0,19300000.0,159100000.0,400000.0,10000000.0,43900000,0.22746113989637307,33900000.0,0.17564766839378237,-5800000.0,27700000.0,0.14352331606217616,9700000.0,18600000.0,0.09637305699481866,0.52,0.51,35615600.0,36328800.0,https://www.sec.gov/Archives/edgar/data/1000623/000114420410024653/0001144204-10-024653-index.htm,https://www.sec.gov/Archives/edgar/data/1000623/000114420410011915/v176564_10k.htm,1620598502,18:15:02,20210509
45,2009-12-31,SWM,USD,2010-03-08,2010-03-08 09:18:05,Q4,188500000,145200000.0,43300000.0,0.22970822281167108,2100000.0,14200000.0,5600000.0,0.0,21900000.0,167100000.0,700000.0,11200000.0,32600000,0.1729442970822281,21400000.0,0.11352785145888594,-10400000.0,10300000.0,0.054641909814323604,2100000.0,10700000.0,0.05676392572944297,0.3004301485865744,0.3004301485865744,35615600.0,35615600.0,https://www.sec.gov/Archives/edgar/data/1000623/000114420410011915/0001144204-10-011915-index.htm,https://www.sec.gov/Archives/edgar/data/1000623/000114420410011915/v176564_10k.htm,1620598502,18:15:02,20210509
46,2009-09-30,SWM,USD,2009-11-03,2009-11-03 16:30:32,Q3,184500000,132800000.0,51700000.0,0.2802168021680217,2000000.0,11500000.0,4800000.0,0.0,18300000.0,151100000.0,1000000.0,10800000.0,44200000,0.23956639566395663,33400000.0,0.18102981029810297,-26800000.0,5600000.0,0.03035230352303523,2100000.0,4500000.0,0.024390243902439025,0.145,0.135,30626000.0,31813800.0,https://www.sec.gov/Archives/edgar/data/1000623/000095012309056905/0000950123-09-056905-index.htm,https://www.sec.gov/Archives/edgar/data/1000623/000095012309056905/c91817e10vq.htm,1620598502,18:15:02,20210509
47,2009-06-30,SWM,USD,2009-08-05,2009-08-05 17:00:48,Q2,183300000,138700000.0,44600000.0,0.24331696672122205,2200000.0,11600000.0,5500000.0,0.0,19300000.0,158000000.0,1300000.0,11400000.0,36700000,0.20021822149481724,25300000.0,0.13802509547190397,-13900000.0,10100000.0,0.055100927441352976,1900000.0,7100000.0,0.03873431533006001,0.23,0.225,30351200.0,30867400.0,https://www.sec.gov/Archives/edgar/data/1000623/000095012309030368/0000950123-09-030368-index.htm,https://www.sec.gov/Archives/edgar/data/1000623/000095012309030368/c88460e10vq.htm,1620598502,18:15:02,20210509
48,2009-03-31,SWM,USD,2009-05-06,2009-05-06 16:16:48,Q1,184100000,142500000.0,41600000.0,0.22596414991852254,1800000.0,11500000.0,5200000.0,0.0,18500000.0,161000000.0,1800000.0,10500000.0,33600000,0.18250950570342206,23100000.0,0.12547528517110265,-100000.0,21200000.0,0.11515480717001629,6600000.0,13300000.0,0.07224334600760456,0.44043526926159204,0.4385270765740814,30197400.0,30328800.0,https://www.sec.gov/Archives/edgar/data/1000623/000136231009006624/0001362310-09-006624-index.htm,https://www.sec.gov/Archives/edgar/data/1000623/000104746909002315/a2191154z10-k.htm,1620598502,18:15:02,20210509
49,2008-12-31,SWM,USD,2009-03-06,2009-03-06 16:35:24,Q4,176900000,150400000.0,26500000.0,0.14980214810627474,1900000.0,13300000.0,0.0,0.0,15200000.0,165600000.0,0.0,10100000.0,21400000,0.12097230073487847,11300000.0,0.06387789711701526,-17800000.0,-6500000.0,-0.03674392312040701,0.0,-6800000.0,-0.03843979649519502,-0.2251849496976561,-0.2251849496976561,30197400.0,30197400.0,https://www.sec.gov/Archives/edgar/data/1000623/000104746909002315/0001047469-09-002315-index.htm,https://www.sec.gov/Archives/edgar/data/1000623/000104746909002315/a2191154z10-k.htm,1620598502,18:15:02,20210509
50,2008-09-30,SWM,USD,2008-11-05,2008-11-05 16:38:42,Q3,199200000,166700000.0,32500000.0,0.16315261044176707,1900000.0,13400000.0,0.0,0.0,15300000.0,182000000.0,0.0,10800000.0,28000000,0.14056224899598393,17200000.0,0.08634538152610442,-4800000.0,10900000.0,0.05471887550200803,2600000.0,6700000.0,0.033634538152610444,0.22,0.215,30803200.0,31413400.0,https://www.sec.gov/Archives/edgar/data/1000623/000110465908068230/0001104659-08-068230-index.htm,https://www.sec.gov/Archives/edgar/data/1000623/000110465908068230/a08-25465_110q.htm,1620598502,18:15:02,20210509
51,2008-06-30,SWM,USD,2008-08-06,2008-08-06 16:09:24,Q2,202000000,177800000.0,24200000.0,0.1198019801980198,2500000.0,13200000.0,0.0,0.0,15700000.0,193500000.0,0.0,10200000.0,18700000,0.09257425742574257,8500000.0,0.04207920792079208,-4300000.0,2600000.0,0.01287128712871287,0.0,2000000.0,0.009900990099009901,0.0649523574458135,0.06368574903993733,30791800.0,31404200.0,https://www.sec.gov/Archives/edgar/data/1000623/000110465908050343/0001104659-08-050343-index.htm,https://www.sec.gov/Archives/edgar/data/1000623/000110465908050343/a08-18774_110q.htm,1620598502,18:15:02,20210509
52,2008-03-31,SWM,USD,2008-05-07,2008-05-07 17:01:28,Q1,189800000,169800000.0,20000000.0,0.1053740779768177,2000000.0,16000000.0,0.0,0.0,18000000.0,187800000.0,0.0,10500000.0,12500000,0.06585879873551106,2000000.0,0.01053740779768177,-3200000.0,-4000000.0,-0.02107481559536354,-2600000.0,-1200000.0,-0.006322444678609062,-0.04,-0.04,30816400.0,30816400.0,https://www.sec.gov/Archives/edgar/data/1000623/000110465908030795/0001104659-08-030795-index.htm,https://www.sec.gov/Archives/edgar/data/1000623/000104746908002365/a2183428z10-k.htm,1620598502,18:15:02,20210509
53,2007-12-31,SWM,USD,2008-03-07,2008-03-07 17:15:01,Q4,188500000,165100000.0,23400000.0,0.12413793103448276,2100000.0,15800000.0,0.0,0.0,17900000.0,183000000.0,0.0,8600000.0,14100000,0.07480106100795755,5500000.0,0.029177718832891247,500000.0,4300000.0,0.022811671087533156,0.0,2500000.0,0.013262599469496022,0.08112563440246102,0.08112563440246102,30816400.0,30816400.0,https://www.sec.gov/Archives/edgar/data/1000623/000104746908002365/0001047469-08-002365-index.htm,https://www.sec.gov/Archives/edgar/data/1000623/000104746908002365/a2183428z10-k.htm,1620598502,18:15:02,20210509
54,2007-09-30,SWM,USD,2007-11-06,2007-11-06 16:05:04,Q3,184200000,153800000.0,30400000.0,0.16503800217155265,1900000.0,13300000.0,0.0,0.0,15200000.0,169000000.0,0.0,6900000.0,22100000,0.11997828447339848,15200000.0,0.08251900108577633,-18300000.0,-4600000.0,-0.0249728555917481,-2600000.0,-4300000.0,-0.023344191096634093,-0.135,-0.135,31126800.0,31126800.0,https://www.sec.gov/Archives/edgar/data/1000623/000110465907080211/0001104659-07-080211-index.htm,https://www.sec.gov/Archives/edgar/data/1000623/000110465907080211/a07-25656_110q.htm,1620598502,18:15:02,20210509
55,2007-06-30,SWM,USD,2007-08-07,2007-08-07 16:21:39,Q2,171800000,145800000.0,26000000.0,0.15133876600698487,2000000.0,14600000.0,0.0,0.0,16600000.0,162400000.0,0.0,9100000.0,18500000,0.10768335273573923,9400000.0,0.05471478463329453,-3600000.0,4300000.0,0.025029103608847497,1200000.0,1000000.0,0.005820721769499418,0.03204039653194748,0.03147068820100958,31210600.0,31775600.0,https://www.sec.gov/Archives/edgar/data/1000623/000110465907059702/0001104659-07-059702-index.htm,https://www.sec.gov/Archives/edgar/data/1000623/000110465907059702/a07-18970_110q.htm,1620598502,18:15:02,20210509
56,2007-03-31,SWM,USD,2007-05-09,2007-05-09 17:00:03,Q1,170300000,142000000.0,28300000.0,0.16617733411626542,2000000.0,14500000.0,0.0,0.0,16500000.0,158500000.0,0.0,8600000.0,20400000,0.11978860833822666,11800000.0,0.06928948913681739,-2800000.0,7900000.0,0.04638872577803876,1900000.0,4200000.0,0.024662360540223135,0.13551009872878622,0.13359373508998493,30994000.0,31438600.0,https://www.sec.gov/Archives/edgar/data/1000623/000110465907037623/0001104659-07-037623-index.htm,https://www.sec.gov/Archives/edgar/data/1000623/000110465907015976/a07-5906_110k.htm,1620598502,18:15:02,20210509
57,2006-12-31,SWM,USD,2007-03-02,2007-03-02 16:44:08,Q4,166200000,151600000.0,14600000.0,0.08784596871239471,1900000.0,13000000.0,0.0,0.0,14900000.0,166500000.0,0.0,13200000.0,12900000,0.0776173285198556,-300000.0,-0.0018050541516245488,-5000000.0,-6500000.0,-0.03910950661853189,-3200000.0,-4400000.0,-0.026474127557160047,-0.14196296057301414,-0.14196296057301414,30994000.0,30994000.0,https://www.sec.gov/Archives/edgar/data/1000623/000110465907015976/0001104659-07-015976-index.htm,https://www.sec.gov/Archives/edgar/data/1000623/000110465907015976/a07-5906_110k.htm,1620598502,18:15:02,20210509
58,2006-09-30,SWM,USD,2006-11-07,2006-11-07 16:09:04,Q3,161500000,138800000.0,22700000.0,0.14055727554179567,1700000.0,11400000.0,0.0,0.0,13100000.0,151900000.0,0.0,5300000.0,14900000,0.09226006191950464,9600000.0,0.05944272445820433,-12200000.0,-4000000.0,-0.02476780185758514,-3400000.0,-1700000.0,-0.010526315789473684,-0.055181189057245617,-0.05487304958586987,30807600.0,30980600.0,https://www.sec.gov/Archives/edgar/data/1000623/000110465906072201/0001104659-06-072201-index.htm,https://www.sec.gov/Archives/edgar/data/1000623/000110465906072201/a06-21816_110q.htm,1620598502,18:15:02,20210509
59,2006-06-30,SWM,USD,2006-08-08,2006-08-08 15:09:56,Q2,162100000,139900000.0,22200000.0,0.13695249845774213,1900000.0,12700000.0,0.0,0.0,14600000.0,154500000.0,0.0,10800000.0,18400000,0.1135101789019124,7600000.0,0.04688463911165947,-4100000.0,2200000.0,0.013571869216533004,400000.0,700000.0,0.00431832202344232,0.022727863061378216,0.02253992787223081,30799200.0,31056000.0,https://www.sec.gov/Archives/edgar/data/1000623/000110465906052442/0001104659-06-052442-index.htm,https://www.sec.gov/Archives/edgar/data/1000623/000110465906052442/a06-15490_110q.htm,1620598502,18:15:02,20210509
60,2006-03-31,SWM,USD,2006-05-10,2006-05-10 12:16:07,Q1,165400000,141300000.0,24100000.0,0.1457073760580411,1800000.0,13300000.0,0.0,0.0,15100000.0,156400000.0,0.0,8200000.0,17200000,0.10399032648125756,9000000.0,0.05441354292623942,0.0,7600000.0,0.045949214026602174,2000000.0,4600000.0,0.02781136638452237,0.14979419580055228,0.14809854348302018,30708800.0,31060400.0,https://www.sec.gov/Archives/edgar/data/1000623/000110465906033064/0001104659-06-033064-index.htm,https://www.sec.gov/Archives/edgar/data/1000623/000110465906014372/a06-5855_110k.htm,1620598502,18:15:02,20210509
61,2005-12-31,SWM,USD,2006-03-07,2006-03-06 18:07:56,Q4,175300000,152700000.0,22600000.0,0.1289218482601255,2000000.0,12300000.0,0.0,0.0,14300000.0,167000000.0,0.0,8200000.0,16500000,0.09412435824301198,8300000.0,0.047347404449515115,400000.0,7000000.0,0.03993154592127781,2600000.0,2800000.0,0.015972618368511125,0.091179075704684,0.091179075704684,30708800.0,30708800.0,https://www.sec.gov/Archives/edgar/data/1000623/000110465906014372/0001104659-06-014372-index.htm,https://www.sec.gov/Archives/edgar/data/1000623/000110465906014372/a06-5855_110k.htm,1620598502,18:15:02,20210509
62,2005-09-30,SWM,USD,2005-11-04,2005-11-04 16:43:32,Q3,165700000,141300000.0,24400000.0,0.14725407362703682,2000000.0,11700000.0,0.0,0.0,13700000.0,155000000.0,0.0,8500000.0,19200000,0.11587205793602896,10700000.0,0.06457453228726615,600000.0,9600000.0,0.05793602896801448,2300000.0,5800000.0,0.03500301750150875,0.19,0.185,30376000.0,30780200.0,https://www.sec.gov/Archives/edgar/data/1000623/000110465905052735/0001104659-05-052735-index.htm,https://www.sec.gov/Archives/edgar/data/1000623/000110465905052735/a05-18362_110q.htm,1620598502,18:15:02,20210509
63,2005-06-30,SWM,USD,2005-08-05,2005-08-05 13:23:51,Q2,168200000,142000000.0,26200000.0,0.15576694411414982,2500000.0,13000000.0,0.0,0.0,15500000.0,157500000.0,0.0,7700000.0,18400000,0.10939357907253269,10700000.0,0.06361474435196195,900000.0,10100000.0,0.06004756242568371,2900000.0,5800000.0,0.034482758620689655,0.195,0.19,30312400.0,30998000.0,https://www.sec.gov/Archives/edgar/data/1000623/000110465905036774/0001104659-05-036774-index.htm,https://www.sec.gov/Archives/edgar/data/1000623/000110465905036774/a05-13106_110q.htm,1620598502,18:15:02,20210509
64,2005-03-31,SWM,USD,2005-05-06,2005-05-06 17:28:13,Q1,160600000,136500000.0,24100000.0,0.15006226650062265,2500000.0,12000000.0,0.0,0.0,14500000.0,151000000.0,0.0,7700000.0,17300000,0.10772104607721046,9600000.0,0.05977584059775841,600000.0,8900000.0,0.055417185554171855,2600000.0,5000000.0,0.031133250311332503,0.165,0.16,30020200.0,31007200.0,https://www.sec.gov/Archives/edgar/data/1000623/000110465905021275/0001104659-05-021275-index.htm,https://www.sec.gov/Archives/edgar/data/1000623/000110465905009819/a05-3116_110k.htm,1620598502,18:15:02,20210509
65,2004-12-31,SWM,USD,2005-03-07,2005-03-07 17:27:21,Q4,171900000,140100000.0,31800000.0,0.1849912739965096,2500000.0,14500000.0,0.0,0.0,17000000.0,157100000.0,0.0,8100000.0,22900000,0.133216986620128,14800000.0,0.08609656777196044,800000.0,15000000.0,0.08726003490401396,1500000.0,10900000.0,0.06340895869691682,0.36308885350530645,0.36308885350530645,30020200.0,30020200.0,https://www.sec.gov/Archives/edgar/data/1000623/000110465905009819/0001104659-05-009819-index.htm,https://www.sec.gov/Archives/edgar/data/1000623/000110465905009819/a05-3116_110k.htm,1620598502,18:15:02,20210509
66,2004-09-30,SWM,USD,2004-11-05,2004-11-05 17:02:08,Q3,164100000,132500000.0,31600000.0,0.19256550883607557,2200000.0,12700000.0,0.0,0.0,14900000.0,147400000.0,0.0,7800000.0,24500000,0.14929920780012187,16700000.0,0.10176721511273613,400000.0,16000000.0,0.09750152346130408,4200000.0,10300000.0,0.0627666057282145,0.345,0.335,29855072.0,30746269.0,https://www.sec.gov/Archives/edgar/data/1000623/000110465904033957/0001104659-04-033957-index.htm,https://www.sec.gov/Archives/edgar/data/1000623/000110465904033957/a04-12820_110q.htm,1620598502,18:15:02,20210509
67,2004-06-30,SWM,USD,2004-08-06,2004-08-06 16:36:07,Q2,161600000,132000000.0,29600000.0,0.18316831683168316,2200000.0,13400000.0,0.0,0.0,15600000.0,147600000.0,0.0,7400000.0,21400000,0.13242574257425743,14000000.0,0.08663366336633663,300000.0,13300000.0,0.0823019801980198,3500000.0,8700000.0,0.053836633663366336,0.29,0.28,30000000.0,31071429.0,https://www.sec.gov/Archives/edgar/data/1000623/000110465904023027/0001104659-04-023027-index.htm,https://www.sec.gov/Archives/edgar/data/1000623/000110465904023027/a04-9080_110q.htm,1620598502,18:15:02,20210509
68,2004-03-31,SWM,USD,2004-05-07,2004-05-07 16:15:00,Q1,159900000,130800000.0,29100000.0,0.18198874296435272,2400000.0,14500000.0,0.0,0.0,16900000.0,147700000.0,0.0,7500000.0,19700000,0.12320200125078173,12200000.0,0.07629768605378362,0.0,11200000.0,0.07004377736085053,2900000.0,6500000.0,0.04065040650406504,0.22,0.21,29545455.0,30952381.0,https://www.sec.gov/Archives/edgar/data/1000623/000110465904013234/0001104659-04-013234-index.htm,https://www.sec.gov/Archives/edgar/data/1000623/000104746904007537/a2130543z10-k.htm,1620598502,18:15:02,20210509
69,2003-12-31,SWM,USD,2004-03-11,2004-03-11 17:27:38,Q4,147400000,116100000.0,31300000.0,0.21234735413839892,2400000.0,13100000.0,0.0,0.0,15500000.0,131600000.0,0.0,6600000.0,22400000,0.1519674355495251,15800000.0,0.10719131614654002,0.0,15100000.0,0.10244233378561737,3500000.0,10400000.0,0.07055630936227951,0.35199999458461545,0.35199999458461545,29545455.0,29545455.0,https://www.sec.gov/Archives/edgar/data/1000623/000104746904007537/0001047469-04-007537-index.htm,https://www.sec.gov/Archives/edgar/data/1000623/000104746904007537/a2130543z10-k.htm,1620598502,18:15:02,20210509
70,2003-09-30,SWM,USD,2003-11-14,2003-11-14 10:18:46,Q3,142100000,114800000.0,27300000.0,0.1921182266009852,1700000.0,10400000.0,0.0,0.0,12100000.0,126900000.0,0.0,6300000.0,21500000,0.15130190007037297,15200000.0,0.10696692470091484,500000.0,15400000.0,0.10837438423645321,3500000.0,10500000.0,0.07389162561576355,0.355,0.35,29577465.0,30000000.0,https://www.sec.gov/Archives/edgar/data/1000623/000095014403012891/0000950144-03-012891-index.htm,https://www.sec.gov/Archives/edgar/data/1000623/000095014403012891/g85944e10vq.htm,1620598502,18:15:02,20210509
71,2003-06-30,SWM,USD,2003-08-08,2003-08-08 12:25:53,Q2,141700000,116800000.0,24900000.0,0.17572335920959775,2200000.0,11900000.0,0.0,0.0,14100000.0,130900000.0,0.0,6100000.0,16900000,0.11926605504587157,10800000.0,0.07621736062103035,-1000000.0,9200000.0,0.06492589978828511,1100000.0,7100000.0,0.05010585744530699,0.24,0.235,29583333.0,30212766.0,https://www.sec.gov/Archives/edgar/data/1000623/000095014403009543/0000950144-03-009543-index.htm,https://www.sec.gov/Archives/edgar/data/1000623/000095014403009543/g84175e10vq.htm,1620598502,18:15:02,20210509
72,2003-03-31,SWM,USD,2003-05-05,2003-05-02 17:49:47,Q1,135700000,110300000.0,25400000.0,0.18717759764185704,2000000.0,11300000.0,0.0,0.0,13300000.0,123600000.0,0.0,5700000.0,17800000,0.131171702284451,12100000.0,0.08916728076639646,300000.0,11700000.0,0.08621960206337509,3900000.0,6500000.0,0.047899778924097275,0.22,0.215,29545455.0,30232558.0,https://www.sec.gov/Archives/edgar/data/1000623/000095014403006071/0000950144-03-006071-index.htm,https://www.sec.gov/Archives/edgar/data/1000623/000095014403002793/g81016e10vk.htm,1620598502,18:15:02,20210509
73,2002-12-31,SWM,USD,2003-03-07,2003-03-06 20:52:09,Q4,120800000,98000000.0,22800000.0,0.18874172185430463,2100000.0,10700000.0,0.0,0.0,12800000.0,110800000.0,0.0,5900000.0,15900000,0.1316225165562914,10000000.0,0.08278145695364239,600000.0,9900000.0,0.08195364238410596,1500000.0,7000000.0,0.057947019867549666,0.23692307327810658,0.23692307327810658,29545455.0,29545455.0,https://www.sec.gov/Archives/edgar/data/1000623/000095014403002793/0000950144-03-002793-index.htm,https://www.sec.gov/Archives/edgar/data/1000623/000095014403002793/g81016e10vk.htm,1620598502,18:15:02,20210509
74,2002-09-30,SWM,USD,2002-11-14 00:00:00,2002-11-14 14:24:13,Q3,132700000,105400000.0,27300000.0,0.2057272042200452,2000000.0,10000000.0,0.0,0.0,12000000.0,117400000.0,0.0,5600000.0,20900000,0.15749811605124342,15300000.0,0.11529766390354182,1000000.0,15500000.0,0.11680482290881689,5300000.0,8700000.0,0.06556141672946496,0.29,0.285,30000000.0,30526316.0,https://www.sec.gov/Archives/edgar/data/1000623/000095014402011856/0000950144-02-011856-index.html,https://www.sec.gov/Archives/edgar/data/1000623/000095014402011856/g79317e10vq.txt,1620598502,18:15:02,20210509
75,2002-06-30,SWM,USD,2002-08-09,2002-08-09 15:04:08,Q2,126000000,98000000.0,28000000.0,0.2222222222222222,2000000.0,11000000.0,0.0,0.0,12000000.0,110000000.0,0.0,5000000.0,21000000,0.16666666666666666,16000000.0,0.12698412698412698,0.0,14000000.0,0.1111111111111111,5000000.0,8000000.0,0.06349206349206349,0.28,0.27,28571429.0,29629630.0,https://www.sec.gov/Archives/edgar/data/1000623/000095014402008128/0000950144-02-008128-index.htm,https://www.sec.gov/Archives/edgar/data/1000623/000095014402008128/g77600e10vq.htm,1620598502,18:15:02,20210509
76,2002-03-31,SWM,USD,2002-05-10 00:00:00,2002-05-10 13:16:47,Q1,122400000,95200000.0,27200000.0,0.2222222222222222,1900000.0,10100000.0,0.0,0.0,12000000.0,107200000.0,0.0,5000000.0,20200000,0.1650326797385621,15200000.0,0.12418300653594772,500000.0,14600000.0,0.119281045751634,5000000.0,8600000.0,0.07026143790849673,0.29,0.285,29655172.0,30175439.0,https://www.sec.gov/Archives/edgar/data/1000623/000095014402005061/0000950144-02-005061-index.html,https://www.sec.gov/Archives/edgar/data/1000623/000095014402005061/g76179e10-q.htm,1620598502,18:15:02,20210509
77,2001-12-31,SWM,USD,2002-03-08 00:00:00,2002-03-08 00:00:00,Q4,126700000,100600000.0,26100000.0,0.20599842146803474,1600000.0,9600000.0,0.0,0.0,6100000.0,106700000.0,0.0,5400000.0,25400000,0.20047355958958168,20000000.0,0.15785319652722968,800000.0,17300000.0,0.13654301499605367,5200000.0,7800000.0,0.06156274664561957,0.2630232594840455,0.2630232594840455,29655172.0,29655172.0,https://www.sec.gov/Archives/edgar/data/1000623/000095014402002150/0000950144-02-002150-index.html,https://www.sec.gov/Archives/edgar/data/1000623/000095014402002150/g74537e10-k.txt,1620598502,18:15:02,20210509
78,2001-09-30,SWM,USD,2001-11-13 00:00:00,2001-11-13 00:00:00,Q3,123400000,97300000.0,26100000.0,0.21150729335494328,2100000.0,8800000.0,0.0,0.0,10900000.0,108200000.0,0.0,5200000.0,20400000,0.16531604538087522,15200000.0,0.12317666126418152,500000.0,13300000.0,0.10777957860615883,5100000.0,8200000.0,0.06645056726094004,0.275,0.27,29818182.0,30370370.0,https://www.sec.gov/Archives/edgar/data/1000623/000095014401508907/0000950144-01-508907-index.html,https://www.sec.gov/Archives/edgar/data/1000623/000095014401508907/g72749e10-q.txt,1620598502,18:15:02,20210509
79,2001-06-30,SWM,USD,2001-08-02 00:00:00,2001-08-02 00:00:00,Q2,125300000,92900000.0,32400000.0,0.25857940941739826,1900000.0,10600000.0,0.0,0.0,17900000.0,110800000.0,0.0,5400000.0,19900000,0.15881883479648842,14500000.0,0.11572226656025539,-4100000.0,9300000.0,0.0742218675179569,3600000.0,4700000.0,0.03750997605746209,0.165,0.16,28484848.0,29375000.0,https://www.sec.gov/Archives/edgar/data/1000623/000095014401505074/0000950144-01-505074-index.html,https://www.sec.gov/Archives/edgar/data/1000623/000095014401505074/g70837e10-q.txt,1620598502,18:15:02,20210509
80,2001-03-31,SWM,USD,2001-05-09 00:00:00,2001-05-09 00:00:00,Q1,124700000,99200000.0,25500000.0,0.20449077786688052,2000000.0,9700000.0,0.0,0.0,17100000.0,116300000.0,0.0,5400000.0,13800000,0.11066559743384122,8400000.0,0.0673616680032077,600000.0,6400000.0,0.05132317562149158,2600000.0,3800000.0,0.030473135525260625,0.125,0.125,30400000.0,30400000.0,https://www.sec.gov/Archives/edgar/data/1000623/000095014401501723/0000950144-01-501723-index.html,https://www.sec.gov/Archives/edgar/data/1000623/000095014401501723/g69117e10-q.txt,1620598502,18:15:02,20210509
81,2000-12-31,SWM,USD,2001-03-02 00:00:00,2001-03-02 00:00:00,Q4,130300000,101400000.0,28900000.0,0.22179585571757482,1500000.0,9100000.0,0.0,0.0,16000000.0,117400000.0,0.0,5400000.0,18300000,0.14044512663085187,12900000.0,0.09900230237912509,600000.0,10700000.0,0.08211818879508825,4100000.0,6600000.0,0.05065234075211052,0.21710526315789475,0.21710526315789475,30400000.0,30400000.0,https://www.sec.gov/Archives/edgar/data/1000623/000095014401003277/0000950144-01-003277-index.html,https://www.sec.gov/Archives/edgar/data/1000623/000095014401003277/g66507e10-k.txt,1620598502,18:15:02,20210509
82,2000-09-30,SWM,USD,2000-11-14 00:00:00,2000-11-14 00:00:00,Q3,126800000,96600000.0,30200000.0,0.23817034700315456,1600000.0,8600000.0,0.0,0.0,15900000.0,112500000.0,0.0,5500000.0,19800000,0.15615141955835962,14300000.0,0.11277602523659307,500000.0,12200000.0,0.09621451104100946,4200000.0,8000000.0,0.06309148264984227,0.265,0.265,30188679.0,30188679.0,https://www.sec.gov/Archives/edgar/data/1000623/000095014400013692/0000950144-00-013692-index.html,https://www.sec.gov/Archives/edgar/data/1000623/000095014400013692/g65075e10-q.txt,1620598502,18:15:02,20210509
83,2000-06-30,SWM,USD,2000-08-07 00:00:00,2000-08-07 00:00:00,Q2,121700000,94300000.0,27400000.0,0.22514379622021363,1500000.0,9300000.0,0.0,0.0,16300000.0,110600000.0,0.0,5500000.0,16600000,0.13640098603122433,11100000.0,0.09120788824979457,500000.0,8900000.0,0.07313064913722268,2500000.0,6400000.0,0.05258833196384552,0.205,0.205,31219512.0,31219512.0,https://www.sec.gov/Archives/edgar/data/1000623/000095014400009476/0000950144-00-009476-index.html,https://www.sec.gov/Archives/edgar/data/1000623/000095014400009476/e10-q.txt,1620598502,18:15:02,20210509
84,2000-03-31,SWM,USD,2000-05-05 00:00:00,2000-05-05 00:00:00,Q1,118000000,90300000.0,27700000.0,0.2347457627118644,1700000.0,8900000.0,0.0,0.0,16300000.0,106600000.0,0.0,5700000.0,17100000,0.14491525423728813,11400000.0,0.09661016949152543,1600000.0,10700000.0,0.09067796610169492,3900000.0,6800000.0,0.0576271186440678,0.22,0.22,30909091.0,30909091.0,https://www.sec.gov/Archives/edgar/data/1000623/000095014400005934/0000950144-00-005934-index.html,https://www.sec.gov/Archives/edgar/data/1000623/0000950144-00-005934.txt,1620598502,18:15:02,20210509
85,1999-12-31,SWM,USD,2000-03-03 00:00:00,2000-03-03 00:00:00,Q4,130600000,95800000.0,34800000.0,0.2664624808575804,1700000.0,10600000.0,0.0,0.0,18000000.0,113800000.0,0.0,5700000.0,22500000,0.17228177641653905,16800000.0,0.12863705972434916,0.0,13800000.0,0.10566615620214395,6200000.0,7600000.0,0.05819295558958652,0.2458823522179931,0.2458823522179931,30909091.0,30909091.0,https://www.sec.gov/Archives/edgar/data/1000623/000095014400002914/0000950144-00-002914-index.html,https://www.sec.gov/Archives/edgar/data/1000623/0000950144-00-002914.txt,1620598502,18:15:02,20210509
86,1999-09-30,SWM,USD,1999-11-09 00:00:00,1999-11-09 00:00:00,Q3,125500000,92700000.0,32800000.0,0.2613545816733068,1600000.0,9400000.0,0.0,0.0,16600000.0,109300000.0,0.0,5600000.0,21800000,0.17370517928286852,16200000.0,0.12908366533864543,0.0,13400000.0,0.10677290836653386,5800000.0,7600000.0,0.06055776892430279,0.24,0.24,31666667.0,31666667.0,https://www.sec.gov/Archives/edgar/data/1000623/000095014499012547/0000950144-99-012547-index.html,https://www.sec.gov/Archives/edgar/data/1000623/0000950144-99-012547.txt,1620598502,18:15:02,20210509
87,1999-06-30,SWM,USD,1999-08-06 00:00:00,1999-08-06 00:00:00,Q2,119700000,89700000.0,30000000.0,0.2506265664160401,1600000.0,9500000.0,0.0,0.0,16400000.0,106100000.0,0.0,5300000.0,18900000,0.15789473684210525,13600000.0,0.1136173767752715,900000.0,12000000.0,0.10025062656641603,4900000.0,7100000.0,0.059314954051796154,0.225,0.225,31555556.0,31555556.0,https://www.sec.gov/Archives/edgar/data/1000623/000095014499009624/0000950144-99-009624-index.html,https://www.sec.gov/Archives/edgar/data/1000623/0000950144-99-009624.txt,1620598502,18:15:02,20210509
88,1999-03-31,SWM,USD,1999-05-07 00:00:00,1999-05-07 00:00:00,Q1,128600000,93600000.0,35000000.0,0.27216174183514774,1800000.0,9600000.0,0.0,0.0,17000000.0,110600000.0,0.0,5600000.0,23600000,0.18351477449455678,18000000.0,0.13996889580093314,1000000.0,15900000.0,0.12363919129082426,6800000.0,9100000.0,0.07076205287713841,0.285,0.285,31929825.0,31929825.0,https://www.sec.gov/Archives/edgar/data/1000623/000095014499005419/0000950144-99-005419-index.html,https://www.sec.gov/Archives/edgar/data/1000623/0000950144-99-005419.txt,1620598502,18:15:02,20210509
89,1998-12-31,SWM,USD,1999-03-05 00:00:00,1999-03-05 00:00:00,Q4,134000000,105300000.0,28700000.0,0.21417910447761193,1800000.0,11100000.0,0.0,0.0,21000000.0,126300000.0,0.0,8100000.0,15800000,0.11791044776119403,7700000.0,0.057462686567164176,300000.0,5000000.0,0.03731343283582089,3000000.0,2000000.0,0.014925373134328358,0.06263736177695932,0.06263736177695932,31929825.0,31929825.0,https://www.sec.gov/Archives/edgar/data/1000623/000095014499002410/0000950144-99-002410-index.html,https://www.sec.gov/Archives/edgar/data/1000623/0000950144-99-002410.txt,1620598502,18:15:02,20210509
90,1998-09-30,SWM,USD,1998-11-12 00:00:00,1998-11-12 00:00:00,Q3,134400000,101700000.0,32700000.0,0.24330357142857142,1700000.0,9800000.0,0.0,0.0,17500000.0,119200000.0,0.0,6000000.0,21200000,0.15773809523809523,15200000.0,0.1130952380952381,200000.0,12400000.0,0.09226190476190477,5600000.0,6800000.0,0.050595238095238096,0.215,0.215,31627907.0,31627907.0,https://www.sec.gov/Archives/edgar/data/1000623/000095014498012278/0000950144-98-012278-index.html,https://www.sec.gov/Archives/edgar/data/1000623/0000950144-98-012278.txt,1620598502,18:15:02,20210509
91,1998-06-30,SWM,USD,1998-08-11 00:00:00,1998-08-11 00:00:00,Q2,144000000,110700000.0,33300000.0,0.23125,1700000.0,10400000.0,0.0,0.0,17700000.0,128400000.0,0.0,5600000.0,21200000,0.14722222222222223,15600000.0,0.10833333333333334,100000.0,12800000.0,0.08888888888888889,600000.0,12200000.0,0.08472222222222223,0.38,0.375,32105263.0,32533333.0,https://www.sec.gov/Archives/edgar/data/1000623/000095014498009379/0000950144-98-009379-index.html,https://www.sec.gov/Archives/edgar/data/1000623/0000950144-98-009379.txt,1620598502,18:15:02,20210509
92,1998-03-31,SWM,USD,1998-05-15 00:00:00,1998-05-15 00:00:00,Q1,134300000,98100000.0,36200000.0,0.2695457930007446,1300000.0,9200000.0,0.0,0.0,15600000.0,113700000.0,0.0,5100000.0,25700000,0.1913626209977662,20600000.0,0.1533879374534624,600000.0,18100000.0,0.1347728965003723,8100000.0,10000000.0,0.07446016381236038,0.31,0.305,32258065.0,32786885.0,https://www.sec.gov/Archives/edgar/data/1000623/000095014498006502/0000950144-98-006502-index.html,https://www.sec.gov/Archives/edgar/data/1000623/0000950144-98-006502.txt,1620598502,18:15:02,20210509
93,1997-12-31,SWM,USD,1998-03-06 00:00:00,1998-03-06 00:00:00,Q4,117900000,86700000.0,31200000.0,0.26463104325699743,1700000.0,8200000.0,0.0,0.0,13800000.0,100500000.0,0.0,3900000.0,21300000,0.1806615776081425,17400000.0,0.1475826972010178,400000.0,15500000.0,0.13146734520780323,5400000.0,10100000.0,0.08566581849024597,0.3130999953035001,0.3130999953035001,32258065.0,32258065.0,https://www.sec.gov/Archives/edgar/data/1000623/000095014498002403/0000950144-98-002403-index.html,https://www.sec.gov/Archives/edgar/data/1000623/0000950144-98-002403.txt,1620598502,18:15:02,20210509
94,1997-09-30,SWM,USD,1997-10-23 00:00:00,1997-10-23 00:00:00,Q3,113400000,79500000.0,33900000.0,0.29894179894179895,1600000.0,8100000.0,0.0,0.0,13300000.0,92800000.0,0.0,3600000.0,24200000,0.21340388007054673,20600000.0,0.18165784832451498,600000.0,18600000.0,0.164021164021164,7400000.0,11200000.0,0.09876543209876543,0.35,0.34,32000000.0,32941176.0,https://www.sec.gov/Archives/edgar/data/1000623/000095014497011150/0000950144-97-011150-index.html,https://www.sec.gov/Archives/edgar/data/1000623/0000950144-97-011150.txt,1620598502,18:15:02,20210509
95,1997-06-30,SWM,USD,1997-08-13 00:00:00,1997-08-13 00:00:00,Q2,116300000,79200000.0,37100000.0,0.31900257953568356,1600000.0,9000000.0,0.0,0.0,14200000.0,93400000.0,0.0,3600000.0,26500000,0.22785898538263114,22900000.0,0.19690455717970765,500000.0,21000000.0,0.18056749785038692,8300000.0,12700000.0,0.10920034393809114,0.395,0.39,32151899.0,32564103.0,https://www.sec.gov/Archives/edgar/data/1000623/000095014497009045/0000950144-97-009045-index.html,https://www.sec.gov/Archives/edgar/data/1000623/0000950144-97-009045.txt,1620598502,18:15:02,20210509
96,1997-03-31,SWM,USD,1997-05-12 00:00:00,1997-05-12 00:00:00,Q1,113000000,78900000.0,34100000.0,0.3017699115044248,1500000.0,8300000.0,0.0,0.0,13100000.0,92000000.0,0.0,3300000.0,24300000,0.2150442477876106,21000000.0,0.18584070796460178,100000.0,18800000.0,0.1663716814159292,7500000.0,11300000.0,0.1,0.35,0.345,32285714.0,32753623.0,https://www.sec.gov/Archives/edgar/data/1000623/000095014497005450/0000950144-97-005450-index.html,https://www.sec.gov/Archives/edgar/data/1000623/0000950144-97-005450.txt,1620598502,18:15:02,20210509
97,1996-12-31,SWM,USD,1997-03-20 00:00:00,1997-03-20 00:00:00,Q4,115500000,85100000.0,30400000.0,0.2632034632034632,1600000.0,8000000.0,0.0,0.0,13000000.0,98100000.0,0.0,3400000.0,20800000,0.1800865800865801,17400000.0,0.15064935064935064,800000.0,15200000.0,0.1316017316017316,6200000.0,9000000.0,0.07792207792207792,0.2787610644138147,0.2787610644138147,32285714.0,32285714.0,https://www.sec.gov/Archives/edgar/data/1000623/000095014497002659/0000950144-97-002659-index.html,https://www.sec.gov/Archives/edgar/data/1000623/0000950144-97-002659.txt,1620598502,18:15:02,20210509
98,1996-09-30,SWM,USD,1996-11-04 00:00:00,1996-11-04 00:00:00,Q3,118500000,86600000.0,31900000.0,0.26919831223628693,1300000.0,8500000.0,0.0,0.0,13100000.0,99700000.0,0.0,3300000.0,22100000,0.18649789029535865,18800000.0,0.15864978902953586,300000.0,16400000.0,0.13839662447257384,6600000.0,9800000.0,0.08270042194092828,0.305,0.3,32131148.0,32666667.0,https://www.sec.gov/Archives/edgar/data/1000623/000095014496007536/0000950144-96-007536-index.html,https://www.sec.gov/Archives/edgar/data/1000623/0000950144-96-007536.txt,1620598502,18:15:02,20210509
99,1996-06-30,SWM,USD,1996-06-30,1996-06-30,Q2,117500000,84600000.0,32900000.0,0.28,1100000.0,0.0,0.0,0.0,13100000.0,97700000.0,0.0,3100000.0,22900000,0.19489361702127658,19800000.0,0.16851063829787233,100000.0,17400000.0,0.14808510638297873,6900000.0,10500000.0,0.08936170212765958,0.325,0.325,32307692.0,32307692.0,,,1620598502,18:15:02,20210509
100,1996-03-31,SWM,USD,1996-03-31,1996-03-31,Q1,119800000,87400000.0,32400000.0,0.2704507512520868,2000000.0,0.0,0.0,0.0,14400000.0,101800000.0,0.0,3600000.0,21600000,0.18030050083472454,18000000.0,0.15025041736227046,0.0,15700000.0,0.1310517529215359,6300000.0,9400000.0,0.07846410684474124,0.295,0.29,31864407.0,32413793.0,,,1620598502,18:15:02,20210509
101,1995-12-31,SWM,USD,1995-12-31,1995-12-31,Q4,115800000,0.0,0.0,0.0,0.0,0.0,0.0,0.0,0.0,0.0,0.0,0.0,-281100000,-2.4274611398963732,-281100000.0,-2.4274611398963732,0.0,0.0,0.0,0.0,9200000.0,0.07944732297063903,0.0,0.0,0.0,0.0,,,1620598502,18:15:02,20210509
102,1995-09-30,SWM,USD,1995-09-30,1995-09-30,Q3,115700000,0.0,0.0,0.0,0.0,0.0,0.0,0.0,0.0,0.0,0.0,0.0,115700000,1.0,115700000.0,1.0,0.0,0.0,0.0,0.0,9200000.0,0.07951598962834917,0.225,0.225,40888889.0,40888889.0,,,1620598502,18:15:02,20210509
103,1995-06-30,SWM,USD,1995-06-30,1995-06-30,Q2,115700000,0.0,0.0,0.0,0.0,0.0,0.0,0.0,0.0,0.0,0.0,0.0,115700000,1.0,115700000.0,1.0,0.0,0.0,0.0,0.0,9200000.0,0.07951598962834917,0.225,0.225,40888889.0,40888889.0,,,1620598502,18:15:02,20210509
104,1995-03-31,SWM,USD,1995-03-31,1995-03-31,Q1,115700000,0.0,0.0,0.0,0.0,0.0,0.0,0.0,0.0,0.0,0.0,0.0,115700000,1.0,115700000.0,1.0,0.0,0.0,0.0,0.0,9200000.0,0.07951598962834917,0.225,0.225,40888889.0,40888889.0,,,1620598502,18:15:02,20210509
