,date,symbol,reportedCurrency,fillingDate,acceptedDate,period,revenue,costOfRevenue,grossProfit,grossProfitRatio,researchAndDevelopmentExpenses,generalAndAdministrativeExpenses,sellingAndMarketingExpenses,otherExpenses,operatingExpenses,costAndExpenses,interestExpense,depreciationAndAmortization,ebitda,ebitdaratio,operatingIncome,operatingIncomeRatio,totalOtherIncomeExpensesNet,incomeBeforeTax,incomeBeforeTaxRatio,incomeTaxExpense,netIncome,netIncomeRatio,eps,epsdiluted,weightedAverageShsOut,weightedAverageShsOutDil,link,finalLink,timestamp,est_time,est_date
0,2021-01-31,PSSR,USD,2021-03-09,2021-03-09 16:08:15,Q1,1697921.0,569673.0,1128248.0,0.6644879237608817,47632.0,678819.0,0.0,0.0,726451.0,1296124.0,266400.0,186528.0,588325.0,0.34649727519713813,401797.0,0.23664057397252286,0.0,135397.0,0.0797428148895031,0.0,135397.0,0.0797428148895031,0.02,0.02,7712091.0,7712091.0,https://www.sec.gov/Archives/edgar/data/225628/000109690621000436/0001096906-21-000436-index.htm,https://www.sec.gov/Archives/edgar/data/225628/000109690621000436/pssr-20210131.htm,1620596865,17:47:45,20210509
1,2020-10-31,PSSR,USD,2021-01-29,2021-01-29 13:10:43,Q4,1917033.0,619722.0,1297311.0,0.6767285696177374,56262.0,733540.0,0.0,-3288.0,789802.0,1409524.0,238826.0,202874.0,710383.0,0.3705637826787541,507509.0,0.2647367051062762,-3288.0,265395.0,0.13844049632948416,5358.0,260037.0,0.13564555226748834,0.03371809279740086,0.03371809279740086,7712091.0,7712091.0,https://www.sec.gov/Archives/edgar/data/225628/000109690621000191/0001096906-21-000191-index.htm,https://www.sec.gov/Archives/edgar/data/225628/000109690621000191/pssr_10k.htm,1620596865,17:47:45,20210509
2,2020-07-31,PSSR,USD,2020-09-14,2020-09-14 15:11:15,Q3,2207722.0,860540.0,1347182.0,0.6102136047926324,66042.0,1272376.0,0.0,-19473.0,1338418.0,2198958.0,238826.0,171143.0,179907.0,0.08148987961346582,8764.0,0.003969702707134322,-19473.0,-249535.0,-0.1130282707695987,31.56,-249535.0,-0.1130282707695987,-0.03,-0.03,7712091.0,7712091.0,https://www.sec.gov/Archives/edgar/data/225628/000144586620001330/0001445866-20-001330-index.htm,https://www.sec.gov/Archives/edgar/data/225628/000144586620001330/pssr-20200731.htm,1620596865,17:47:45,20210509
3,2020-04-30,PSSR,USD,2020-06-19,2020-06-19 11:24:55,Q2,3178742.0,2421113.0,757629.0,0.23834240086172453,103394.0,2292416.0,0.0,0.0,2395810.0,4816923.0,218629.0,748056.0,-890125.0,-0.280024298920768,-1638181.0,-0.5153551310549896,-9874281.0,-11731091.0,-3.6904822725468125,0.0,-11731091.0,-3.6904822725468125,-1.52,-1.52,7712091.0,7712091.0,https://www.sec.gov/Archives/edgar/data/225628/000144586620000879/pssr-20200430.htm,https://www.sec.gov/Archives/edgar/data/225628/000144586620000879/pssr-20200430.htm,1620596865,17:47:45,20210509
4,2020-01-31,PSSR,USD,2020-03-13 00:00:00,2020-03-13 16:52:34,Q1,4225315.0,2286066.0,1939249.0,0.45895962786206473,112303.0,2168350.0,0.0,0.0,2280653.0,4566719.0,210286.0,1000847.0,659443.0,0.15606954747752536,-341404.0,-0.08079965635698166,0.0,-551690.0,-0.13056778015366902,31560.0,-583250.0,-0.13803704575871859,-0.08,-0.08,7706004.0,7706004.0,https://www.sec.gov/Archives/edgar/data/225628/000109690620000108/0001096906-20-000108-index.html,https://www.sec.gov/Archives/edgar/data/225628/000109690620000108/pssr-20200131.htm,1620596865,17:47:45,20210509
5,2019-10-31,PSSR,USD,2020-01-27 00:00:00,2020-01-27 17:03:43,Q4,3957752.0,2161597.0,1796155.0,0.4538321249032279,129885.0,2174296.0,0.0,0.0,2304181.0,4465778.0,200058.0,968223.0,460197.0,0.11627737159882681,-508026.0,-0.12836226221349897,0.0,-708084.0,-0.1789106543310445,-10320.0,-697764.0,-0.1763031134846246,-0.09054809730179221,-0.09054809730179221,7706004.0,7706004.0,https://www.sec.gov/Archives/edgar/data/225628/000109690620000040/0001096906-20-000040-index.html,https://www.sec.gov/Archives/edgar/data/225628/000109690620000040/passur.htm,1620596865,17:47:45,20210509
6,2019-07-31,PSSR,USD,2019-09-11 00:00:00,2019-09-11 15:01:58,Q3,3798149.0,2137662.0,1660487.0,0.4371832174040566,143102.0,2411029.0,0.0,0.0,2554131.0,4691793.0,180191.0,945296.0,51652.0,0.013599255848045982,-893644.0,-0.23528408179879198,0.0,-1073835.0,-0.2827258751565565,0.0,-1073835.0,-0.2827258751565565,-0.14,-0.14,7696091.0,7696091.0,https://www.sec.gov/Archives/edgar/data/225628/000109690619000328/0001096906-19-000328-index.html,https://www.sec.gov/Archives/edgar/data/225628/000109690619000328/passur.htm,1620596865,17:47:45,20210509
7,2019-04-30,PSSR,USD,2019-06-11 00:00:00,2019-06-11 17:13:07,Q2,3634124.0,2036347.0,1597777.0,0.4396594612621914,139318.0,2422361.0,0.0,0.0,2561679.0,4598026.0,167765.0,889203.0,-74699.0,-0.020554884753519694,-963902.0,-0.26523640910436735,0.0,-1131667.0,-0.31140021639327664,0.0,-1131667.0,-0.31140021639327664,-0.15,-0.15,7696091.0,7696091.0,https://www.sec.gov/Archives/edgar/data/225628/000109690619000238/0001096906-19-000238-index.html,https://www.sec.gov/Archives/edgar/data/225628/000109690619000238/passur.htm,1620596865,17:47:45,20210509
8,2019-01-31,PSSR,USD,2019-03-18 00:00:00,2019-03-18 11:53:55,Q1,3656124.0,2032420.0,1623704.0,0.4441052874574276,143955.0,2245897.0,0.0,0.0,2389852.0,4422272.0,167919.0,824882.0,58734.0,0.016064553609232073,-766148.0,-0.20955197362015074,0.0,-934067.0,-0.2554801204773142,0.0,-934067.0,-0.2554801204773142,-0.12,-0.12,7696091.0,7696091.0,https://www.sec.gov/Archives/edgar/data/225628/000109690619000105/0001096906-19-000105-index.html,https://www.sec.gov/Archives/edgar/data/225628/000109690619000105/passur.htm,1620596865,17:47:45,20210509
9,2018-10-31,PSSR,USD,2019-01-29 00:00:00,2019-01-29 15:45:56,Q4,4086703.0,2307432.0,1779271.0,0.43538055004241805,138694.0,2136026.0,0.0,5730.0,2274720.0,4582152.0,121848.0,838227.0,342778.0,0.08387641578064273,-495449.0,-0.12123440338091611,5730.0,-611567.0,-0.14964801699560745,4634.0,-616201.0,-0.15078193839875323,-0.0800667507699688,-0.0800667507699688,7696091.0,7696091.0,https://www.sec.gov/Archives/edgar/data/225628/000109690619000043/0001096906-19-000043-index.html,https://www.sec.gov/Archives/edgar/data/225628/000109690619000043/passur.htm,1620596865,17:47:45,20210509
10,2018-07-31,PSSR,USD,2018-09-14 00:00:00,2018-09-14 15:51:25,Q3,3715767.0,3908281.0,-192514.0,-0.05181003006916203,151185.0,2254846.0,0.0,0.0,2406031.0,6314312.0,78300.0,1010274.0,-1588271.0,-0.4274409563355291,-2598545.0,-0.6993293712980388,0.0,-2676845.0,-0.7204017367073877,0.0,-2676845.0,-0.7204017367073877,-0.35,-0.35,7696091.0,7696091.0,https://www.sec.gov/Archives/edgar/data/225628/000109690618000533/0001096906-18-000533-index.html,https://www.sec.gov/Archives/edgar/data/225628/000109690618000533/passur.htm,1620596865,17:47:45,20210509
11,2018-04-30,PSSR,USD,2018-06-13 00:00:00,2018-06-13 16:47:38,Q2,3501842.0,2026121.0,1475721.0,0.42141278789848313,149163.0,2276284.0,0.0,-4506.0,2425447.0,4451568.0,70088.0,882704.0,-67022.0,-0.019139070237891943,-949726.0,-0.27120755305350724,-4506.0,-1024320.0,-0.2925089138801808,0.0,-1024320.0,-0.2925089138801808,-0.13,-0.13,7696091.0,7696091.0,https://www.sec.gov/Archives/edgar/data/225628/000109690618000329/0001096906-18-000329-index.html,https://www.sec.gov/Archives/edgar/data/225628/000109690618000329/passur.htm,1620596865,17:47:45,20210509
12,2018-01-31,PSSR,USD,2018-02-13 00:00:00,2018-02-12 18:03:48,Q1,3513487.0,2239299.0,1274188.0,0.36265624435212085,154666.0,2220828.0,0.0,0.0,2375494.0,4614793.0,65713.0,830472.0,-270834.0,-0.07708410476543673,-1101306.0,-0.3134509961186707,0.0,-1167019.0,-0.3321540680241595,0.0,-1167019.0,-0.3321540680241595,-0.15,-0.15,7696091.0,7696091.0,https://www.sec.gov/Archives/edgar/data/225628/000109690618000090/0001096906-18-000090-index.html,https://www.sec.gov/Archives/edgar/data/225628/000109690618000090/passur.htm,1620596865,17:47:45,20210509
13,2017-10-31,PSSR,USD,2018-02-13,2018-02-12 18:03:48,Q4,3500260.0,1736092.0,1764168.0,0.5040105592156011,182809.0,2206897.0,0.0,0.0,2389706.0,4125798.0,48067.0,448057.0,-177481.0,-0.05070509047899299,-625538.0,-0.17871186711844264,0.0,-673605.0,-0.19244427556810065,1972647.0,-2646252.0,-0.7560158388234017,-0.34384364737890966,-0.34384364737890966,7696091.0,7696091.0,https://www.sec.gov/Archives/edgar/data/225628/000109690618000090/passur.htm,https://www.sec.gov/Archives/edgar/data/225628/000109690618000090/passur.htm,1620596865,17:47:45,20210509
14,2017-07-31,PSSR,USD,2017-09-11 00:00:00,2017-09-11 15:44:12,Q3,3331898.0,1489703.0,1842195.0,0.5528965772661708,186352.0,2107303.0,0.0,0.0,2293655.0,3783358.0,41400.0,816740.0,365280.0,0.10963120719781938,-451460.0,-0.13549634472603903,0.0,-492860.0,-0.14792169508190225,86500.0,-579360.0,-0.17388287396552957,-0.08,-0.08,7696091.0,7696091.0,https://www.sec.gov/Archives/edgar/data/225628/000109690617000595/0001096906-17-000595-index.html,https://www.sec.gov/Archives/edgar/data/225628/000109690617000595/passur.htm,1620596865,17:47:45,20210509
15,2017-04-30,PSSR,USD,2017-06-12 00:00:00,2017-06-12 12:18:04,Q2,3423781.0,1534126.0,1889655.0,0.5519205229540091,186372.0,1888449.0,0.0,0.0,2074821.0,3608947.0,40050.0,845586.0,660420.0,0.19289201032425848,-185166.0,-0.05408231426017026,-5221.0,-230437.0,-0.06730483053676622,-192325.0,-38112.0,-0.011131553098752519,-0.004954,-0.004954,7692913.0,7692913.0,https://www.sec.gov/Archives/edgar/data/225628/000109690617000422/0001096906-17-000422-index.html,https://www.sec.gov/Archives/edgar/data/225628/000109690617000422/passur.htm,1620596865,17:47:45,20210509
16,2017-01-31,PSSR,USD,2017-03-10 00:00:00,2017-03-10 16:18:44,Q1,3615556.0,1690009.0,1925547.0,0.5325728601631395,227480.0,1818534.0,0.0,0.0,2046014.0,3736023.0,41400.0,857174.0,736707.0,0.2037603621683636,-120467.0,-0.03331908010828763,0.0,-161867.0,-0.044769601134652594,94684.0,-256551.0,-0.07095755120374293,-0.03,-0.03,7690199.0,7690199.0,https://www.sec.gov/Archives/edgar/data/225628/000109690617000161/0001096906-17-000161-index.html,https://www.sec.gov/Archives/edgar/data/225628/000109690617000161/passur.htm,1620596865,17:47:45,20210509
17,2016-10-31,PSSR,USD,2017-01-10 00:00:00,2017-01-09 18:46:08,Q4,3820504.0,1597447.0,2223057.0,0.5818753232557798,184972.0,1534636.0,0.0,0.0,1719608.0,3317055.0,41400.0,872081.0,1375530.0,0.3600388849219894,503449.0,0.13177554584421322,0.0,462049.0,0.12093927921551711,355411.0,106638.0,0.027912024172726948,0.01386674128978977,0.01386674128978977,7690199.0,7690199.0,https://www.sec.gov/Archives/edgar/data/225628/000109690617000013/0001096906-17-000013-index.html,https://www.sec.gov/Archives/edgar/data/225628/000109690617000013/passur.htm,1620596865,17:47:45,20210509
18,2016-07-31,PSSR,USD,2016-07-31,2016-07-31,Q3,3827108.0,1647033.0,2180075.0,0.5696403132600386,231742.0,1585989.0,0.0,0.0,1817731.0,3464764.0,44367.0,857121.0,1219465.0,0.3186387737163414,362344.0,0.09467827926465623,0.0,317977.0,0.0830854525140132,136677.0,181300.0,0.04737258525236288,0.023575462741601355,0.023389072774848373,7690199.0,7751483.0,processing...,processing...,1620596865,17:47:45,20210509
19,2016-04-30,PSSR,USD,2016-06-09 00:00:00,2016-06-09 16:17:12,Q2,3809402.0,1620138.0,2189264.0,0.5747001760381288,226104.0,1727133.0,0.0,0.0,1953237.0,3573375.0,43900.0,826405.0,1062432.0,0.2788973177417348,236027.0,0.061959068641219806,0.0,192127.0,0.050434950157531286,69992.0,122135.0,0.03206146266526872,0.01590764487796237,0.015822764311482065,7677755.0,7718942.0,https://www.sec.gov/Archives/edgar/data/225628/000090901216000527/0000909012-16-000527-index.html,https://www.sec.gov/Archives/edgar/data/225628/000090901216000527/t307960.txt,1620596865,17:47:45,20210509
20,2016-01-31,PSSR,USD,2016-03-10 00:00:00,2016-03-10 13:56:07,Q1,3435480.0,1512486.0,1922994.0,0.5597453630933669,183409.0,1633501.0,0.0,0.0,1816910.0,3329396.0,53667.0,785742.0,891826.0,0.2595928370999103,106084.0,0.030878945591300198,0.0,52417.0,0.015257547708034976,27842.0,24575.0,0.007153294445026605,0.003208,0.003177,7660590.0,7736288.0,https://www.sec.gov/Archives/edgar/data/225628/000090901216000475/0000909012-16-000475-index.html,https://www.sec.gov/Archives/edgar/data/225628/000090901216000475/t307909.txt,1620596865,17:47:45,20210509
21,2015-10-31,PSSR,USD,2016-01-21 00:00:00,2016-01-21 15:27:42,Q4,3308473.0,1629834.0,1678639.0,0.5073757591493114,170759.0,1399481.0,0.0,0.0,1570240.0,3200074.0,53667.0,764176.0,872575.0,0.2637394955316244,108399.0,0.03276405761812171,0.0,54732.0,0.01654297919312021,90944.0,-36212.0,-0.010945230624520737,-0.004727051049592786,-0.004727051049592786,7660590.0,7660590.0,https://www.sec.gov/Archives/edgar/data/225628/000090901216000364/0000909012-16-000364-index.html,https://www.sec.gov/Archives/edgar/data/225628/000090901216000364/t307822.txt,1620596865,17:47:45,20210509
22,2015-07-31,PSSR,USD,2015-09-11 00:00:00,2015-09-11 11:22:57,Q3,3244075.0,1296796.0,1947279.0,0.6002570840686482,185550.0,1670334.0,0.0,0.0,1855884.0,3152680.0,54285.0,779489.0,870884.0,0.26845371947319346,91395.0,0.028172899825065698,0.0,37110.0,0.011439316292009278,14690.0,22420.0,0.006911060934164592,0.002938,0.002892,7630482.0,7753176.0,https://www.sec.gov/Archives/edgar/data/225628/000090901215000290/0000909012-15-000290-index.html,https://www.sec.gov/Archives/edgar/data/225628/000090901215000290/t307763.txt,1620596865,17:47:45,20210509
23,2015-04-30,PSSR,USD,2015-06-12 00:00:00,2015-06-12 13:41:16,Q2,3221499.0,1392039.0,1829460.0,0.5678909104115817,186098.0,1226785.0,0.0,0.0,1412883.0,2804922.0,57329.0,748125.0,1164702.0,0.3615403884961628,416577.0,0.12931154099380443,0.0,359248.0,0.11151578814707067,207361.0,151887.0,0.047147927098533944,0.019838734768157555,0.019414138767371487,7656083.0,7823525.0,https://www.sec.gov/Archives/edgar/data/225628/000090901215000232/0000909012-15-000232-index.html,https://www.sec.gov/Archives/edgar/data/225628/000090901215000232/t307708.txt,1620596865,17:47:45,20210509
24,2015-01-31,PSSR,USD,2015-01-31,2015-01-31,Q1,2764012.0,1114452.0,1649560.0,0.5967991455898165,182275.0,1181854.0,0.0,0.0,1364129.0,2478581.0,59262.0,710085.0,995516.0,0.3601706504892164,285431.0,0.10326691779919914,0.0,226169.0,0.08182634518229298,85000.0,141169.0,0.05107394613337424,0.01844158429706981,0.01803887643722958,7654928.0,7825820.0,,,1620596865,17:47:45,20210509
25,2014-10-31,PSSR,USD,2014-10-31,2014-10-31,Q4,2915356.0,1097615.0,1817741.0,0.623505671348542,166412.0,1157977.0,0.0,0.0,1324389.0,2422004.0,60509.0,717127.0,1210479.0,0.41520795402002364,493352.0,0.1692253021586386,0.0,432843.0,0.14847003247630822,358147.0,74696.0,0.025621570744704936,0.00975789713502204,0.00975789713502204,7654928.0,7654928.0,,,1620596865,17:47:45,20210509
26,2014-07-31,PSSR,USD,2014-09-12 00:00:00,2014-09-12 12:14:28,Q3,2865319.0,1300968.0,1564351.0,0.5459605021290823,171325.0,1168614.0,0.0,0.0,1339939.0,2640907.0,59262.0,699939.0,924351.0,0.3225996826182355,224412.0,0.07832007535635649,0.0,165150.0,0.05763756147221304,36408.0,128742.0,0.04493112285228974,0.01709942295324787,0.016479699524727935,7529026.0,7812157.0,https://www.sec.gov/Archives/edgar/data/225628/000090901214000350/0000909012-14-000350-index.html,https://www.sec.gov/Archives/edgar/data/225628/000090901214000350/t307469.txt,1620596865,17:47:45,20210509
27,2014-04-30,PSSR,USD,2014-06-12 00:00:00,2014-06-12 14:29:04,Q2,2813390.0,1213262.0,1600128.0,0.5687544208232772,170416.0,1210484.0,0.0,0.0,1380900.0,2594162.0,57696.0,693027.0,912255.0,0.3242547247271086,219228.0,0.07792307500915266,0.0,161532.0,0.05741543120576955,80269.0,81263.0,0.028884370812436243,0.010939889773169235,0.01054069047923868,7428137.0,7709457.0,https://www.sec.gov/Archives/edgar/data/225628/000090901214000275/0000909012-14-000275-index.html,https://www.sec.gov/Archives/edgar/data/225628/000090901214000275/t307415.txt,1620596865,17:47:45,20210509
28,2014-01-31,PSSR,USD,2014-01-31,2014-01-31,Q1,2895602.0,1475173.0,1420429.0,0.4905470434127342,164863.0,1087748.0,0.0,0.0,1252611.0,2727784.0,64353.0,695156.0,862974.0,0.29802921810386923,167818.0,0.057956169390682835,0.0,103465.0,0.03573177529232263,39825.0,63640.0,0.0219781586005259,0.008664986225749034,0.008133219164952011,7344501.0,7824700.0,,,1620596865,17:47:45,20210509
29,2013-10-31,PSSR,USD,2013-10-31,2013-10-31,Q4,2956619.0,1410204.0,1546415.0,0.5230349260422124,160000.0,940613.0,0.0,0.0,1100613.0,2510817.0,70762.0,631441.0,1077243.0,0.36434961691039663,445802.0,0.1507810103364688,0.0,375040.0,0.12684759179319352,274794.0,100246.0,0.03390561989894538,0.013649123337310458,0.013649123337310458,7344501.0,7344501.0,,,1620596865,17:47:45,20210509
30,2013-07-31,PSSR,USD,2013-09-13 00:00:00,2013-09-13 14:42:38,Q3,2742681.0,1426091.0,1316590.0,0.4800375982478458,164781.0,942170.0,0.0,0.0,1106951.0,2533042.0,73062.0,646588.0,856227.0,0.3121861419538036,209639.0,0.07643579402781439,0.0,136577.0,0.04979689581106953,31223.0,105354.0,0.038412779320672,0.01443271514066534,0.013481179209701474,7299666.0,7814895.0,https://www.sec.gov/Archives/edgar/data/225628/000090901213000360/0000909012-13-000360-index.html,https://www.sec.gov/Archives/edgar/data/225628/000090901213000360/t307209.txt,1620596865,17:47:45,20210509
31,2013-04-30,PSSR,USD,2013-06-13 00:00:00,2013-06-13 15:08:07,Q2,2661232.0,1399599.0,1261633.0,0.4740785470789469,163579.0,942359.0,0.0,0.0,1105938.0,2505537.0,70680.0,667385.0,823080.0,0.3092853234892711,155695.0,0.05850485790040102,0.0,85015.0,0.03194573039855225,21031.0,63984.0,0.024042999633252567,0.008779,0.008779,7288183.0,7288183.0,https://www.sec.gov/Archives/edgar/data/225628/000090901213000233/0000909012-13-000233-index.html,https://www.sec.gov/Archives/edgar/data/225628/000090901213000233/t307148.txt,1620596865,17:47:45,20210509
32,2013-01-31,PSSR,USD,2013-03-14 00:00:00,2013-03-14 16:23:45,Q1,2674526.0,1515556.0,1158970.0,0.43333659870945357,146956.0,898090.0,0.0,0.0,1045046.0,2560602.0,73061.0,644254.0,758178.0,0.28348125985688677,113924.0,0.04259595905966141,0.0,40863.0,0.015278595160413471,28545.0,12318.0,0.004605675921639947,0.0017124649318656386,0.0015433906656564503,7193140.0,7981129.0,https://www.sec.gov/Archives/edgar/data/225628/000090901213000154/0000909012-13-000154-index.html,https://www.sec.gov/Archives/edgar/data/225628/000090901213000154/t307083.txt,1620596865,17:47:45,20210509
33,2012-10-31,PSSR,USD,2013-01-29 00:00:00,2013-01-29 13:13:26,Q4,2564729.0,1265333.0,1299396.0,0.5066406626197154,124376.0,1128348.0,0.0,0.0,1252724.0,2518057.0,73078.0,650799.0,697471.0,0.2719472505672139,46672.0,0.018197634136004233,0.0,-26406.0,-0.010295824627085356,-1792220.0,1765814.0,0.6884992527475613,0.24548583789555048,0.24548583789555048,7193140.0,7193140.0,https://www.sec.gov/Archives/edgar/data/225628/000090901213000023/0000909012-13-000023-index.html,https://www.sec.gov/Archives/edgar/data/225628/000090901213000023/t306990.htm,1620596865,17:47:45,20210509
34,2012-07-31,PSSR,USD,2012-09-14 00:00:00,2012-09-14 15:20:14,Q3,2946865.0,1403923.0,1542942.0,0.5235876092050366,144080.0,1158739.0,0.0,0.0,1302819.0,2706742.0,73828.0,604510.0,844633.0,0.28662086658194386,240123.0,0.0814842213674532,0.0,166295.0,0.05643115650021294,10125.0,156170.0,0.05299530178681412,0.021710963501335997,0.019476041239273337,7193140.0,8018570.0,https://www.sec.gov/Archives/edgar/data/225628/000090901212000397/0000909012-12-000397-index.html,https://www.sec.gov/Archives/edgar/data/225628/000090901212000397/t306891.htm,1620596865,17:47:45,20210509
35,2012-04-30,PSSR,USD,2012-06-13,2012-06-13 14:54:22,Q2,3532004.0,1503623.0,2028381.0,0.5742861559613183,117594.0,1274161.0,0.0,0.0,1391755.0,2895378.0,72223.0,600883.0,1237509.0,0.35037021475626867,636626.0,0.18024498273501388,0.0,564403.0,0.15979681789714847,5000.0,559403.0,0.15838119096127865,0.08,0.07,7178140.0,8006908.0,https://www.sec.gov/Archives/edgar/data/225628/000090901212000306/t306814.htm,https://www.sec.gov/Archives/edgar/data/225628/000090901212000306/t306814.htm,1620596865,17:47:45,20210509
36,2012-01-31,PSSR,USD,2012-03-16 00:00:00,2012-03-16 10:36:11,Q1,3463784.0,1675778.0,1788006.0,0.5162002018601621,95738.0,1238350.0,0.0,0.0,1334088.0,3009866.0,73828.0,600200.0,1054118.0,0.30432555840664427,453918.0,0.13104685511567696,0.0,380090.0,0.10973259302543115,0.0,380090.0,0.10973259302543115,0.052973182404803254,0.04743743734748731,7175140.0,8012448.0,https://www.sec.gov/Archives/edgar/data/225628/000090901212000194/0000909012-12-000194-index.html,https://www.sec.gov/Archives/edgar/data/225628/000090901212000194/t306731.htm,1620596865,17:47:45,20210509
37,2011-10-31,PSSR,USD,2012-01-13 00:00:00,2012-01-13 14:45:38,Q4,3400790.0,1431330.0,1969460.0,0.5791183813172822,76872.0,1318076.0,0.0,0.0,1394948.0,2826278.0,88272.0,588757.0,1163269.0,0.3420584628865646,574512.0,0.16893486513427763,0.0,486240.0,0.14297854322083986,-1589054.0,2075294.0,0.6102387974558853,0.2892339382924932,0.2892339382924932,7175140.0,7175140.0,https://www.sec.gov/Archives/edgar/data/225628/000090901212000020/0000909012-12-000020-index.html,https://www.sec.gov/Archives/edgar/data/225628/000090901212000020/t306595.htm,1620596865,17:47:45,20210509
38,2011-07-31,PSSR,USD,2011-09-14 00:00:00,2011-09-14 14:06:53,Q3,3332814.0,1502765.0,1830049.0,0.5491002498189218,175537.0,1386728.0,0.0,0.0,1562265.0,3065030.0,133243.0,579418.0,847202.0,0.25420020439184426,267784.0,0.08034771817449159,0.0,134541.0,0.04036858942623261,7565.0,126976.0,0.038098735783035,0.018282986582070993,0.016315353413662876,6945036.0,7782608.0,https://www.sec.gov/Archives/edgar/data/225628/000090901211000503/0000909012-11-000503-index.html,https://www.sec.gov/Archives/edgar/data/225628/000090901211000503/t306494.htm,1620596865,17:47:45,20210509
39,2011-04-30,PSSR,USD,2011-06-14 00:00:00,2011-06-14 13:57:58,Q2,3364691.0,1474695.0,1889996.0,0.5617145824089047,76315.0,1343009.0,0.0,0.0,1419324.0,2894019.0,339559.0,497465.0,968137.0,0.28773429714645415,470672.0,0.13988565369004166,0.0,131113.0,0.03896732270511616,9563.0,121550.0,0.03612515978436059,0.03,0.02,4709875.0,5526169.0,https://www.sec.gov/Archives/edgar/data/225628/000090901211000359/0000909012-11-000359-index.html,https://www.sec.gov/Archives/edgar/data/225628/000090901211000359/t306395.txt,1620596865,17:47:45,20210509
40,2011-01-31,PSSR,USD,2011-01-31,2011-01-31,Q1,3510396.0,1499587.0,2010809.0,0.5728154316493068,75160.0,1274528.0,0.0,0.0,1349688.0,2849275.0,351005.0,489838.0,1150959.0,0.3278715563714179,661121.0,0.1883323135053709,0.0,310116.0,0.08834216994322008,0.0,310116.0,0.08834216994322008,0.07,0.06,4691448.0,5505012.0,,,1620596865,17:47:45,20210509
41,2010-10-31,PSSR,USD,2010-10-31,2010-10-31,Q4,3460699.0,1524017.0,1936682.0,0.5596216255733307,71713.0,1492652.0,0.0,0.0,1564365.0,3088382.0,358363.0,557445.0,929762.0,0.268663064889492,372317.0,0.10758433484102489,0.0,13954.0,0.004032133392704768,18085.0,-4131.0,-0.001193689482962835,-0.0008805383753587378,-0.0008805383753587378,4691448.0,4691448.0,,,1620596865,17:47:45,20210509
42,2010-07-31,PSSR,USD,2010-09-14 00:00:00,2010-09-14 14:59:25,Q3,2770888.0,1239946.0,1530942.0,0.5525095204136724,75555.0,1031197.0,0.0,0.0,1106752.0,2346698.0,343042.0,474691.0,898881.0,0.324401780223524,424190.0,0.15308810749478147,0.0,81148.0,0.02928591844924804,8007.0,73141.0,0.026396231099921758,0.02,0.01,4590741.0,5463424.0,https://www.sec.gov/Archives/edgar/data/225628/000090901210000475/0000909012-10-000475-index.html,https://www.sec.gov/Archives/edgar/data/225628/000090901210000475/t306054.txt,1620596865,17:47:45,20210509
43,2010-04-30,PSSR,USD,2010-06-14 00:00:00,2010-06-14 13:03:25,Q2,2403213.0,1103899.0,1299314.0,0.5406570287361129,73972.0,968662.0,0.0,0.0,1042634.0,2146533.0,329806.0,464026.0,720706.0,0.2998926853341755,256680.0,0.10680701211253435,0.0,-73126.0,-0.030428430605193964,0.0,-73126.0,-0.030428430605193964,-0.02,-0.02,4546448.0,4546448.0,https://www.sec.gov/Archives/edgar/data/225628/000090901210000340/0000909012-10-000340-index.html,https://www.sec.gov/Archives/edgar/data/225628/000090901210000340/t305949.txt,1620596865,17:47:45,20210509
44,2010-01-31,PSSR,USD,2010-03-15 00:00:00,2010-03-15 15:57:07,Q1,2323402.0,949033.0,1374369.0,0.5915330192536634,69315.0,915618.0,0.0,0.0,984933.0,1933966.0,343725.0,450314.0,839750.0,0.36143121164568165,389436.0,0.16761455830717198,0.0,45711.0,0.019674167449283422,20232.0,25479.0,0.010966246908627951,0.01,0.0047990561234724305,4415524.0,5309169.0,https://www.sec.gov/Archives/edgar/data/225628/000090901210000202/0000909012-10-000202-index.html,https://www.sec.gov/Archives/edgar/data/225628/000090901210000202/t305860.txt,1620596865,17:47:45,20210509
45,2009-10-31,PSSR,USD,2010-01-29 00:00:00,2010-01-29 16:05:52,Q4,2203678.0,763123.0,1440555.0,0.6537048516162525,73351.0,903174.0,0.0,0.0,976525.0,1739648.0,320043.0,443418.0,907448.0,0.4117879290894586,464030.0,0.21057069136234968,0.0,143988.0,0.0653398545522531,17294.0,143658.0,0.0651901049064337,0.032534756916732875,0.032534756916732875,4415524.0,4415524.0,https://www.sec.gov/Archives/edgar/data/225628/000090901210000023/0000909012-10-000023-index.html,https://www.sec.gov/Archives/edgar/data/225628/000090901210000023/t305722.txt,1620596865,17:47:45,20210509
46,2009-07-31,PSSR,USD,2009-09-14 00:00:00,2009-09-14 17:01:21,Q3,2335955.0,1051451.0,1284504.0,0.5498838804685878,74687.0,982314.0,0.0,0.0,1057001.0,2108452.0,320042.0,433435.0,660938.0,0.28294123816597494,227503.0,0.09739185900413322,0.0,-92539.0,-0.0396150610778033,-547.0,-91992.0,-0.039380895608006145,-0.02,-0.02,4175307.0,4175307.0,https://www.sec.gov/Archives/edgar/data/225628/000090901209001273/0000909012-09-001273-index.html,https://www.sec.gov/Archives/edgar/data/225628/000090901209001273/t305623.txt,1620596865,17:47:45,20210509
47,2009-04-30,PSSR,USD,2009-06-15 00:00:00,2009-06-15 12:39:32,Q2,2344292.0,887016.0,1457276.0,0.6216273399388813,59946.0,1061302.0,0.0,0.0,1121248.0,2008264.0,309156.0,408989.0,745017.0,0.3178004275917846,336028.0,0.14333879909158073,0.0,26872.0,0.011462735870787428,55.0,26817.0,0.011439274629610988,0.006467463236003442,0.005017215164012253,4146448.0,5344997.0,https://www.sec.gov/Archives/edgar/data/225628/000090901209000989/0000909012-09-000989-index.html,https://www.sec.gov/Archives/edgar/data/225628/000090901209000989/t305446.txt,1620596865,17:47:45,20210509
48,2009-01-31,PSSR,USD,2009-03-17 00:00:00,2009-03-17 15:12:01,Q1,2076385.0,672252.0,1404133.0,0.6762392330902024,70075.0,1090590.0,0.0,0.0,1160665.0,1832917.0,158871.0,390764.0,634232.0,0.3054500971640616,243468.0,0.11725571124815484,0.0,84705.0,0.040794457675238455,8974.0,75731.0,0.0364725231592407,0.02,0.01,4146448.0,5327440.0,https://www.sec.gov/Archives/edgar/data/225628/000090901209000593/0000909012-09-000593-index.html,https://www.sec.gov/Archives/edgar/data/225628/000090901209000593/t305196.txt,1620596865,17:47:45,20210509
49,2008-10-31,PSSR,USD,2009-01-29 00:00:00,2009-01-29 16:55:21,Q4,1964633.0,619458.0,1345175.0,0.6846953095056431,72987.0,1031837.0,0.0,0.0,1104824.0,1724282.0,0.0,374039.0,614390.0,0.31272507384330817,240351.0,0.12233887957699988,0.0,88530.0,0.0450618512465178,-1.0,88531.0,0.045062360247435526,0.021351045521371546,0.021351045521371546,4146448.0,4146448.0,https://www.sec.gov/Archives/edgar/data/225628/000090901209000114/0000909012-09-000114-index.html,https://www.sec.gov/Archives/edgar/data/225628/000090901209000114/t304899.txt,1620596865,17:47:45,20210509
50,2008-07-31,PSSR,USD,2008-09-15 00:00:00,2008-09-15 12:12:11,Q3,1997995.0,558918.0,1439077.0,0.7202605612126156,67333.0,1089379.0,0.0,0.0,1156712.0,1715630.0,0.0,351164.0,633529.0,0.3170823750810187,282365.0,0.14132417748793166,0.0,131647.0,0.06588955427816386,4723.0,126924.0,0.06352568449870996,0.03,0.02,4146448.0,5423639.0,https://www.sec.gov/Archives/edgar/data/225628/000090901208000962/0000909012-08-000962-index.html,https://www.sec.gov/Archives/edgar/data/225628/000090901208000962/t304557.txt,1620596865,17:47:45,20210509
51,2008-04-30,PSSR,USD,2008-06-16 00:00:00,2008-06-16 16:21:43,Q2,1903269.0,605974.0,1297295.0,0.6816141070967898,78149.0,946772.0,0.0,0.0,1024921.0,1630895.0,0.0,352380.0,624754.0,0.32825312659429645,272374.0,0.14310851487624712,0.0,0.0,0.0,0.0,127277.0,0.0668728382588063,0.03,0.02,4133948.0,5558736.0,https://www.sec.gov/Archives/edgar/data/225628/000090901208000727/0000909012-08-000727-index.html,https://www.sec.gov/Archives/edgar/data/225628/000090901208000727/t304379.txt,1620596865,17:47:45,20210509
52,2008-01-31,PSSR,USD,2008-01-31,2008-01-31,Q1,1706484.0,606020.0,1100464.0,0.644872146471927,71140.0,730648.0,0.0,0.0,801788.0,1407808.0,0.0,304161.0,602837.0,0.35326261482674315,298676.0,0.1750242018090999,0.0,156214.0,0.09154143841958085,4123.0,152091.0,0.08912535951113518,0.04,0.03,4091448.0,5580091.0,,,1620596865,17:47:45,20210509
53,2007-10-31,PSSR,USD,2007-10-31,2007-10-31,Q4,1537587.0,436153.0,1101434.0,0.716339303076834,38785.0,782369.0,0.0,0.0,821154.0,1257307.0,0.0,275117.0,555397.0,0.361213381746854,280280.0,0.18228562026083728,0.0,146744.0,0.0954378516467686,3279.0,143465.0,0.09330528939175474,0.03506460304518107,0.03506460304518107,4091448.0,4091448.0,,,1620596865,17:47:45,20210509
54,2007-07-31,PSSR,USD,2007-09-14 00:00:00,2007-09-14 15:23:08,Q3,1466793.0,508153.0,958640.0,0.6535618863738782,80045.0,587177.0,0.0,0.0,667222.0,1175375.0,0.0,277886.0,569304.0,0.38812838621400564,291418.0,0.19867697759670247,0.0,152472.0,0.10394922800967826,10208.0,142264.0,0.09698982746713408,0.03477106393628857,0.02607058945986871,4091448.0,5456877.0,https://www.sec.gov/Archives/edgar/data/225628/000090901207001266/0000909012-07-001266-index.html,https://www.sec.gov/Archives/edgar/data/225628/000090901207001266/t303717.txt,1620596865,17:47:45,20210509
55,2007-04-30,PSSR,USD,2007-06-14 00:00:00,2007-06-14 15:47:55,Q2,1392175.0,471632.0,920543.0,0.6612264981054824,78746.0,595814.0,0.0,0.0,674560.0,1146192.0,0.0,256188.0,502171.0,0.36070968089500244,245983.0,0.1766897121410742,0.0,114974.0,0.08258588180365256,0.0,114974.0,0.08258588180365256,0.03,0.02,4091448.0,5500310.0,https://www.sec.gov/Archives/edgar/data/225628/000090901207000925/0000909012-07-000925-index.html,https://www.sec.gov/Archives/edgar/data/225628/000090901207000925/t303503.txt,1620596865,17:47:45,20210509
56,2007-01-31,PSSR,USD,2007-03-16 00:00:00,2007-03-16 15:07:34,Q1,1301680.0,459382.0,842298.0,0.6470853051441214,109746.0,546312.0,0.0,0.0,656058.0,1115440.0,0.0,242255.0,428495.0,0.3291861286952246,186240.0,0.14307663941982668,0.0,57053.0,0.04383028086780161,3172.0,53881.0,0.04139343002888575,0.013169176291620961,0.009776280114620584,4091448.0,5511401.0,https://www.sec.gov/Archives/edgar/data/225628/000090901207000553/0000909012-07-000553-index.html,https://www.sec.gov/Archives/edgar/data/225628/000090901207000553/t303291.txt,1620596865,17:47:45,20210509
57,2006-10-31,PSSR,USD,2006-10-31,2006-10-31,Q4,1206215.0,93960.0,1112255.0,0.9221034392707768,115579.0,537438.0,0.0,0.0,653017.0,746977.0,0.0,238693.0,697931.0,0.5786124364230257,459238.0,0.38072648740067067,0.0,334464.0,0.2772839004655057,185.0,334279.0,0.2771305281396766,0.08170188158324387,0.08170188158324387,4091448.0,4091448.0,,,1620596865,17:47:45,20210509
58,2006-07-31,PSSR,USD,2006-07-31,2006-07-31,Q3,1074277.0,327081.0,747196.0,0.6955338334526384,96621.0,508796.0,0.0,0.0,605417.0,932498.0,0.0,222415.0,364194.0,0.33901312231389114,141779.0,0.13197620353037437,0.0,22389.0,0.020840993524016617,0.0,22389.0,0.020840993524016617,0.005472145802659596,0.004956586422021598,4091448.0,4517020.0,,,1620596865,17:47:45,20210509
59,2006-04-30,PSSR,USD,2006-04-30,2006-04-30,Q2,1015967.0,417642.0,598325.0,0.5889216874170126,107612.0,503318.0,0.0,0.0,610930.0,1028572.0,0.0,216006.0,203401.0,0.20020433734560275,-12605.0,-0.012406899042980727,0.0,-123689.0,-0.12174509605134813,3052.0,-126741.0,-0.12474913063121144,-0.03,-0.03,4091448.0,4091448.0,,,1620596865,17:47:45,20210509
60,2006-01-31,PSSR,USD,2006-01-31,2006-01-31,Q1,1017764.0,426745.0,591019.0,0.5807033850676582,99266.0,501789.0,0.0,0.0,601055.0,1027800.0,0.0,210458.0,200422.0,0.19692384482060674,-10036.0,-0.009860832177204145,0.0,-123560.0,-0.1214033901768976,3453.0,-127013.0,-0.12479612169422381,-0.03,-0.03,4088115.0,4088115.0,,,1620596865,17:47:45,20210509
61,2005-10-31,PSSR,USD,2005-10-31,2005-10-31,Q4,1012012.0,522737.0,489275.0,0.4834675873408616,96812.0,524847.0,0.0,0.0,621659.0,1144396.0,0.0,212021.0,79637.0,0.07869175464322557,-132384.0,-0.13081267811053623,0.0,-238101.0,-0.23527487816350004,-1.0,-238100.0,-0.2352738900329245,-0.058242001509253044,-0.058242001509253044,4088115.0,4088115.0,,,1620596865,17:47:45,20210509
62,2005-07-31,PSSR,USD,2005-07-31,2005-07-31,Q3,985844.0,486671.0,499173.0,0.5063407597956675,95792.0,485637.0,0.0,0.0,581429.0,1068100.0,0.0,192286.0,110030.0,0.11160995045869326,-82256.0,-0.08343713609861195,0.0,-186730.0,-0.18941130645416515,0.0,-186730.0,-0.18941130645416515,-0.05,-0.05,4088115.0,4088115.0,,,1620596865,17:47:45,20210509
63,2005-04-30,PSSR,USD,2005-04-30,2005-04-30,Q2,978772.0,511190.0,467582.0,0.4777231060962103,98535.0,463646.0,0.0,0.0,562181.0,1073371.0,0.0,186684.0,92085.0,0.09408217644150016,-94599.0,-0.09665070108258103,0.0,-194651.0,-0.19887266901791223,0.0,-194651.0,-0.19887266901791223,-0.05,-0.05,4088115.0,4088115.0,,,1620596865,17:47:45,20210509
64,2005-01-31,PSSR,USD,2005-01-31,2005-01-31,Q1,778395.0,427986.0,350409.0,0.4501686161910084,101357.0,445879.0,0.0,0.0,547236.0,975222.0,0.0,183954.0,-12873.0,-0.01653787601410595,-196827.0,-0.25286262116277725,0.0,-299231.0,-0.3844205062982162,5159.0,-304390.0,-0.3910482467127872,-0.07,-0.07,4088115.0,4088115.0,,,1620596865,17:47:45,20210509
65,2004-10-31,PSSR,USD,2004-10-31,2004-10-31,Q4,825889.0,688737.0,137152.0,0.16606589989695952,101195.0,484851.0,0.0,0.0,586046.0,1274783.0,0.0,193062.0,-255832.0,-0.30976559804041465,-448894.0,-0.5435282465319189,0.0,-543319.0,-0.6578595913010102,311.0,-543630.0,-0.6582361552218277,-0.13297815741484767,-0.13297815741484767,4088115.0,4088115.0,,,1620596865,17:47:45,20210509
66,2004-07-31,PSSR,USD,2004-07-31,2004-07-31,Q3,716999.0,357718.0,359281.0,0.5010899596791627,95431.0,469114.0,0.0,0.0,564545.0,922263.0,0.0,174296.0,-30968.0,-0.043191134157788226,-205264.0,-0.28628212870589775,0.0,-299731.0,-0.4180354505375879,478.0,-300209.0,-0.418702118134056,-0.07,-0.07,4088115.0,4088115.0,,,1620596865,17:47:45,20210509
67,2004-04-30,PSSR,USD,2004-04-30,2004-04-30,Q2,687829.0,386587.0,301242.0,0.4379605977648514,99692.0,395598.0,0.0,0.0,495290.0,881877.0,0.0,171215.0,-22833.0,-0.03319575068803438,-194048.0,-0.2821166307323477,0.0,-288433.0,-0.4193382366838269,0.0,-288433.0,-0.4193382366838269,-0.08,-0.08,3788115.0,3788115.0,,,1620596865,17:47:45,20210509
68,2004-01-31,PSSR,USD,2004-03-16,2004-03-16,Q1,686211.0,406460.0,279751.0,0.40767489882849445,96448.0,345004.0,0.0,0.0,441452.0,847912.0,0.0,171214.0,9513.0,0.013863082929303086,-161701.0,-0.23564326424379672,2250.0,-253626.0,-0.36960351845132183,3639.0,-257265.0,-0.37490655206634693,-0.07,-0.07,3513115.0,3513115.0,https://www.sec.gov/Archives/edgar/data/225628/000090901204000195/0000909012-04-000195-index.htm,https://www.sec.gov/Archives/edgar/data/225628/000090901204000195/t300904.txt,1620596865,17:47:45,20210509
69,2003-10-31,PSSR,USD,2003-10-31,2003-10-31,Q4,558082.0,662391.0,-104309.0,-0.18690622525005285,99675.0,478114.0,0.0,0.0,577789.0,1240180.0,0.0,190323.0,-491775.0,-0.8811877107665181,-682098.0,-1.2222182403302742,0.0,-866680.0,-1.5529617511405134,-225.0,-866455.0,-1.5525585845807606,-0.24663439710911825,-0.24663439710911825,3513115.0,3513115.0,,,1620596865,17:47:45,20210509
70,2003-07-31,PSSR,USD,2003-07-31,2003-07-31,Q3,524797.0,416643.0,108154.0,0.20608730613932624,99512.0,439533.0,0.0,0.0,539045.0,955688.0,0.0,166569.0,-264322.0,-0.5036652267448175,-430891.0,-0.8210622393039594,0.0,-603751.0,-1.1504467441696504,567.0,-604318.0,-1.1515271619311849,-0.17,-0.17,3488115.0,3488115.0,,,1620596865,17:47:45,20210509
71,2003-04-30,PSSR,USD,2003-06-13,2003-06-13,Q2,556295.0,258675.0,297620.0,0.5350039097960615,96646.0,467200.0,0.0,0.0,563846.0,822521.0,0.0,153105.0,-113121.0,-0.20334714495007145,-266226.0,-0.4785698235648352,0.0,-420221.0,-0.7553923727518672,0.0,-420221.0,-0.7553923727518672,-0.12,-0.12,3488115.0,3488115.0,https://www.sec.gov/Archives/edgar/data/225628/000090901203000437/0000909012-03-000437-index.htm,https://www.sec.gov/Archives/edgar/data/225628/000090901203000437/t300380.txt,1620596865,17:47:45,20210509
72,2003-01-31,PSSR,USD,2003-01-31,2003-01-31,Q1,497740.0,284482.0,213258.0,0.4284526057781171,107247.0,556114.0,0.0,0.0,663361.0,947843.0,0.0,141663.0,-308440.0,-0.6196809579298429,-450103.0,-0.904293406196006,0.0,-592485.0,-1.1903503837344798,2643.0,-595128.0,-1.1956603849399285,-0.17,-0.17,3473115.0,3473115.0,,,1620596865,17:47:45,20210509
73,2002-10-31,PSSR,USD,2003-01-29,2003-01-29,Q4,496704.0,59000.0,437704.0,0.8812169823476356,105836.0,742984.0,0.0,0.0,848820.0,907820.0,0.0,123786.0,-287330.0,-0.5784732959670146,-411116.0,-0.8276881200876176,11602.0,-533148.0,-1.0733716660224197,-238.0,-532910.0,-1.0728925074088391,-0.15343862786000464,-0.15343862786000464,3473115.0,3473115.0,https://www.sec.gov/Archives/edgar/data/225628/000090901203000045/0000909012-03-000045-index.htm,https://www.sec.gov/Archives/edgar/data/225628/000090901203000045/t300026.txt,1620596865,17:47:45,20210509
74,2002-07-31,PSSR,USD,2002-09-13 00:00:00,2002-09-13 16:05:15,Q3,580415.0,188972.0,391443.0,0.6744191655970297,158783.0,511720.0,0.0,0.0,670503.0,859475.0,0.0,98823.0,-180237.0,-0.31053125780691404,-279060.0,-0.4807939146989654,795.0,-391130.0,-0.6738798962811092,1191.0,-392321.0,-0.6759318763298674,-0.11,-0.11,3473115.0,3473115.0,https://www.sec.gov/Archives/edgar/data/225628/000090901202000692/0000909012-02-000692-index.html,https://www.sec.gov/Archives/edgar/data/225628/000090901202000692/t24690.txt,1620596865,17:47:45,20210509
75,2002-04-30,PSSR,USD,2002-06-12 00:00:00,2002-06-12 16:50:05,Q2,272769.0,296596.0,-23827.0,-0.0873523017644967,67692.0,494077.0,0.0,0.0,561769.0,858365.0,0.0,95330.0,-490266.0,-1.7973670028485642,-585596.0,-2.1468568642331056,6488.0,-680694.0,-2.4954961890830702,0.0,-680694.0,-2.4954961890830702,-0.2,-0.2,3473115.0,3473115.0,https://www.sec.gov/Archives/edgar/data/225628/000090901202000467/0000909012-02-000467-index.html,https://www.sec.gov/Archives/edgar/data/225628/000090901202000467/t24278.txt,1620596865,17:47:45,20210509
76,2002-01-31,PSSR,USD,2002-03-15 00:00:00,2002-03-15 00:00:00,Q1,295799.0,270970.0,24829.0,0.08393875570911329,72297.0,376259.0,0.0,0.0,448556.0,719526.0,0.0,88224.0,-335503.0,-1.1342262820361124,-423727.0,-1.4324828684343085,3690.0,-502305.0,-1.6981294730543375,1982.0,-504287.0,-1.704829968999219,-0.15,-0.15,3473115.0,3473115.0,https://www.sec.gov/Archives/edgar/data/225628/000090901202000230/0000909012-02-000230-index.html,https://www.sec.gov/Archives/edgar/data/225628/000090901202000230/t23888.txt,1620596865,17:47:45,20210509
77,2001-10-31,PSSR,USD,2002-02-28,2002-02-28,Q4,221285.0,-94368.0,315653.0,1.4264545721580766,98853.0,538897.0,0.0,0.0,637750.0,543382.0,0.0,113776.0,-208321.0,-0.9414149174141944,-322097.0,-1.4555753892039678,0.0,-386243.0,-1.745454956278103,113.0,-386356.0,-1.7459656099600063,-0.11124192547612158,-0.11124192547612158,3473115.0,3473115.0,https://www.sec.gov/Archives/edgar/data/225628/000090901202000188/0000909012-02-000188-index.htm,https://www.sec.gov/Archives/edgar/data/225628/000090901202000188/t23831.txt,1620596865,17:47:45,20210509
78,2001-07-31,PSSR,USD,2001-09-14 00:00:00,2001-09-14 00:00:00,Q3,332076.0,139722.0,192354.0,0.579246919379901,77358.0,417695.0,0.0,0.0,495053.0,634775.0,0.0,54793.0,-247906.0,-0.7465339259687541,-302699.0,-0.9115353111938231,0.0,-351216.0,-1.0576374083041231,0.0,-351216.0,-1.0576374083041231,-0.1,-0.1,3473115.0,3473115.0,https://www.sec.gov/Archives/edgar/data/225628/000090901201500368/0000909012-01-500368-index.html,https://www.sec.gov/Archives/edgar/data/225628/000090901201500368/t23176.txt,1620596865,17:47:45,20210509
79,2001-04-30,PSSR,USD,2001-06-14 00:00:00,2001-06-14 00:00:00,Q2,208038.0,188653.0,19385.0,0.09318009209855892,81552.0,365885.0,0.0,0.0,447437.0,636090.0,0.0,54792.0,-373260.0,-1.794191445793557,-428052.0,-2.05756640613734,0.0,-463739.0,-2.2291071823416875,0.0,-463739.0,-2.2291071823416875,-0.13,-0.13,3473115.0,3473115.0,https://www.sec.gov/Archives/edgar/data/225628/000090901201500169/0000909012-01-500169-index.html,https://www.sec.gov/Archives/edgar/data/225628/000090901201500169/t22759.txt,1620596865,17:47:45,20210509
80,2001-01-31,PSSR,USD,2001-03-19 00:00:00,2001-03-19 00:00:00,Q1,179238.0,228417.0,-49179.0,-0.2743782010511164,30175.0,321422.0,0.0,0.0,351597.0,580014.0,0.0,54792.0,-345984.0,-1.930304957654069,-400776.0,-2.2359990626987583,0.0,-426012.0,-2.3767950992535063,2167.0,-428179.0,-2.3888851694395163,-0.12,-0.123284,3473115.0,3473115.0,https://www.sec.gov/Archives/edgar/data/225628/000090901201000196/0000909012-01-000196-index.html,https://www.sec.gov/Archives/edgar/data/225628/000090901201000196/0000909012-01-000196-0001.txt,1620596865,17:47:45,20210509
81,2000-10-31,PSSR,USD,2000-10-31,2000-10-31,Q4,374361.0,277178.0,97183.0,0.2595970199887275,49500.0,288775.0,0.0,0.0,435880.0,713058.0,0.0,97605.0,-241092.0,-0.6440093920039748,-338697.0,-0.9047336661671488,0.0,0.0,0.0,0.0,-374149.0,-0.9994337016943539,-0.10772721317894743,-0.10772721317894743,3473115.0,3473115.0,,,1620596865,17:47:45,20210509
82,2000-07-31,PSSR,USD,2000-09-14 00:00:00,2000-09-14 00:00:00,Q3,630026.0,192514.0,437512.0,0.6944348328481682,37736.0,391232.0,0.0,0.0,459021.0,651535.0,0.0,30053.0,8544.0,0.013561345087345602,-21509.0,-0.034139860894629746,0.0,0.0,0.0,0.0,-54754.0,-0.08690752445137184,-0.020529375483904832,-0.020364435395898474,2667105.0,2688707.0,https://www.sec.gov/Archives/edgar/data/225628/000090901200000613/0000909012-00-000613-index.html,https://www.sec.gov/Archives/edgar/data/225628/000090901200000613/0000909012-00-000613-0001.txt,1620596865,17:47:45,20210509
83,2000-04-30,PSSR,USD,2000-06-14 00:00:00,2000-06-14 00:00:00,Q2,284456.0,90349.0,194107.0,0.6823797001996794,30369.0,306435.0,0.0,0.0,336804.0,427153.0,0.0,0.0,-142697.0,-0.5016487611440785,-142697.0,-0.5016487611440785,0.0,0.0,0.0,0.0,-169073.0,-0.5943731192170318,-0.06731684981684982,-0.062882642102691,2511600.0,2688707.0,https://www.sec.gov/Archives/edgar/data/225628/000090901200000425/0000909012-00-000425-index.html,https://www.sec.gov/Archives/edgar/data/225628/000090901200000425/0000909012-00-000425-0001.txt,1620596865,17:47:45,20210509
84,2000-01-31,PSSR,USD,2000-01-31,2000-01-31,Q1,500000.0,200000.0,300000.0,0.6,0.0,200000.0,0.0,0.0,200000.0,400000.0,0.0,0.0,100000.0,0.2,100000.0,0.2,0.0,0.0,0.0,0.0,0.0,0.0,0.01,0.01,2511600.0,2688707.0,,,1620596865,17:47:45,20210509
85,1999-10-31,PSSR,USD,1999-10-31,1999-10-31,Q4,180000.0,-160000.0,340000.0,1.8888888888888888,30000.0,250000.0,0.0,0.0,280000.0,120000.0,-40000.0,20000.000000000004,80000.0,0.4444444444444444,60000.0,0.3333333333333333,10000.0,110000.0,0.6111111111111112,0.0,110000.0,0.6111111111111112,0.04382,0.04382,2510000.0,2510000.0,,,1620596865,17:47:45,20210509
86,1999-07-31,PSSR,USD,1999-09-14 00:00:00,1999-09-14 00:00:00,Q3,530000.0,150000.0,390000.0,0.7358490566037735,30000.0,260000.0,0.0,0.0,280000.0,430000.0,-40000.0,20000.000000000004,120000.0,0.22641509433962265,100000.0,0.18867924528301888,0.0,60000.0,0.11320754716981132,0.0,60000.0,0.11320754716981132,0.0239,0.0239,2510000.0,2510000.0,https://www.sec.gov/Archives/edgar/data/225628/000090901299000510/0000909012-99-000510-index.html,https://www.sec.gov/Archives/edgar/data/225628/0000909012-99-000510.txt,1620596865,17:47:45,20210509
87,1999-04-30,PSSR,USD,1999-06-15 00:00:00,1999-06-15 00:00:00,Q2,260000.0,130000.0,130000.0,0.5,30000.0,290000.0,0.0,0.0,310000.0,440000.0,-30000.0,9999.999999999998,-180000.0,-0.6923076923076923,-190000.0,-0.7307692307692307,0.0,-220000.0,-0.8461538461538461,0.0,-220000.0,-0.8461538461538461,-0.08765,-0.08765,2510000.0,2510000.0,https://www.sec.gov/Archives/edgar/data/225628/000090901299000354/0000909012-99-000354-index.html,https://www.sec.gov/Archives/edgar/data/225628/0000909012-99-000354.txt,1620596865,17:47:45,20210509
88,1999-01-31,PSSR,USD,1999-03-17 00:00:00,1999-03-17 00:00:00,Q1,140000.0,130000.0,10000.0,0.07142857142857142,30000.0,230000.0,0.0,0.0,250000.0,380000.0,-20000.0,20000.0,-230000.0,-1.6428571428571428,-250000.0,-1.7857142857142858,0.0,-270000.0,-1.9285714285714286,0.0,-270000.0,-1.9285714285714286,-0.10757,-0.10757,2510000.0,2510000.0,https://www.sec.gov/Archives/edgar/data/225628/000090901299000237/0000909012-99-000237-index.html,https://www.sec.gov/Archives/edgar/data/225628/0000909012-99-000237.txt,1620596865,17:47:45,20210509
89,1998-10-31,PSSR,USD,1999-01-29,1999-01-29,Q4,160000.0,360000.0,-200000.0,-1.25,30000.0,250000.0,0.0,0.0,450000.00000000006,810000.0000000001,-20000.0,10000.00000000001,-640000.0,-4.0,-650000.0,-4.0625,0.0,-670000.0,-4.1875,10000.0,-680000.0,-4.25,-0.27092,-0.27092,2510000.0,2510000.0,https://www.sec.gov/Archives/edgar/data/225628/0000909012-99-000037-index.html,https://www.sec.gov/Archives/edgar/data/225628/,1620596865,17:47:45,20210509
90,1998-07-31,PSSR,USD,1998-09-14 00:00:00,1998-09-14 00:00:00,Q3,220000.0,170000.0,50000.0,0.22727272727272727,30000.0,150000.0,0.0,0.0,179999.99999999997,349999.99999999994,-10000.0,19999.999999999996,-110000.0,-0.5,-130000.0,-0.5909090909090909,0.0,-140000.0,-0.6363636363636364,0.0,-140000.0,-0.6363636363636364,-0.05578,-0.05578,2510000.0,2510000.0,https://www.sec.gov/Archives/edgar/data/225628/000090901298000289/0000909012-98-000289-index.html,https://www.sec.gov/Archives/edgar/data/225628/0000909012-98-000289.txt,1620596865,17:47:45,20210509
91,1998-04-30,PSSR,USD,1998-06-15 00:00:00,1998-06-15 00:00:00,Q2,260000.0,180000.0,80000.0,0.3076923076923077,30000.0,140000.0,0.0,0.0,169999.99999999997,350000.0,-20000.0,20000.0,-70000.0,-0.2692307692307692,-90000.0,-0.34615384615384615,0.0,-100000.0,-0.38461538461538464,0.0,-100000.0,-0.38461538461538464,-0.03984,-0.03984,2510000.0,2510000.0,https://www.sec.gov/Archives/edgar/data/225628/000090901298000217/0000909012-98-000217-index.html,https://www.sec.gov/Archives/edgar/data/225628/0000909012-98-000217.txt,1620596865,17:47:45,20210509
92,1998-01-31,PSSR,USD,1998-03-13 00:00:00,1998-03-13 00:00:00,Q1,410000.0,220000.0,190000.0,0.4634146341463415,30000.0,100000.0,0.0,0.0,129999.99999999999,350000.0,-20000.0,20000.0,80000.0,0.1951219512195122,60000.0,0.14634146341463414,0.0,40000.0,0.0975609756097561,0.0,40000.0,0.0975609756097561,0.01594,0.01594,2510000.0,2510000.0,https://www.sec.gov/Archives/edgar/data/225628/000090951898000182/0000909518-98-000182-index.html,https://www.sec.gov/Archives/edgar/data/225628/0000909518-98-000182.txt,1620596865,17:47:45,20210509
93,1997-10-31,PSSR,USD,1997-10-31,1997-10-31,Q4,350000.0,210000.0,140000.0,0.4,30000.0,70000.0,0.0,0.0,90000.0,300000.0,-20000.0,9999.999999999995,59999.99999999999,0.1714285714285714,50000.0,0.14285714285714285,0.0,30000.0,0.08571428571428572,0.0,30000.0,0.08571428571428572,0.01579,0.01579,1900000.0,1900000.0,,,1620596865,17:47:45,20210509
94,1997-07-31,PSSR,USD,1997-07-31,1997-07-31,Q3,490000.0,300000.0,190000.0,0.3877551020408163,40000.0,80000.0,0.0,0.0,120000.0,420000.0,-20000.0,20000.000000000004,100000.0,0.20408163265306123,80000.0,0.16326530612244897,0.0,60000.0,0.12244897959183673,0.0,60000.0,0.12244897959183673,0.02885,0.02885,2080000.0,2080000.0,,,1620596865,17:47:45,20210509
95,1997-04-30,PSSR,USD,1997-04-30,1997-04-30,Q2,430000.0,280000.0,150000.0,0.3488372093023256,40000.0,70000.0,0.0,0.0,109999.99999999999,390000.0,-30000.0,9999.999999999998,50000.0,0.11627906976744186,40000.0,0.09302325581395349,0.0,10000.0,0.023255813953488372,0.0,10000.0,0.023255813953488372,0.00621,0.00621,1610000.0,1610000.0,,,1620596865,17:47:45,20210509
96,1997-01-31,PSSR,USD,1997-01-31,1997-01-31,Q1,210000.0,240000.0,-30000.0,-0.14285714285714285,40000.0,60000.0,0.0,0.0,100000.00000000003,340000.00000000006,-20000.0,-60000.0,-190000.0,-0.9047619047619048,-130000.0,-0.6190476190476191,0.0,-150000.0,-0.7142857142857143,0.0,-150000.0,-0.7142857142857143,-0.09317,-0.09317,1610000.0,1610000.0,,,1620596865,17:47:45,20210509
97,1992-07-31,PSSR,USD,1992-07-31,1992-07-31,Q4,590000.0,420000.0,170000.0,0.288135593220339,50000.0,190000.0,0.0,0.0,269999.99999999994,690000.0,0.0,30000.0,-70000.0,-0.11864406779661017,-100000.0,-0.1694915254237288,0.0,-100000.0,-0.1694915254237288,0.0,-100000.0,-0.1694915254237288,-0.06211,-0.06211,1610000.0,1610000.0,,,1620596865,17:47:45,20210509
98,1992-04-30,PSSR,USD,1992-04-30,1992-04-30,Q3,790000.0,580000.0,210000.0,0.26582278481012656,50000.0,200000.0,0.0,0.0,280000.0,860000.0,0.0,20000.000000000004,-50000.0,-0.06329113924050633,-70000.0,-0.08860759493670886,0.0,-70000.0,-0.08860759493670886,0.0,-70000.0,-0.08860759493670886,-0.04348,-0.04348,1610000.0,1610000.0,,,1620596865,17:47:45,20210509
99,1992-01-31,PSSR,USD,1992-01-31,1992-01-31,Q2,500000.0,420000.0,80000.0,0.16,60000.0,230000.0,0.0,0.0,310000.0,730000.0,10000.0,30000.0,-210000.0,-0.42,-240000.0,-0.48,0.0,-230000.0,-0.46,0.0,-230000.0,-0.46,-0.14286,-0.14286,1610000.0,1610000.0,,,1620596865,17:47:45,20210509
100,1991-10-31,PSSR,USD,1991-10-31,1991-10-31,Q1,510000.0,590000.0,-80000.0,-0.1568627450980392,60000.0,280000.0,0.0,0.0,370000.0,960000.0,10000.0,30000.0,-420000.0,-0.8235294117647058,-450000.0,-0.8823529411764706,40000.0,-390000.0,-0.7647058823529411,0.0,-390000.0,-0.7647058823529411,-0.24224,-0.24224,1610000.0,1610000.0,,,1620596865,17:47:45,20210509
101,1991-07-30,PSSR,USD,1991-07-30,1991-07-30,Q4,580000.0,580000.0,0.0,0.0,60000.0,260000.0,0.0,0.0,350000.0000000001,930000.0000000001,20000.0,40000.00000000001,-310000.0,-0.5344827586206896,-350000.0,-0.603448275862069,0.0,-330000.0,-0.5689655172413793,0.0,-330000.0,-0.5689655172413793,-0.20497,-0.20497,1610000.0,1610000.0,,,1620596865,17:47:45,20210509
102,1991-04-30,PSSR,USD,1991-04-30,1991-04-30,Q3,740000.0,620000.0,120000.0,0.16216216216216217,60000.0,260000.0,0.0,0.0,339999.99999999994,960000.0,20000.0,50000.0,-170000.0,-0.22972972972972974,-220000.0,-0.2972972972972973,0.0,-200000.0,-0.2702702702702703,0.0,-200000.0,-0.2702702702702703,-0.12422,-0.12422,1610000.0,1610000.0,,,1620596865,17:47:45,20210509
103,1991-01-31,PSSR,USD,1991-01-31,1991-01-31,Q2,730000.0,750000.0,-30000.0,-0.0410958904109589,70000.0,280000.0,0.0,0.0,379999.9999999999,1130000.0,20000.0,50000.0,-350000.0,-0.4794520547945205,-400000.0,-0.547945205479452,0.0,-380000.0,-0.5205479452054794,0.0,-380000.0,-0.5205479452054794,-0.23602,-0.23602,1610000.0,1610000.0,,,1620596865,17:47:45,20210509
104,1990-10-31,PSSR,USD,1990-10-31,1990-10-31,Q1,1180000.0,1010000.0,170000.0,0.1440677966101695,110000.0,260000.0,0.0,0.0,399999.9999999999,1410000.0,60000.0,49999.99999999999,-190000.0,-0.16101694915254236,-240000.0,-0.2033898305084746,0.0,-170000.0,-0.1440677966101695,-50000.0,-130000.0,-0.11016949152542373,-0.08075,-0.08075,1610000.0,1610000.0,,,1620596865,17:47:45,20210509
105,1990-07-31,PSSR,USD,1990-07-31,1990-07-31,Q4,540000.0,570000.0,-30000.0,-0.05555555555555555,120000.0,280000.0,0.0,0.0,420000.00000000006,990000.0,20000.0,50000.0,-400000.0,-0.7407407407407407,-450000.0,-0.8333333333333334,0.0,-430000.0,-0.7962962962962963,0.0,-430000.0,-0.7962962962962963,-0.26708,-0.26708,1610000.0,1610000.0,,,1620596865,17:47:45,20210509
106,1990-04-30,PSSR,USD,1990-04-30,1990-04-30,Q3,530000.0,610000.0,-80000.0,-0.1509433962264151,120000.0,300000.0,0.0,0.0,430000.00000000006,1040000.0,20000.0,110000.0,-400000.0,-0.7547169811320755,-510000.0,-0.9622641509433962,10000.0,-480000.0,-0.9056603773584906,-120000.0,-350000.0,-0.660377358490566,-0.21739,-0.21739,1610000.0,1610000.0,,,1620596865,17:47:45,20210509
