,date,symbol,reportedCurrency,fillingDate,acceptedDate,period,revenue,costOfRevenue,grossProfit,grossProfitRatio,researchAndDevelopmentExpenses,generalAndAdministrativeExpenses,sellingAndMarketingExpenses,otherExpenses,operatingExpenses,costAndExpenses,interestExpense,depreciationAndAmortization,ebitda,ebitdaratio,operatingIncome,operatingIncomeRatio,totalOtherIncomeExpensesNet,incomeBeforeTax,incomeBeforeTaxRatio,incomeTaxExpense,netIncome,netIncomeRatio,eps,epsdiluted,weightedAverageShsOut,weightedAverageShsOutDil,link,finalLink,timestamp,est_time,est_date
0,2019-09-30,0665.HK,HKD,2019-09-30,2019-09-30,Q3,1233712500,0.0,0.0,0.0,0.0,0.0,0.0,-210812000.0,0.0,0.0,782443250.0,56391500.0,0.0,0.0,0.0,0.0,0.0,462657250,0.37501220908436933,74942750.0,387714500.0,0.3142664923959188,0.067125,0.066125,5776737000,6330955000,https://www1.hkexnews.hk/search/titlesearch.xhtml,https://www1.hkexnews.hk/search/titlesearch.xhtml,1620584846,14:27:26,20210509
1,2019-06-30,0665.HK,HKD,2019-06-30,2019-06-30,Q2,1233712500,0.0,0.0,0.0,0.0,0.0,0.0,-210812000.0,0.0,0.0,782443250.0,56391500.0,0.0,0.0,0.0,0.0,0.0,462657250,0.37501220908436933,74942750.0,387714500.0,0.3142664923959188,0.067125,0.066125,5776737000,6330955000,https://www1.hkexnews.hk/search/titlesearch.xhtml,https://www1.hkexnews.hk/search/titlesearch.xhtml,1620584846,14:27:26,20210509
2,2019-03-31,0665.HK,HKD,2019-03-31,2019-03-31,Q1,1233712500,0.0,0.0,0.0,0.0,0.0,0.0,-210812000.0,0.0,0.0,782443250.0,56391500.0,0.0,0.0,0.0,0.0,0.0,462657250,0.37501220908436933,74942750.0,387714500.0,0.3142664923959188,0.067125,0.066125,5776737000,6330955000,https://www1.hkexnews.hk/search/titlesearch.xhtml,https://www1.hkexnews.hk/search/titlesearch.xhtml,1620584846,14:27:26,20210509
3,2019-01-31,0665.HK,HKD,2019-01-31,2019-01-31,Q1,1233712500,0.0,0.0,0.0,0.0,0.0,0.0,-210812000.0,0.0,0.0,782443250.0,56391500.0,0.0,0.0,0.0,0.0,0.0,462657250,0.37501220908436933,74942750.0,387714500.0,0.3142664923959188,0.067125,0.066125,5776737000,6330955000,https://www1.hkexnews.hk/search/titlesearch.xhtml,https://www1.hkexnews.hk/search/titlesearch.xhtml,1620584846,14:27:26,20210509
4,2018-09-30,0665.HK,HKD,2018-09-30,2018-09-30,Q3,900246750,0.0,0.0,0.0,0.0,63629250.0,0.0,-175739250.0,0.0,0.0,618319500.0,24536000.0,0.0,0.0,0.0,0.0,0.0,294896000,0.3275724127857168,39186500.0,255709500.0,0.28404379132721114,0.045625,0.043175,5605813000,6255020000,https://www1.hkexnews.hk/search/titlesearch.xhtml,https://www1.hkexnews.hk/search/titlesearch.xhtml,1620584846,14:27:26,20210509
5,2018-06-30,0665.HK,HKD,2018-06-30,2018-06-30,Q2,900246750,0.0,0.0,0.0,0.0,63629250.0,0.0,-175739250.0,0.0,0.0,618319500.0,24536000.0,0.0,0.0,0.0,0.0,0.0,294896000,0.3275724127857168,39186500.0,255709500.0,0.28404379132721114,0.045625,0.043175,5605813000,6255020000,https://www1.hkexnews.hk/search/titlesearch.xhtml,https://www1.hkexnews.hk/search/titlesearch.xhtml,1620584846,14:27:26,20210509
6,2018-03-31,0665.HK,HKD,2018-03-31,2018-03-31,Q1,900246750,0.0,0.0,0.0,0.0,63629250.0,0.0,-175739250.0,0.0,0.0,618319500.0,24536000.0,0.0,0.0,0.0,0.0,0.0,294896000,0.3275724127857168,39186500.0,255709500.0,0.28404379132721114,0.045625,0.043175,5605813000,6255020000,https://www1.hkexnews.hk/search/titlesearch.xhtml,https://www1.hkexnews.hk/search/titlesearch.xhtml,1620584846,14:27:26,20210509
7,2018-01-31,0665.HK,HKD,2018-01-31,2018-01-31,Q1,900246750,0.0,0.0,0.0,0.0,63629250.0,0.0,-175739250.0,0.0,0.0,618319500.0,24536000.0,0.0,0.0,0.0,0.0,0.0,294896000,0.3275724127857168,39186500.0,255709500.0,0.28404379132721114,0.045625,0.043175,5605813000,6255020000,https://www1.hkexnews.hk/search/titlesearch.xhtml,https://www1.hkexnews.hk/search/titlesearch.xhtml,1620584846,14:27:26,20210509
8,2017-09-30,0665.HK,HKD,2017-09-30,2017-09-30,Q3,1311730750,0.0,0.0,0.0,0.0,72116750.0,0.0,-233455250.0,0.0,0.0,414907750.0,15654000.0,0.0,0.0,0.0,0.0,0.0,893059750,0.6808255047767997,135887750.0,757172000.0,0.5772312648765763,0.141325,0.1292,5357312000,5969609000,https://www1.hkexnews.hk/search/titlesearch.xhtml,https://www1.hkexnews.hk/search/titlesearch.xhtml,1620584846,14:27:26,20210509
9,2017-06-30,0665.HK,HKD,2017-06-30,2017-06-30,Q2,1311730750,0.0,0.0,0.0,0.0,72116750.0,0.0,-233455250.0,0.0,0.0,414907750.0,15654000.0,0.0,0.0,0.0,0.0,0.0,893059750,0.6808255047767997,135887750.0,757172000.0,0.5772312648765763,0.141325,0.1292,5357312000,5969609000,https://www1.hkexnews.hk/search/titlesearch.xhtml,https://www1.hkexnews.hk/search/titlesearch.xhtml,1620584846,14:27:26,20210509
10,2017-03-31,0665.HK,HKD,2017-03-31,2017-03-31,Q1,1311730750,0.0,0.0,0.0,0.0,72116750.0,0.0,-233455250.0,0.0,0.0,414907750.0,15654000.0,0.0,0.0,0.0,0.0,0.0,893059750,0.6808255047767997,135887750.0,757172000.0,0.5772312648765763,0.141325,0.1292,5357312000,5969609000,https://www1.hkexnews.hk/search/titlesearch.xhtml,https://www1.hkexnews.hk/search/titlesearch.xhtml,1620584846,14:27:26,20210509
11,2017-01-31,0665.HK,HKD,2017-01-31,2017-01-31,Q1,1311730750,0.0,0.0,0.0,0.0,72116750.0,0.0,-233455250.0,0.0,0.0,414907750.0,15654000.0,0.0,0.0,0.0,0.0,0.0,893059750,0.6808255047767997,135887750.0,757172000.0,0.5772312648765763,0.141325,0.1292,5357312000,5969609000,https://www1.hkexnews.hk/search/titlesearch.xhtml,https://www1.hkexnews.hk/search/titlesearch.xhtml,1620584846,14:27:26,20210509
12,2016-09-30,0665.HK,HKD,2016-09-30,2016-09-30,Q3,927359250,0.0,0.0,0.0,0.0,61391000.0,0.0,-208773000.0,0.0,0.0,348954000.0,9995000.0,0.0,0.0,0.0,0.0,0.0,498118250,0.5371362284896603,78062000.0,420056250.0,0.4529595731104208,0.0794,0.07795,5290119000,5432204000,https://www1.hkexnews.hk/search/titlesearch.xhtml,https://www1.hkexnews.hk/search/titlesearch.xhtml,1620584846,14:27:26,20210509
13,2016-06-30,0665.HK,HKD,2016-06-30,2016-06-30,Q2,927359250,0.0,0.0,0.0,0.0,61391000.0,0.0,-208773000.0,0.0,0.0,348954000.0,9995000.0,0.0,0.0,0.0,0.0,0.0,498118250,0.5371362284896603,78062000.0,420056250.0,0.4529595731104208,0.0794,0.07795,5290119000,5432204000,https://www1.hkexnews.hk/search/titlesearch.xhtml,https://www1.hkexnews.hk/search/titlesearch.xhtml,1620584846,14:27:26,20210509
14,2016-03-31,0665.HK,HKD,2016-03-31,2016-03-31,Q1,927359250,0.0,0.0,0.0,0.0,61391000.0,0.0,-208773000.0,0.0,0.0,348954000.0,9995000.0,0.0,0.0,0.0,0.0,0.0,498118250,0.5371362284896603,78062000.0,420056250.0,0.4529595731104208,0.0794,0.07795,5290119000,5432204000,https://www1.hkexnews.hk/search/titlesearch.xhtml,https://www1.hkexnews.hk/search/titlesearch.xhtml,1620584846,14:27:26,20210509
15,2016-01-31,0665.HK,HKD,2016-01-31,2016-01-31,Q1,927359250,0.0,0.0,0.0,0.0,61391000.0,0.0,-208773000.0,0.0,0.0,348954000.0,9995000.0,0.0,0.0,0.0,0.0,0.0,498118250,0.5371362284896603,78062000.0,420056250.0,0.4529595731104208,0.0794,0.07795,5290119000,5432204000,https://www1.hkexnews.hk/search/titlesearch.xhtml,https://www1.hkexnews.hk/search/titlesearch.xhtml,1620584846,14:27:26,20210509
16,2015-09-30,0665.HK,HKD,2015-09-30,2015-09-30,Q3,1090876250,0.0,0.0,0.0,0.0,102071250.0,0.0,-94496000.0,0.0,0.0,259142250.0,8062500.0,0.0,0.0,0.0,0.0,0.0,746597000,0.6844011866607235,119084000.0,627513000.0,0.5752375670475913,0.1555,0.15165,4035346000,4166388000,https://www1.hkexnews.hk/search/titlesearch.xhtml,https://www1.hkexnews.hk/search/titlesearch.xhtml,1620584846,14:27:26,20210509
17,2015-06-30,0665.HK,HKD,2015-06-30,2015-06-30,Q2,1090876250,0.0,0.0,0.0,0.0,102071250.0,0.0,-94496000.0,0.0,0.0,259142250.0,8062500.0,0.0,0.0,0.0,0.0,0.0,746597000,0.6844011866607235,119084000.0,627513000.0,0.5752375670475913,0.1555,0.15165,4035346000,4166388000,https://www1.hkexnews.hk/search/titlesearch.xhtml,https://www1.hkexnews.hk/search/titlesearch.xhtml,1620584846,14:27:26,20210509
18,2015-03-31,0665.HK,HKD,2015-03-31,2015-03-31,Q1,1090876250,0.0,0.0,0.0,0.0,102071250.0,0.0,-94496000.0,0.0,0.0,259142250.0,8062500.0,0.0,0.0,0.0,0.0,0.0,746597000,0.6844011866607235,119084000.0,627513000.0,0.5752375670475913,0.1555,0.15165,4035346000,4166388000,https://www1.hkexnews.hk/search/titlesearch.xhtml,https://www1.hkexnews.hk/search/titlesearch.xhtml,1620584846,14:27:26,20210509
19,2015-01-31,0665.HK,HKD,2015-01-31,2015-01-31,Q1,1090876250,0.0,0.0,0.0,0.0,102071250.0,0.0,-94496000.0,0.0,0.0,259142250.0,8062500.0,0.0,0.0,0.0,0.0,0.0,746597000,0.6844011866607235,119084000.0,627513000.0,0.5752375670475913,0.1555,0.15165,4035346000,4166388000,https://www1.hkexnews.hk/search/titlesearch.xhtml,https://www1.hkexnews.hk/search/titlesearch.xhtml,1620584846,14:27:26,20210509
20,2014-09-30,0665.HK,HKD,2014-09-30,2014-09-30,Q3,529495000,0.0,0.0,0.0,0.0,60007750.0,0.0,-89167250.0,0.0,0.0,93868750.0,8373500.0,0.0,0.0,0.0,0.0,0.0,303937000,0.574012974626767,49369750.0,254567250.0,0.48077366169652214,0.0927165,0.08322525,2745727029,3185659115,https://www1.hkexnews.hk/search/titlesearch.xhtml,https://www1.hkexnews.hk/search/titlesearch.xhtml,1620584846,14:27:26,20210509
21,2014-06-30,0665.HK,HKD,2014-06-30,2014-06-30,Q2,529495000,0.0,0.0,0.0,0.0,60007750.0,0.0,-89167250.0,0.0,0.0,93868750.0,8373500.0,0.0,0.0,0.0,0.0,0.0,303937000,0.574012974626767,49369750.0,254567250.0,0.48077366169652214,0.0927165,0.08322525,2745727029,3185659115,https://www1.hkexnews.hk/search/titlesearch.xhtml,https://www1.hkexnews.hk/search/titlesearch.xhtml,1620584846,14:27:26,20210509
22,2014-03-31,0665.HK,HKD,2014-03-31,2014-03-31,Q1,529495000,0.0,0.0,0.0,0.0,60007750.0,0.0,-89167250.0,0.0,0.0,93868750.0,8373500.0,0.0,0.0,0.0,0.0,0.0,303937000,0.574012974626767,49369750.0,254567250.0,0.48077366169652214,0.0927165,0.08322525,2745727029,3185659115,https://www1.hkexnews.hk/search/titlesearch.xhtml,https://www1.hkexnews.hk/search/titlesearch.xhtml,1620584846,14:27:26,20210509
23,2014-01-31,0665.HK,HKD,2014-01-31,2014-01-31,Q1,529495000,0.0,0.0,0.0,0.0,60007750.0,0.0,-89167250.0,0.0,0.0,93868750.0,8373500.0,0.0,0.0,0.0,0.0,0.0,303937000,0.574012974626767,49369750.0,254567250.0,0.48077366169652214,0.0927165,0.08322525,2745727029,3185659115,https://www1.hkexnews.hk/search/titlesearch.xhtml,https://www1.hkexnews.hk/search/titlesearch.xhtml,1620584846,14:27:26,20210509
24,2013-09-30,0665.HK,HKD,2013-09-30,2013-09-30,Q3,340119250,0.0,0.0,0.0,0.0,40047750.0,0.0,-77683250.0,0.0,0.0,31536500.0,11278250.0,0.0,0.0,0.0,0.0,0.0,149619000,0.4399015933382189,17077750.0,132288000.0,0.38894593587396187,0.067662,0.064479,1955069205,2112929740,https://www1.hkexnews.hk/search/titlesearch.xhtml,https://www1.hkexnews.hk/search/titlesearch.xhtml,1620584846,14:27:26,20210509
25,2013-06-30,0665.HK,HKD,2013-06-30,2013-06-30,Q2,340119250,0.0,0.0,0.0,0.0,40047750.0,0.0,-77683250.0,0.0,0.0,31536500.0,11278250.0,0.0,0.0,0.0,0.0,0.0,149619000,0.4399015933382189,17077750.0,132288000.0,0.38894593587396187,0.067662,0.064479,1955069205,2112929740,https://www1.hkexnews.hk/search/titlesearch.xhtml,https://www1.hkexnews.hk/search/titlesearch.xhtml,1620584846,14:27:26,20210509
26,2013-03-31,0665.HK,HKD,2013-03-31,2013-03-31,Q1,340119250,0.0,0.0,0.0,0.0,40047750.0,0.0,-77683250.0,0.0,0.0,31536500.0,11278250.0,0.0,0.0,0.0,0.0,0.0,149619000,0.4399015933382189,17077750.0,132288000.0,0.38894593587396187,0.067662,0.064479,1955069205,2112929740,https://www1.hkexnews.hk/search/titlesearch.xhtml,https://www1.hkexnews.hk/search/titlesearch.xhtml,1620584846,14:27:26,20210509
27,2013-01-31,0665.HK,HKD,2013-01-31,2013-01-31,Q1,340119250,0.0,0.0,0.0,0.0,40047750.0,0.0,-77683250.0,0.0,0.0,31536500.0,11278250.0,0.0,0.0,0.0,0.0,0.0,149619000,0.4399015933382189,17077750.0,132288000.0,0.38894593587396187,0.067662,0.064479,1955069205,2112929740,https://www1.hkexnews.hk/search/titlesearch.xhtml,https://www1.hkexnews.hk/search/titlesearch.xhtml,1620584846,14:27:26,20210509
28,2012-09-30,0665.HK,HKD,2012-09-30,2012-09-30,Q3,256584500,0.0,0.0,0.0,0.0,31489000.0,0.0,-74566750.0,0.0,0.0,6190250.0,11883500.0,0.0,0.0,0.0,0.0,0.0,84414000,0.3289910341427483,10758500.0,73362500.0,0.28591945343541797,0.0392375,0.0392375,1869757278,1869757278,https://www1.hkexnews.hk/search/titlesearch.xhtml,https://www1.hkexnews.hk/search/titlesearch.xhtml,1620584846,14:27:26,20210509
29,2012-06-30,0665.HK,HKD,2012-06-30,2012-06-30,Q2,256584500,0.0,0.0,0.0,0.0,31489000.0,0.0,-74566750.0,0.0,0.0,6190250.0,11883500.0,0.0,0.0,0.0,0.0,0.0,84414000,0.3289910341427483,10758500.0,73362500.0,0.28591945343541797,0.0392375,0.0392375,1869757278,1869757278,https://www1.hkexnews.hk/search/titlesearch.xhtml,https://www1.hkexnews.hk/search/titlesearch.xhtml,1620584846,14:27:26,20210509
30,2012-03-31,0665.HK,HKD,2012-03-31,2012-03-31,Q1,256584500,0.0,0.0,0.0,0.0,31489000.0,0.0,-74566750.0,0.0,0.0,6190250.0,11883500.0,0.0,0.0,0.0,0.0,0.0,84414000,0.3289910341427483,10758500.0,73362500.0,0.28591945343541797,0.0392375,0.0392375,1869757278,1869757278,https://www1.hkexnews.hk/search/titlesearch.xhtml,https://www1.hkexnews.hk/search/titlesearch.xhtml,1620584846,14:27:26,20210509
31,2012-01-31,0665.HK,HKD,2012-01-31,2012-01-31,Q1,256584500,0.0,0.0,0.0,0.0,31489000.0,0.0,-74566750.0,0.0,0.0,6190250.0,11883500.0,0.0,0.0,0.0,0.0,0.0,84414000,0.3289910341427483,10758500.0,73362500.0,0.28591945343541797,0.0392375,0.0392375,1869757278,1869757278,https://www1.hkexnews.hk/search/titlesearch.xhtml,https://www1.hkexnews.hk/search/titlesearch.xhtml,1620584846,14:27:26,20210509
32,2011-09-30,0665.HK,HKD,2011-09-30,2011-09-30,Q3,239789250,0.0,0.0,0.0,0.0,0.0,0.0,0.0,0.0,186493250.0,8531500.0,10889500.0,64185500.0,0.2676746351223001,53296000.0,0.2222618403452198,0.0,44764500,0.18668268072901517,6493250.0,38301000.0,0.1597277609400755,0.0237065,0.023682,1615451185,1617312071,https://www1.hkexnews.hk/search/titlesearch.xhtml,https://www1.hkexnews.hk/search/titlesearch.xhtml,1620584846,14:27:26,20210509
33,2011-06-30,0665.HK,HKD,2011-06-30,2011-06-30,Q2,239789250,0.0,0.0,0.0,0.0,0.0,0.0,0.0,0.0,186493250.0,8531500.0,10889500.0,64185500.0,0.2676746351223001,53296000.0,0.2222618403452198,0.0,44764500,0.18668268072901517,6493250.0,38301000.0,0.1597277609400755,0.0237065,0.023682,1615451185,1617312071,https://www1.hkexnews.hk/search/titlesearch.xhtml,https://www1.hkexnews.hk/search/titlesearch.xhtml,1620584846,14:27:26,20210509
34,2011-03-31,0665.HK,HKD,2011-03-31,2011-03-31,Q1,239789250,0.0,0.0,0.0,0.0,0.0,0.0,0.0,0.0,186493250.0,8531500.0,10889500.0,64185500.0,0.2676746351223001,53296000.0,0.2222618403452198,0.0,44764500,0.18668268072901517,6493250.0,38301000.0,0.1597277609400755,0.0237065,0.023682,1615451185,1617312071,https://www1.hkexnews.hk/search/titlesearch.xhtml,https://www1.hkexnews.hk/search/titlesearch.xhtml,1620584846,14:27:26,20210509
35,2011-01-31,0665.HK,HKD,2011-01-31,2011-01-31,Q1,239789250,0.0,0.0,0.0,0.0,0.0,0.0,0.0,0.0,186493250.0,8531500.0,10889500.0,64185500.0,0.2676746351223001,53296000.0,0.2222618403452198,0.0,44764500,0.18668268072901517,6493250.0,38301000.0,0.1597277609400755,0.0237065,0.023682,1615451185,1617312071,https://www1.hkexnews.hk/search/titlesearch.xhtml,https://www1.hkexnews.hk/search/titlesearch.xhtml,1620584846,14:27:26,20210509
36,2010-09-30,0665.HK,HKD,2010-09-30,2010-09-30,Q3,364983750,0.0,0.0,0.0,0.0,0.0,0.0,505750.0,0.0,256484250.0,9798500.0,12342500.0,120842000.0,0.33108871285365443,108499500.0,0.2972721388280985,0.0,99636250,0.2729881809806601,13346500.0,86448750.0,0.23685643538924678,0.05972525,0.0595785,1447352520,1451013012,https://www1.hkexnews.hk/search/titlesearch.xhtml,https://www1.hkexnews.hk/search/titlesearch.xhtml,1620584846,14:27:26,20210509
37,2010-06-30,0665.HK,HKD,2010-06-30,2010-06-30,Q2,364983750,0.0,0.0,0.0,0.0,0.0,0.0,505750.0,0.0,256484250.0,9798500.0,12342500.0,120842000.0,0.33108871285365443,108499500.0,0.2972721388280985,0.0,99636250,0.2729881809806601,13346500.0,86448750.0,0.23685643538924678,0.05972525,0.0595785,1447352520,1451013012,https://www1.hkexnews.hk/search/titlesearch.xhtml,https://www1.hkexnews.hk/search/titlesearch.xhtml,1620584846,14:27:26,20210509
38,2010-03-31,0665.HK,HKD,2010-03-31,2010-03-31,Q1,364983750,0.0,0.0,0.0,0.0,0.0,0.0,505750.0,0.0,256484250.0,9798500.0,12342500.0,120842000.0,0.33108871285365443,108499500.0,0.2972721388280985,0.0,99636250,0.2729881809806601,13346500.0,86448750.0,0.23685643538924678,0.05972525,0.0595785,1447352520,1451013012,https://www1.hkexnews.hk/search/titlesearch.xhtml,https://www1.hkexnews.hk/search/titlesearch.xhtml,1620584846,14:27:26,20210509
39,2010-01-31,0665.HK,HKD,2010-01-31,2010-01-31,Q1,364983750,0.0,0.0,0.0,0.0,0.0,0.0,505750.0,0.0,256484250.0,9798500.0,12342500.0,120842000.0,0.33108871285365443,108499500.0,0.2972721388280985,0.0,99636250,0.2729881809806601,13346500.0,86448750.0,0.23685643538924678,0.05972525,0.0595785,1447352520,1451013012,https://www1.hkexnews.hk/search/titlesearch.xhtml,https://www1.hkexnews.hk/search/titlesearch.xhtml,1620584846,14:27:26,20210509
40,2008-09-30,0665.HK,HKD,2008-09-30,2008-09-30,Q3,182542750,0.0,0.0,0.0,0.0,0.0,0.0,0.0,0.0,139445750.0,7940500.0,6487750.0,49584750.0,0.2716336310261569,43097000.0,0.23609264131278837,0.0,29459750,0.16138548367437217,1490500.0,28054250.0,0.1536859174083879,0.02038975,0.02036525,1376179252,1377370138,https://www1.hkexnews.hk/search/titlesearch.xhtml,https://www1.hkexnews.hk/search/titlesearch.xhtml,1620584846,14:27:26,20210509
41,2008-06-30,0665.HK,HKD,2008-06-30,2008-06-30,Q2,182542750,0.0,0.0,0.0,0.0,0.0,0.0,0.0,0.0,139445750.0,7940500.0,6487750.0,49584750.0,0.2716336310261569,43097000.0,0.23609264131278837,0.0,29459750,0.16138548367437217,1490500.0,28054250.0,0.1536859174083879,0.02038975,0.02036525,1376179252,1377370138,https://www1.hkexnews.hk/search/titlesearch.xhtml,https://www1.hkexnews.hk/search/titlesearch.xhtml,1620584846,14:27:26,20210509
42,2008-03-31,0665.HK,HKD,2008-03-31,2008-03-31,Q1,182542750,0.0,0.0,0.0,0.0,0.0,0.0,0.0,0.0,139445750.0,7940500.0,6487750.0,49584750.0,0.2716336310261569,43097000.0,0.23609264131278837,0.0,29459750,0.16138548367437217,1490500.0,28054250.0,0.1536859174083879,0.02038975,0.02036525,1376179252,1377370138,https://www1.hkexnews.hk/search/titlesearch.xhtml,https://www1.hkexnews.hk/search/titlesearch.xhtml,1620584846,14:27:26,20210509
43,2008-01-31,0665.HK,HKD,2008-01-31,2008-01-31,Q1,182542750,0.0,0.0,0.0,0.0,0.0,0.0,0.0,0.0,139445750.0,7940500.0,6487750.0,49584750.0,0.2716336310261569,43097000.0,0.23609264131278837,0.0,29459750,0.16138548367437217,1490500.0,28054250.0,0.1536859174083879,0.02038975,0.02036525,1376179252,1377370138,https://www1.hkexnews.hk/search/titlesearch.xhtml,https://www1.hkexnews.hk/search/titlesearch.xhtml,1620584846,14:27:26,20210509
44,2007-09-30,0665.HK,HKD,2007-09-30,2007-09-30,Q3,368300750,0.0,0.0,0.0,0.0,0.0,0.0,0.0,0.0,250625250.0,0.0,6221500.0,123897000.0,0.3364017043136621,117675500.0,0.3195092597557838,0.0,145640000,0.3954376959590769,23082250.0,122557750.0,0.3327654097907756,0.09649075,0.095426,1256201955,1270218829,https://www1.hkexnews.hk/search/titlesearch.xhtml,https://www1.hkexnews.hk/search/titlesearch.xhtml,1620584846,14:27:26,20210509
45,2007-06-30,0665.HK,HKD,2007-06-30,2007-06-30,Q2,368300750,0.0,0.0,0.0,0.0,0.0,0.0,0.0,0.0,250625250.0,0.0,6221500.0,123897000.0,0.3364017043136621,117675500.0,0.3195092597557838,0.0,145640000,0.3954376959590769,23082250.0,122557750.0,0.3327654097907756,0.09649075,0.095426,1256201955,1270218829,https://www1.hkexnews.hk/search/titlesearch.xhtml,https://www1.hkexnews.hk/search/titlesearch.xhtml,1620584846,14:27:26,20210509
46,2007-03-31,0665.HK,HKD,2007-03-31,2007-03-31,Q1,368300750,0.0,0.0,0.0,0.0,0.0,0.0,0.0,0.0,250625250.0,0.0,6221500.0,123897000.0,0.3364017043136621,117675500.0,0.3195092597557838,0.0,145640000,0.3954376959590769,23082250.0,122557750.0,0.3327654097907756,0.09649075,0.095426,1256201955,1270218829,https://www1.hkexnews.hk/search/titlesearch.xhtml,https://www1.hkexnews.hk/search/titlesearch.xhtml,1620584846,14:27:26,20210509
47,2007-01-31,0665.HK,HKD,2007-01-31,2007-01-31,Q1,368300750,0.0,0.0,0.0,0.0,0.0,0.0,0.0,0.0,250625250.0,0.0,6221500.0,123897000.0,0.3364017043136621,117675500.0,0.3195092597557838,0.0,145640000,0.3954376959590769,23082250.0,122557750.0,0.3327654097907756,0.09649075,0.095426,1256201955,1270218829,https://www1.hkexnews.hk/search/titlesearch.xhtml,https://www1.hkexnews.hk/search/titlesearch.xhtml,1620584846,14:27:26,20210509
48,2006-09-30,0665.HK,HKD,2006-09-30,2006-09-30,Q3,181728250,0.0,0.0,0.0,0.0,0.0,0.0,0.0,0.0,150878250.0,0.0,5212000.0,36062000.0,0.19843915296603581,30850000.0,0.16975896702906676,0.0,49485250,0.27230356314992304,5742750.0,43742500.0,0.24070280762622212,0.0363615,0.036146,1184805341,1191865872,https://www1.hkexnews.hk/search/titlesearch.xhtml,https://www1.hkexnews.hk/search/titlesearch.xhtml,1620584846,14:27:26,20210509
49,2006-06-30,0665.HK,HKD,2006-06-30,2006-06-30,Q2,181728250,0.0,0.0,0.0,0.0,0.0,0.0,0.0,0.0,150878250.0,0.0,5212000.0,36062000.0,0.19843915296603581,30850000.0,0.16975896702906676,0.0,49485250,0.27230356314992304,5742750.0,43742500.0,0.24070280762622212,0.0363615,0.036146,1184805341,1191865872,https://www1.hkexnews.hk/search/titlesearch.xhtml,https://www1.hkexnews.hk/search/titlesearch.xhtml,1620584846,14:27:26,20210509
50,2006-03-31,0665.HK,HKD,2006-03-31,2006-03-31,Q1,181728250,0.0,0.0,0.0,0.0,0.0,0.0,0.0,0.0,150878250.0,0.0,5212000.0,36062000.0,0.19843915296603581,30850000.0,0.16975896702906676,0.0,49485250,0.27230356314992304,5742750.0,43742500.0,0.24070280762622212,0.0363615,0.036146,1184805341,1191865872,https://www1.hkexnews.hk/search/titlesearch.xhtml,https://www1.hkexnews.hk/search/titlesearch.xhtml,1620584846,14:27:26,20210509
51,2006-01-31,0665.HK,HKD,2006-01-31,2006-01-31,Q1,181728250,0.0,0.0,0.0,0.0,0.0,0.0,0.0,0.0,150878250.0,0.0,5212000.0,36062000.0,0.19843915296603581,30850000.0,0.16975896702906676,0.0,49485250,0.27230356314992304,5742750.0,43742500.0,0.24070280762622212,0.0363615,0.036146,1184805341,1191865872,https://www1.hkexnews.hk/search/titlesearch.xhtml,https://www1.hkexnews.hk/search/titlesearch.xhtml,1620584846,14:27:26,20210509
52,2005-09-30,0665.HK,HKD,2005-09-30,2005-09-30,Q3,97695250,0.0,0.0,0.0,0.0,0.0,0.0,0.0,0.0,86915250.0,0.0,4491750.0,15271750.0,0.15632029192821556,10780000.0,0.11034313336625885,0.0,17249500,0.17656436725429334,1510000.0,15739500.0,0.1611081398532682,0.013218,0.013218,1190771785,1190771785,https://www1.hkexnews.hk/search/titlesearch.xhtml,https://www1.hkexnews.hk/search/titlesearch.xhtml,1620584846,14:27:26,20210509
53,2005-06-30,0665.HK,HKD,2005-06-30,2005-06-30,Q2,97695250,0.0,0.0,0.0,0.0,0.0,0.0,0.0,0.0,86915250.0,0.0,4491750.0,15271750.0,0.15632029192821556,10780000.0,0.11034313336625885,0.0,17249500,0.17656436725429334,1510000.0,15739500.0,0.1611081398532682,0.013218,0.013218,1190771785,1190771785,https://www1.hkexnews.hk/search/titlesearch.xhtml,https://www1.hkexnews.hk/search/titlesearch.xhtml,1620584846,14:27:26,20210509
54,2005-03-31,0665.HK,HKD,2005-03-31,2005-03-31,Q1,97695250,0.0,0.0,0.0,0.0,0.0,0.0,0.0,0.0,86915250.0,0.0,4491750.0,15271750.0,0.15632029192821556,10780000.0,0.11034313336625885,0.0,17249500,0.17656436725429334,1510000.0,15739500.0,0.1611081398532682,0.013218,0.013218,1190771785,1190771785,https://www1.hkexnews.hk/search/titlesearch.xhtml,https://www1.hkexnews.hk/search/titlesearch.xhtml,1620584846,14:27:26,20210509
55,2005-01-31,0665.HK,HKD,2005-01-31,2005-01-31,Q1,97695250,0.0,0.0,0.0,0.0,0.0,0.0,0.0,0.0,86915250.0,0.0,4491750.0,15271750.0,0.15632029192821556,10780000.0,0.11034313336625885,0.0,17249500,0.17656436725429334,1510000.0,15739500.0,0.1611081398532682,0.013218,0.013218,1190771785,1190771785,https://www1.hkexnews.hk/search/titlesearch.xhtml,https://www1.hkexnews.hk/search/titlesearch.xhtml,1620584846,14:27:26,20210509
56,2004-09-30,0665.HK,HKD,2004-09-30,2004-09-30,Q3,89194000,0.0,0.0,0.0,0.0,0.0,0.0,0.0,0.0,71097750.0,0.0,4565250.0,22661500.0,0.25406978047850753,18096250.0,0.20288640491512883,0.0,19843750,0.22247852994596048,2273750.0,17570000.0,0.19698634437293988,0.0155065,0.0153965,1133069386,1141175606,https://www1.hkexnews.hk/search/titlesearch.xhtml,https://www1.hkexnews.hk/search/titlesearch.xhtml,1620584846,14:27:26,20210509
57,2004-06-30,0665.HK,HKD,2004-06-30,2004-06-30,Q2,89194000,0.0,0.0,0.0,0.0,0.0,0.0,0.0,0.0,71097750.0,0.0,4565250.0,22661500.0,0.25406978047850753,18096250.0,0.20288640491512883,0.0,19843750,0.22247852994596048,2273750.0,17570000.0,0.19698634437293988,0.0155065,0.0153965,1133069386,1141175606,https://www1.hkexnews.hk/search/titlesearch.xhtml,https://www1.hkexnews.hk/search/titlesearch.xhtml,1620584846,14:27:26,20210509
58,2004-03-31,0665.HK,HKD,2004-03-31,2004-03-31,Q1,89194000,0.0,0.0,0.0,0.0,0.0,0.0,0.0,0.0,71097750.0,0.0,4565250.0,22661500.0,0.25406978047850753,18096250.0,0.20288640491512883,0.0,19843750,0.22247852994596048,2273750.0,17570000.0,0.19698634437293988,0.0155065,0.0153965,1133069386,1141175606,https://www1.hkexnews.hk/search/titlesearch.xhtml,https://www1.hkexnews.hk/search/titlesearch.xhtml,1620584846,14:27:26,20210509
59,2004-01-31,0665.HK,HKD,2004-01-31,2004-01-31,Q1,89194000,0.0,0.0,0.0,0.0,0.0,0.0,0.0,0.0,71097750.0,0.0,4565250.0,22661500.0,0.25406978047850753,18096250.0,0.20288640491512883,0.0,19843750,0.22247852994596048,2273750.0,17570000.0,0.19698634437293988,0.0155065,0.0153965,1133069386,1141175606,https://www1.hkexnews.hk/search/titlesearch.xhtml,https://www1.hkexnews.hk/search/titlesearch.xhtml,1620584846,14:27:26,20210509
60,2003-09-30,0665.HK,HKD,2003-09-30,2003-09-30,Q3,68444750,0.0,0.0,0.0,0.0,0.0,0.0,0.0,0.0,79803750.0,0.0,5465500.0,-5893500.0,-0.0861059467672831,-11359000.0,-0.16595867469747497,0.0,-10116000,-0.14779804148601608,-258250.0,-9857750.0,-0.14402492521340204,-0.01010925,-0.01010925,975122352,975122352,https://www1.hkexnews.hk/search/titlesearch.xhtml,https://www1.hkexnews.hk/search/titlesearch.xhtml,1620584846,14:27:26,20210509
61,2003-06-30,0665.HK,HKD,2003-06-30,2003-06-30,Q2,68444750,0.0,0.0,0.0,0.0,0.0,0.0,0.0,0.0,79803750.0,0.0,5465500.0,-5893500.0,-0.0861059467672831,-11359000.0,-0.16595867469747497,0.0,-10116000,-0.14779804148601608,-258250.0,-9857750.0,-0.14402492521340204,-0.01010925,-0.01010925,975122352,975122352,https://www1.hkexnews.hk/search/titlesearch.xhtml,https://www1.hkexnews.hk/search/titlesearch.xhtml,1620584846,14:27:26,20210509
62,2003-03-31,0665.HK,HKD,2003-03-31,2003-03-31,Q1,68444750,0.0,0.0,0.0,0.0,0.0,0.0,0.0,0.0,79803750.0,0.0,5465500.0,-5893500.0,-0.0861059467672831,-11359000.0,-0.16595867469747497,0.0,-10116000,-0.14779804148601608,-258250.0,-9857750.0,-0.14402492521340204,-0.01010925,-0.01010925,975122352,975122352,https://www1.hkexnews.hk/search/titlesearch.xhtml,https://www1.hkexnews.hk/search/titlesearch.xhtml,1620584846,14:27:26,20210509
63,2003-01-31,0665.HK,HKD,2003-01-31,2003-01-31,Q1,68444750,0.0,0.0,0.0,0.0,0.0,0.0,0.0,0.0,79803750.0,0.0,5465500.0,-5893500.0,-0.0861059467672831,-11359000.0,-0.16595867469747497,0.0,-10116000,-0.14779804148601608,-258250.0,-9857750.0,-0.14402492521340204,-0.01010925,-0.01010925,975122352,975122352,https://www1.hkexnews.hk/search/titlesearch.xhtml,https://www1.hkexnews.hk/search/titlesearch.xhtml,1620584846,14:27:26,20210509
64,2002-09-30,0665.HK,HKD,2002-09-30,2002-09-30,Q3,67667250,0.0,0.0,0.0,0.0,0.0,0.0,0.0,0.0,99047000.0,0.0,4753250.0,-26626500.0,-0.3934916817219556,-31379750.0,-0.4637361500578197,0.0,-30415500,-0.44948627290158827,-852000.0,-29563500.0,-0.4368952484399765,-0.02976475,-0.02976475,993238710,993238710,https://www1.hkexnews.hk/search/titlesearch.xhtml,https://www1.hkexnews.hk/search/titlesearch.xhtml,1620584846,14:27:26,20210509
65,2002-06-30,0665.HK,HKD,2002-06-30,2002-06-30,Q2,67667250,0.0,0.0,0.0,0.0,0.0,0.0,0.0,0.0,99047000.0,0.0,4753250.0,-26626500.0,-0.3934916817219556,-31379750.0,-0.4637361500578197,0.0,-30415500,-0.44948627290158827,-852000.0,-29563500.0,-0.4368952484399765,-0.02976475,-0.02976475,993238710,993238710,https://www1.hkexnews.hk/search/titlesearch.xhtml,https://www1.hkexnews.hk/search/titlesearch.xhtml,1620584846,14:27:26,20210509
66,2002-03-31,0665.HK,HKD,2002-03-31,2002-03-31,Q1,67667250,0.0,0.0,0.0,0.0,0.0,0.0,0.0,0.0,99047000.0,0.0,4753250.0,-26626500.0,-0.3934916817219556,-31379750.0,-0.4637361500578197,0.0,-30415500,-0.44948627290158827,-852000.0,-29563500.0,-0.4368952484399765,-0.02976475,-0.02976475,993238710,993238710,https://www1.hkexnews.hk/search/titlesearch.xhtml,https://www1.hkexnews.hk/search/titlesearch.xhtml,1620584846,14:27:26,20210509
67,2002-01-31,0665.HK,HKD,2002-01-31,2002-01-31,Q1,67667250,0.0,0.0,0.0,0.0,0.0,0.0,0.0,0.0,99047000.0,0.0,4753250.0,-26626500.0,-0.3934916817219556,-31379750.0,-0.4637361500578197,0.0,-30415500,-0.44948627290158827,-852000.0,-29563500.0,-0.4368952484399765,-0.02976475,-0.02976475,993238710,993238710,https://www1.hkexnews.hk/search/titlesearch.xhtml,https://www1.hkexnews.hk/search/titlesearch.xhtml,1620584846,14:27:26,20210509
68,2001-09-30,0665.HK,HKD,2001-09-30,2001-09-30,Q3,100962250,0.0,0.0,0.0,0.0,0.0,0.0,0.0,0.0,101028500.0,0.0,5057500.0,4991250.0,0.04943679444544867,-66250.0,-0.0006561858516425694,0.0,25584500,0.25340659503923496,1337500.0,24247000.0,0.24015906935513026,0.0274395,0.02742725,876012960,876403863,https://www1.hkexnews.hk/search/titlesearch.xhtml,https://www1.hkexnews.hk/search/titlesearch.xhtml,1620584846,14:27:26,20210509
69,2001-06-30,0665.HK,HKD,2001-06-30,2001-06-30,Q2,100962250,0.0,0.0,0.0,0.0,0.0,0.0,0.0,0.0,101028500.0,0.0,5057500.0,4991250.0,0.04943679444544867,-66250.0,-0.0006561858516425694,0.0,25584500,0.25340659503923496,1337500.0,24247000.0,0.24015906935513026,0.0274395,0.02742725,876012960,876403863,https://www1.hkexnews.hk/search/titlesearch.xhtml,https://www1.hkexnews.hk/search/titlesearch.xhtml,1620584846,14:27:26,20210509
70,2001-03-31,0665.HK,HKD,2001-03-31,2001-03-31,Q1,100962250,0.0,0.0,0.0,0.0,0.0,0.0,0.0,0.0,101028500.0,0.0,5057500.0,4991250.0,0.04943679444544867,-66250.0,-0.0006561858516425694,0.0,25584500,0.25340659503923496,1337500.0,24247000.0,0.24015906935513026,0.0274395,0.02742725,876012960,876403863,https://www1.hkexnews.hk/search/titlesearch.xhtml,https://www1.hkexnews.hk/search/titlesearch.xhtml,1620584846,14:27:26,20210509
71,2001-01-31,0665.HK,HKD,2001-01-31,2001-01-31,Q1,100962250,0.0,0.0,0.0,0.0,0.0,0.0,0.0,0.0,101028500.0,0.0,5057500.0,4991250.0,0.04943679444544867,-66250.0,-0.0006561858516425694,0.0,25584500,0.25340659503923496,1337500.0,24247000.0,0.24015906935513026,0.0274395,0.02742725,876012960,876403863,https://www1.hkexnews.hk/search/titlesearch.xhtml,https://www1.hkexnews.hk/search/titlesearch.xhtml,1620584846,14:27:26,20210509
72,2000-09-30,0665.HK,HKD,2000-09-30,2000-09-30,Q3,140080750,0.0,0.0,0.0,0.0,0.0,0.0,0.0,0.0,86028000.0,0.0,3049000.0,57101750.0,0.4076345250864234,54052750.0,0.3858685079855726,0.0,61529250,0.43924129475320484,8431750.0,53097500.0,0.37904922696373344,0.07061775,0.070006,747633276,754168531,https://www1.hkexnews.hk/search/titlesearch.xhtml,https://www1.hkexnews.hk/search/titlesearch.xhtml,1620584846,14:27:26,20210509
73,2000-06-30,0665.HK,HKD,2000-06-30,2000-06-30,Q2,140080750,0.0,0.0,0.0,0.0,0.0,0.0,0.0,0.0,86028000.0,0.0,3049000.0,57101750.0,0.4076345250864234,54052750.0,0.3858685079855726,0.0,61529250,0.43924129475320484,8431750.0,53097500.0,0.37904922696373344,0.07061775,0.070006,747633276,754168531,https://www1.hkexnews.hk/search/titlesearch.xhtml,https://www1.hkexnews.hk/search/titlesearch.xhtml,1620584846,14:27:26,20210509
74,2000-03-31,0665.HK,HKD,2000-03-31,2000-03-31,Q1,140080750,0.0,0.0,0.0,0.0,0.0,0.0,0.0,0.0,86028000.0,0.0,3049000.0,57101750.0,0.4076345250864234,54052750.0,0.3858685079855726,0.0,61529250,0.43924129475320484,8431750.0,53097500.0,0.37904922696373344,0.07061775,0.070006,747633276,754168531,https://www1.hkexnews.hk/search/titlesearch.xhtml,https://www1.hkexnews.hk/search/titlesearch.xhtml,1620584846,14:27:26,20210509
75,2000-01-31,0665.HK,HKD,2000-01-31,2000-01-31,Q1,140080750,0.0,0.0,0.0,0.0,0.0,0.0,0.0,0.0,86028000.0,0.0,3049000.0,57101750.0,0.4076345250864234,54052750.0,0.3858685079855726,0.0,61529250,0.43924129475320484,8431750.0,53097500.0,0.37904922696373344,0.07061775,0.070006,747633276,754168531,https://www1.hkexnews.hk/search/titlesearch.xhtml,https://www1.hkexnews.hk/search/titlesearch.xhtml,1620584846,14:27:26,20210509
76,1999-09-30,0665.HK,HKD,1999-09-30,1999-09-30,Q3,85876250,0.0,0.0,0.0,0.0,0.0,0.0,0.0,0.0,80715750.0,0.0,2073000.0,7233500.0,0.08423167057248075,5160500.0,0.06009228395510982,0.0,11756750,0.13690339296371232,1897750.0,9859000.0,0.11480473355555232,0.0130955,0.0130955,747088121,747088121,https://www1.hkexnews.hk/search/titlesearch.xhtml,https://www1.hkexnews.hk/search/titlesearch.xhtml,1620584846,14:27:26,20210509
77,1999-06-30,0665.HK,HKD,1999-06-30,1999-06-30,Q2,85876250,0.0,0.0,0.0,0.0,0.0,0.0,0.0,0.0,80715750.0,0.0,2073000.0,7233500.0,0.08423167057248075,5160500.0,0.06009228395510982,0.0,11756750,0.13690339296371232,1897750.0,9859000.0,0.11480473355555232,0.0130955,0.0130955,747088121,747088121,https://www1.hkexnews.hk/search/titlesearch.xhtml,https://www1.hkexnews.hk/search/titlesearch.xhtml,1620584846,14:27:26,20210509
78,1999-03-31,0665.HK,HKD,1999-03-31,1999-03-31,Q1,85876250,0.0,0.0,0.0,0.0,0.0,0.0,0.0,0.0,80715750.0,0.0,2073000.0,7233500.0,0.08423167057248075,5160500.0,0.06009228395510982,0.0,11756750,0.13690339296371232,1897750.0,9859000.0,0.11480473355555232,0.0130955,0.0130955,747088121,747088121,https://www1.hkexnews.hk/search/titlesearch.xhtml,https://www1.hkexnews.hk/search/titlesearch.xhtml,1620584846,14:27:26,20210509
79,1999-01-31,0665.HK,HKD,1999-01-31,1999-01-31,Q1,85876250,0.0,0.0,0.0,0.0,0.0,0.0,0.0,0.0,80715750.0,0.0,2073000.0,7233500.0,0.08423167057248075,5160500.0,0.06009228395510982,0.0,11756750,0.13690339296371232,1897750.0,9859000.0,0.11480473355555232,0.0130955,0.0130955,747088121,747088121,https://www1.hkexnews.hk/search/titlesearch.xhtml,https://www1.hkexnews.hk/search/titlesearch.xhtml,1620584846,14:27:26,20210509
