,date,symbol,reportedCurrency,fillingDate,acceptedDate,period,revenue,costOfRevenue,grossProfit,grossProfitRatio,researchAndDevelopmentExpenses,generalAndAdministrativeExpenses,sellingAndMarketingExpenses,otherExpenses,operatingExpenses,costAndExpenses,interestExpense,depreciationAndAmortization,ebitda,ebitdaratio,operatingIncome,operatingIncomeRatio,totalOtherIncomeExpensesNet,incomeBeforeTax,incomeBeforeTaxRatio,incomeTaxExpense,netIncome,netIncomeRatio,eps,epsdiluted,weightedAverageShsOut,weightedAverageShsOutDil,link,finalLink,timestamp,est_time,est_date
0,2020-12-31,SHL.DE,EUR,2020-12-31,2020-12-31,Q4,3868000000,2302000000,1566000000,0.4048603929679421,329000000,549000000,0.0,0.0,883000000,3185000000,16000000,206000000,889000000,0.2298345398138573,683000000,0.1765770423991727,0.0,606000000,0.15667011375387796,169000000,432000000,0.11168562564632885,0.4,0.4,1080000000,1080000000,https://www.bundesanzeiger.de/pub/de/suche;wwwsid=627BFD7A56A5CB624C47FDDEAB2FC509.web07-pub?0,https://www.bundesanzeiger.de/pub/de/suche;wwwsid=627BFD7A56A5CB624C47FDDEAB2FC509.web07-pub?0,1620597869,18:04:29,20210509
1,2020-09-30,SHL.DE,EUR,2020-09-30,2020-09-30,Q3,3876000000,2438000000,1438000000,0.37100103199174406,340000000,565000000,0.0,0.0,913000000,3351000000,15000000,216000000,741000000,0.19117647058823528,525000000,0.13544891640866874,0.0,550000000,0.14189886480908154,118000000,429000000,0.11068111455108359,0.429,0.429,1000000000,1000000000,https://www.bundesanzeiger.de/pub/de/suche;wwwsid=627BFD7A56A5CB624C47FDDEAB2FC509.web07-pub?0,https://www.bundesanzeiger.de/pub/de/suche;wwwsid=627BFD7A56A5CB624C47FDDEAB2FC509.web07-pub?0,1620597869,18:04:29,20210509
2,2020-06-30,SHL.DE,EUR,2020-06-30,2020-06-30,Q2,3312000000,2038000000,1274000000,0.38466183574879226,328000000,529000000,0.0,0.0,863000000,2901000000,21000000,208000000,619000000,0.18689613526570048,411000000,0.12409420289855072,0.0,403000000,0.12167874396135266,131000000,270000000,0.08152173913043478,0.27,0.27,1000000000,1000000000,https://www.bundesanzeiger.de/pub/de/suche;wwwsid=627BFD7A56A5CB624C47FDDEAB2FC509.web07-pub?0,https://www.bundesanzeiger.de/pub/de/suche;wwwsid=627BFD7A56A5CB624C47FDDEAB2FC509.web07-pub?0,1620597869,18:04:29,20210509
3,2020-03-31,SHL.DE,EUR,2020-03-31,2020-03-31,Q1,3685000000,2185000000,1501000000,0.4073270013568521,338000000,565000000,0.0,0.0,901000000,3086000000,19000000,186000000,786000000,0.21329715061058344,600000000,0.1628222523744912,0.0,582000000,0.15793758480325645,168000000,411000000,0.11153324287652645,0.411,0.411,1000000000,1000000000,https://www.bundesanzeiger.de/pub/de/suche;wwwsid=627BFD7A56A5CB624C47FDDEAB2FC509.web07-pub?0,https://www.bundesanzeiger.de/pub/de/suche;wwwsid=627BFD7A56A5CB624C47FDDEAB2FC509.web07-pub?0,1620597869,18:04:29,20210509
4,2019-12-31,SHL.DE,EUR,2019-12-31,2019-12-31,Q4,3587000000,2219000000,1368000000,0.3813771954279342,335000000,621000000,0.0,0.0,959000000,3178000000,21000000,205000000,614000000,0.17117368274323946,409000000,0.1140228603289657,0.0,419000000,0.11681070532478394,114000000,301000000,0.0839141343741288,0.3,0.3,1003333333,1003333333,https://www.bundesanzeiger.de/pub/de/suche;wwwsid=627BFD7A56A5CB624C47FDDEAB2FC509.web07-pub?0,https://www.bundesanzeiger.de/pub/de/suche;wwwsid=627BFD7A56A5CB624C47FDDEAB2FC509.web07-pub?0,1620597869,18:04:29,20210509
5,2019-09-30,SHL.DE,EUR,2019-09-30,2019-09-30,Q3,4142000000,2497000000,1645000000,0.3971511347175278,360000000,595000000,0.0,0.0,914000000,3411000000,16000000,466000000,1197000000,0.2889908256880734,731000000,0.17648478995654274,0.0,727000000,0.1755190729116369,219000000,502000000,0.12119748913568325,0.502,0.502,1000000000,1000000000,https://www.bundesanzeiger.de/pub/de/suche;wwwsid=627BFD7A56A5CB624C47FDDEAB2FC509.web07-pub?0,https://www.bundesanzeiger.de/pub/de/suche;wwwsid=627BFD7A56A5CB624C47FDDEAB2FC509.web07-pub?0,1620597869,18:04:29,20210509
6,2019-06-30,SHL.DE,EUR,2019-06-30,2019-06-30,Q2,3569000000,2192000000,1377000000,0.3858223592042589,333000000,547000000,0.0,0.0,886000000,3078000000,31000000,154000000,645000000,0.18072289156626506,491000000,0.13757355001400953,0.0,467000000,0.1308489773045671,114000000,348000000,0.0975063042869151,0.35,0.35,994285714,994285714,https://www.bundesanzeiger.de/pub/de/suche;wwwsid=627BFD7A56A5CB624C47FDDEAB2FC509.web07-pub?0,https://www.bundesanzeiger.de/pub/de/suche;wwwsid=627BFD7A56A5CB624C47FDDEAB2FC509.web07-pub?0,1620597869,18:04:29,20210509
7,2019-03-31,SHL.DE,EUR,2019-03-31,2019-03-31,Q1,3506000000,2065000000,1439000000,0.41043924700513407,322000000,536000000,0.0,0.0,860000000,2925000000,37000000,148000000,727000000,0.2073588134626355,579000000,0.16514546491728466,0.0,547000000,0.1560182544209926,167000000,376000000,0.10724472333143183,0.376,0.376,1000000000,1000000000,https://www.bundesanzeiger.de/pub/de/suche;wwwsid=627BFD7A56A5CB624C47FDDEAB2FC509.web07-pub?0,https://www.bundesanzeiger.de/pub/de/suche;wwwsid=627BFD7A56A5CB624C47FDDEAB2FC509.web07-pub?0,1620597869,18:04:29,20210509
8,2018-12-31,SHL.DE,EUR,2018-12-31,2018-12-31,Q4,3301000000,1968000000,1334000000,0.40411996364737957,312000000,536000000,0.0,0.0,839000000,2807000000,39000000,142000000,637000000,0.192971826719176,495000000,0.14995455922447742,0.0,452000000,0.13692820357467433,107000000,341000000,0.10330202968797333,0.34,0.34,1002941176,1002941176,https://www.bundesanzeiger.de/pub/de/suche;wwwsid=627BFD7A56A5CB624C47FDDEAB2FC509.web07-pub?0,https://www.bundesanzeiger.de/pub/de/suche;wwwsid=627BFD7A56A5CB624C47FDDEAB2FC509.web07-pub?0,1620597869,18:04:29,20210509
9,2018-09-30,SHL.DE,EUR,2018-09-30,2018-09-30,Q3,3704000000,2185000000,1519000000,0.41009719222462204,340000000,578000000,0.0,0.0,931000000,3116000000,36000000,396000000,984000000,0.265658747300216,588000000,0.1587473002159827,0.0,558000000,0.15064794816414687,185000000,370000000,0.09989200863930886,0.37,0.37,1000000000,1000000000,https://www.bundesanzeiger.de/pub/de/suche;wwwsid=627BFD7A56A5CB624C47FDDEAB2FC509.web07-pub?0,https://www.bundesanzeiger.de/pub/de/suche;wwwsid=627BFD7A56A5CB624C47FDDEAB2FC509.web07-pub?0,1620597869,18:04:29,20210509
10,2018-06-30,SHL.DE,EUR,2018-06-30,2018-06-30,Q2,3300000000,2024000000,1276000000,0.38666666666666666,327000000,510000000,0.0,0.0,815000000,2839000000,39000000,-114000000,347000000,0.10515151515151515,461000000,0.1396969696969697,0.0,431000000,0.13060606060606061,138000000,285000000,0.08636363636363636,0.29,0.29,982758621,982758621,https://www.bundesanzeiger.de/pub/de/suche;wwwsid=627BFD7A56A5CB624C47FDDEAB2FC509.web07-pub?0,https://www.bundesanzeiger.de/pub/de/suche;wwwsid=627BFD7A56A5CB624C47FDDEAB2FC509.web07-pub?0,1620597869,18:04:29,20210509
11,2018-03-31,SHL.DE,EUR,2018-03-31,2018-03-31,Q1,3226000000,1882000000,1344000000,0.41661500309981403,309000000,527000000,0.0,0.0,922000000,2804000000,60000000,124000000,546000000,0.16924984500929943,422000000,0.13081215127092374,0.0,389000000,0.12058276503409796,81000000,304000000,0.09423434593924365,0.3,0.3,1000000000,1000000000,https://www.bundesanzeiger.de/pub/de/suche;wwwsid=627BFD7A56A5CB624C47FDDEAB2FC509.web07-pub?0,https://www.bundesanzeiger.de/pub/de/suche;wwwsid=627BFD7A56A5CB624C47FDDEAB2FC509.web07-pub?0,1620597869,18:04:29,20210509
12,2017-12-31,SHL.DE,EUR,2017-12-31,2017-12-31,Q4,3198000000,1870000000,1328000000,0.4152595372107567,306000000,538000000,0.0,0.0,839000000,2709000000,70000000,124000000,613000000,0.191682301438399,489000000,0.1529080675422139,0.0,421000000,0.1316447779862414,111000000,307000000,0.09599749843652283,0.307,0.307,1000000000,1000000000,https://www.bundesanzeiger.de/pub/de/suche;wwwsid=627BFD7A56A5CB624C47FDDEAB2FC509.web07-pub?0,https://www.bundesanzeiger.de/pub/de/suche;wwwsid=627BFD7A56A5CB624C47FDDEAB2FC509.web07-pub?0,1620597869,18:04:29,20210509
13,2017-09-30,SHL.DE,EUR,2017-09-30,2017-09-30,Q3,3766000000,2161000000,1605000000,0.4261816250663834,340000000,580000000,0.0,0.0,912000000,3073000000,66000000,432000000,1125000000,0.2987254381306426,693000000,0.18401486988847585,0.0,631000000,0.16755177907594265,178000000,448000000,0.11895910780669144,0.448,0.448,1000000000,1000000000,https://www.bundesanzeiger.de/pub/de/suche;wwwsid=627BFD7A56A5CB624C47FDDEAB2FC509.web07-pub?0,https://www.bundesanzeiger.de/pub/de/suche;wwwsid=627BFD7A56A5CB624C47FDDEAB2FC509.web07-pub?0,1620597869,18:04:29,20210509
14,2017-06-30,SHL.DE,EUR,2017-06-30,2017-06-30,Q2,3307000000,1953000000,1354000000,0.4094345328091926,307000000,533000000,0.0,0.0,841000000,2794000000,66000000,-143000000,370000000,0.11188388267311764,513000000,0.15512549138191714,0.0,453000000,0.13698215905654673,128000000,320000000,0.09676443906864228,0.32,0.32,1000000000,1000000000,https://www.bundesanzeiger.de/pub/de/suche;wwwsid=627BFD7A56A5CB624C47FDDEAB2FC509.web07-pub?0,https://www.bundesanzeiger.de/pub/de/suche;wwwsid=627BFD7A56A5CB624C47FDDEAB2FC509.web07-pub?0,1620597869,18:04:29,20210509
15,2017-03-31,SHL.DE,EUR,2017-03-31,2017-03-31,Q1,3396000000,2007000000,1389000000,0.4090106007067138,312000000,573000000,0.0,0.0,886000000,2893000000,67000000,142000000,645000000,0.18992932862190812,503000000,0.14811542991755006,0.0,439000000,0.12926972909305065,134000000,300000000,0.08833922261484099,0.3,0.3,1000000000,1000000000,https://www.bundesanzeiger.de/pub/de/suche;wwwsid=627BFD7A56A5CB624C47FDDEAB2FC509.web07-pub?0,https://www.bundesanzeiger.de/pub/de/suche;wwwsid=627BFD7A56A5CB624C47FDDEAB2FC509.web07-pub?0,1620597869,18:04:29,20210509
16,2016-12-31,SHL.DE,EUR,2016-12-31,2016-12-31,Q4,3327000000,1913000000,1414000000,0.4250075142771265,294000000,536000000,0.0,0.0,833000000,2746000000,68000000,141000000,722000000,0.21701232341448753,581000000,0.1746318004207995,0.0,521000000,0.1565975353171025,160000000,359000000,0.10790501953712053,0.359,0.359,1000000000,1000000000,https://www.bundesanzeiger.de/pub/de/suche;wwwsid=627BFD7A56A5CB624C47FDDEAB2FC509.web07-pub?0,https://www.bundesanzeiger.de/pub/de/suche;wwwsid=627BFD7A56A5CB624C47FDDEAB2FC509.web07-pub?0,1620597869,18:04:29,20210509
