,date,symbol,reportedCurrency,fillingDate,acceptedDate,period,revenue,costOfRevenue,grossProfit,grossProfitRatio,researchAndDevelopmentExpenses,generalAndAdministrativeExpenses,sellingAndMarketingExpenses,otherExpenses,operatingExpenses,costAndExpenses,interestExpense,depreciationAndAmortization,ebitda,ebitdaratio,operatingIncome,operatingIncomeRatio,totalOtherIncomeExpensesNet,incomeBeforeTax,incomeBeforeTaxRatio,incomeTaxExpense,netIncome,netIncomeRatio,eps,epsdiluted,weightedAverageShsOut,weightedAverageShsOutDil,link,finalLink,timestamp,est_time,est_date
0,2021-03-31,BRK-A,USD,2021-05-03,2021-05-03 08:42:26,,70299000000,0.0,0.0,0.0,0.0,882000000.0,3910000000.0,0.0,0.0,55771000000.0,1050000000.0,2673000000.0,0.0,0.0,0.0,0.20666012318809657,45248000000.0,14528000000.0,0.20666012318809657,2688000000.0,11711000000,0.16658842942289365,7638.0,7638.0,1533284.0,1533284.0,https://www.sec.gov/Archives/edgar/data/1067983/000156459021022703/0001564590-21-022703-index.htm,https://www.sec.gov/Archives/edgar/data/1067983/000156459021022703/brka-10q_20210331.htm,1620589660,15:47:40,20210509
1,2020-12-31,BRK-A,USD,2021-03-01,2021-03-01,Q4,103735000000,0.0,0.0,0.0,0.0,0.0,0.0,0.0,0.0,58332000000.0,1057000000.0,2904000000.0,0.0,0.0,0.0,0.4376825565141948,44701000000.0,45403000000.0,0.4376825565141948,9273000000.0,35835000000,0.34544753458331323,22584.63803445898,22584.63803445898,1586698.0,1586698.0,https://www.sec.gov/Archives/edgar/data/1067983/000156459021009611/0001564590-21-009611-index.htm,https://www.sec.gov/Archives/edgar/data/1067983/000156459021009611/brka-10k_20201231.htm,1620589660,15:47:40,20210509
2,2020-09-30,BRK-A,USD,2020-11-09,2020-11-09,Q3,94606000000,29912000.0,94576088000.0,0.9996838255501765,0.0,5181000000.0,0.0,3101000.0,5181000.0,56676000000.0,1000000000.0,2583000000.0,2610931000.0,0.02759794304800964,27931000.0,0.4009259455002854,43618000000.0,37930000000.0,0.4009259455002854,7517000000.0,30137000000,0.318552734498869,18994.0,18994.0,1586698.0,1586698.0,https://www.sec.gov/Archives/edgar/data/1067983/000156459020052144/0001564590-20-052144-index.htm,https://www.sec.gov/Archives/edgar/data/1067983/000156459020052144/brka-10q_20200930.htm,1620589660,15:47:40,20210509
3,2020-06-30,BRK-A,USD,2020-08-10,2020-08-10,Q2,96925000000,0.0,0.0,0.0,0.0,0.0,0.0,0.0,0.0,61516000000.0,1002000000.0,2524000000.0,0.0,0.0,0.0,0.365323703894764,39095000000.0,35409000000.0,0.365323703894764,9002000000.0,26295000000,0.2712922362651535,16314.0,16314.0,1611760.0,1611760.0,https://www.sec.gov/Archives/edgar/data/1067983/000156459020038544/0001564590-20-038544-index.htm,https://www.sec.gov/ix?doc=/Archives/edgar/data/1067983/000156459020038544/brka-10q_20200630.htm,1620589660,15:47:40,20210509
4,2020-03-31,BRK-A,USD,2020-05-04,2020-05-04,Q1,90100000000,0.0,0.0,0.0,0.0,0.0,0.0,0.0,0.0,54039000000.0,1024000000.0,2585000000.0,0.0,0.0,0.0,6.9976692563818,43241000000.0,-63049000000.0,-0.6997669256381798,-13352000000.0,-49746000000,-0.5521198668146504,-30653.0,-30653.0,1622889.0,1622889.0,https://www.sec.gov/Archives/edgar/data/1067983/000156459020020599/0001564590-20-020599-index.htm,https://www.sec.gov/ix?doc=/Archives/edgar/data/1067983/000156459020020599/brka-10q_20200331.htm,1620589660,15:47:40,20210509
5,2019-12-31,BRK-A,USD,2020-02-24,2020-02-24,Q4,96679000000,122340000.0,96556660000.0,0.9987345752438482,0.0,0.0,0.0,11296000.0,19322000.0,59878000000.0,993000000.0,2657000000.0,2758520000.0,0.028532773404772494,101520000.0,0.0010500729217306757,46450000000.0,36801000000.0,0.38065143412736996,7571000000.0,29159000000,0.30160634677644577,17967.340958007604,17967.340958007604,1622889.0,1622889.0,https://www.sec.gov/Archives/edgar/data/1067983/000156459020005874/0001564590-20-005874-index.htm,https://www.sec.gov/Archives/edgar/data/1067983/000156459020005874/brka-10k_20191231.htm,1620589660,15:47:40,20210509
6,2019-09-30,BRK-A,USD,2019-11-04,2019-11-04 06:33:56,Q3,64972000000,26950000000.0,38022000000.0,0.5852059348642492,0.0,0.0,0.0,21548000000.0,25932000000.0,56053000000.0,261000000.0,2534000000.0,22087000000.0,0.33994643846580064,19553000000.0,0.30094502247121835,10926000000.0,20489000000.0,0.31535122822138767,3832000000.0,16524000000,0.2543249399741427,10100.84339,10100.84339,1635903.0,1635903.0,https://www.sec.gov/Archives/edgar/data/1067983/000095012319009995/0000950123-19-009995-index.htm,https://www.sec.gov/Archives/edgar/data/1067983/000095012319009995/brka-10q_20190930.htm,1620589660,15:47:40,20210509
7,2019-06-30,BRK-A,USD,2019-08-05,2019-08-05 06:07:15,Q2,63598000000,27047000000.0,36551000000.0,0.5747193307965659,0.0,0.0,0.0,2680000000.0,4829000000.0,56011000000.0,420000000.0,2456000000.0,20215000000.0,0.3178559074184723,17759000000.0,0.27923834082832794,10048000000.0,17759000000.0,0.27923834082832794,3586000000.0,14073000000,0.22128054341331488,8594.83882,8594.83882,1637378.0,1637378.0,https://www.sec.gov/Archives/edgar/data/1067983/000156459019028491/0001564590-19-028491-index.htm,https://www.sec.gov/Archives/edgar/data/1067983/000156459019028491/brka-10q_20190630.htm,1620589660,15:47:40,20210509
8,2019-03-31,BRK-A,USD,2019-05-06,2019-05-06 06:08:27,Q1,60678000000,25767000000.0,34911000000.0,0.575348561257787,0.0,0.0,0.0,131300000000.0,135732000000.0,53521000000.0,109000000.0,2417000000.0,30064000000.0,0.4954678796268829,27647000000.0,0.4556346616566136,20322000000.0,27647000000.0,0.4556346616566136,5915000000.0,21661000000,0.3569827614621444,13209.368583522226,13229.077219798972,1639821.0,1637378.0,https://www.sec.gov/Archives/edgar/data/1067983/000119312519137433/0001193125-19-137433-index.htm,https://www.sec.gov/Archives/edgar/data/1067983/000119312519137433/d728539d10q.htm,1620589660,15:47:40,20210509
9,2018-12-31,BRK-A,USD,2019-02-25,2019-02-25 06:20:28,Q4,63714000000,102564000000.0,-38850000000.0,-0.6097560975609756,0.0,0.0,0.0,25903000000.0,42592000000.0,57716000000.0,3776000000.0,2610000000.0,-26900000000.0,-0.42219920268700756,-29510000000.0,-0.46316351194399974,3210000000.0,-29510000000.0,-0.46316351194399974,-7330000000.0,-22180000000,-0.3481181529962018,-13493.166726994546,-13546.047400172714,1643795.0,1637378.0,https://www.sec.gov/Archives/edgar/data/1067983/000119312519048926/0001193125-19-048926-index.htm,https://www.sec.gov/Archives/edgar/data/1067983/000119312519048926/d678758d10k.htm,1620589660,15:47:40,20210509
10,2018-09-30,BRK-A,USD,2018-11-05,2018-11-05 06:09:31,Q3,63450000000,1273000000.0,62177000000.0,0.9799369582348306,0.0,0.0,0.0,21439000000.0,22003000000.0,55325000000.0,60000000.0,2395000000.0,25226000000.0,0.3975728920409771,22831000000.0,0.35982663514578406,14706000000.0,23147000000.0,0.36480693459416863,4440000000.0,18540000000,0.29219858156028367,24915.135339982746,11322.981009882873,744126.0,1637378.0,https://www.sec.gov/Archives/edgar/data/1067983/000119312518317734/0001193125-18-317734-index.htm,https://www.sec.gov/Archives/edgar/data/1067983/000119312518317734/d636103d10q.htm,1620589660,15:47:40,20210509
11,2018-06-30,BRK-A,USD,2018-08-06,2018-08-06 06:08:28,Q2,62200000000,35660000000.0,26540000000.0,0.4266881028938907,0.0,0.0,0.0,19388000000.0,16349000000.0,53791000000.0,-373000000.0,2387000000.0,17158000000.0,0.27585209003215433,14771000000.0,0.237475884244373,6362000000.0,15098000000.0,0.2427331189710611,3021000000.0,12011000000,0.19310289389067525,7301.484248100921,7335.508355431672,1645008.0,1637378.0,https://www.sec.gov/Archives/edgar/data/1067983/000119312518238892/0001193125-18-238892-index.htm,https://www.sec.gov/Archives/edgar/data/1067983/000119312518238892/d370289d10q.htm,1620589660,15:47:40,20210509
12,2018-03-31,BRK-A,USD,2018-05-07,2018-05-07 06:10:47,Q1,58473000000,25415000000.0,33058000000.0,0.5653549501479316,0.0,0.0,0.0,123406000000.0,127430000000.0,52382000000.0,390000000.0,2387000000.0,463000000.0,0.007918184461204316,-1924000000.0,-0.03290407538522053,1315000000.0,-1924000000.0,-0.03290407538522053,-452000000.0,-1472000000,-0.025174011937133377,-894.8556741266342,-898.998276512815,1644958.0,1637378.0,https://www.sec.gov/Archives/edgar/data/1067983/000119312518153460/0001193125-18-153460-index.htm,https://www.sec.gov/Archives/edgar/data/1067983/000119312518153460/d539101d10q.htm,1620589660,15:47:40,20210509
13,2017-12-31,BRK-A,USD,2018-02-26,2018-02-26 06:12:56,Q4,58907000000,26154000000.0,32753000000.0,0.5560120189451169,0.0,0.0,0.0,13674000000.0,17814000000.0,54654000000.0,3989000000.0,2353000000.0,8744000000.0,0.14843736737569388,6391000000.0,0.10849304836437096,1340000000.0,6391000000.0,0.10849304836437096,-26265000000.0,32551000000,0.5525828848863463,19792.4742264907,19879.95441492435,1644615.0,1637378.0,https://www.sec.gov/Archives/edgar/data/1067983/000119312518057033/0001193125-18-057033-index.htm,https://www.sec.gov/Archives/edgar/data/1067983/000119312518057033/d437858d10k.htm,1620589660,15:47:40,20210509
14,2017-09-30,BRK-A,USD,2017-11-03,2017-11-03 16:17:23,Q3,60525000000,25815000000.0,34710000000.0,0.5734820322180917,0.0,0.0,0.0,14022000000.0,17987000000.0,55147000000.0,435000000.0,2296000000.0,7926000000.0,0.1309541511771995,5630000000.0,0.09301941346551013,1320000000.0,5630000000.0,0.09301941346551013,1427000000.0,4067000000,0.06719537381247419,2473.0109196779185,2483.8491783815343,1644554.0,1637378.0,https://www.sec.gov/Archives/edgar/data/1067983/000119312517332829/0001193125-17-332829-index.htm,https://www.sec.gov/Archives/edgar/data/1067983/000119312517332829/d473873d10q.htm,1620589660,15:47:40,20210509
15,2017-06-30,BRK-A,USD,2017-08-04,2017-08-04 17:02:28,Q2,57518000000,48912000000.0,8606000000.0,0.14962272679856742,0.0,0.0,0.0,10727000000.0,18421000000.0,51698000000.0,866000000.0,2296000000.0,8425000000.0,0.1464758858096596,6129000000.0,0.10655794707743663,1322000000.0,6129000000.0,0.10655794707743663,1774000000.0,4262000000,0.07409854306477973,2591.6644724880402,2602.9420207184903,1644503.0,1637378.0,https://www.sec.gov/Archives/edgar/data/1067983/000119312517248832/0001193125-17-248832-index.htm,https://www.sec.gov/Archives/edgar/data/1067983/000119312517248832/d415768d10q.htm,1620589660,15:47:40,20210509
16,2017-03-31,BRK-A,USD,2017-05-05,2017-05-05 16:32:23,Q1,65187000000,867000000.0,64320000000.0,0.9866998021077822,0.0,0.0,0.0,102991000000.0,103433000000.0,59738000000.0,104000000.0,2243000000.0,7931000000.0,0.12166536272569684,5688000000.0,0.0872566616043076,1162000000.0,5688000000.0,0.0872566616043076,1549000000.0,4060000000,0.062282356911654166,2468.948112562142,2479.5740507079,1644425.0,1637378.0,https://www.sec.gov/Archives/edgar/data/1067983/000119312517160889/0001193125-17-160889-index.htm,https://www.sec.gov/Archives/edgar/data/1067983/000119312517160889/d364161d10q.htm,1620589660,15:47:40,20210509
17,2016-12-31,BRK-A,USD,2017-02-27,2017-02-24 21:03:56,Q4,57673000000,919000000.0,56754000000.0,0.9840653338650669,0.0,0.0,0.0,9987000000.0,10425000000.0,49282000000.0,3190000000.0,2296000000.0,11610000000.0,0.2013073708667834,9314000000.0,0.16149671423369688,441000000.0,9314000000.0,0.16149671423369688,2959000000.0,6286000000,0.10899380992838936,3824.0057037667,3839.0646509236108,1643826.0,1637378.0,https://www.sec.gov/Archives/edgar/data/1067983/000119312517056969/0001193125-17-056969-index.htm,https://www.sec.gov/Archives/edgar/data/1067983/000119312517056969/d303001d10k.htm,1620589660,15:47:40,20210509
18,2016-09-30,BRK-A,USD,2016-11-04,2016-11-04 16:17:28,Q3,59068000000,886000000.0,58182000000.0,0.9850003385928083,0.0,0.0,0.0,9525000000.0,9990000000.0,48543000000.0,103000000.0,2246000000.0,12771000000.0,0.21620843773278256,10525000000.0,0.1781844653619557,1276000000.0,10525000000.0,0.1781844653619557,3192000000.0,7198000000,0.12185955170312182,4379.101985987847,4396.052713545681,1643716.0,1637378.0,https://www.sec.gov/Archives/edgar/data/1067983/000119312516760194/0001193125-16-760194-index.htm,https://www.sec.gov/Archives/edgar/data/1067983/000119312516760194/d268144d10q.htm,1620589660,15:47:40,20210509
19,2016-06-30,BRK-A,USD,2016-08-05,2016-08-05 16:17:28,Q2,54460000000,31563000000.0,22897000000.0,0.4204370179948586,0.0,0.0,0.0,8355000000.0,5469000000.0,47088000000.0,-481000000.0,2234000000.0,9606000000.0,0.1763863385971355,7372000000.0,0.1353654058024238,1617000000.0,7372000000.0,0.1353654058024238,2290000000.0,5001000000,0.09182886522218142,3042.6815022487003,3054.273356549312,1643616.0,1637378.0,https://www.sec.gov/Archives/edgar/data/1067983/000119312516673492/0001193125-16-673492-index.htm,https://www.sec.gov/Archives/edgar/data/1067983/000119312516673492/d210900d10q.htm,1620589660,15:47:40,20210509
20,2016-03-31,BRK-A,USD,2016-05-06,2016-05-06 16:12:04,Q1,52403000000,22796000000.0,29607000000.0,0.5649867374005305,0.0,0.0,0.0,82958000000.0,86680000000.0,45947000000.0,685000000.0,2125000000.0,8581000000.0,0.16375016697517317,6456000000.0,0.12319905348930404,1391000000.0,6456000000.0,0.12319905348930404,799000000.0,5589000000,0.10665419918706945,3400.6962026471765,3413.3840811345945,1643487.0,1637378.0,https://www.sec.gov/Archives/edgar/data/1067983/000119312516582004/0001193125-16-582004-index.htm,https://www.sec.gov/Archives/edgar/data/1067983/000119312516582004/d174504d10q.htm,1620589660,15:47:40,20210509
21,2015-12-31,BRK-A,USD,2016-02-29,2016-02-26 21:02:20,Q4,51820000000,21884000000.0,29936000000.0,0.5776920108066383,0.0,0.0,0.0,9542000000.0,13088000000.0,44439000000.0,3124000000.0,1978000000.0,9359000000.0,0.18060594365109997,7381000000.0,0.14243535314550368,1477000000.0,7381000000.0,0.14243535314550368,1834000000.0,5478000000,0.10571208027788499,3333.7735358751884,3345.5927708812505,1643183.0,1637378.0,https://www.sec.gov/Archives/edgar/data/1067983/000119312516483023/0001193125-16-483023-index.htm,https://www.sec.gov/Archives/edgar/data/1067983/000119312516483023/d103603d10k.htm,1620589660,15:47:40,20210509
22,2015-09-30,BRK-A,USD,2015-11-06,2015-11-06 16:17:04,Q3,58989000000,22297000000.0,36692000000.0,0.6220142738476665,0.0,0.0,0.0,9512000000.0,13233000000.0,44917000000.0,83000000.0,1989000000.0,16061000000.0,0.2722711013917849,14072000000.0,0.23855295055010256,1132000000.0,14072000000.0,0.23855295055010256,4545000000.0,9428000000,0.15982640831341435,5737.871534485046,5757.9862438606115,1643118.0,1637378.0,https://www.sec.gov/Archives/edgar/data/1067983/000119312515370187/0001193125-15-370187-index.htm,https://www.sec.gov/Archives/edgar/data/1067983/000119312515370187/d52687d10q.htm,1620589660,15:47:40,20210509
23,2015-06-30,BRK-A,USD,2015-08-07,2015-08-07 17:06:28,Q2,51368000000,42189000000.0,9179000000.0,0.17869101386076935,0.0,0.0,0.0,10060000000.0,16151000000.0,45522000000.0,-324000000.0,1941000000.0,7787000000.0,0.1515924310855007,5846000000.0,0.11380626070705498,1323000000.0,5846000000.0,0.11380626070705498,1739000000.0,4013000000,0.07812256657841457,2442.4565038240603,2450.8696220420698,1643018.0,1637378.0,https://www.sec.gov/Archives/edgar/data/1067983/000119312515283231/0001193125-15-283231-index.htm,https://www.sec.gov/Archives/edgar/data/1067983/000119312515283231/d940652d10q.htm,1620589660,15:47:40,20210509
24,2015-03-31,BRK-A,USD,2015-05-01,2015-05-01 17:06:18,Q1,48644000000,659000000.0,47985000000.0,0.9864525943590166,0.0,0.0,0.0,79197000000.0,79562000000.0,40997000000.0,632000000.0,1871000000.0,9518000000.0,0.19566647479648056,7647000000.0,0.15720335498725435,1303000000.0,7647000000.0,0.15720335498725435,2414000000.0,5164000000,0.10615903297426199,3143.1247797408446,3153.8227580925113,1642951.0,1637378.0,https://www.sec.gov/Archives/edgar/data/1067983/000119312515166595/0001193125-15-166595-index.htm,https://www.sec.gov/Archives/edgar/data/1067983/000119312515166595/d906176d10q.htm,1620589660,15:47:40,20210509
25,2014-12-31,BRK-A,USD,2015-03-02,2015-02-27 21:32:25,Q4,48259000000,715000000.0,47544000000.0,0.9851841107358214,0.0,0.0,0.0,9337000000.0,9716000000.0,42418000000.0,-1517000000.0,1934000000.0,14322000000.0,0.29677365879939493,12388000000.0,0.25669823245405005,1117000000.0,11971000000.0,0.24805735717689964,1623000000.0,4155000000,0.0860979299198077,2528.2088476965614,2537.5936405643656,1643456.0,1637378.0,https://www.sec.gov/Archives/edgar/data/1067983/000119312515070966/0001193125-15-070966-index.htm,https://www.sec.gov/Archives/edgar/data/1067983/000119312515070966/d820461d10k.htm,1620589660,15:47:40,20210509
26,2014-09-30,BRK-A,USD,2014-11-07,2014-11-07 17:01:47,Q3,51199000000,762000000.0,50437000000.0,0.9851168968143909,0.0,0.0,0.0,14563000000.0,14907000000.0,44449000000.0,597000000.0,1854000000.0,2057000000.0,0.040176565948553684,203000000.0,0.00396492118986699,1171000000.0,620000000.0,0.01210961151584992,2029000000.0,4617000000,0.09017754253012754,2808.980219108975,2819.75206702423,1643657.0,1637378.0,https://www.sec.gov/Archives/edgar/data/1067983/000119312514403605/0001193125-14-403605-index.htm,https://www.sec.gov/Archives/edgar/data/1067983/000119312514403605/d796179d10q.htm,1620589660,15:47:40,20210509
27,2014-06-30,BRK-A,USD,2014-08-01,2014-08-01 17:01:16,Q2,49762000000,692000000.0,49070000000.0,0.9860938065190306,0.0,0.0,0.0,9241000000.0,9664000000.0,40846000000.0,1079000000.0,1810000000.0,12619000000.0,0.25358707447449863,10809000000.0,0.21721393834652947,1583000000.0,9689000000.0,0.19470680438889112,2458000000.0,6395000000,0.12851171576705117,3889.3940269368663,3905.634496127345,1644215.0,1637378.0,https://www.sec.gov/Archives/edgar/data/1067983/000119312514291724/0001193125-14-291724-index.htm,https://www.sec.gov/Archives/edgar/data/1067983/000119312514291724/d747143d10q.htm,1620589660,15:47:40,20210509
28,2014-03-31,BRK-A,USD,2014-05-02,2014-05-02 17:01:07,Q1,45453000000,589000000.0,44864000000.0,0.9870415594130201,0.0,0.0,0.0,74712000000.0,75089000000.0,38855000000.0,77000000.0,1772000000.0,6477000000.0,0.14249884496072868,4705000000.0,0.10351351945966163,1155000000.0,5825000000.0,0.12815435724814644,1825000000.0,4705000000,0.10351351945966163,2861.819435920487,2873.4965292070615,1644059.0,1637378.0,https://www.sec.gov/Archives/edgar/data/1067983/000119312514180321/0001193125-14-180321-index.htm,https://www.sec.gov/Archives/edgar/data/1067983/000119312514180321/d706591d10q.htm,1620589660,15:47:40,20210509
29,2013-12-31,BRK-A,USD,2014-03-03,2014-03-03 06:08:50,Q4,47049000000,19997000000.0,27052000000.0,0.5749750260366852,0.0,0.0,0.0,8613000000.0,11841000000.0,39817000000.0,2000000.0,2472000000.0,7462000000.0,0.1586006078768943,4990000000.0,0.10605963994983952,1199000000.0,14225000000.0,0.3023443643860656,2169000000.0,4990000000,0.10605963994983952,3035.994482886178,3047.5552987764586,1643613.0,1637378.0,https://www.sec.gov/Archives/edgar/data/1067983/000119312514078778/0001193125-14-078778-index.htm,https://www.sec.gov/Archives/edgar/data/1067983/000119312514078778/d656225d10k.htm,1620589660,15:47:40,20210509
30,2013-09-30,BRK-A,USD,2013-11-01,2013-11-01 17:01:06,Q3,46541000000,19399000000.0,27142000000.0,0.5831847188500462,0.0,0.0,0.0,8790000000.0,11699000000.0,39163000000.0,80000000.0,1354000000.0,6407000000.0,0.13766356545841302,5053000000.0,0.10857093745299844,1119000000.0,6516000000.0,0.14000558647214284,2225000000.0,5053000000,0.10857093745299844,3074.494895717855,3086.0314478391674,1643522.0,1637378.0,https://www.sec.gov/Archives/edgar/data/1067983/000119312513423169/0001193125-13-423169-index.htm,https://www.sec.gov/Archives/edgar/data/1067983/000119312513423169/d608962d10q.htm,1620589660,15:47:40,20210509
31,2013-06-30,BRK-A,USD,2013-08-02,2013-08-02 17:04:11,Q2,44693000000,19373000000.0,25320000000.0,0.5665316716264291,0.0,0.0,0.0,7829000000.0,10755000000.0,37802000000.0,74000000.0,1345000000.0,5886000000.0,0.1316984762714519,4541000000.0,0.10160427807486631,1610000000.0,5190000000.0,0.1161255677622894,2279000000.0,4541000000,0.10160427807486631,2763.1890402223207,2773.336395139058,1643391.0,1637378.0,https://www.sec.gov/Archives/edgar/data/1067983/000119312513317399/0001193125-13-317399-index.htm,https://www.sec.gov/Archives/edgar/data/1067983/000119312513317399/d562133d10q.htm,1620589660,15:47:40,20210509
32,2013-03-31,BRK-A,USD,2013-05-03,2013-05-03 17:05:12,Q1,43867000000,18284000000.0,25583000000.0,0.5831946565755579,0.0,0.0,0.0,72039000000.0,74893000000.0,36572000000.0,72000000.0,1337000000.0,6229000000.0,0.14199740123555293,4892000000.0,0.1115189094307794,1011000000.0,10485000000.0,0.2390179405931566,2278000000.0,4892000000,0.1115189094307794,2977.1522431186827,2987.703511345578,1643181.0,1637378.0,https://www.sec.gov/Archives/edgar/data/1067983/000119312513199397/0001193125-13-199397-index.htm,https://www.sec.gov/Archives/edgar/data/1067983/000119312513199397/d508175d10q.htm,1620589660,15:47:40,20210509
33,2012-12-31,BRK-A,USD,2013-03-01,2013-03-01 16:10:21,Q4,44720000000,18127000000.0,26593000000.0,0.5946556350626118,0.0,0.0,0.0,9126000000.0,12152000000.0,37966000000.0,0.0,1332000000.0,5883000000.0,0.13155187835420393,4551000000.0,0.10176654740608229,1053000000.0,10069000000.0,0.22515652951699464,2093000000.0,4551000000,0.10176654740608229,2756.020430038503,2779.4437203871066,1651294.0,1637378.0,https://www.sec.gov/Archives/edgar/data/1067983/000119312513087679/0001193125-13-087679-index.htm,https://www.sec.gov/Archives/edgar/data/1067983/000119312513087679/d484968d10k.htm,1620589660,15:47:40,20210509
34,2012-09-30,BRK-A,USD,2012-11-02,2012-11-02 17:16:50,Q3,41050000000,16992000000.0,24058000000.0,0.5860657734470158,0.0,0.0,0.0,8206000000.0,10779000000.0,35114000000.0,52000000.0,1296000000.0,2023000000.0,0.04928136419001218,727000000.0,0.017710109622411693,994000000.0,5558000000.0,0.1353958587088916,1882000000.0,3920000000,0.09549330085261876,2373.529335187754,2394.071497235214,1651549.0,1637378.0,https://www.sec.gov/Archives/edgar/data/1067983/000119312512449402/0001193125-12-449402-index.htm,https://www.sec.gov/Archives/edgar/data/1067983/000119312512449402/d425185d10q.htm,1620589660,15:47:40,20210509
35,2012-06-30,BRK-A,USD,2012-08-03,2012-08-03 17:01:03,Q2,38546000000,16821000000.0,21725000000.0,0.5636123073730088,0.0,0.0,0.0,6638000000.0,9114000000.0,33931000000.0,78000000.0,1265000000.0,7566000000.0,0.19628495823172312,6301000000.0,0.16346702641000363,1420000000.0,4736000000.0,0.12286618585586052,1384000000.0,3108000000,0.08063093446790848,1882.2355241069072,1898.1566870936338,1651228.0,1637378.0,https://www.sec.gov/Archives/edgar/data/1067983/000115752312004238/0001157523-12-004238-index.htm,https://www.sec.gov/Archives/edgar/data/1067983/000115752312004238/a50358310.htm,1620589660,15:47:40,20210509
36,2012-03-31,BRK-A,USD,2012-05-04,2012-05-04 17:01:08,Q1,38147000000,15596000000.0,22551000000.0,0.5911605106561459,0.0,0.0,0.0,71699000000.0,74127000000.0,33216000000.0,66000000.0,1253000000.0,4498000000.0,0.1179122866804729,3245000000.0,0.08506566702492988,1067000000.0,4810000000.0,0.12609117361784675,1565000000.0,3245000000,0.08506566702492988,1965.542138316018,1981.8270429919053,1650944.0,1637378.0,https://www.sec.gov/Archives/edgar/data/1067983/000115752312002551/0001157523-12-002551-index.htm,https://www.sec.gov/Archives/edgar/data/1067983/000115752312002551/a50258446.htm,1620589660,15:47:40,20210509
37,2011-12-31,BRK-A,USD,2012-02-27,2012-02-27 06:02:29,Q4,37955000000,15744000000.0,22211000000.0,0.5851929917006982,0.0,0.0,0.0,7430000000.0,9838000000.0,33503000000.0,-347000000.0,1265000000.0,5717000000.0,0.1506257410090897,4452000000.0,0.11729679884073245,1038000000.0,3960000000.0,0.10433407983137927,1261000000.0,3048000000,0.08030562508233434,1847.3947672906877,1861.5127356053397,1649891.0,1637378.0,https://www.sec.gov/Archives/edgar/data/1067983/000119312512079022/0001193125-12-079022-index.htm,https://www.sec.gov/Archives/edgar/data/1067983/000119312512079022/d280149d10k.htm,1620589660,15:47:40,20210509
38,2011-09-30,BRK-A,USD,2011-11-04,2011-11-04 17:16:52,Q3,33739000000,15281000000.0,18458000000.0,0.5470820119149945,0.0,0.0,0.0,6757000000.0,8862000000.0,30376000000.0,162000000.0,1142000000.0,4505000000.0,0.13352500074098225,3363000000.0,0.0996769317407155,1051000000.0,3363000000.0,0.0996769317407155,953000000.0,2278000000,0.06751830226147781,1380.9533913075106,1391.2486915055656,1649585.0,1637378.0,https://www.sec.gov/Archives/edgar/data/1067983/000115752311006500/0001157523-11-006500-index.htm,https://www.sec.gov/Archives/edgar/data/1067983/000115752311006500/a50050868.htm,1620589660,15:47:40,20210509
39,2011-06-30,BRK-A,USD,2011-08-05,2011-08-05 17:16:06,Q2,71994000000,28814000000.0,43180000000.0,0.5997722032391588,0.0,0.0,0.0,14668000000.0,18825000000.0,64495000000.0,331000000.0,2276000000.0,9775000000.0,0.13577520348917965,7499000000.0,0.10416145789926938,1426000000.0,7499000000.0,0.10416145789926938,2354000000.0,4928000000,0.0684501486234964,2988.96363993663,3009.6898822385547,1648732.0,1637378.0,https://www.sec.gov/Archives/edgar/data/1067983/000115752311004793/0001157523-11-004793-index.htm,https://www.sec.gov/Archives/edgar/data/1067983/000115752311004793/a6813983.htm,1620589660,15:47:40,20210509
40,2011-03-31,BRK-A,USD,2011-05-06,2011-05-06 17:15:49,Q1,16772000000,19431000000.0,-2659000000.0,-0.1585380395897925,0.0,0.0,0.0,3537000000.0,5572000000.0,25003000000.0,0.0,1135000000.0,3369000000.0,0.2008704984497973,2234000000.0,0.1331981874552826,1277000000.0,2234000000.0,0.1331981874552826,629000000.0,1605000000,0.09569520629620797,291.88945591623553,291.88945591623553,5498657.0,5498657.0,https://www.sec.gov/Archives/edgar/data/1067983/000115752311002891/0001157523-11-002891-index.htm,https://www.sec.gov/Archives/edgar/data/1067983/000115752311002891/a6706198.htm,1620589660,15:47:40,20210509
41,2010-12-31,BRK-A,USD,2011-02-28,2011-02-28 10:20:14,Q4,17076000000,19542000000.0,-2466000000.0,-0.1444132115249473,0.0,0.0,0.0,3440000000.0,5494000000.0,25036000000.0,0.0,-3109000000.0,3372000000.0,0.19747013352073084,6481000000.0,0.37953853361442963,1167000000.0,6481000000.0,0.37953853361442963,2008000000.0,4473000000,0.2619465917076599,813.47136,813.47136,5498657.0,5498657.0,https://www.sec.gov/Archives/edgar/data/1067983/000119312511048914/0001193125-11-048914-index.htm,https://www.sec.gov/Archives/edgar/data/1067983/000119312511048914/d10k.htm,1620589660,15:47:40,20210509
42,2010-09-30,BRK-A,USD,2010-11-05,2010-11-05 17:12:53,Q3,17408000000,19690000000.0,-2282000000.0,-0.13108915441176472,0.0,0.0,0.0,3355000000.0,5251000000.0,24941000000.0,0.0,3109000000.0,7643000000.0,0.43905101102941174,4534000000.0,0.2604549632352941,1239000000.0,4534000000.0,0.2604549632352941,1415000000.0,3119000000,0.1791704963235294,865.11813,865.11813,3605288.0,3605288.0,https://www.sec.gov/Archives/edgar/data/1067983/000115752310006675/0001157523-10-006675-index.htm,https://www.sec.gov/Archives/edgar/data/1067983/000115752310006675/a6492698.htm,1620589660,15:47:40,20210509
43,2010-06-30,BRK-A,USD,2010-08-06,2010-08-06 17:10:19,Q2,17210000000,19252000000.0,-2042000000.0,-0.11865194654270773,0.0,0.0,0.0,3145000000.0,5060000000.0,24312000000.0,0.0,-915000000.0,2023000000.0,0.11754793724578733,2938000000.0,0.1707147007553748,1514000000.0,2938000000.0,0.1707147007553748,848000000.0,2090000000,0.12144102266124346,888.4264,888.4264,2352474.0,2352474.0,https://www.sec.gov/Archives/edgar/data/1067983/000115752310004882/0001157523-10-004882-index.htm,https://www.sec.gov/Archives/edgar/data/1067983/000115752310004882/a6381775.htm,1620589660,15:47:40,20210509
44,2010-03-31,BRK-A,USD,2010-05-07,2010-05-07 17:16:06,Q1,15531000000,16738000000.0,-1207000000.0,-0.07771553666859829,0.0,0.0,0.0,1993000000.0,3832000000.0,20570000000.0,0.0,915000000.0,6013000000.0,0.387161161547872,5098000000.0,0.3282467323417681,1295000000.0,5098000000.0,0.3282467323417681,1336000000.0,3762000000,0.24222522696542398,728.165346568574,728.165346568574,5166409.0,5166409.0,https://www.sec.gov/Archives/edgar/data/1067983/000115752310002982/0001157523-10-002982-index.htm,https://www.sec.gov/Archives/edgar/data/1067983/000115752310002982/a6277868.htm,1620589660,15:47:40,20210509
45,2009-12-31,BRK-A,USD,2010-03-01,2010-03-01 06:02:07,Q4,16480000000,16296000000.0,184000000.0,0.01116504854368932,0.0,0.0,0.0,283000000.0,2349000000.0,18645000000.0,-29000000.0,-2315000000.0,2150000000.0,0.1304611650485437,4465000000.0,0.27093446601941745,1112000000.0,4465000000.0,0.27093446601941745,1431000000.0,3034000000,0.18410194174757283,587.25509,587.25509,5166409.0,5166409.0,https://www.sec.gov/Archives/edgar/data/1067983/000119312510043450/0001193125-10-043450-index.htm,https://www.sec.gov/Archives/edgar/data/1067983/000119312510043450/d10k.htm,1620589660,15:47:40,20210509
46,2009-09-30,BRK-A,USD,2009-11-06,2009-11-06 17:05:02,Q3,16178000000,15694000000.0,484000000.0,0.029917171467424897,0.0,0.0,0.0,65000000.0,2080000000.0,17774000000.0,-29000000.0,2315000000.0,7154000000.0,0.44220546421065643,4839000000.0,0.29910990233650636,1361000000.0,4839000000.0,0.29910990233650636,1601000000.0,3238000000,0.20014834961058228,1008.45256,1008.45256,3210860.0,3210860.0,https://www.sec.gov/Archives/edgar/data/1067983/000115752309007839/0001157523-09-007839-index.htm,https://www.sec.gov/Archives/edgar/data/1067983/000115752309007839/a6089935.htm,1620589660,15:47:40,20210509
47,2009-06-30,BRK-A,USD,2009-08-07,2009-08-07 17:09:53,Q2,15587000000,15083000000.0,504000000.0,0.032334637839224994,0.0,0.0,0.0,-118000000.0,1955000000.0,17038000000.0,-38000000.0,0.0,4791000000.0,0.307371527555014,4791000000.0,0.3073715275550138,1454000000.0,4791000000.0,0.3073715275550138,1520000000.0,3271000000,0.20985436581766856,2911.62406,2911.62406,1123428.0,1123428.0,https://www.sec.gov/Archives/edgar/data/1067983/000115752309005813/0001157523-09-005813-index.htm,https://www.sec.gov/Archives/edgar/data/1067983/000115752309005813/a6021509.htm,1620589660,15:47:40,20210509
48,2009-03-31,BRK-A,USD,2009-05-08,2009-05-08 17:06:54,Q1,14310000000,14313000000.0,-3000000.0,-0.00020964360587002095,0.0,0.0,0.0,392000000.0,2355000000.0,16668000000.0,-34000000.0,0.0,-2543000000.0,-0.177707896575821,-2543000000.0,-0.17770789657582112,1318000000.0,-2543000000.0,-0.17770789657582112,-1014000000.0,-1529000000,-0.10684835779175401,1549.48418,1549.48418,1123428.0,1123428.0,https://www.sec.gov/Archives/edgar/data/1067983/000119312509105560/0001193125-09-105560-index.htm,https://www.sec.gov/Archives/edgar/data/1067983/000119312509105560/d10q.htm,1620589660,15:47:40,20210509
49,2008-12-31,BRK-A,USD,2009-03-02,2009-03-02 11:43:28,Q4,16439000000,15951000000.0,488000000.0,0.029685503984427278,0.0,2282000000.0,0.0,96000000.0,2378000000.0,18329000000.0,-41000000.0,0.0,148000000.0,0.0090029807165886,148000000.0,0.0090029807165886,1378000000.0,148000000.0,0.0090029807165886,0.0,148000000,0.0090029807165886,30.26751,30.26751,4889732.0,4889732.0,https://www.sec.gov/Archives/edgar/data/1067983/000119312509042055/0001193125-09-042055-index.htm,https://www.sec.gov/Archives/edgar/data/1067983/000119312509042055/d10k.htm,1620589660,15:47:40,20210509
50,2008-09-30,BRK-A,USD,2008-11-07,2008-11-07 17:08:11,Q3,17323000000,16784000000.0,539000000.0,0.031114702996016857,0.0,1861000000.0,0.0,607000000.0,2468000000.0,19252000000.0,-42000000.0,0.0,1502000000.0,0.086705535992611,1502000000.0,0.08670553599261098,1143000000.0,1502000000.0,0.08670553599261098,0.0,1502000000,0.08670553599261098,313.27831,313.27831,4794459.0,4794459.0,https://www.sec.gov/Archives/edgar/data/1067983/000095015008000030/0000950150-08-000030-index.htm,https://www.sec.gov/Archives/edgar/data/1067983/000095015008000030/v50391e10vq.htm,1620589660,15:47:40,20210509
51,2008-06-30,BRK-A,USD,2008-08-08,2008-08-08 17:18:17,Q2,17332000000,16516000000.0,816000000.0,0.04708054465728133,0.0,2049000000.0,0.0,361000000.0,2410000000.0,18926000000.0,-40000000.0,0.0,4471000000.0,0.257962150934687,4471000000.0,0.2579621509346873,1261000000.0,4471000000.0,0.2579621509346873,0.0,4471000000,0.2579621509346873,1168.83602,1168.83602,3825173.0,3825173.0,https://www.sec.gov/Archives/edgar/data/1067983/000095015008000015/0000950150-08-000015-index.htm,https://www.sec.gov/Archives/edgar/data/1067983/000095015008000015/v42777e10vq.htm,1620589660,15:47:40,20210509
52,2008-03-31,BRK-A,USD,2008-05-02,2008-05-02 17:18:28,Q1,14760000000,14692000000.0,68000000.0,0.004607046070460705,0.0,1860000000.0,0.0,724000000.0,2584000000.0,17276000000.0,-33000000.0,0.0,1453000000.0,0.0984417344173442,1453000000.0,0.09844173441734418,1184000000.0,1453000000.0,0.09844173441734418,0.0,1453000000,0.09844173441734418,1.5484,1.5484,3825173.0,3825173.0,https://www.sec.gov/Archives/edgar/data/1067983/000095014808000131/0000950148-08-000131-index.htm,https://www.sec.gov/Archives/edgar/data/1067983/000095014808000131/a40317e10vq.htm,1620589660,15:47:40,20210509
53,2007-12-31,BRK-A,USD,2008-02-29,2008-02-29 16:41:22,Q4,15170000000,14735000000.0,435000000.0,0.028675016479894528,0.0,1964000000.0,0.0,463000000.0,2427000000.0,17162000000.0,-42000000.0,0.0,-15735000000.0,-1.03724456163481,-15735000000.0,-1.0372445616348056,1301000000.0,-15735000000.0,-1.0372445616348056,0.0,-15735000000,-1.0372445616348056,-1.54513,-1.54513,3825173.0,3825173.0,https://www.sec.gov/Archives/edgar/data/1067983/000095013408003848/0000950134-08-003848-index.htm,https://www.sec.gov/Archives/edgar/data/1067983/000095013408003848/a38469e10vk.htm,1620589660,15:47:40,20210509
54,2007-09-30,BRK-A,USD,2007-11-02,2007-11-02 17:11:43,Q3,15092000000,14692000000.0,400000000.0,0.026504108136761198,0.0,1732000000.0,0.0,641000000.0,2373000000.0,17065000000.0,-42000000.0,0.0,6847000000.0,0.45368407103101,6847000000.0,0.45368407103100983,1274000000.0,6847000000.0,0.45368407103100983,0.0,6847000000,0.45368407103100983,0.67235,0.67235,3825173.0,3825173.0,https://www.sec.gov/Archives/edgar/data/1067983/000095013407022672/0000950134-07-022672-index.htm,https://www.sec.gov/Archives/edgar/data/1067983/000095013407022672/a35091e10vq.htm,1620589660,15:47:40,20210509
55,2007-06-30,BRK-A,USD,2007-08-03,2007-08-03 16:43:58,Q2,14758000000,14393000000.0,365000000.0,0.024732348556715,0.0,1761000000.0,0.0,647000000.0,2408000000.0,16801000000.0,-37000000.0,0.0,4816000000.0,0.326331481230519,4816000000.0,0.326331481230519,1284000000.0,4816000000.0,0.326331481230519,0.0,4816000000,0.326331481230519,836.62732,836.62732,3825173.0,3825173.0,https://www.sec.gov/Archives/edgar/data/1067983/000095013407016772/0000950134-07-016772-index.htm,https://www.sec.gov/Archives/edgar/data/1067983/000095013407016772/a32496e10vq.htm,1620589660,15:47:40,20210509
56,2007-03-31,BRK-A,USD,2007-05-04,2007-05-04 16:55:22,Q1,13223000000,13353000000.0,-130000000.0,-0.009831354458141118,0.0,1641000000.0,0.0,847000000.0,2488000000.0,15841000000.0,-43000000.0,0.0,4072000000.0,0.307948271950389,4072000000.0,0.3079482719503895,1120000000.0,4072000000.0,0.3079482719503895,0.0,4072000000,0.3079482719503895,1542.80936,1542.80936,7470252.0,7470252.0,https://www.sec.gov/Archives/edgar/data/1067983/000095015007000022/0000950150-07-000022-index.htm,https://www.sec.gov/Archives/edgar/data/1067983/000095015007000022/a29898e10vq.htm,1620589660,15:47:40,20210509
57,2006-12-31,BRK-A,USD,2007-03-01,2007-03-01 16:16:44,Q4,13561000000,13167000000.0,394000000.0,0.02905390457930831,0.0,1554000000.0,0.0,727000000.0,2281000000.0,15448000000.0,-45000000.0,0.0,5262000000.0,0.388024481970356,5262000000.0,0.38802448197035616,1110000000.0,5262000000.0,0.38802448197035616,0.0,5262000000,0.38802448197035616,0.48355,0.48355,7470252.0,7470252.0,https://www.sec.gov/Archives/edgar/data/1067983/000095013407004573/0000950134-07-004573-index.htm,https://www.sec.gov/Archives/edgar/data/1067983/000095013407004573/a27718e10vk.htm,1620589660,15:47:40,20210509
58,2006-09-30,BRK-A,USD,2006-11-03,2006-11-03 17:20:16,Q3,13514000000,13277000000.0,237000000.0,0.01753736865472843,0.0,1560000000.0,0.0,607000000.0,2167000000.0,15444000000.0,-60000000.0,0.0,4301000000.0,0.318262542548468,4301000000.0,0.31826254254846825,1117000000.0,4301000000.0,0.31826254254846825,0.0,4301000000,0.31826254254846825,575.75032,575.75032,7470252.0,7470252.0,https://www.sec.gov/Archives/edgar/data/1067983/000095013406020444/0000950134-06-020444-index.htm,https://www.sec.gov/Archives/edgar/data/1067983/000095013406020444/a24649e10vq.htm,1620589660,15:47:40,20210509
59,2006-06-30,BRK-A,USD,2006-08-07,2006-08-04 18:17:21,Q2,12736000000,12584000000.0,152000000.0,0.01193467336683417,0.0,1440000000.0,0.0,707000000.0,2147000000.0,14731000000.0,-46000000.0,0.0,3602000000.0,0.282820351758794,3602000000.0,0.282820351758794,1124000000.0,3602000000.0,0.282820351758794,0.0,3602000000,0.282820351758794,769.46822,769.46822,4681155.0,4681155.0,https://www.sec.gov/Archives/edgar/data/1067983/000095013406014893/0000950134-06-014893-index.htm,https://www.sec.gov/Archives/edgar/data/1067983/000095013406014893/a22570e10vq.htm,1620589660,15:47:40,20210509
60,2006-03-31,BRK-A,USD,2006-05-05,2006-05-05 17:23:10,Q1,11992000000,11577000000.0,415000000.0,0.03460640426951301,0.0,1378000000.0,0.0,216000000.0,1594000000.0,13171000000.0,-44000000.0,0.0,3613000000.0,0.30128418945964,3613000000.0,0.30128418945963975,1031000000.0,3613000000.0,0.30128418945963975,0.0,3613000000,0.30128418945963975,1540.93522,1540.93522,2344680.0,2344680.0,https://www.sec.gov/Archives/edgar/data/1067983/000095012906005040/0000950129-06-005040-index.htm,https://www.sec.gov/Archives/edgar/data/1067983/000095012906005040/a20113e10vq.htm,1620589660,15:47:40,20210509
61,2005-12-31,BRK-A,USD,2006-03-13,2006-03-10 19:21:39,Q4,12345000000,10202000000.0,2143000000.0,0.17359254759011747,0.0,0.0,0.0,0.0,1506000000.0,11708000000.0,-35000000.0,0.0,7688000000.0,0.622762251923856,7688000000.0,0.6227622519238558,948000000.0,7688000000.0,0.6227622519238558,0.0,7688000000,0.6227622519238558,964.93246,964.93246,7967397.0,7967397.0,https://www.sec.gov/Archives/edgar/data/1067983/000095012906002521/0000950129-06-002521-index.htm,https://www.sec.gov/Archives/edgar/data/1067983/000095012906002521/a18139e10vk.htm,1620589660,15:47:40,20210509
62,2005-09-30,BRK-A,USD,2005-11-04,2005-11-04 17:17:43,Q3,22554000000,18807000000.0,3747000000.0,0.16613461026868848,0.0,1289000000.0,0.0,0.0,2580000000.0,21387000000.0,-69000000.0,0.0,2526000000.0,0.111997871774408,2526000000.0,0.11199787177440809,1689000000.0,2526000000.0,0.11199787177440809,0.0,2526000000,0.11199787177440809,849.10788,849.10788,2974887.0,2974887.0,https://www.sec.gov/Archives/edgar/data/1067983/000095012905010572/0000950129-05-010572-index.htm,https://www.sec.gov/Archives/edgar/data/1067983/000095012905010572/a14052e10vq.htm,1620589660,15:47:40,20210509
63,2005-06-30,BRK-A,USD,2005-08-05,2005-08-05 17:24:52,Q2,632000000,445000000.0,187000000.0,0.2958860759493671,0.0,1242000000.0,0.0,0.0,-49000000.0,396000000.0,-10000000.0,0.0,222000000.0,0.35126582278481,222000000.0,0.3512658227848101,64000000.0,222000000.0,0.3512658227848101,0.0,222000000,0.3512658227848101,166.40868,166.40868,1334065.0,1334065.0,https://www.sec.gov/Archives/edgar/data/1067983/000095012905007767/0000950129-05-007767-index.htm,https://www.sec.gov/Archives/edgar/data/1067983/000095012905007767/a11264e10vq.htm,1620589660,15:47:40,20210509
64,2005-03-31,BRK-A,USD,2005-05-09,2005-05-06 19:47:33,Q1,10607000000,8834000000.0,1773000000.0,0.167153766380692,0.0,1291000000.0,0.0,0.0,1291000000.0,10125000000.0,-30000000.0,0.0,1832000000.0,0.172716130856981,1832000000.0,0.17271613085698123,786000000.0,1832000000.0,0.17271613085698123,0.0,1832000000,0.17271613085698123,1539.10003,1539.10003,1190306.0,1190306.0,https://www.sec.gov/Archives/edgar/data/1067983/000095012905004868/0000950129-05-004868-index.htm,https://www.sec.gov/Archives/edgar/data/1067983/000095012905004868/a08729e10vq.htm,1620589660,15:47:40,20210509
65,2004-12-31,BRK-A,USD,2005-03-15,2005-03-15 14:59:29,Q4,10714000000,8737000000.0,1977000000.0,0.18452492066455106,0.0,1335000000.0,0.0,0.0,1335000000.0,10072000000.0,-37000000.0,0.0,4762000000.0,0.444465185738286,4762000000.0,0.44446518573828636,784000000.0,4762000000.0,0.44446518573828636,0.0,4762000000,0.44446518573828636,684.41951,684.41951,6957721.0,6957721.0,https://www.sec.gov/Archives/edgar/data/1067983/000095012905002423/0000950129-05-002423-index.htm,https://www.sec.gov/Archives/edgar/data/1067983/000095012905002423/a06623e10vk.htm,1620589660,15:47:40,20210509
66,2004-09-30,BRK-A,USD,2004-11-08,2004-11-05 18:52:23,Q3,21458000000,17959000000.0,3499000000.0,0.16306272718799517,0.0,1231000000.0,0.0,0.0,2413000000.0,20372000000.0,-65000000.0,0.0,4094000000.0,0.190791313263119,4094000000.0,0.19079131326311866,1359000000.0,4094000000.0,0.19079131326311866,0.0,4094000000,0.19079131326311866,1060.24628,1060.24628,3861367.0,3861367.0,https://www.sec.gov/Archives/edgar/data/1067983/000095012904008588/0000950129-04-008588-index.htm,https://www.sec.gov/Archives/edgar/data/1067983/000095012904008588/a02862e10vq.htm,1620589660,15:47:40,20210509
67,2004-06-30,BRK-A,USD,2004-08-09,2004-08-06 19:02:01,Q2,988000000,756000000.0,232000000.0,0.23481781376518218,0.0,1241000000.0,0.0,0.0,59000000.0,815000000.0,-1000000.0,0.0,-319000000.0,-0.322874493927126,-319000000.0,-0.3228744939271255,22000000.0,-319000000.0,-0.3228744939271255,0.0,-319000000,-0.3228744939271255,-266.14428,-266.14428,1198598.0,1198598.0,https://www.sec.gov/Archives/edgar/data/1067983/000095012904005709/0000950129-04-005709-index.htm,https://www.sec.gov/Archives/edgar/data/1067983/000095012904005709/a00798e10vq.htm,1620589660,15:47:40,20210509
68,2004-03-31,BRK-A,USD,2004-05-10,2004-05-07 18:01:13,Q1,10062000000,8430000000.0,1632000000.0,0.16219439475253428,0.0,1182000000.0,0.0,0.0,1182000000.0,9612000000.0,-34000000.0,0.0,2162000000.0,0.214867819518982,2162000000.0,0.21486781951898232,651000000.0,2162000000.0,0.21486781951898232,0.0,2162000000,0.21486781951898232,1537.07682,1537.07682,1406566.0,1406566.0,https://www.sec.gov/Archives/edgar/data/1067983/000095012904002994/0000950129-04-002994-index.htm,https://www.sec.gov/Archives/edgar/data/1067983/000095012904002994/a98703e10vq.htm,1620589660,15:47:40,20210509
69,2003-12-31,BRK-A,USD,2004-03-12,2004-03-12 17:23:17,Q4,10698000000,8959000000.0,1739000000.0,0.1625537483641802,0.0,0.0,0.0,0.0,1088000000.0,10047000000.0,-37000000.0,520000000.0,3974000000.0,0.3714713030472986,3454000000.0,0.322864086745186,829000000.0,3454000000.0,0.322864086745186,0.0,3454000000,0.322864086745186,457.53508,457.53508,7549148.0,7549148.0,https://www.sec.gov/Archives/edgar/data/1067983/000095015004000327/0000950150-04-000327-index.htm,https://www.sec.gov/Archives/edgar/data/1067983/000095015004000327/a97198e10vk.htm,1620589660,15:47:40,20210509
70,2003-09-30,BRK-A,USD,2003-11-10,2003-11-07 18:46:07,Q3,15060000000,12003000000.0,3057000000.0,0.20298804780876495,0.0,1230000000.0,0.0,0.0,2123000000.0,14126000000.0,-73000000.0,0.0,4892000000.0,0.324833997343958,4892000000.0,0.3248339973439575,1475000000.0,4892000000.0,0.3248339973439575,0.0,4892000000,0.3248339973439575,922.9365,922.9365,5300473.0,5300473.0,https://www.sec.gov/Archives/edgar/data/1067983/000095015003001248/0000950150-03-001248-index.htm,https://www.sec.gov/Archives/edgar/data/1067983/000095015003001248/a94220e10vq.htm,1620589660,15:47:40,20210509
71,2003-06-30,BRK-A,USD,2003-08-11,2003-08-08 18:58:59,Q2,2234000000,1863000000.0,371000000.0,0.16606982990152194,0.0,1017000000.0,0.0,0.0,124000000.0,1987000000.0,-3000000.0,0.0,776000000.0,0.347358997314235,776000000.0,0.34735899731423453,-72000000.0,776000000.0,0.34735899731423453,0.0,776000000,0.34735899731423453,367.09834,367.09834,2113875.0,2113875.0,https://www.sec.gov/Archives/edgar/data/1067983/000095015003000865/0000950150-03-000865-index.htm,https://www.sec.gov/Archives/edgar/data/1067983/000095015003000865/a92106e10vq.htm,1620589660,15:47:40,20210509
72,2003-03-31,BRK-A,USD,2003-05-12,2003-05-09 18:36:35,Q1,4106000000,2912000000.0,1194000000.0,0.29079396005845104,0.0,893000000.0,0.0,0.0,893000000.0,3805000000.0,-40000000.0,0.0,2469000000.0,0.601315148563078,2469000000.0,0.6013151485630784,866000000.0,2469000000.0,0.6013151485630784,0.0,2469000000,0.6013151485630784,1534.80253,1534.80253,1608676.0,1608676.0,https://www.sec.gov/Archives/edgar/data/1067983/000095015003000563/0000950150-03-000563-index.htm,https://www.sec.gov/Archives/edgar/data/1067983/000095015003000563/a89906e10vq.htm,1620589660,15:47:40,20210509
73,2002-12-31,BRK-A,USD,2003-03-27,2003-03-27 17:19:22,Q4,4790000000,3232000000.0,1558000000.0,0.32526096033402924,0.0,0.0,0.0,0.0,967000000.0,4199000000.0,-48000000.0,811000000.0,2576000000.0,0.5377870563674322,1765000000.0,0.3684759916492693,885000000.0,1765000000.0,0.3684759916492693,0.0,1765000000,0.3684759916492693,442.34458,442.34458,3990102.0,3990102.0,https://www.sec.gov/Archives/edgar/data/1067983/000095015003000377/0000950150-03-000377-index.htm,https://www.sec.gov/Archives/edgar/data/1067983/000095015003000377/a88664e10vk.htm,1620589660,15:47:40,20210509
74,2002-09-30,BRK-A,USD,2002-11-13,2002-11-13 10:13:27,Q3,8154000000,5764000000.0,2390000000.0,0.29310767721363745,0.0,1567000000.0,0.0,0.0,1567000000.0,7331000000.0,-97000000.0,0.0,2806000000.0,0.344125582536179,2806000000.0,0.3441255825361786,1493000000.0,2806000000.0,0.3441255825361786,0.0,2806000000,0.3441255825361786,988.14542,988.14542,2839663.0,2839663.0,https://www.sec.gov/Archives/edgar/data/1067983/000095015002001032/0000950150-02-001032-index.htm,https://www.sec.gov/Archives/edgar/data/1067983/000095015002001032/a85813e10vq.htm,1620589660,15:47:40,20210509
75,2002-06-30,BRK-A,USD,2002-06-30,2002-06-30,Q2,9886000000,0.0,0.0,0.0,0.0,776000000.0,0.0,0.0,0.0,8339000000.0,49000000.0,0.0,0.0,0.0,0.0,0.15648391664980782,4078000000.0,1547000000.0,0.15648391664980782,485000000.0,1045000000,0.10570503742666397,681.0,681.0,1533728.0,1533728.0,,,1620589660,15:47:40,20210509
76,2002-03-31,BRK-A,USD,2002-03-31,2002-03-31,Q1,9255000000,0.0,0.0,0.0,0.0,758000000.0,0.0,0.0,0.0,7865000000.0,46000000.0,0.0,0.0,0.0,0.0,0.1501890869800108,3279000000.0,1390000000.0,0.1501890869800108,460000000.0,916000000,0.09897352782279849,598.0,598.0,1530961.0,1530961.0,,,1620589660,15:47:40,20210509
77,2001-12-31,BRK-A,USD,2001-12-31,2001-12-31,Q4,9395000000,0.0,0.0,0.0,0.0,755000000.0,0.0,0.0,0.0,9104000000.0,49000000.0,0.0,0.0,0.0,0.0,0.030973922299095263,5479000000.0,291000000.0,0.030973922299095263,169000000.0,95000000,0.010111761575306013,62.052527791367645,62.052527791367645,1530961.0,1530961.0,,,1620589660,15:47:40,20210509
78,2001-09-30,BRK-A,USD,2002-03-15,2002-03-15,Q3,9310000000,0.0,0.0,0.0,0.0,759000000.0,0.0,0.0,0.0,10356000000.0,43000000.0,0.0,0.0,0.0,0.0,-0.11235230934479055,3351000000.0,-1046000000.0,-0.11235230934479055,-361000000.0,-679000000,-0.07293233082706767,-445.0,-445.0,1527347.0,1527347.0,https://www.sec.gov/Archives/edgar/data/1067983/000095015002000219/0000950150-02-000219-index.htm,https://www.sec.gov/Archives/edgar/data/1067983/000095015002000219/a79927a1e10-qa.txt,1620589660,15:47:40,20210509
79,2001-06-30,BRK-A,USD,2001-06-30,2001-06-30,Q2,10656000000,0.0,0.0,0.0,0.0,756000000.0,0.0,0.0,0.0,9389000000.0,57000000.0,0.0,0.0,0.0,0.0,0.11890015015015015,3216000000.0,1267000000.0,0.11890015015015015,473000000.0,773000000,0.07254129129129129,506.0,506.0,1527028.0,1527028.0,,,1620589660,15:47:40,20210509
80,2001-03-31,BRK-A,USD,2001-05-15,2001-05-15,Q1,8135000000,0.0,0.0,0.0,0.0,730000000.0,0.0,0.0,0.0,7178000000.0,60000000.0,0.0,0.0,0.0,0.0,0.117639827904118,2764000000.0,957000000.0,0.117639827904118,339000000.0,606000000,0.07449293177627535,397.0,397.0,1526540.0,1526540.0,https://www.sec.gov/Archives/edgar/data/1067983/000095015001500319/0000950150-01-500319-index.htm,https://www.sec.gov/Archives/edgar/data/1067983/000095015001500319/a72435e10-q.txt,1620589660,15:47:40,20210509
81,2000-12-31,BRK-A,USD,2000-12-31,2000-12-31,Q4,12523000000,0.0,0.0,0.0,0.0,534000000.0,0.0,0.0,0.0,10731000000.0,39000000.0,0.0,0.0,0.0,0.0,0.14309670206819453,1522000000.0,1792000000.0,0.14309670206819453,680000000.0,1084000000,0.0865607282600016,710.1025849306275,710.1025849306275,1526540.0,1526540.0,,,1620589660,15:47:40,20210509
82,2000-09-30,BRK-A,USD,2000-11-13,2000-11-13,Q3,8426000000,0.0,0.0,0.0,0.0,413000000.0,0.0,0.0,0.0,7050000000.0,38000000.0,0.0,0.0,0.0,0.0,0.16330405886541657,1350000000.0,1376000000.0,0.16330405886541657,479000000.0,797000000,0.09458817944457631,523.0,523.0,1524170.0,1524170.0,https://www.sec.gov/Archives/edgar/data/1067983/000095015000000904/0000950150-00-000904-index.htm,https://www.sec.gov/Archives/edgar/data/1067983/000095015000000904/a67077e10-q.txt,1620589660,15:47:40,20210509
83,2000-06-30,BRK-A,USD,2000-06-30,2000-06-30,Q2,6553000000,0.0,0.0,0.0,0.0,378000000.0,0.0,0.0,0.0,5439000000.0,34000000.0,0.0,0.0,0.0,0.0,0.16999847398138257,1130000000.0,1114000000.0,0.16999847398138257,395000000.0,640000000,0.09766519151533648,421.0,421.0,1521057.0,1521057.0,,,1620589660,15:47:40,20210509
84,2000-03-31,BRK-A,USD,2000-03-31,2000-03-31,Q1,6474000000,0.0,0.0,0.0,0.0,378000000.0,0.0,0.0,0.0,5169000000.0,33000000.0,0.0,0.0,0.0,0.0,0.2015755329008341,1250000000.0,1305000000.0,0.2015755329008341,464000000.0,807000000,0.12465245597775718,531.0,531.0,1520680.0,1520680.0,,,1620589660,15:47:40,20210509
85,1999-12-31,BRK-A,USD,1999-12-31,1999-12-31,Q4,6070000000,0.0,0.0,0.0,0.0,359000000.0,0.0,0.0,0.0,6036000000.0,34000000.0,0.0,0.0,0.0,0.0,0.005601317957166392,3582000000.0,34000000.0,0.005601317957166392,-3000000.0,24000000,0.003953871499176277,15.782413130967726,15.782413130967726,1520680.0,1520680.0,,,1620589660,15:47:40,20210509
86,1999-09-30,BRK-A,USD,1999-09-30,1999-09-30,Q3,7051000000,0.0,0.0,0.0,0.0,267000000.0,0.0,0.0,0.0,6382000000.0,35000000.0,0.0,0.0,0.0,0.0,0.09488015884271735,12000000.0,669000000.0,0.09488015884271735,237000000.0,420000000,0.059566019004396537,276.0,276.0,1519954.0,1519954.0,,,1620589660,15:47:40,20210509
87,1999-06-30,BRK-A,USD,1999-06-30,1999-06-30,Q2,5461000000,0.0,0.0,0.0,0.0,269000000.0,0.0,0.0,0.0,4596000000.0,32000000.0,0.0,0.0,0.0,0.0,0.15839589818714522,76000000.0,865000000.0,0.15839589818714522,291000000.0,572000000,0.1047427211133492,376.0,376.0,1519657.0,1519657.0,,,1620589660,15:47:40,20210509
88,1999-03-31,BRK-A,USD,1999-03-31,1999-03-31,Q1,5446000000,0.0,0.0,0.0,0.0,269000000.0,0.0,0.0,0.0,4564000000.0,33000000.0,0.0,0.0,0.0,0.0,0.16195372750642673,59000000.0,882000000.0,0.16195372750642673,327000000.0,541000000,0.09933896437752479,356.0,356.0,1518897.0,1518897.0,,,1620589660,15:47:40,20210509
89,1998-12-31,BRK-A,USD,1998-12-31,1998-12-31,Q4,3662000000,0.0,0.0,0.0,0.0,312000000.0,0.0,0.0,0.0,2800000000.0,27000000.0,0.0,0.0,0.0,0.0,0.23539049699617695,3802000000.0,862000000.0,0.23539049699617695,291000000.0,567000000,0.15483342435827416,373.2972018510801,373.2972018510801,1518897.0,1518897.0,,,1620589660,15:47:40,20210509
90,1998-09-30,BRK-A,USD,1998-09-30,1998-09-30,Q3,2909000000,0.0,0.0,0.0,0.0,248000000.0,0.0,0.0,0.0,2361000000.0,28000000.0,0.0,0.0,0.0,0.0,0.1883808869027157,13000000.0,548000000.0,0.1883808869027157,179000000.0,365000000,0.1254726710209694,293.0,293.0,1244275.0,1244275.0,,,1620589660,15:47:40,20210509
91,1998-06-30,BRK-A,USD,1998-06-30,1998-06-30,Q2,3936000000,0.0,0.0,0.0,0.0,247000000.0,0.0,0.0,0.0,2121000000.0,27000000.0,0.0,0.0,0.0,0.0,0.4611280487804878,11000000.0,1815000000.0,0.4611280487804878,624000000.0,1176000000,0.29878048780487804,947.0,947.0,1241200.0,1241200.0,,,1620589660,15:47:40,20210509
92,1998-03-31,BRK-A,USD,1998-03-31,1998-03-31,Q1,3325000000,0.0,0.0,0.0,0.0,249000000.0,0.0,0.0,0.0,2236000000.0,27000000.0,0.0,0.0,0.0,0.0,0.3275187969924812,12000000.0,1089000000.0,0.3275187969924812,363000000.0,722000000,0.21714285714285714,582.0,582.0,1240710.0,1240710.0,,,1620589660,15:47:40,20210509
93,1997-12-31,BRK-A,USD,1997-12-31,1997-12-31,Q4,3644300000,0.0,0.0,0.0,0.0,111700000.0,0.0,0.0,0.0,2151800000.0,27900000.0,0.0,0.0,0.0,0.0,0.40954367093817745,8100000.0,1492500000.0,0.40954367093817745,502700000.0,972800000,0.26693740910462915,784.0671873362833,784.0671873362833,1240710.0,1240710.0,,,1620589660,15:47:40,20210509
94,1997-09-30,BRK-A,USD,1997-09-30,1997-09-30,Q3,2372700000,0.0,0.0,0.0,0.0,276100000.0,0.0,0.0,0.0,1833000000.0,28600000.0,0.0,0.0,0.0,0.0,0.22746238462511062,8700000.0,539700000.0,0.22746238462511062,169300000.0,366600000,0.15450752307497786,297.0,297.0,1234121.0,1234121.0,,,1620589660,15:47:40,20210509
95,1997-06-30,BRK-A,USD,1997-06-30,1997-06-30,Q2,2338200000,0.0,0.0,0.0,0.0,266900000.0,0.0,0.0,0.0,1940600000.0,27300000.0,0.0,0.0,0.0,0.0,0.1700453340176204,8200000.0,397600000.0,0.1700453340176204,116100000.0,277800000,0.11880934051834745,225.0,225.0,1232246.0,1232246.0,,,1620589660,15:47:40,20210509
96,1997-03-31,BRK-A,USD,1997-03-31,1997-03-31,Q1,2074800000,0.0,0.0,0.0,0.0,266100000.0,0.0,0.0,0.0,1677000000.0,28100000.0,0.0,0.0,0.0,0.0,0.19172932330827067,6800000.0,397800000.0,0.19172932330827067,109600000.0,284400000,0.13707345286292655,231.0,231.0,1232245.0,1232245.0,,,1620589660,15:47:40,20210509
97,1996-12-31,BRK-A,USD,1996-12-31,1996-12-31,Q4,2430500000,0.0,0.0,0.0,0.0,250400000.0,0.0,0.0,0.0,1910500000.0,20000000.0,0.0,0.0,0.0,0.0,0.21394774737708291,8400000.0,520000000.0,0.21394774737708291,151400000.0,364700000,0.15005142974696564,295.96387082114353,295.96387082114353,1232245.0,1232245.0,,,1620589660,15:47:40,20210509
98,1996-09-30,BRK-A,USD,1996-09-30,1996-09-30,Q3,2015300000,0.0,0.0,0.0,0.0,196900000.0,0.0,0.0,0.0,1649300000.0,26500000.0,0.0,0.0,0.0,0.0,0.18161067831092145,5900000.0,366000000.0,0.18161067831092145,98200000.0,264000000,0.13099786632263186,218.0,218.0,1210762.0,1210762.0,,,1620589660,15:47:40,20210509
99,1996-06-30,BRK-A,USD,1996-06-30,1996-06-30,Q2,1914800000,0.0,0.0,0.0,0.0,203700000.0,0.0,0.0,0.0,1651400000.0,26900000.0,0.0,0.0,0.0,0.0,0.1375600584917485,5200000.0,263400000.0,0.1375600584917485,69100000.0,191200000,0.0998537706287863,159.0,159.0,1203748.0,1203748.0,,,1620589660,15:47:40,20210509
100,1996-03-31,BRK-A,USD,1996-03-31,1996-03-31,Q1,4139700000,0.0,0.0,0.0,0.0,210900000.0,0.0,0.0,0.0,1583200000.0,26300000.0,0.0,0.0,0.0,0.0,0.6175568277894533,5800000.0,2556500000.0,0.6175568277894533,878100000.0,1668700000,0.403096842766384,1398.0,1398.0,1193512.0,1193512.0,,,1620589660,15:47:40,20210509
101,1995-12-31,BRK-A,USD,1995-12-31,1995-12-31,Q4,1180000000,0.0,0.0,0.0,0.0,258900000.0,0.0,0.0,0.0,195600000.0,18700000.0,0.0,0.0,0.0,0.0,0.0,2096600000.0,0.0,0.0,114700000.0,252900000,0.2143220338983051,211.89564914303332,211.89564914303332,1193512.0,1193512.0,,,1620589660,15:47:40,20210509
102,1995-09-30,BRK-A,USD,1995-09-30,1995-09-30,Q3,895900000,0.0,0.0,0.0,0.0,192000000.0,0.0,0.0,0.0,255500000.0,13900000.0,0.0,0.0,0.0,0.0,0.0,601400000.0,0.0,0.0,57500000.0,172500000,0.1925438106931577,145.0,145.0,1189655.0,1189655.0,,,1620589660,15:47:40,20210509
103,1995-06-30,BRK-A,USD,1995-06-30,1995-06-30,Q2,808600000,0.0,0.0,0.0,0.0,170100000.0,0.0,0.0,0.0,234000000.0,13400000.0,0.0,0.0,0.0,0.0,0.0,519800000.0,0.0,0.0,66300000.0,179600000,0.2221122928518427,152.0,152.0,1181579.0,1181579.0,,,1620589660,15:47:40,20210509
104,1995-03-31,BRK-A,USD,1995-03-31,1995-03-31,Q1,828800000,0.0,0.0,0.0,0.0,154900000.0,0.0,0.0,0.0,168100000.0,13200000.0,0.0,0.0,0.0,0.0,0.0,495300000.0,0.0,0.0,31900000.0,120200000,0.14502895752895753,102.0,102.0,1178431.0,1178431.0,,,1620589660,15:47:40,20210509
105,1994-12-31,BRK-A,USD,1994-12-31,1994-12-31,Q4,1200200000,0.0,0.0,0.0,0.0,1217400000.0,0.0,0.0,0.0,1270500000.0,-9400000.0,0.0,0.0,0.0,0.0,0.0,0.0,0.0,0.0,28100000.0,91400000,0.0761539743376104,77.5607566331843,77.5607566331843,1178431.0,1178431.0,,,1620589660,15:47:40,20210509
106,1994-09-30,BRK-A,USD,1994-09-30,1994-09-30,Q3,820800000,0.0,0.0,0.0,0.0,150800000.0,0.0,0.0,0.0,172900000.0,22100000.0,0.0,0.0,0.0,0.0,0.0,0.0,0.0,0.0,29700000.0,105800000,0.12889863547758285,89.85,89.85,1177518.0,1177518.0,,,1620589660,15:47:40,20210509
107,1994-06-30,BRK-A,USD,1994-06-30,1994-06-30,Q2,890500000,0.0,0.0,0.0,0.0,149000000.0,0.0,0.0,0.0,172500000.0,23500000.0,0.0,0.0,0.0,0.0,0.0,0.0,0.0,0.0,60300000.0,164600000,0.18483997754070747,139.8,139.8,1177396.0,1177396.0,,,1620589660,15:47:40,20210509
108,1994-03-31,BRK-A,USD,1994-03-31,1994-03-31,Q1,935900000,0.0,0.0,0.0,0.0,158000000.0,0.0,0.0,0.0,182000000.0,24000000.0,0.0,0.0,0.0,0.0,0.0,0.0,0.0,0.0,40700000.0,132900000,0.1420023506784913,112.83,112.83,1177878.0,1177878.0,,,1620589660,15:47:40,20210509
109,1993-12-31,BRK-A,USD,1993-12-31,1993-12-31,Q4,445500000,0.0,0.0,0.0,0.0,799400000.0,0.0,0.0,0.0,872800000.0,23200000.0,0.0,0.0,0.0,0.0,0.0,0.0,0.0,0.0,252200000.0,523600000,1.1753086419753087,444.5282109012988,444.5282109012988,1177878.0,1177878.0,,,1620589660,15:47:40,20210509
110,1993-09-30,BRK-A,USD,1993-09-30,1993-09-30,Q3,744100000,0.0,0.0,0.0,0.0,127700000.0,0.0,0.0,0.0,148700000.0,21000000.0,0.0,0.0,0.0,0.0,0.0,0.0,0.0,0.0,101100000.0,22800000,0.030641042870581912,19.78,19.78,1152679.0,1152679.0,,,1620589660,15:47:40,20210509
111,1993-06-30,BRK-A,USD,1993-06-30,1993-06-30,Q2,703700000,0.0,0.0,0.0,0.0,136100000.0,0.0,0.0,0.0,154600000.0,18500000.0,0.0,0.0,0.0,0.0,0.0,0.0,0.0,0.0,35300000.0,112000000,0.15915873241438114,97.14,97.14,1152975.0,1152975.0,,,1620589660,15:47:40,20210509
112,1993-03-31,BRK-A,USD,1993-03-31,1993-03-31,Q1,725800000,0.0,0.0,0.0,0.0,0.0,0.0,0.0,0.0,0.0,0.0,0.0,0.0,0.0,0.0,0.0,0.0,0.0,0.0,0.0,29700000,0.040920363736566545,25.81,25.81,1150717.0,1150717.0,,,1620589660,15:47:40,20210509
113,1992-12-31,BRK-A,USD,1992-12-31,1992-12-31,Q4,923500000,0.0,0.0,0.0,0.0,141500000.0,0.0,0.0,0.0,215100000.0,32500000.0,0.0,0.0,0.0,0.0,0.0,0.0,0.0,0.0,98600000.0,203500000,0.22035733622089876,176.84626193929523,176.84626193929523,1150717.0,1150717.0,,,1620589660,15:47:40,20210509
114,1992-09-30,BRK-A,USD,1992-09-30,1992-09-30,Q3,809400000,0.0,0.0,0.0,0.0,121100000.0,0.0,0.0,0.0,151100000.0,30000000.0,0.0,0.0,0.0,0.0,0.0,809400000.0,0.0,0.0,-600000.0,38300000,0.047319001729676305,33.44,33.44,1145335.0,1145335.0,,,1620589660,15:47:40,20210509
115,1992-06-30,BRK-A,USD,1992-06-30,1992-06-30,Q2,656800000,0.0,0.0,0.0,0.0,0.0,0.0,0.0,0.0,0.0,0.0,0.0,0.0,0.0,0.0,0.0,656800000.0,0.0,0.0,26800000.0,98000000,0.1492082825822168,85.52,85.52,1145931.0,1145931.0,,,1620589660,15:47:40,20210509
116,1992-03-31,BRK-A,USD,1992-03-31,1992-03-31,Q1,639600000,0.0,0.0,0.0,0.0,139000000.0,0.0,0.0,0.0,176400000.0,37400000.0,0.0,0.0,0.0,0.0,0.0,639600000.0,0.0,0.0,13300000.0,67400000,0.10537836147592246,58.82,58.82,1145869.0,1145869.0,,,1620589660,15:47:40,20210509
117,1991-12-31,BRK-A,USD,1991-12-31,1991-12-31,Q4,98000000,0.0,0.0,0.0,0.0,0.0,0.0,0.0,0.0,0.0,0.0,0.0,0.0,0.0,0.0,0.0,0.0,0.0,0.0,0.0,109900000,1.1214285714285714,95.90974186403507,95.90974186403507,1145869.0,1145869.0,,,1620589660,15:47:40,20210509
118,1991-09-30,BRK-A,USD,1991-09-30,1991-09-30,Q3,776500000,0.0,0.0,0.0,0.0,0.0,0.0,0.0,0.0,0.0,0.0,0.0,0.0,0.0,0.0,0.0,0.0,0.0,0.0,0.0,110000000,0.14166130070830651,96.0,96.0,1145833.0,1145833.0,,,1620589660,15:47:40,20210509
119,1991-06-30,BRK-A,USD,1991-06-30,1991-06-30,Q2,776500000,0.0,0.0,0.0,0.0,0.0,0.0,0.0,0.0,0.0,0.0,0.0,0.0,0.0,0.0,0.0,0.0,0.0,0.0,0.0,110000000,0.14166130070830651,96.0,96.0,1145833.0,1145833.0,,,1620589660,15:47:40,20210509
120,1991-03-31,BRK-A,USD,1991-03-31,1991-03-31,Q1,776500000,0.0,0.0,0.0,0.0,0.0,0.0,0.0,0.0,0.0,0.0,0.0,0.0,0.0,0.0,0.0,0.0,0.0,0.0,0.0,110000000,0.14166130070830651,96.0,96.0,1145833.0,1145833.0,,,1620589660,15:47:40,20210509
121,1990-12-31,BRK-A,USD,1990-12-31,1990-12-31,Q4,453500000,0.0,0.0,0.0,0.0,154600000.0,0.0,0.0,0.0,241900000.0,30600000.0,0.0,0.0,0.0,0.0,0.0,453500000.0,0.0,0.0,37200000.0,125500000,0.27673649393605293,109.52730458976133,109.52730458976133,1145833.0,1145833.0,,,1620589660,15:47:40,20210509
122,1990-09-30,BRK-A,USD,1990-09-30,1990-09-30,Q3,354400000,0.0,0.0,0.0,0.0,123800000.0,0.0,0.0,0.0,151900000.0,28100000.0,0.0,0.0,0.0,0.0,0.0,354400000.0,0.0,0.0,25900000.0,90200000,0.25451467268623024,86.0,86.0,1048837.0,1048837.0,,,1620589660,15:47:40,20210509
123,1990-06-30,BRK-A,USD,1990-06-30,1990-06-30,Q2,380100000,0.0,0.0,0.0,0.0,124200000.0,0.0,0.0,0.0,152400000.0,28200000.0,0.0,0.0,0.0,0.0,0.0,380100000.0,0.0,0.0,26500000.0,94000000,0.24730334122599315,81.95,81.95,1147041.0,1147041.0,,,1620589660,15:47:40,20210509
124,1990-03-31,BRK-A,USD,1990-03-31,1990-03-31,Q1,392000000,0.0,0.0,0.0,0.0,138500000.0,0.0,0.0,0.0,164400000.0,25900000.0,0.0,0.0,0.0,0.0,0.0,392000000.0,0.0,0.0,22400000.0,84500000,0.21556122448979592,73.69,73.69,1146696.0,1146696.0,,,1620589660,15:47:40,20210509
125,1989-12-31,BRK-A,USD,1989-12-31,1989-12-31,Q4,620800000,0.0,0.0,0.0,0.0,0.0,0.0,0.0,0.0,0.0,0.0,0.0,0.0,0.0,0.0,0.0,0.0,0.0,0.0,0.0,111400000,0.1794458762886598,97.14867759196858,97.14867759196858,1146696.0,1146696.0,,,1620589660,15:47:40,20210509
126,1989-09-30,BRK-A,USD,1989-09-30,1989-09-30,Q3,597100000,0.0,0.0,0.0,0.0,0.0,0.0,0.0,0.0,0.0,0.0,0.0,0.0,0.0,0.0,0.0,0.0,0.0,0.0,0.0,121700000,0.20381845587003852,106.12,106.12,1146815.0,1146815.0,,,1620589660,15:47:40,20210509
127,1989-06-30,BRK-A,USD,1989-06-30,1989-06-30,Q2,564200000,0.0,0.0,0.0,0.0,0.0,0.0,0.0,0.0,0.0,0.0,0.0,0.0,0.0,0.0,0.0,0.0,0.0,0.0,0.0,87400000,0.15490960652250974,76.27,76.27,1145929.0,1145929.0,,,1620589660,15:47:40,20210509
128,1989-03-31,BRK-A,USD,1989-03-31,1989-03-31,Q1,701700000,0.0,0.0,0.0,0.0,0.0,0.0,0.0,0.0,0.0,0.0,0.0,0.0,0.0,0.0,0.0,0.0,0.0,0.0,0.0,127100000,0.18113153769417129,110.82,110.82,1146905.0,1146905.0,,,1620589660,15:47:40,20210509
129,1988-12-31,BRK-A,USD,1988-12-31,1988-12-31,Q4,662900000,0.0,0.0,0.0,0.0,0.0,0.0,0.0,0.0,0.0,0.0,0.0,0.0,0.0,0.0,0.0,0.0,0.0,0.0,0.0,121300000,0.1829838588022326,105.76290102493232,105.76290102493232,1146905.0,1146905.0,,,1620589660,15:47:40,20210509
130,1988-09-30,BRK-A,USD,1988-09-30,1988-09-30,Q3,583900000,0.0,0.0,0.0,0.0,0.0,0.0,0.0,0.0,0.0,0.0,0.0,0.0,0.0,0.0,0.0,0.0,0.0,0.0,0.0,84500000,0.14471656105497516,73.73,73.73,1146074.0,1146074.0,,,1620589660,15:47:40,20210509
131,1988-06-30,BRK-A,USD,1988-06-30,1988-06-30,Q2,576400000,0.0,0.0,0.0,0.0,0.0,0.0,0.0,0.0,0.0,0.0,0.0,0.0,0.0,0.0,0.0,0.0,0.0,0.0,0.0,94400000,0.16377515614156835,82.37,82.37,1146048.0,1146048.0,,,1620589660,15:47:40,20210509
132,1988-03-31,BRK-A,USD,1988-03-31,1988-03-31,Q1,641700000,0.0,0.0,0.0,0.0,0.0,0.0,0.0,0.0,0.0,0.0,0.0,0.0,0.0,0.0,0.0,0.0,0.0,0.0,0.0,99100000,0.15443353592021195,86.38,86.38,1147256.0,1147256.0,,,1620589660,15:47:40,20210509
