,date,symbol,reportedCurrency,fillingDate,acceptedDate,period,revenue,costOfRevenue,grossProfit,grossProfitRatio,researchAndDevelopmentExpenses,generalAndAdministrativeExpenses,sellingAndMarketingExpenses,otherExpenses,operatingExpenses,costAndExpenses,interestExpense,depreciationAndAmortization,ebitda,ebitdaratio,operatingIncome,operatingIncomeRatio,totalOtherIncomeExpensesNet,incomeBeforeTax,incomeBeforeTaxRatio,incomeTaxExpense,netIncome,netIncomeRatio,eps,epsdiluted,weightedAverageShsOut,weightedAverageShsOutDil,link,finalLink,timestamp,est_time,est_date
0,2021-03-31,LNT,USD,2021-05-07,2021-05-07,Q1,901000000,100000000,801000000,0.8890122086570478,0.0,0.0,0.0,703000.0,703000000,803000000,-69000000.0,164000000.0,362000000,0.4017758046614872,198000000,0.21975582685904552,26000000.0,146000000.0,0.16204217536071033,0.0,174000000.0,0.19311875693673697,0.696836203444133,0.696836203444133,249700000,249700000,https://www.sec.gov/Archives/edgar/data/352541/000035254121000056/0000352541-21-000056-index.htm,https://www.sec.gov/Archives/edgar/data/352541/000035254121000056/lnt-20210331.htm,1620594547,17:09:07,20210509
1,2020-12-31,LNT,USD,2021-02-19,2021-02-19 14:31:18,Q4,817000000,518000000,299000000,0.3659730722154223,0.0,0.0,0.0,-7000000.0,187000000,705000000,68000000.0,161000000.0,273000000,0.33414932680538556,112000000,0.13708690330477355,12000000.0,56000000.0,0.06854345165238677,-10000000.0,66000000.0,0.08078335373317014,0.2643171806167401,0.2643171806167401,249700000,249700000,https://www.sec.gov/Archives/edgar/data/352541/000035254121000022/0000352541-21-000022-index.htm,https://www.sec.gov/Archives/edgar/data/352541/000035254121000022/lnt-20201231.htm,1620594547,17:09:07,20210509
2,2020-09-30,LNT,USD,2020-11-03,2020-11-03 12:36:12,Q3,920000000,465000000,455000000,0.4945652173913043,0.0,0.0,0.0,-3000000.0,183000000,648000000,68000000.0,155600000.0,427600000,0.4647826086956522,272000000,0.2956521739130435,25000000.0,229000000.0,0.24891304347826088,-20000000.0,249000000.0,0.27065217391304347,0.99,0.98,249700000,250000000,https://www.sec.gov/Archives/edgar/data/352541/000035254120000108/0000352541-20-000108-index.htm,https://www.sec.gov/Archives/edgar/data/352541/000035254120000108/lnt930202010-q.htm,1620594547,17:09:07,20210509
3,2020-06-30,LNT,USD,2020-08-10,2020-08-10 08:48:18,Q2,763100000,415800000,347300000,0.4551172847595335,0.0,0.0,0.0,-2500000.0,179200000,595000000,69600000.0,152100000.0,320200000,0.41960424583933953,168100000,0.22028567684445027,30100000.0,128600000.0,0.16852312934084654,-8300000.0,136900000.0,0.17939981653780632,0.5484775641025641,0.5480384307445957,249600000,249800000,https://www.sec.gov/Archives/edgar/data/352541/000035254120000090/0000352541-20-000090-index.htm,https://www.sec.gov/Archives/edgar/data/352541/000035254120000090/lnt630202010-q.htm,1620594547,17:09:07,20210509
4,2020-03-31,LNT,USD,2020-05-08,2020-05-08 13:47:26,Q1,915700000,553500000,362200000,0.3955443922682101,0.0,0.0,0.0,-1900000.0,173900000,727400000,68900000.0,146300000.0,334600000,0.36540351643551383,188300000,0.2056350333078519,34500000.0,153900000.0,0.16806814458883915,-18700000.0,172600000.0,0.18848968002620944,0.7062193126022913,0.705641864268193,244400000,244600000,https://www.sec.gov/Archives/edgar/data/352541/000035254120000064/0000352541-20-000064-index.htm,https://www.sec.gov/Archives/edgar/data/352541/000035254120000021/lnt1231201910-k.htm,1620594547,17:09:07,20210509
5,2019-12-31,LNT,USD,2020-02-21,2020-02-21 14:15:21,Q4,880100000,538100000,342000000,0.388592205431201,0.0,0.0,0.0,-3400000.0,170100000,708200000,69100000.0,143600000.0,315500000,0.35848199068287695,171900000,0.19531871378252472,30500000.0,133300000.0,0.151460061356664,19300000.0,114000000.0,0.12953073514373367,0.4730290456431535,0.47224523612261804,241000000,241400000,https://www.sec.gov/Archives/edgar/data/352541/000035254120000021/0000352541-20-000021-index.htm,https://www.sec.gov/Archives/edgar/data/352541/000035254120000021/lnt1231201910-k.htm,1620594547,17:09:07,20210509
6,2019-09-30,LNT,USD,2019-11-07,2019-11-07 12:15:33,Q3,990200000,532500000,457700000,0.4622298525550394,0.0,0.0,0.0,0.0,171200000,703700000,68300000.0,143800000.0,430300000,0.43455867501514844,286500000,0.2893354877802464,33500000.0,251700000.0,0.2541910725106039,23100000.0,228600000.0,0.23086245202989295,0.95,0.94,239100000,239900000,https://www.sec.gov/Archives/edgar/data/352541/000035254119000099/0000352541-19-000099-index.htm,https://www.sec.gov/Archives/edgar/data/352541/000035254119000099/lnt930201910-q.htm,1620594547,17:09:07,20210509
7,2019-06-30,LNT,USD,2019-08-02,2019-08-02 15:00:08,Q2,790200000,473200000,317000000,0.4011642622120982,0.0,0.0,0.0,0.0,170500000,643700000,69200000.0,142900000.0,289400000,0.36623639584915213,146500000,0.18539610225259429,31000000.0,108300000.0,0.13705391040242976,11200000.0,97100000.0,0.1228802834725386,0.4088421052631579,0.40781184376312474,237500000,238100000,https://www.sec.gov/Archives/edgar/data/352541/000035254119000082/0000352541-19-000082-index.htm,https://www.sec.gov/Archives/edgar/data/352541/000035254119000082/lnt630201910-q.htm,1620594547,17:09:07,20210509
8,2019-03-31,LNT,USD,2019-05-03,2019-05-03 12:22:55,Q1,987200000,648200000,339000000,0.3433954619124797,0.0,0.0,0.0,0.0,166200000,814400000,66300000.0,136900000.0,309700000,0.31371555915721233,172800000,0.17504051863857376,36300000.0,142800000.0,0.1446515397082658,15100000.0,127700000.0,0.12935575364667748,0.5399577167019027,0.5397295012679628,236500000,236600000,https://www.sec.gov/Archives/edgar/data/352541/000035254119000053/0000352541-19-000053-index.htm,https://www.sec.gov/Archives/edgar/data/352541/000035254119000013/lnt1231201810-k.htm,1620594547,17:09:07,20210509
9,2018-12-31,LNT,USD,2019-02-22,2019-02-22 15:39:51,Q4,873500000,596900000,276600000,0.3166571265025758,0.0,0.0,0.0,0.0,156800000,753700000,63200000.0,141100000.0,260900000,0.29868345735546653,119800000,0.13714939896966227,36800000.0,93400000.0,0.10692615912993704,5600000.0,87800000.0,0.1005151688609044,0.36,0.36,236000000,236000000,https://www.sec.gov/Archives/edgar/data/352541/000035254119000013/0000352541-19-000013-index.htm,https://www.sec.gov/Archives/edgar/data/352541/000035254119000013/lnt1231201810-k.htm,1620594547,17:09:07,20210509
10,2018-09-30,LNT,USD,2018-11-07,2018-11-07 16:40:50,Q3,928600000,518200000,410400000,0.44195563213439587,0.0,0.0,0.0,0.0,155900000,674100000,63300000.0,129000000.0,383500000,0.41298729269868617,254500000,0.27406849020030155,28600000.0,219800000.0,0.2367004092181779,11700000.0,208100000.0,0.22410079689855697,0.87,0.87,235200000,235200000,https://www.sec.gov/Archives/edgar/data/352541/000035254118000089/0000352541-18-000089-index.htm,https://www.sec.gov/Archives/edgar/data/352541/000035254118000089/lnt930201810-q.htm,1620594547,17:09:07,20210509
11,2018-06-30,LNT,USD,2018-08-03,2018-08-03 12:00:30,Q2,816100000,515700000,300400000,0.36809214557039577,0.0,0.0,0.0,0.0,151200000,666900000,61300000.0,127000000.0,276200000,0.33843891679941185,149200000,0.18282073275333904,28600000.0,116500000.0,0.14275211371155497,13600000.0,102900000.0,0.12608748927827473,0.43,0.43,232000000,232000000,https://www.sec.gov/Archives/edgar/data/352541/000035254118000078/0000352541-18-000078-index.htm,https://www.sec.gov/Archives/edgar/data/352541/000035254118000078/lnt630201810-q.htm,1620594547,17:09:07,20210509
12,2018-03-31,LNT,USD,2018-05-03,2018-05-03 17:00:08,Q1,916300000,605600000,310700000,0.33908108698024664,0.0,0.0,0.0,0.0,147400000,753000000,59200000.0,120400000.0,283700000,0.30961475499290625,163300000,0.17821674124195133,36200000.0,140300000.0,0.15311579177125395,16800000.0,123500000.0,0.13478118520135327,0.52,0.52,231400000,231400000,https://www.sec.gov/Archives/edgar/data/352541/000035254118000051/0000352541-18-000051-index.htm,https://www.sec.gov/Archives/edgar/data/352541/000035254118000019/lnt1231201710-k.htm,1620594547,17:09:07,20210509
13,2017-12-31,LNT,USD,2018-02-23,2018-02-23 15:57:37,Q4,856100000,580800000,275300000,0.32157458240859715,0.0,0.0,0.0,0.0,145600000,726400000,56600000.0,140800000.0,270500000,0.31596776077561034,129700000,0.15150099287466418,24900000.0,98100000.0,0.11458941712416773,1800000.0,96300000.0,0.11248685901179768,0.41,0.41,231200000,231200000,https://www.sec.gov/Archives/edgar/data/352541/000035254118000019/0000352541-18-000019-index.htm,https://www.sec.gov/Archives/edgar/data/352541/000035254118000019/lnt1231201710-k.htm,1620594547,17:09:07,20210509
14,2017-09-30,LNT,USD,2017-11-03,2017-11-03 14:10:02,Q3,906900000,527700000,379200000,0.4181276877274231,0.0,0.0,0.0,0.0,147700000,675400000,53900000.0,120700000.0,352200000,0.3883559378101224,231500000,0.25526518910574486,19700000.0,197500000.0,0.21777483735803285,26100000.0,171400000.0,0.18899547910464218,0.73,0.73,231000000,231000000,https://www.sec.gov/Archives/edgar/data/352541/000035254117000103/0000352541-17-000103-index.htm,https://www.sec.gov/Archives/edgar/data/352541/000035254117000103/lnt930201710-q.htm,1620594547,17:09:07,20210509
15,2017-06-30,LNT,USD,2017-08-04,2017-08-04 14:19:54,Q2,765300000,475300000,290000000,0.3789363648242519,0.0,0.0,0.0,0.0,140700000,616000000,52800000.0,115000000.0,264300000,0.3453547628381027,149300000,0.19508689402848556,21400000.0,118000000.0,0.15418790016986803,21200000.0,96800000.0,0.12648634522409513,0.41,0.41,229000000,229000000,https://www.sec.gov/Archives/edgar/data/352541/000035254117000081/0000352541-17-000081-index.htm,https://www.sec.gov/Archives/edgar/data/352541/000035254117000081/lnt630201710-q.htm,1620594547,17:09:07,20210509
16,2017-03-31,LNT,USD,2017-05-04,2017-05-04 13:48:06,Q1,853900000,577600000,276300000,0.32357418901510715,0.0,0.0,0.0,0.0,133400000,711000000,52300000.0,107000000.0,249900000,0.2926572198149666,142900000,0.1673498067689425,28500000.0,119200000.0,0.13959480032790725,17600000.0,103000000.0,0.12062302377327556,0.44,0.44,227600000,227600000,https://www.sec.gov/Archives/edgar/data/352541/000035254117000054/0000352541-17-000054-index.htm,https://www.sec.gov/Archives/edgar/data/352541/000035254117000017/lnt1231201610-k.htm,1620594547,17:09:07,20210509
17,2016-12-31,LNT,USD,2017-02-24,2017-02-24 14:12:09,Q4,797000000,569100000,227900000,0.2859473023839398,0.0,0.0,0.0,0.0,128000000,697100000,51400000.0,98100000.0,198000000,0.24843161856963614,99900000,0.12534504391468004,29000000.0,77700000.0,0.09749058971141782,12200000.0,65200000.0,0.08180677540777917,0.28,0.28,227400000,227400000,https://www.sec.gov/Archives/edgar/data/352541/000035254117000017/0000352541-17-000017-index.htm,https://www.sec.gov/Archives/edgar/data/352541/000035254117000017/lnt1231201610-k.htm,1620594547,17:09:07,20210509
18,2016-09-30,LNT,USD,2016-11-04,2016-11-04 12:28:32,Q3,924600000,545600000,379000000,0.4099069868051049,0.0,0.0,0.0,0.0,130000000,675600000,48800000.0,104100000.0,353100000,0.38189487345879297,249000000,0.2693056456846204,-61400000.0,138900000.0,0.15022712524334847,7500000.0,131000000.0,0.1416828898983344,0.57,0.57,227200000,227200000,https://www.sec.gov/Archives/edgar/data/352541/000035254116000203/0000352541-16-000203-index.htm,https://www.sec.gov/Archives/edgar/data/352541/000035254116000203/lnt930201610-q.htm,1620594547,17:09:07,20210509
19,2016-06-30,LNT,USD,2016-08-02,2016-08-02 13:47:00,Q2,754600000,498900000,255700000,0.3388550225284919,0.0,0.0,0.0,0.0,127100000,626000000,48000000.0,102100000.0,230700000,0.30572488735754044,128600000,0.1704214153193745,24400000.0,105000000.0,0.1391465677179963,18100000.0,86400000.0,0.11449774715080838,0.37,0.37,227000000,227000000,https://www.sec.gov/Archives/edgar/data/352541/000035254116000165/0000352541-16-000165-index.htm,https://www.sec.gov/Archives/edgar/data/352541/000035254116000165/lnt630201610-q.htm,1620594547,17:09:07,20210509
20,2016-03-31,LNT,USD,2016-05-05,2016-05-05 11:38:28,Q1,843800000,569100000,274700000,0.3255510784546101,0.0,0.0,0.0,0.0,128800000,697900000,48000000.0,102500000.0,248400000,0.29438255510784544,145900000,0.17290827210239393,23700000.0,121800000.0,0.14434700165916095,21600000.0,99100000.0,0.11744489215453899,0.425,0.425,226800000,226800000,https://www.sec.gov/Archives/edgar/data/352541/000035254116000116/0000352541-16-000116-index.htm,https://www.sec.gov/Archives/edgar/data/352541/000035254116000076/lnt1231201510-k.htm,1620594547,17:09:07,20210509
21,2015-12-31,LNT,USD,2016-02-24,2016-02-24 15:40:11,Q4,740100000,534400000,205700000,0.27793541413322526,0.0,0.0,0.0,0.0,126500000,660900000,47600000.0,113800000.0,193000000,0.2607755708688015,79200000,0.10701256586947709,16700000.0,48600000.0,0.06566680178354277,10900000.0,36600000.0,0.04945277665180381,0.15,0.15,226600000,226600000,https://www.sec.gov/Archives/edgar/data/352541/000035254116000076/0000352541-16-000076-index.htm,https://www.sec.gov/Archives/edgar/data/352541/000035254116000076/lnt1231201510-k.htm,1620594547,17:09:07,20210509
22,2015-09-30,LNT,USD,2015-11-06,2015-11-06 13:08:25,Q3,898900000,538100000,360800000,0.4013794637890755,0.0,0.0,0.0,0.0,124900000,663000000,46400000.0,99300000.0,335200000,0.37290021136945156,235900000,0.2624318611636445,20800000.0,210400000.0,0.23406385582378464,27800000.0,182500000.0,0.20302592056958504,0.795,0.795,226400000,226400000,https://www.sec.gov/Archives/edgar/data/352541/000035254115000030/0000352541-15-000030-index.htm,https://www.sec.gov/Archives/edgar/data/352541/000035254115000030/lnt930201510-q.htm,1620594547,17:09:07,20210509
23,2015-06-30,LNT,USD,2015-08-06,2015-08-06 16:49:16,Q2,717200000,481300000,235900000,0.3289180145008366,0.0,0.0,0.0,0.0,126900000,608200000,46500000.0,100400000.0,209400000,0.2919687674288901,109000000,0.15197992191857224,19900000.0,82600000.0,0.11517010596765198,11200000.0,70100000.0,0.09774121583937535,0.3,0.3,226200000,226200000,https://www.sec.gov/Archives/edgar/data/352541/000035254115000022/0000352541-15-000022-index.htm,https://www.sec.gov/Archives/edgar/data/352541/000035254115000022/lnt630201510-q.htm,1620594547,17:09:07,20210509
24,2015-03-31,LNT,USD,2015-05-01,2015-05-01 13:54:08,Q1,897400000,617800000,279600000,0.3115667483842211,0.0,0.0,0.0,0.0,126700000,744500000,46600000.0,100200000.0,253100000,0.2820369957655449,152900000,0.17038110095832404,13300000.0,119700000.0,0.13338533541341654,20500000.0,99200000.0,0.11054156451972365,0.435,0.435,222200000,222200000,https://www.sec.gov/Archives/edgar/data/352541/000035254115000011/0000352541-15-000011-index.htm,https://www.sec.gov/Archives/edgar/data/352541/000035254115000005/lnt1231201410-k.htm,1620594547,17:09:07,20210509
25,2014-12-31,LNT,USD,2015-02-25,2015-02-24 20:52:50,Q4,804100000,587800000,216300000,0.2689963934833976,0.0,0.0,0.0,0.0,125000000,712800000,45700000.0,112000000.0,203300000,0.252829250093272,91300000,0.11354309165526676,15200000.0,60800000.0,0.07561248600920284,-1900000.0,62500000.0,0.07772665091406541,0.27,0.27,221600000,221600000,https://www.sec.gov/Archives/edgar/data/352541/000035254115000005/0000352541-15-000005-index.htm,https://www.sec.gov/Archives/edgar/data/352541/000035254115000005/lnt1231201410-k.htm,1620594547,17:09:07,20210509
26,2014-09-30,LNT,USD,2014-11-07,2014-11-07 14:40:47,Q3,843100000,525600000,317500000,0.37658640730636933,0.0,0.0,0.0,0.0,122700000,648300000,44600000.0,110100000.0,304900000,0.36164156090617955,194800000,0.23105206974261652,19800000.0,170200000.0,0.20187403629462697,12400000.0,155900000.0,0.18491282172933224,0.69,0.69,221600000,221600000,https://www.sec.gov/Archives/edgar/data/352541/000035254114000025/0000352541-14-000025-index.htm,https://www.sec.gov/Archives/edgar/data/352541/000035254114000025/lnt930201410-q.htm,1620594547,17:09:07,20210509
27,2014-06-30,LNT,USD,2014-08-07,2014-08-07 12:19:38,Q2,750300000,527100000,223200000,0.2974810075969612,0.0,0.0,0.0,0.0,119900000,647000000,45200000.0,109600000.0,212900000,0.2837531654005065,103300000,0.13767826202852193,19700000.0,77800000.0,0.10369185659069706,13200000.0,64300000.0,0.08569905371184859,0.28,0.28,221600000,221600000,https://www.sec.gov/Archives/edgar/data/352541/000035254114000019/0000352541-14-000019-index.htm,https://www.sec.gov/Archives/edgar/data/352541/000035254114000019/lnt630201410-q.htm,1620594547,17:09:07,20210509
28,2014-03-31,LNT,USD,2014-05-02,2014-05-02 14:06:14,Q1,952800000,677000000,275800000,0.2894626364399664,0.0,0.0,0.0,0.0,121600000,798600000,45200000.0,110600000.0,264800000,0.2779177162048699,154200000,0.1618387909319899,20500000.0,131200000.0,0.1376994122586062,20600000.0,110600000.0,0.11607892527287993,0.485,0.485,221600000,221600000,https://www.sec.gov/Archives/edgar/data/352541/000035254114000011/0000352541-14-000011-index.htm,https://www.sec.gov/Archives/edgar/data/352541/000035254114000006/lnt1231201310-k.htm,1620594547,17:09:07,20210509
29,2013-12-31,LNT,USD,2014-02-25,2014-02-25 16:20:51,Q4,832600000,605200000,227400000,0.2731203459043959,0.0,0.0,0.0,0.0,118800000,724000000,45200000.0,104600000.0,213200000,0.25606533749699734,108600000,0.13043478260869565,20700000.0,82800000.0,0.09944751381215469,13700000.0,68100000.0,0.08179197693970694,0.295,0.295,221600000,221600000,https://www.sec.gov/Archives/edgar/data/352541/000035254114000006/0000352541-14-000006-index.htm,https://www.sec.gov/Archives/edgar/data/352541/000035254114000006/lnt1231201310-k.htm,1620594547,17:09:07,20210509
30,2013-09-30,LNT,USD,2013-11-07,2013-11-07 11:59:26,Q3,866600000,548200000,318400000,0.36741287791368565,0.0,0.0,0.0,0.0,117000000,665200000,42500000.0,101900000.0,303300000,0.3499884606508193,201400000,0.23240249249942302,19600000.0,179100000.0,0.20666974382644818,17600000.0,160200000.0,0.18486037387491344,0.7230351227173845,0.723022069774789,221566000,221570000,https://www.sec.gov/Archives/edgar/data/352541/000035254113000026/0000352541-13-000026-index.htm,https://www.sec.gov/Archives/edgar/data/352541/000035254113000026/lnt930201310-q.htm,1620594547,17:09:07,20210509
31,2013-06-30,LNT,USD,2013-08-02,2013-08-02 16:06:23,Q2,718000000,498800000,219200000,0.3052924791086351,0.0,0.0,0.0,0.0,116000000,614800000,42500000.0,102300000.0,205500000,0.2862116991643454,103200000,0.14373259052924792,17900000.0,78900000.0,0.10988857938718663,10500000.0,67800000.0,0.09442896935933148,0.294293,0.294293,221887338,221887338,https://www.sec.gov/Archives/edgar/data/352541/000035254113000020/0000352541-13-000020-index.htm,https://www.sec.gov/Archives/edgar/data/352541/000035254113000020/lnt630201310-q.htm,1620594547,17:09:07,20210509
32,2013-03-31,LNT,USD,2013-05-03,2013-05-03 13:39:44,Q1,859600000,620200000,239400000,0.2785016286644951,0.0,0.0,0.0,0.0,118700000,738900000,42600000.0,102300000.0,223000000,0.25942298743601677,120700000,0.14041414611447184,16300000.0,95200000.0,0.11074918566775244,12100000.0,80100000.0,0.09318287575616566,0.315,0.315,221904762,221904762,https://www.sec.gov/Archives/edgar/data/352541/000035254113000012/0000352541-13-000012-index.htm,https://www.sec.gov/Archives/edgar/data/352541/000035254113000007/lnt1231201210-k.htm,1620594547,17:09:07,20210509
33,2012-12-31,LNT,USD,2013-02-26,2013-02-26 17:15:59,Q4,750900000,980800000,-229900000,-0.3061659342122786,0.0,0.0,0.0,0.0,-331500000,649300000,40900000.0,140000000.0,241600000,0.3217472366493541,101600000,0.13530430150486084,18400000.0,80700000.0,0.10747103475829005,5600000.0,72300000.0,0.09628445864962046,0.32634600801646624,0.32631654961997436,221544000,221564000,https://www.sec.gov/Archives/edgar/data/352541/000035254113000007/0000352541-13-000007-index.htm,https://www.sec.gov/Archives/edgar/data/352541/000035254113000007/lnt1231201210-k.htm,1620594547,17:09:07,20210509
34,2012-09-30,LNT,USD,2012-11-09,2012-11-09 11:38:52,Q3,887600000,418200000,469400000,0.5288418206399279,0.0,0.0,0.0,0.0,255700000,673900000,38300000.0,83600000.0,297300000,0.3349481748535376,213700000,0.2407616043262731,16200000.0,192300000.0,0.21665164488508337,39300000.0,154700000.0,0.17429022082018927,0.6983063700707786,0.698237030484117,221536000,221558000,https://www.sec.gov/Archives/edgar/data/352541/000035254112000017/0000352541-12-000017-index.htm,https://www.sec.gov/Archives/edgar/data/352541/000035254112000017/lnt930201210-q.htm,1620594547,17:09:07,20210509
35,2012-06-30,LNT,USD,2012-08-03,2012-08-03 15:12:38,Q2,690300000,337600000,352700000,0.5109372736491381,0.0,0.0,0.0,0.0,243900000,581500000,38600000.0,80700000.0,189500000,0.27451832536578297,108800000,0.15761263218890337,15400000.0,86200000.0,0.12487324351731131,16800000.0,69800000.0,0.10111545704766044,0.3,0.297466,221512000,221538000,https://www.sec.gov/Archives/edgar/data/352541/000035254112000008/0000352541-12-000008-index.htm,https://www.sec.gov/Archives/edgar/data/352541/000035254112000008/lnt630201210-q.htm,1620594547,17:09:07,20210509
36,2012-03-31,LNT,USD,2012-05-04,2012-05-04 14:52:20,Q1,765700000,407600000,358100000,0.4676766357581298,0.0,0.0,0.0,0.0,262500000,670100000,38900000.0,83600000.0,179200000,0.23403421705628835,95600000,0.1248530756170824,13200000.0,71000000.0,0.09272561055243568,27700000.0,38900000.0,0.05080318662661617,0.16,0.157575,221432000,221482000,https://www.sec.gov/Archives/edgar/data/352541/000119312512211596/0001193125-12-211596-index.htm,https://www.sec.gov/Archives/edgar/data/352541/000119312512081622/d258440d10k.htm,1620594547,17:09:07,20210509
37,2011-12-31,LNT,USD,2012-02-27,2012-02-27 16:20:49,Q4,879200000,391900000,487300000,0.5542538671519563,0.0,0.0,0.0,0.0,393800000,785700000,38600000.0,81500000.0,175000000,0.19904458598726116,93500000,0.10634667879890809,13100000.0,70000000.0,0.07961783439490445,9000000.0,61000000.0,0.06938125568698818,0.2754796054770765,0.2754796054770765,221432000,221432000,https://www.sec.gov/Archives/edgar/data/352541/000119312512081622/0001193125-12-081622-index.htm,https://www.sec.gov/Archives/edgar/data/352541/000119312512081622/d258440d10k.htm,1620594547,17:09:07,20210509
38,2011-09-30,LNT,USD,2011-11-03,2011-11-03 17:17:58,Q3,1021600000,404200000,617400000,0.6043461237274863,0.0,0.0,0.0,0.0,432300000,836500000,38700000.0,81300000.0,266400000,0.26076742364917777,185100000,0.1811863743148003,12900000.0,160000000.0,0.15661707126076743,34100000.0,125900000.0,0.12323805794831637,0.5689264055961752,0.5686797054970866,221294000,221390000,https://www.sec.gov/Archives/edgar/data/352541/000119312511295400/0001193125-11-295400-index.htm,https://www.sec.gov/Archives/edgar/data/352541/000119312511295400/d231054d10q.htm,1620594547,17:09:07,20210509
39,2011-06-30,LNT,USD,2011-08-05,2011-08-05 09:31:28,Q2,819500000,362800000,456700000,0.5572910311165344,0.0,0.0,0.0,0.0,384700000,747500000,40400000.0,82200000.0,154200000,0.18816351433801098,72000000,0.08785845027455766,12300000.0,44700000.0,0.05454545454545454,-10600000.0,55300000.0,0.06748017083587553,0.230223,0.230223,221959022,221959022,https://www.sec.gov/Archives/edgar/data/352541/000119312511211511/0001193125-11-211511-index.htm,https://www.sec.gov/Archives/edgar/data/352541/000119312511211511/d10q.htm,1620594547,17:09:07,20210509
40,2011-03-31,LNT,USD,2011-05-05,2011-05-05 12:12:51,Q1,945000000,481800000,463200000,0.4901587301587302,0.0,0.0,0.0,0.0,335400000,817200000,40600000.0,78800000.0,206600000,0.21862433862433864,127800000,0.13523809523809524,13000000.0,101000000.0,0.10687830687830688,22600000.0,79700000.0,0.08433862433862434,0.3604084327433548,0.3602031961819365,221138000,221264000,https://www.sec.gov/Archives/edgar/data/352541/000119312511127887/0001193125-11-127887-index.htm,https://www.sec.gov/Archives/edgar/data/352541/000119312511049662/d10k.htm,1620594547,17:09:07,20210509
41,2010-12-31,LNT,USD,2011-02-28,2011-02-28 15:15:04,Q4,832600000,402800000,429800000,0.5162142685563296,0.0,0.0,0.0,0.0,330000000,732800000,40800000.0,76400000.0,176200000,0.21162623108335335,99800000,0.11986548162382897,13000000.0,75100000.0,0.09019937545039634,23400000.0,52000000.0,0.062454960365121305,0.23514728359666814,0.23514728359666814,221138000,221138000,https://www.sec.gov/Archives/edgar/data/352541/000119312511049662/0001193125-11-049662-index.htm,https://www.sec.gov/Archives/edgar/data/352541/000119312511049662/d10k.htm,1620594547,17:09:07,20210509
42,2010-09-30,LNT,USD,2010-10-29,2010-10-29 10:56:57,Q3,951700000,421700000,530000000,0.5568981822002732,0.0,0.0,0.0,0.0,283400000,705100000,41900000.0,52400000.0,299000000,0.3141746348639277,246600000,0.2591152674162026,14300000.0,219600000.0,0.23074498266260376,64100000.0,153700000.0,0.16150047283807922,0.6956702785396808,0.6951982920827906,220938000,221088000,https://www.sec.gov/Archives/edgar/data/352541/000119312510240771/0001193125-10-240771-index.htm,https://www.sec.gov/Archives/edgar/data/352541/000119312510240771/d10q.htm,1620594547,17:09:07,20210509
43,2010-06-30,LNT,USD,2010-08-05,2010-08-05 14:11:01,Q2,741600000,365500000,376100000,0.5071467098166127,0.0,0.0,0.0,0.0,275400000,640900000,39600000.0,75800000.0,176500000,0.23799892125134844,100700000,0.13578748651564185,14600000.0,75700000.0,0.10207659115426106,23000000.0,52500000.0,0.07079288025889968,0.23775235714479798,0.2375780613630193,220818000,220980000,https://www.sec.gov/Archives/edgar/data/352541/000119312510179039/0001193125-10-179039-index.htm,https://www.sec.gov/Archives/edgar/data/352541/000119312510179039/d10q.htm,1620594547,17:09:07,20210509
44,2010-03-31,LNT,USD,2010-05-05,2010-05-04 18:19:40,Q1,891300000,492400000,398900000,0.4475485246269494,0.0,0.0,0.0,0.0,289700000,782100000,40700000.0,87700000.0,196900000,0.22091327274767195,109200000,0.12251767081790643,13700000.0,83000000.0,0.09312240547514866,34900000.0,48100000.0,0.05396611690788736,0.21790736445346479,0.2177436148156196,220736000,220902000,https://www.sec.gov/Archives/edgar/data/352541/000119312510106871/0001193125-10-106871-index.htm,https://www.sec.gov/Archives/edgar/data/352541/000035254110000009/form10k123109.htm,1620594547,17:09:07,20210509
45,2009-12-31,LNT,USD,2010-02-26,2010-02-26 16:12:12,Q4,854900000,410300000,444600000,0.5200608258275822,0.0,0.0,0.0,0.0,343800000,754100000,41100000.0,83100000.0,183900000,0.21511287869926307,100800000,0.11790852731313604,14100000.0,74300000.0,0.0869107497952977,17300000.0,58300000.0,0.06819511053924436,0.2641164105537837,0.2641164105537837,220736000,220736000,https://www.sec.gov/Archives/edgar/data/352541/000035254110000009/0000352541-10-000009-index.htm,https://www.sec.gov/Archives/edgar/data/352541/000035254110000009/form10k123109.htm,1620594547,17:09:07,20210509
46,2009-09-30,LNT,USD,2009-10-30,2009-10-30 10:59:24,Q3,885700000,405300000,480400000,0.5423958450942757,0.0,0.0,0.0,0.0,320500000,725800000,42400000.0,81900000.0,241800000,0.27300440329682735,159900000,0.1805351699220955,-179400000.0,-60900000.0,-0.06875917353505702,-22200000.0,-39700000.0,-0.04482330360167099,-0.2,-0.200838,220576000,220576000,https://www.sec.gov/Archives/edgar/data/352541/000035254109000015/0000352541-09-000015-index.htm,https://www.sec.gov/Archives/edgar/data/352541/000035254109000015/form10q093009.htm,1620594547,17:09:07,20210509
47,2009-06-30,LNT,USD,2009-08-06,2009-08-06 14:19:53,Q2,742300000,350000000,392300000,0.5284925232385828,0.0,0.0,0.0,0.0,329500000,679500000,35700000.0,87600000.0,150400000,0.20261349858547756,62800000,0.08460191297319143,19900000.0,48400000.0,0.0652027482150074,14600000.0,33800000.0,0.04553415061295972,0.1532657392124499,0.15315045899826912,220532000,220698000,https://www.sec.gov/Archives/edgar/data/352541/000010783209000008/0000107832-09-000008-index.htm,https://www.sec.gov/Archives/edgar/data/352541/000010783209000008/form10q063009.htm,1620594547,17:09:07,20210509
48,2009-03-31,LNT,USD,2009-05-04,2009-05-04 10:02:53,Q1,949900000,580200000,369700000,0.38919886303821455,0.0,0.0,0.0,0.0,296000000,876200000,35700000.0,65100000.0,138800000,0.1461206442783451,73700000,0.07758711443309822,18700000.0,58400000.0,0.0614801558058743,-18900000.0,77300000.0,0.08137698705126856,0.3506686748081076,0.35039209464666154,220436000,220610000,https://www.sec.gov/Archives/edgar/data/352541/000010783209000003/0000107832-09-000003-index.htm,https://www.sec.gov/Archives/edgar/data/352541/000010783209000001/form10k123108.htm,1620594547,17:09:07,20210509
49,2008-12-31,LNT,USD,2009-02-27,2009-02-27 15:28:07,Q4,882000000,434700000,447300000,0.5071428571428571,0.0,0.0,0.0,0.0,356300000,791000000,0.0,0.0,187300000,0.21235827664399093,91000000,0.10317460317460317,8900000.0,91100000.0,0.10328798185941043,21400000.0,69300000.0,0.07857142857142857,0.3143769620207226,0.3143769620207226,220436000,220436000,https://www.sec.gov/Archives/edgar/data/352541/000010783209000001/0000107832-09-000001-index.htm,https://www.sec.gov/Archives/edgar/data/352541/000010783209000001/form10k123108.htm,1620594547,17:09:07,20210509
50,2008-09-30,LNT,USD,2008-10-31,2008-10-31 17:15:10,Q3,980300000,317200000,663100000,0.6764255840048965,0.0,0.0,0.0,0.0,472600000,789800000,0.0,0.0,238800000,0.24359889829643985,190500000,0.19432826685708457,9600000.0,176700000.0,0.18025094358869734,67600000.0,108500000.0,0.11068040395797205,0.49236717431159355,0.4917824735072022,220364000,220626000,https://www.sec.gov/Archives/edgar/data/352541/000010783208000031/0000107832-08-000031-index.htm,https://www.sec.gov/Archives/edgar/data/352541/000010783208000031/form10q093008.htm,1620594547,17:09:07,20210509
51,2008-06-30,LNT,USD,2008-08-06,2008-08-06 15:31:40,Q2,827400000,305200000,522200000,0.6311336717428088,0.0,0.0,0.0,0.0,440200000,745400000,0.0,0.0,147900000,0.1787527193618564,82000000,0.09910563210055595,7200000.0,62600000.0,0.07565868987188784,10800000.0,60800000.0,0.07348320038675368,0.2759421973712875,0.2755570058555864,220336000,220644000,https://www.sec.gov/Archives/edgar/data/352541/000010783208000029/0000107832-08-000029-index.htm,https://www.sec.gov/Archives/edgar/data/352541/000010783208000029/form10q06308.htm,1620594547,17:09:07,20210509
52,2008-03-31,LNT,USD,2008-05-01,2008-05-01 15:33:06,Q1,992000000,301500000,690500000,0.6960685483870968,0.0,0.0,0.0,0.0,565400000,866900000,0.0,0.0,191000000,0.19254032258064516,125100000,0.12610887096774193,7500000.0,108500000.0,0.109375,40400000.0,68100000.0,0.0686491935483871,0.30912953480771327,0.3086923411662315,220296000,220608000,https://www.sec.gov/Archives/edgar/data/352541/000010783208000021/0000107832-08-000021-index.htm,https://www.sec.gov/Archives/edgar/data/352541/000010783208000019/form10k123107.htm,1620594547,17:09:07,20210509
53,2007-12-31,LNT,USD,2008-02-28,2008-02-28 17:10:16,Q4,871400000,-18800000,890200000,1.0215744778517328,0.0,0.0,0.0,0.0,548500000,529700000,0.0,0.0,411600000,0.4723433555198531,341700000,0.3921276107413358,7600000.0,319200000.0,0.36630709203580447,120900000.0,193200000.0,0.221712187284829,0.8770018520536006,0.8770018520536006,220296000,220296000,https://www.sec.gov/Archives/edgar/data/352541/000010783208000019/0000107832-08-000019-index.htm,https://www.sec.gov/Archives/edgar/data/352541/000010783208000019/form10k123107.htm,1620594547,17:09:07,20210509
54,2007-09-30,LNT,USD,2007-11-02,2007-11-02 15:11:34,Q3,907300000,375500000,531800000,0.5861346853301003,0.0,0.0,0.0,0.0,328200000,703700000,0.0,0.0,273500000,0.30144384437341565,203600000,0.22440207208200155,7200000.0,181400000.0,0.199933869723355,65200000.0,119600000.0,0.13181968477901465,0.5393169253524048,0.5384670796715171,221762000,222112000,https://www.sec.gov/Archives/edgar/data/352541/000010783207000159/0000107832-07-000159-index.htm,https://www.sec.gov/Archives/edgar/data/352541/000010783207000159/form10q093007.htm,1620594547,17:09:07,20210509
55,2007-06-30,LNT,USD,2007-08-06,2007-08-06 16:19:00,Q2,746200000,292900000,453300000,0.6074778879656928,0.0,0.0,0.0,0.0,356300000,649200000,0.0,0.0,167700000,0.22473867595818817,97000000,0.12999195926025195,7000000.0,75900000.0,0.1017153578129188,30900000.0,48600000.0,0.06512999195926025,0.21546755572895424,0.2149947799621326,225556000,226052000,https://www.sec.gov/Archives/edgar/data/352541/000010783207000116/0000107832-07-000116-index.htm,https://www.sec.gov/Archives/edgar/data/352541/000010783207000116/form10q063007.htm,1620594547,17:09:07,20210509
56,2007-03-31,LNT,USD,2007-05-04,2007-05-04 13:35:04,Q1,912700000,280300000,632400000,0.6928892297578613,0.0,0.0,0.0,0.0,511600000,791900000,0.0,0.0,191000000,0.2092692012709543,120800000,0.13235455242686534,7500000.0,104000000.0,0.11394762791716884,38800000.0,63900000.0,0.07001205215295278,0.27681511003292325,0.2760163795635572,230840000,231508000,https://www.sec.gov/Archives/edgar/data/352541/000010783207000078/0000107832-07-000078-index.htm,https://www.sec.gov/Archives/edgar/data/352541/000010783207000058/form10k123106.htm,1620594547,17:09:07,20210509
57,2006-12-31,LNT,USD,2007-03-01,2007-03-01 17:21:09,Q4,841300000,395200000,446100000,0.5302508023297278,0.0,0.0,0.0,0.0,340800000,736000000,0.0,0.0,-57800000,-0.06870319743254487,105300000,0.1251634375371449,239400000.0,296900000.0,0.3529062165695947,119600000.0,179100000.0,0.2128848211101866,0.7758620689655172,0.7758620689655172,230840000,230840000,https://www.sec.gov/Archives/edgar/data/352541/000010783207000058/0000107832-07-000058-index.htm,https://www.sec.gov/Archives/edgar/data/352541/000010783207000058/form10k123106.htm,1620594547,17:09:07,20210509
58,2006-09-30,LNT,USD,2006-11-03,2006-11-03 15:39:23,Q3,890400000,436700000,453700000,0.5095462713387242,0.0,0.0,0.0,0.0,283200000,719900000,0.0,0.0,244600000,0.2747079964061096,170500000,0.1914869721473495,1200000.0,142300000.0,0.1598158131176999,49900000.0,91500000.0,0.10276280323450135,0.39065835539236615,0.38936832967369656,234220000,234996000,https://www.sec.gov/Archives/edgar/data/352541/000010783206000156/0000107832-06-000156-index.htm,https://www.sec.gov/Archives/edgar/data/352541/000010783206000156/form10q093006.htm,1620594547,17:09:07,20210509
59,2006-06-30,LNT,USD,2006-08-04,2006-08-03 18:26:09,Q2,696800000,328700000,368100000,0.528272101033295,0.0,0.0,0.0,0.0,270200000,598900000,0.0,0.0,163100000,0.23407003444316876,97900000,0.14049942594718715,9500000.0,83500000.0,0.11983352468427096,32700000.0,50100000.0,0.07190011481056258,0.195,0.192881,234610000,235378000,https://www.sec.gov/Archives/edgar/data/352541/000010783206000115/0000107832-06-000115-index.htm,https://www.sec.gov/Archives/edgar/data/352541/000010783206000115/form10q063006.htm,1620594547,17:09:07,20210509
60,2006-03-31,LNT,USD,2006-05-05,2006-05-05 14:52:42,Q1,930900000,528500000,402400000,0.4322698463852186,0.0,0.0,0.0,0.0,282600000,811100000,0.0,0.0,276100000,0.29659469330755184,119800000,0.12869266301428725,-77200000.0,18600000.0,0.019980663873670642,800000.0,3100000.0,0.0033301106456117735,-0.005,-0.006818,234074000,234686000,https://www.sec.gov/Archives/edgar/data/352541/000010783206000074/0000107832-06-000074-index.htm,https://www.sec.gov/Archives/edgar/data/352541/000010783206000055/form10k123105.htm,1620594547,17:09:07,20210509
61,2005-12-31,LNT,USD,2006-03-03,2006-03-02 18:59:10,Q4,906800000,754000000,152800000,0.16850463167181298,0.0,0.0,0.0,0.0,199900000,953900000,0.0,0.0,76000000,0.08381120423467137,-47100000,-0.05194089104543449,-28400000.0,-108300000.0,-0.1194309660344067,-47100000.0,-63900000.0,-0.07046757829730922,-0.272990592718542,-0.272990592718542,234074000,234074000,https://www.sec.gov/Archives/edgar/data/352541/000010783206000055/0000107832-06-000055-index.htm,https://www.sec.gov/Archives/edgar/data/352541/000010783206000055/form10k123105.htm,1620594547,17:09:07,20210509
62,2005-09-30,LNT,USD,2005-11-08,2005-11-08 10:41:56,Q3,874200000,307800000,566400000,0.6479066575154427,0.0,0.0,0.0,0.0,436100000,743900000,0.0,0.0,239000000,0.27339281628917866,130300000,0.14905056051246854,15000000.0,109500000.0,0.12525737817433083,9900000.0,112500000.0,0.12868908716540836,0.4822572209981224,0.4806295606404976,233278000,234068000,https://www.sec.gov/Archives/edgar/data/352541/000010783205000198/0000107832-05-000198-index.htm,https://www.sec.gov/Archives/edgar/data/352541/000010783205000198/form10q093005.htm,1620594547,17:09:07,20210509
63,2005-06-30,LNT,USD,2005-08-08,2005-08-05 20:12:54,Q2,699900000,300600000,399300000,0.5705100728675525,0.0,0.0,0.0,0.0,414000000,714600000,0.0,0.0,55500000,0.07929704243463352,-14700000,-0.02100300042863266,11600000.0,-37400000.0,-0.053436205172167454,-27600000.0,-58700000.0,-0.08386912416059437,-0.25,-0.25,232566000,232566000,https://www.sec.gov/Archives/edgar/data/352541/000010783205000153/0000107832-05-000153-index.htm,https://www.sec.gov/Archives/edgar/data/352541/000010783205000153/form10q060305.htm,1620594547,17:09:07,20210509
64,2005-03-31,LNT,USD,2005-05-06,2005-05-05 18:21:18,Q1,838400000,388400000,450000000,0.5367366412213741,0.0,0.0,0.0,0.0,393400000,781800000,0.0,0.0,153400000,0.18296755725190839,56600000,0.06750954198473283,2300000.0,19000000.0,0.022662213740458015,7400000.0,2400000.0,0.0028625954198473282,0.010341974627688913,0.010312024680112402,232064000,232738000,https://www.sec.gov/Archives/edgar/data/352541/000010783205000092/0000107832-05-000092-index.htm,https://www.sec.gov/Archives/edgar/data/352541/000010783205000069/form10k12312004.htm,1620594547,17:09:07,20210509
65,2004-12-31,LNT,USD,2005-03-04,2005-03-04 12:55:09,Q4,783565000,316756000,466809000,0.5957501930280193,0.0,0.0,0.0,0.0,372340000,689096000,0.0,0.0,185746000,0.2370524461914455,94469000,0.12056306751832968,8046000.0,78581000.0,0.10028651101057347,20298000.0,42724000.0,0.05452515107234243,0.18410438499724213,0.18410438499724213,232064000,232064000,https://www.sec.gov/Archives/edgar/data/352541/000010783205000069/0000107832-05-000069-index.htm,https://www.sec.gov/Archives/edgar/data/352541/000010783205000069/form10k12312004.htm,1620594547,17:09:07,20210509
66,2004-09-30,LNT,USD,2004-11-05,2004-11-05 14:26:23,Q3,730672000,224132000,506540000,0.6932522390347515,0.0,0.0,0.0,0.0,343596000,567728000,0.0,0.0,257434000,0.35232498302932097,162944000,0.22300567149144898,4625000.0,121865000.0,0.16678482273852016,34421000.0,81792000.0,0.11194078875336676,0.36,0.355,228492000,229406000,https://www.sec.gov/Archives/edgar/data/352541/000010783204000240/0000107832-04-000240-index.htm,https://www.sec.gov/Archives/edgar/data/352541/000010783204000240/form10q093004.htm,1620594547,17:09:07,20210509
67,2004-06-30,LNT,USD,2004-08-06,2004-08-06 13:46:16,Q2,662138000,220646000,441492000,0.6667673506127122,0.0,0.0,0.0,0.0,403927000,624573000,0.0,0.0,131438000,0.1985054475049008,37565000,0.056732886497980785,5785000.0,-1238000.0,-0.0018697008780646934,11845000.0,-13083000.0,-0.019758720991696593,-0.06,-0.06,224158000,224158000,https://www.sec.gov/Archives/edgar/data/352541/000010783204000194/0000107832-04-000194-index.htm,https://www.sec.gov/Archives/edgar/data/352541/000010783204000194/form10q063004.htm,1620594547,17:09:07,20210509
68,2004-03-31,LNT,USD,2004-05-07,2004-05-06 21:38:39,Q1,891006000,382766000,508240000,0.5704114225942362,0.0,0.0,0.0,0.0,429401000,812167000,0.0,0.0,167908000,0.1884476647744235,78839000,0.0884831303043975,11235000.0,49232000.0,0.055254397837949464,15165000.0,34067000.0,0.03823431043113065,0.155,0.152659,222306000,223158000,https://www.sec.gov/Archives/edgar/data/352541/000010783204000128/0000107832-04-000128-index.htm,https://www.sec.gov/Archives/edgar/data/352541/000010783204000096/form10k123103.htm,1620594547,17:09:07,20210509
69,2003-12-31,LNT,USD,2004-03-11,2004-03-11 17:00:40,Q4,826553000,548205000,278348000,0.3367575944918233,0.0,0.0,0.0,0.0,188494000,736699000,0.0,0.0,173247000,0.20960180411903412,89854000,0.10870930236778525,3449000.0,63486000.0,0.07680814176465393,15405000.0,48635000.0,0.058840751893707965,0.21877502181677508,0.21877502181677508,222306000,222306000,https://www.sec.gov/Archives/edgar/data/352541/000010783204000096/0000107832-04-000096-index.htm,https://www.sec.gov/Archives/edgar/data/352541/000010783204000096/form10k123103.htm,1620594547,17:09:07,20210509
70,2003-09-30,LNT,USD,2003-11-13 00:00:00,2003-11-13 17:24:22,Q3,759552000,200416000,559136000,0.736139197842939,0.0,0.0,0.0,0.0,393103000,593519000,0.0,0.0,257371000,0.33884579330974046,166033000,0.2185933286990226,9738000.0,127281000.0,0.16757378033367037,42029000.0,103232000.0,0.13591169531513314,0.475,0.47,218442000,218866000,https://www.sec.gov/Archives/edgar/data/107832/000010783203000146/0000107832-03-000146-index.html,https://www.sec.gov/Archives/edgar/data/52485/000010783203000146/form10q0903.htm,1620594547,17:09:07,20210509
71,2003-06-30,LNT,USD,2003-08-14 00:00:00,2003-08-14 10:58:42,Q2,646292000,175281000,471011000,0.7287897730437635,0.0,0.0,0.0,0.0,414069000,589350000,0.0,0.0,136729000,0.211559171396211,56942000,0.08810568597476064,12603000.0,17946000.0,0.027767634443873666,6217000.0,32154000.0,0.04975150551144065,0.175,0.17283,183737143,186044000,https://www.sec.gov/Archives/edgar/data/107832/000010783203000068/0000107832-03-000068-index.html,https://www.sec.gov/Archives/edgar/data/52485/000010783203000068/form10q0603.txt,1620594547,17:09:07,20210509
72,2003-03-31,LNT,USD,2003-05-15 00:00:00,2003-05-15 16:29:45,Q1,895790000,201730000,694060000,0.774802129963496,0.0,0.0,0.0,0.0,612019000,813749000,0.0,0.0,191350000,0.2136103327788879,82041000,0.09158508132486409,-10827000.0,22815000.0,0.025469138972303778,8176000.0,-478000.0,-0.0005336072070462944,-0.005,-0.005,185467604,185467604,https://www.sec.gov/Archives/edgar/data/107832/000010783203000027/0000107832-03-000027-index.html,https://www.sec.gov/Archives/edgar/data/52485/000010783203000027/form10q0303.txt,1620594547,17:09:07,20210509
73,2002-12-31,LNT,USD,2003-03-26 00:00:00,2003-03-25 21:40:48,Q4,595941000,148655000,447286000,0.7505541655969299,0.0,0.0,0.0,0.0,402555000,551210000,0.0,0.0,117731000,0.19755479149781605,44731000,0.07505944380400073,-1470000.0,23913000.0,0.040126455471263096,8432000.0,46093000.0,0.07734490494864424,0.24852318683105434,0.24852318683105434,185467604,185467604,https://www.sec.gov/Archives/edgar/data/107832/000010783203000014/0000107832-03-000014-index.html,https://www.sec.gov/Archives/edgar/data/52485/000010783203000014/form10k123102.txt,1620594547,17:09:07,20210509
74,2002-09-30,LNT,USD,2002-11-14 00:00:00,2002-11-14 15:37:22,Q3,761419000,216695000,544724000,0.7154063662713959,0.0,0.0,0.0,0.0,400024000,616719000,0.0,0.0,274192000,0.3601065904580789,144700000,0.19003991232159953,-30594000.0,65050000.0,0.08543259361796855,20320000.0,44730000.0,0.05874557897819729,0.245,0.245,182516000,182516000,https://www.sec.gov/Archives/edgar/data/107832/000010783202000073/0000107832-02-000073-index.html,https://www.sec.gov/Archives/edgar/data/52485/000010783202000073/september10q2002.txt,1620594547,17:09:07,20210509
75,2002-06-30,LNT,USD,2002-08-09 00:00:00,2002-08-09 17:06:18,Q2,615215000,165829000,449386000,0.730453581268337,0.0,0.0,0.0,0.0,385599000,551428000,0.0,0.0,169349000,0.2752679957413262,63787000,0.1036824524759637,-6617000.0,8044000.0,0.013075103825491902,1729000.0,6315000.0,0.010264704209097633,0.035,0.034869,180428571,181106000,https://www.sec.gov/Archives/edgar/data/107832/000010783202000057/0000107832-02-000057-index.html,https://www.sec.gov/Archives/edgar/data/52485/000010783202000057/june10q2002.txt,1620594547,17:09:07,20210509
76,2002-03-31,LNT,USD,2002-05-15 00:00:00,2002-05-15 11:30:19,Q1,636237000,134947000,501290000,0.7878982203172717,0.0,0.0,0.0,0.0,438857000,573804000,0.0,0.0,156954000,0.2466910915272139,62433000,0.09812852757698783,-1710000.0,15370000.0,0.024157664518096245,5627000.0,9743000.0,0.015313475953143247,0.055,0.054095,177145455,180108000,https://www.sec.gov/Archives/edgar/data/107832/000010783202000044/0000107832-02-000044-index.html,https://www.sec.gov/Archives/edgar/data/52485/000010783202000044/march10q2002.txt,1620594547,17:09:07,20210509
77,2001-12-31,LNT,USD,2001-12-31,2001-12-31,Q4,646521000,147791000,498730000,0.7714057238666648,0.0,0.0,0.0,0.0,419726000,567517000,0.0,0.0,167948000,0.2597719176948622,79004000,0.12219866021366668,23215000.0,66391000.0,0.10268962647771689,131000.0,53392000.0,0.08258355103701194,0.3014020314548855,0.3014020314548855,177145455,177145455,,,1620594547,17:09:07,20210509
78,2001-09-30,LNT,USD,2001-11-14 00:00:00,2001-11-14 00:00:00,Q3,666265000,203071000,463194000,0.6952098639430256,0.0,0.0,0.0,0.0,329468000,532539000,0.0,0.0,214365000,0.3217413491628706,133726000,0.2007099277314582,4863000.0,92420000.0,0.13871357492889466,30135000.0,62285000.0,0.09348382400396239,0.395,0.39,158480000,158700000,https://www.sec.gov/Archives/edgar/data/107832/000010783201500099/0000107832-01-500099-index.html,https://www.sec.gov/Archives/edgar/data/52485/000010783201500099/september10q2001.txt,1620594547,17:09:07,20210509
79,2001-06-30,LNT,USD,2001-08-10 00:00:00,2001-08-10 00:00:00,Q2,611841000,189076000,422765000,0.6909720008956576,0.0,0.0,0.0,0.0,354747000,543823000,0.0,0.0,149988000,0.24514212025673338,68018000,0.11116940512322646,12695000.0,34616000.0,0.056576790375277235,11316000.0,23300000.0,0.03808178922301709,0.145,0.145,160689655,160689655,https://www.sec.gov/Archives/edgar/data/107832/000010783201500062/0000107832-01-500062-index.html,https://www.sec.gov/Archives/edgar/data/52485/000010783201500062/june10q2001main.txt,1620594547,17:09:07,20210509
80,2001-03-31,LNT,USD,2001-05-11 00:00:00,2001-05-11 00:00:00,Q1,852713000,173917000,678796000,0.7960427482634838,0.0,0.0,0.0,0.0,589520000,763437000,0.0,0.0,175782000,0.20614438855746306,89276000,0.10469642189107004,11489000.0,51643000.0,0.060563167208662234,18258000.0,33385000.0,0.03915150818622444,0.21,0.21,158976190,158976190,https://www.sec.gov/Archives/edgar/data/107832/000010783201500034/0000107832-01-500034-index.html,https://www.sec.gov/Archives/edgar/data/52485/000010783201500034/main10q.txt,1620594547,17:09:07,20210509
81,2000-12-31,LNT,USD,2000-12-31,2000-12-31,Q4,553147000,146759000,406388000,0.73468354704988,0.0,0.0,0.0,0.0,313910000,460669000,0.0,0.0,153697000,0.27785923090968584,92478000,0.1671852147801579,39179000.0,85753000.0,0.15502750625059886,24937000.0,60816000.0,0.10994545753660419,0.3825478519770791,0.3825478519770791,158976190,158976190,,,1620594547,17:09:07,20210509
82,2000-09-30,LNT,USD,2000-11-13 00:00:00,2000-11-13 00:00:00,Q3,658422000,166158000,492264000,0.7476420897236119,0.0,0.0,0.0,0.0,352243000,518401000,0.0,0.0,-86837000,-0.13188654085070062,140021000,0.21266148457979836,339455000.0,434943000.0,0.6605839416058394,175403000.0,276248000.0,0.41956070726676814,1.75,1.745,158008000,158320000,https://www.sec.gov/Archives/edgar/data/107832/000010783200000118/0000107832-00-000118-index.html,https://www.sec.gov/Archives/edgar/data/52485/000010783200000118/0000107832-00-000118-0001.txt,1620594547,17:09:07,20210509
83,2000-06-30,LNT,USD,2000-08-11 00:00:00,2000-08-11 00:00:00,Q2,572565000,138905000,433660000,0.7573987232890589,0.0,0.0,0.0,0.0,373493000,512398000,0.0,0.0,140262000,0.2449713133006733,60167000,0.10508326565542776,7565000.0,68316000.0,0.11931571087998742,26038000.0,42278000.0,0.07383965139329159,0.27,0.27,158004000,158004000,https://www.sec.gov/Archives/edgar/data/107832/000010783200000096/0000107832-00-000096-index.html,https://www.sec.gov/Archives/edgar/data/52485/000010783200000096/0000107832-00-000096-0001.txt,1620594547,17:09:07,20210509
84,2000-03-31,LNT,USD,2000-05-11 00:00:00,2000-05-11 00:00:00,Q1,620850000,131617000,489233000,0.7880051542240477,0.0,0.0,0.0,0.0,400843000,532460000,0.0,0.0,154697000,0.2491696867198196,88390000,0.14236933236691632,21725000.0,31758000.0,0.051152452283160184,12438000.0,19320000.0,0.031118627687847306,0.12,0.12,157992000,157992000,https://www.sec.gov/Archives/edgar/data/107832/000010783200000057/0000107832-00-000057-index.html,https://www.sec.gov/Archives/edgar/data/107832/0000107832-00-000057.txt,1620594547,17:09:07,20210509
85,1999-12-31,LNT,USD,2000-03-29 00:00:00,2000-03-29 00:00:00,Q4,566663000,181470000,385193000,0.6797567513672147,0.0,0.0,0.0,0.0,292658000,474128000,0.0,0.0,145577000,0.2569022505439741,92535000,0.16329811545839415,16775000.0,73667000.0,0.1300014294210139,28886000.0,44781000.0,0.07902580546109415,0.28343840194440223,0.28343840194440223,157992000,157992000,https://www.sec.gov/Archives/edgar/data/352541/000010783200000027/0000107832-00-000027-index.html,https://www.sec.gov/Archives/edgar/data/352541/0000107832-00-000027.txt,1620594547,17:09:07,20210509
86,1999-09-30,LNT,USD,1999-11-12 00:00:00,1999-11-12 00:00:00,Q3,598300000,169600000,428700000,0.716530168811633,0.0,0.0,0.0,0.0,298000000,467600000,0.0,0.0,200900000,0.33578472338291826,130700000,0.2184522814641484,15500000.0,114100000.0,0.19070700317566439,42600000.0,71500000.0,0.11950526491726558,0.455,0.455,157138000,157138000,https://www.sec.gov/Archives/edgar/data/52485/000010783299000013/0000107832-99-000013-index.html,https://www.sec.gov/Archives/edgar/data/52485/0000107832-99-000013.txt,1620594547,17:09:07,20210509
87,1999-06-30,LNT,USD,1999-08-16 00:00:00,1999-08-16 00:00:00,Q2,486200000,148500000,337700000,0.6945701357466063,0.0,0.0,0.0,0.0,277400000,425900000,0.0,0.0,103200000,0.21225832990538873,60300000,0.12402303578774167,37100000.0,62700000.0,0.12895927601809956,24200000.0,38500000.0,0.07918552036199095,0.245,0.245,156428000,156428000,https://www.sec.gov/Archives/edgar/data/52485/000089706999000422/0000897069-99-000422-index.html,https://www.sec.gov/Archives/edgar/data/52485/0000897069-99-000422.txt,1620594547,17:09:07,20210509
88,1999-03-31,LNT,USD,1999-05-17 00:00:00,1999-05-17 00:00:00,Q1,546800000,198800000,348000000,0.6364301389904902,0.0,0.0,0.0,0.0,255000000,453800000,0.0,0.0,172700000,0.31583760058522314,93000000,0.17008046817849304,6800000.0,66600000.0,0.12179956108266277,24900000.0,41700000.0,0.07626188734455011,0.27,0.27,154444444,154444444,https://www.sec.gov/Archives/edgar/data/52485/000089706999000316/0000897069-99-000316-index.html,https://www.sec.gov/Archives/edgar/data/52485/0000897069-99-000316.txt,1620594547,17:09:07,20210509
89,1998-12-31,LNT,USD,1999-03-31 00:00:00,1999-03-31 00:00:00,Q4,528200000,182300000,345900000,0.6548655812192351,0.0,0.0,0.0,0.0,291400000,473700000,0.0,0.0,122600000,0.23210904960242332,54500000,0.10318061340401363,9000000.0,29400000.0,0.05566073457023855,4200000.0,25200000.0,0.047709201060204466,0.1631654680954402,0.1631654680954402,154444444,154444444,https://www.sec.gov/Archives/edgar/data/107832/000089706999000197/0000897069-99-000197-index.html,https://www.sec.gov/Archives/edgar/data/107832/0000897069-99-000197.txt,1620594547,17:09:07,20210509
90,1998-09-30,LNT,USD,1998-11-16 00:00:00,1998-11-16 00:00:00,Q3,555400000,167500000,387900000,0.6984155563557796,0.0,0.0,0.0,0.0,265700000,433200000,0.0,0.0,203500000,0.36640259272596326,122200000,0.22002160604969392,-1100000.0,89400000.0,0.1609650702196615,37700000.0,51700000.0,0.09308606409794742,0.335,0.335,154328358,154328358,https://www.sec.gov/Archives/edgar/data/52485/000089706998000568/0000897069-98-000568-index.html,https://www.sec.gov/Archives/edgar/data/52485/0000897069-98-000568.txt,1620594547,17:09:07,20210509
91,1998-06-30,LNT,USD,1998-08-14 00:00:00,1998-08-14 00:00:00,Q2,491000000,166800000,324200000,0.6602851323828921,0.0,0.0,0.0,0.0,291800000,458600000,0.0,0.0,117000000,0.23828920570264767,32400000,0.0659877800407332,-11000000.0,-11000000.0,-0.02240325865580448,-1400000.0,-9600000.0,-0.019551934826883912,-0.06,-0.06,160000000,160000000,https://www.sec.gov/Archives/edgar/data/52485/000089706998000422/0000897069-98-000422-index.html,https://www.sec.gov/Archives/edgar/data/52485/0000897069-98-000422.txt,1620594547,17:09:07,20210509
92,1998-03-31,LNT,USD,1998-05-15 00:00:00,1998-05-15 00:00:00,Q1,222500000,88200000,134300000,0.6035955056179775,0.0,0.0,0.0,0.0,102900000,191100000,0.0,0.0,60900000,0.27370786516853934,31400000,0.14112359550561798,2700000.0,23200000.0,0.10426966292134832,7400000.0,15800000.0,0.07101123595505618,0.255,0.25,61960784,63200000,https://www.sec.gov/Archives/edgar/data/352541/000089706998000302/0000897069-98-000302-index.html,https://www.sec.gov/Archives/edgar/data/352541/0000897069-98-000302.txt,1620594547,17:09:07,20210509
93,1997-12-31,LNT,USD,1997-12-31,1997-12-31,Q4,236400000,84800000,151600000,0.6412859560067682,0.0,0.0,0.0,0.0,115500000,200300000,0.0,0.0,70200000,0.2969543147208122,36100000,0.1527072758037225,-1200000.0,22300000.0,0.094331641285956,5800000.0,16500000.0,0.06979695431472081,0.266297469702772,0.266297469702772,61960784,61960784,,,1620594547,17:09:07,20210509
94,1997-09-30,LNT,USD,1997-11-14 00:00:00,1997-11-14 00:00:00,Q3,214500000,69900000,144600000,0.6741258741258741,0.0,0.0,0.0,0.0,112600000,182500000,0.0,0.0,61200000,0.2853146853146853,32000000,0.14918414918414918,200000.0,20600000.0,0.09603729603729604,6600000.0,14000000.0,0.06526806526806526,0.225,0.225,62222222,62222222,https://www.sec.gov/Archives/edgar/data/352541/000089706997000464/0000897069-97-000464-index.html,https://www.sec.gov/Archives/edgar/data/352541/0000897069-97-000464.txt,1620594547,17:09:07,20210509
95,1997-06-30,LNT,USD,1997-08-13 00:00:00,1997-08-13 00:00:00,Q2,206600000,75900000,130700000,0.6326234269119071,0.0,0.0,0.0,0.0,111000000,186900000,0.0,0.0,44400000,0.2149080348499516,19700000,0.09535333978702808,2500000.0,13300000.0,0.0643756050338819,4300000.0,9000000.0,0.04356243949661181,0.145,0.145,62068966,62068966,https://www.sec.gov/Archives/edgar/data/352541/000089706997000335/0000897069-97-000335-index.html,https://www.sec.gov/Archives/edgar/data/352541/0000897069-97-000335.txt,1620594547,17:09:07,20210509
96,1997-03-31,LNT,USD,1997-05-15 00:00:00,1997-05-15 00:00:00,Q1,261700000,110400000,151300000,0.5781429117309896,0.0,0.0,0.0,0.0,110600000,221000000,0.0,0.0,64000000,0.24455483377913642,40700000,0.15552158960641957,2900000.0,33800000.0,0.12915552158960641,12000000.0,21800000.0,0.08330149025601834,0.355,0.355,61408451,61408451,https://www.sec.gov/Archives/edgar/data/352541/000089706997000234/0000897069-97-000234-index.html,https://www.sec.gov/Archives/edgar/data/352541/0000897069-97-000234.txt,1620594547,17:09:07,20210509
97,1996-12-31,LNT,USD,1996-12-31,1996-12-31,Q4,251500000,92600000,158900000,0.6318091451292247,0.0,0.0,0.0,0.0,131400000,224000000,0.0,0.0,47600000,0.18926441351888668,27500000,0.10934393638170974,4200000.0,17700000.0,0.07037773359840954,6600000.0,11000000.0,0.0437375745526839,0.17912843950419788,0.17912843950419788,61408451,61408451,,,1620594547,17:09:07,20210509
98,1996-09-30,LNT,USD,1996-11-14 00:00:00,1996-11-14 00:00:00,Q3,212200000,59000000,153200000,0.7219604147031102,0.0,0.0,0.0,0.0,124300000,183300000,0.0,0.0,51500000,0.24269557021677662,28900000,0.13619227144203583,1300000.0,21200000.0,0.0999057492931197,7300000.0,12700000.0,0.05984919886899152,0.205,0.205,61951220,61951220,https://www.sec.gov/Archives/edgar/data/352541/000089706996000389/0000897069-96-000389-index.html,https://www.sec.gov/Archives/edgar/data/352541/0000897069-96-000389.txt,1620594547,17:09:07,20210509
99,1996-06-30,LNT,USD,1996-08-14 00:00:00,1996-08-14 00:00:00,Q2,208300000,59400000,148900000,0.71483437349976,0.0,0.0,0.0,0.0,117700000,177100000,0.0,0.0,48300000,0.23187710033605377,31200000,0.1497839654344695,6100000.0,26900000.0,0.12914066250600095,10400000.0,16500000.0,0.07921267402784446,0.27,0.27,61111111,61111111,https://www.sec.gov/Archives/edgar/data/352541/000089706996000254/0000897069-96-000254-index.html,https://www.sec.gov/Archives/edgar/data/352541/0000897069-96-000254.txt,1620594547,17:09:07,20210509
100,1996-03-31,LNT,USD,1996-05-15 00:00:00,1996-05-15 00:00:00,Q1,260800000,89300000,171500000,0.6575920245398773,0.0,0.0,0.0,0.0,117500000,206800000,0.0,0.0,75300000,0.2887269938650307,54000000,0.20705521472392638,4000000.0,49200000.0,0.18865030674846625,17500000.0,31700000.0,0.12154907975460123,0.515,0.515,61553398,61553398,https://www.sec.gov/Archives/edgar/data/352541/000089706996000128/0000897069-96-000128-index.html,https://www.sec.gov/Archives/edgar/data/352541/0000897069-96-000128.txt,1620594547,17:09:07,20210509
101,1995-12-31,LNT,USD,1995-12-31,1995-12-31,Q4,197800000,63200000,134600000,0.6804853387259858,0.0,0.0,0.0,0.0,90200000,153400000,0.0,0.0,65400000,0.3306370070778564,44400000,0.224469160768453,1700000.0,32400000.0,0.16380182002022245,8100000.0,11100000.0,0.05611729019211325,0.18033123045457214,0.18033123045457214,61553398,61553398,,,1620594547,17:09:07,20210509
102,1995-09-30,LNT,USD,1995-10-30 00:00:00,1995-10-30 00:00:00,Q3,201400000,58200000,143200000,0.7110228401191658,0.0,0.0,0.0,0.0,102300000,160500000,0.0,0.0,63900000,0.317279046673287,40900000,0.20307845084409137,1500000.0,32600000.0,0.1618669314796425,11900000.0,20700000.0,0.10278053624627606,0.34,0.34,60882353,60882353,https://www.sec.gov/Archives/edgar/data/107832/000089706995000161/0000897069-95-000161-index.html,https://www.sec.gov/Archives/edgar/data/107832/0000897069-95-000161.txt,1620594547,17:09:07,20210509
103,1995-06-30,LNT,USD,1995-08-11 00:00:00,1995-08-11 00:00:00,Q2,183200000,51500000,131700000,0.7188864628820961,0.0,0.0,0.0,0.0,111700000,163200000,0.0,0.0,43200000,0.23580786026200873,20000000,0.1091703056768559,-100000.0,9300000.0,0.05076419213973799,2400000.0,6900000.0,0.03766375545851528,0.11,0.11,62727273,62727273,https://www.sec.gov/Archives/edgar/data/107832/000089706995000098/0000897069-95-000098-index.html,https://www.sec.gov/Archives/edgar/data/107832/0000897069-95-000098.txt,1620594547,17:09:07,20210509
104,1995-03-31,LNT,USD,1995-05-12 00:00:00,1995-05-12 00:00:00,Q1,224900000,71700000,153200000,0.681191640729213,0.0,0.0,0.0,0.0,109100000,180800000,0.0,0.0,67600000,0.30057803468208094,44100000,0.19608714984437528,300000.0,33400000.0,0.14851044908848376,13700000.0,19700000.0,0.08759448643841708,0.32,0.32,61562500,61562500,https://www.sec.gov/Archives/edgar/data/107832/000089706995000057/0000897069-95-000057-index.html,https://www.sec.gov/Archives/edgar/data/107832/0000897069-95-000057.txt,1620594547,17:09:07,20210509
105,1994-12-31,LNT,USD,1995-03-14 00:00:00,1995-03-14 00:00:00,Q4,206900000,60400000,146500000,0.7080715321411309,0.0,0.0,0.0,0.0,118200000,178600000,0.0,0.0,51700000,0.24987916868052198,28300000,0.13678105364910584,2400000.0,21600000.0,0.10439826002899952,8300000.0,13300000.0,0.06428226196230062,0.21604060913705583,0.21604060913705583,61562500,61562500,https://www.sec.gov/Archives/edgar/data/352541/000089706995000018/0000897069-95-000018-index.html,https://www.sec.gov/Archives/edgar/data/352541/0000897069-95-000018.txt,1620594547,17:09:07,20210509
106,1994-09-30,LNT,USD,1994-11-14 00:00:00,1994-11-14 00:00:00,Q3,193700000,52200000,141500000,0.7305110996386164,0.0,0.0,0.0,0.0,108000000,160200000,0.0,0.0,52100000,0.26897263810015487,33500000,0.1729478575116159,2000000.0,24600000.0,0.12700051626226122,9300000.0,15300000.0,0.07898812596799173,0.25,0.25,61200000,61200000,https://www.sec.gov/Archives/edgar/data/352541/000089706994000112/0000897069-94-000112-index.html,https://www.sec.gov/Archives/edgar/data/352541/0000897069-94-000112.txt,1620594547,17:09:07,20210509
107,1994-06-30,LNT,USD,1994-08-15 00:00:00,1994-08-15 00:00:00,Q2,181300000,53900000,127400000,0.7027027027027027,0.0,0.0,0.0,0.0,106500000,160400000,0.0,0.0,37200000,0.20518477661334805,20900000,0.11527854384997242,4200000.0,16000000.0,0.0882515168229454,5700000.0,10300000.0,0.0568119139547711,0.165,0.165,62424242,62424242,https://www.sec.gov/Archives/edgar/data/352541/000089706994000086/0000897069-94-000086-index.html,https://www.sec.gov/Archives/edgar/data/352541/0000897069-94-000086.txt,1620594547,17:09:07,20210509
108,1994-03-31,LNT,USD,1994-05-16 00:00:00,1994-05-16 00:00:00,Q1,234100000,83500000,150600000,0.643314822725331,0.0,0.0,0.0,0.0,103500000,187000000,0.0,0.0,65600000,0.28022212729602736,47100000,0.20119607005553183,4800000.0,42400000.0,0.1811191798376762,16000000.0,26400000.0,0.11277231952157198,0.435,0.435,60689655,60689655,https://www.sec.gov/Archives/edgar/data/107832/000089706994000069/0000897069-94-000069-index.html,https://www.sec.gov/Archives/edgar/data/107832/0000897069-94-000069.txt,1620594547,17:09:07,20210509
