,date,symbol,reportedCurrency,fillingDate,acceptedDate,period,revenue,costOfRevenue,grossProfit,grossProfitRatio,researchAndDevelopmentExpenses,generalAndAdministrativeExpenses,sellingAndMarketingExpenses,otherExpenses,operatingExpenses,costAndExpenses,interestExpense,depreciationAndAmortization,ebitda,ebitdaratio,operatingIncome,operatingIncomeRatio,totalOtherIncomeExpensesNet,incomeBeforeTax,incomeBeforeTaxRatio,incomeTaxExpense,netIncome,netIncomeRatio,eps,epsdiluted,weightedAverageShsOut,weightedAverageShsOutDil,link,finalLink,timestamp,est_time,est_date
0,2020-09-30,CUL.AX,AUD,2020-09-30,2020-09-30,Q3,0.0,0.0,0.0,0.0,0.0,43163.75,0.0,19569.0,169902.0,0.0,0.0,0.0,-213065.75,0.0,-213065.75,0.0,19569.0,-193427.5,0.0,0.0,-193427.5,0.0,-0.0012853706436715406,-0.0012853706436715406,150483832.0,150483832.0,,,1620590837,16:07:17,20210509
1,2020-06-30,CUL.AX,AUD,2020-06-30,2020-06-30,Q2,0.0,0.0,0.0,0.0,0.0,43163.75,0.0,19569.0,169902.0,0.0,0.0,0.0,-213065.75,0.0,-213065.75,0.0,19569.0,-193427.5,0.0,0.0,-193427.5,0.0,-0.0012853706436715406,-0.0012853706436715406,150483832.0,150483832.0,,,1620590837,16:07:17,20210509
2,2020-03-31,CUL.AX,AUD,2020-03-31,2020-03-31,Q1,0.0,0.0,0.0,0.0,0.0,43163.75,0.0,19569.0,169902.0,0.0,0.0,0.0,-213065.75,0.0,-213065.75,0.0,19569.0,-193427.5,0.0,0.0,-193427.5,0.0,-0.0012853706436715406,-0.0012853706436715406,150483832.0,150483832.0,,,1620590837,16:07:17,20210509
3,2020-01-31,CUL.AX,AUD,2020-01-31,2020-01-31,Q1,0.0,0.0,0.0,0.0,0.0,43163.75,0.0,19569.0,169902.0,0.0,0.0,0.0,-213065.75,0.0,-213065.75,0.0,19569.0,-193427.5,0.0,0.0,-193427.5,0.0,-0.0012853706436715406,-0.0012853706436715406,150483832.0,150483832.0,,,1620590837,16:07:17,20210509
4,2019-06-30,CUL.AX,AUD,2019-06-30,2019-06-30,Q2,0.0,0.0,0.0,0.0,0.0,51827.25,0.0,676.0,219876.5,0.0,0.0,121.0,-271703.75,0.0,-271824.75,0.0,676.0,-270703.0,0.0,0.0,-270703.0,0.0,-0.00178825,-0.00178825,150483832.0,150483832.0,,,1620590837,16:07:17,20210509
5,2019-03-31,CUL.AX,AUD,2019-03-31,2019-03-31,Q1,0.0,0.0,0.0,0.0,0.0,51827.25,0.0,676.0,219876.5,0.0,0.0,121.0,-271703.75,0.0,-271824.75,0.0,676.0,-270703.0,0.0,0.0,-270703.0,0.0,-0.00178825,-0.00178825,150483832.0,150483832.0,,,1620590837,16:07:17,20210509
6,2019-01-31,CUL.AX,AUD,2019-01-31,2019-01-31,Q1,0.0,0.0,0.0,0.0,0.0,51827.25,0.0,676.0,219876.5,0.0,0.0,121.0,-271703.75,0.0,-271824.75,0.0,676.0,-270703.0,0.0,0.0,-270703.0,0.0,-0.00178825,-0.00178825,150483832.0,150483832.0,,,1620590837,16:07:17,20210509
7,2018-06-30,CUL.AX,AUD,2018-06-30,2018-06-30,Q2,0.0,0.0,0.0,0.0,0.0,59835.0,0.0,20334.0,190151.75,0.0,0.0,666.0,-249986.75,0.0,-250652.75,0.0,20334.0,-229501.5,0.0,0.0,-229501.5,0.0,-0.0020085,-0.0020085,117163111.0,117163111.0,,,1620590837,16:07:17,20210509
8,2018-03-31,CUL.AX,AUD,2018-03-31,2018-03-31,Q1,0.0,0.0,0.0,0.0,0.0,59835.0,0.0,20334.0,190151.75,0.0,0.0,666.0,-249986.75,0.0,-250652.75,0.0,20334.0,-229501.5,0.0,0.0,-229501.5,0.0,-0.0020085,-0.0020085,117163111.0,117163111.0,,,1620590837,16:07:17,20210509
9,2018-01-31,CUL.AX,AUD,2018-01-31,2018-01-31,Q1,0.0,0.0,0.0,0.0,0.0,59835.0,0.0,20334.0,190151.75,0.0,0.0,666.0,-249986.75,0.0,-250652.75,0.0,20334.0,-229501.5,0.0,0.0,-229501.5,0.0,-0.0020085,-0.0020085,117163111.0,117163111.0,,,1620590837,16:07:17,20210509
10,2017-06-30,CUL.AX,AUD,2017-06-30,2017-06-30,Q2,0.0,0.0,0.0,0.0,0.0,94525.5,0.0,31198.75,166093.25,0.0,0.0,614.5,-260618.75,0.0,-261233.25,0.0,31198.75,-229510.5,0.0,0.0,-229510.5,0.0,-0.0025105,-0.0025105,96776437.0,96776437.0,,,1620590837,16:07:17,20210509
11,2017-03-31,CUL.AX,AUD,2017-03-31,2017-03-31,Q1,0.0,0.0,0.0,0.0,0.0,94525.5,0.0,31198.75,166093.25,0.0,0.0,614.5,-260618.75,0.0,-261233.25,0.0,31198.75,-229510.5,0.0,0.0,-229510.5,0.0,-0.0025105,-0.0025105,96776437.0,96776437.0,,,1620590837,16:07:17,20210509
12,2017-01-31,CUL.AX,AUD,2017-01-31,2017-01-31,Q1,0.0,0.0,0.0,0.0,0.0,94525.5,0.0,31198.75,166093.25,0.0,0.0,614.5,-260618.75,0.0,-261233.25,0.0,31198.75,-229510.5,0.0,0.0,-229510.5,0.0,-0.0025105,-0.0025105,96776437.0,96776437.0,,,1620590837,16:07:17,20210509
13,2016-06-30,CUL.AX,AUD,2016-06-30,2016-06-30,Q2,0.0,0.0,0.0,0.0,0.0,85963.75,0.0,29485.5,183135.75,0.0,0.0,461.0,-269099.5,0.0,-269560.5,0.0,29485.5,-238834.0,0.0,0.0,-238834.0,0.0,-0.00301275,-0.00301275,78553991.0,78553991.0,,,1620590837,16:07:17,20210509
14,2016-03-31,CUL.AX,AUD,2016-03-31,2016-03-31,Q1,0.0,0.0,0.0,0.0,0.0,85963.75,0.0,29485.5,183135.75,0.0,0.0,461.0,-269099.5,0.0,-269560.5,0.0,29485.5,-238834.0,0.0,0.0,-238834.0,0.0,-0.00301275,-0.00301275,78553991.0,78553991.0,,,1620590837,16:07:17,20210509
15,2016-01-31,CUL.AX,AUD,2016-01-31,2016-01-31,Q1,0.0,0.0,0.0,0.0,0.0,85963.75,0.0,29485.5,183135.75,0.0,0.0,461.0,-269099.5,0.0,-269560.5,0.0,29485.5,-238834.0,0.0,0.0,-238834.0,0.0,-0.00301275,-0.00301275,78553991.0,78553991.0,,,1620590837,16:07:17,20210509
16,2015-09-30,CUL.AX,AUD,2015-09-30,2015-09-30,Q3,0.0,0.0,0.0,0.0,0.0,151237.25,0.0,24882.25,234968.25,0.0,0.0,240.75,-386205.5,0.0,-386446.25,0.0,30564.0,-353742.25,0.0,0.0,-353742.25,0.0,-0.00580225,-0.00580225,62261249.0,62261249.0,,,1620590837,16:07:17,20210509
17,2015-06-30,CUL.AX,AUD,2015-06-30,2015-06-30,Q2,0.0,0.0,0.0,0.0,0.0,151237.25,0.0,24882.25,234968.25,0.0,0.0,240.75,-386205.5,0.0,-386446.25,0.0,30564.0,-353742.25,0.0,0.0,-353742.25,0.0,-0.00580225,-0.00580225,62261249.0,62261249.0,,,1620590837,16:07:17,20210509
18,2015-03-31,CUL.AX,AUD,2015-03-31,2015-03-31,Q1,0.0,0.0,0.0,0.0,0.0,151237.25,0.0,24882.25,234968.25,0.0,0.0,240.75,-386205.5,0.0,-386446.25,0.0,30564.0,-353742.25,0.0,0.0,-353742.25,0.0,-0.00580225,-0.00580225,62261249.0,62261249.0,,,1620590837,16:07:17,20210509
19,2015-01-31,CUL.AX,AUD,2015-01-31,2015-01-31,Q1,0.0,0.0,0.0,0.0,0.0,151237.25,0.0,24882.25,234968.25,0.0,0.0,240.75,-386205.5,0.0,-386446.25,0.0,30564.0,-353742.25,0.0,0.0,-353742.25,0.0,-0.00580225,-0.00580225,62261249.0,62261249.0,,,1620590837,16:07:17,20210509
20,2014-09-30,CUL.AX,AUD,2014-09-30,2014-09-30,Q3,0.0,0.0,0.0,0.0,0.0,112847.0,0.0,21747.0,385801.75,0.0,0.0,552.25,-498648.75,0.0,-499201.0,0.0,21747.0,-470148.25,0.0,0.0,-470148.25,0.0,-0.009373,-0.009373,49318322.0,49318322.0,,,1620590837,16:07:17,20210509
21,2014-06-30,CUL.AX,AUD,2014-06-30,2014-06-30,Q2,0.0,0.0,0.0,0.0,0.0,112847.0,0.0,21747.0,385801.75,0.0,0.0,552.25,-498648.75,0.0,-499201.0,0.0,21747.0,-470148.25,0.0,0.0,-470148.25,0.0,-0.009373,-0.009373,49318322.0,49318322.0,,,1620590837,16:07:17,20210509
22,2014-03-31,CUL.AX,AUD,2014-03-31,2014-03-31,Q1,0.0,0.0,0.0,0.0,0.0,112847.0,0.0,21747.0,385801.75,0.0,0.0,552.25,-498648.75,0.0,-499201.0,0.0,21747.0,-470148.25,0.0,0.0,-470148.25,0.0,-0.009373,-0.009373,49318322.0,49318322.0,,,1620590837,16:07:17,20210509
23,2014-01-31,CUL.AX,AUD,2014-01-31,2014-01-31,Q1,0.0,0.0,0.0,0.0,0.0,112847.0,0.0,21747.0,385801.75,0.0,0.0,552.25,-498648.75,0.0,-499201.0,0.0,21747.0,-470148.25,0.0,0.0,-470148.25,0.0,-0.009373,-0.009373,49318322.0,49318322.0,,,1620590837,16:07:17,20210509
24,2013-09-30,CUL.AX,AUD,2013-09-30,2013-09-30,Q3,0.0,0.0,0.0,0.0,0.0,112761.0,0.0,2306.75,457000.0,0.0,0.0,1355.25,-569761.0,0.0,-571116.25,0.0,2306.75,-558689.25,0.0,-39047.75,-519641.5,0.0,-0.01249725,-0.01249725,41414366.0,41414366.0,,,1620590837,16:07:17,20210509
25,2013-06-30,CUL.AX,AUD,2013-06-30,2013-06-30,Q2,0.0,0.0,0.0,0.0,0.0,112761.0,0.0,2306.75,457000.0,0.0,0.0,1355.25,-569761.0,0.0,-571116.25,0.0,2306.75,-558689.25,0.0,-39047.75,-519641.5,0.0,-0.01249725,-0.01249725,41414366.0,41414366.0,,,1620590837,16:07:17,20210509
26,2013-03-31,CUL.AX,AUD,2013-03-31,2013-03-31,Q1,0.0,0.0,0.0,0.0,0.0,112761.0,0.0,2306.75,457000.0,0.0,0.0,1355.25,-569761.0,0.0,-571116.25,0.0,2306.75,-558689.25,0.0,-39047.75,-519641.5,0.0,-0.01249725,-0.01249725,41414366.0,41414366.0,,,1620590837,16:07:17,20210509
27,2013-01-31,CUL.AX,AUD,2013-01-31,2013-01-31,Q1,0.0,0.0,0.0,0.0,0.0,112761.0,0.0,2306.75,457000.0,0.0,0.0,1355.25,-569761.0,0.0,-571116.25,0.0,2306.75,-558689.25,0.0,-39047.75,-519641.5,0.0,-0.01249725,-0.01249725,41414366.0,41414366.0,,,1620590837,16:07:17,20210509
28,2012-09-30,CUL.AX,AUD,2012-09-30,2012-09-30,Q3,0.0,0.0,0.0,0.0,0.0,113823.75,0.0,24457.5,587765.5,0.0,0.0,1408.5,-701589.25,0.0,-702997.75,0.0,22746.25,-662461.5,0.0,0.0,-662461.5,0.0,-0.01829975,-0.01829975,35985449.0,35985449.0,,,1620590837,16:07:17,20210509
29,2012-06-30,CUL.AX,AUD,2012-06-30,2012-06-30,Q2,0.0,0.0,0.0,0.0,0.0,113823.75,0.0,24457.5,587765.5,0.0,0.0,1408.5,-701589.25,0.0,-702997.75,0.0,22746.25,-662461.5,0.0,0.0,-662461.5,0.0,-0.01829975,-0.01829975,35985449.0,35985449.0,,,1620590837,16:07:17,20210509
30,2012-03-31,CUL.AX,AUD,2012-03-31,2012-03-31,Q1,0.0,0.0,0.0,0.0,0.0,113823.75,0.0,24457.5,587765.5,0.0,0.0,1408.5,-701589.25,0.0,-702997.75,0.0,22746.25,-662461.5,0.0,0.0,-662461.5,0.0,-0.01829975,-0.01829975,35985449.0,35985449.0,,,1620590837,16:07:17,20210509
31,2012-01-31,CUL.AX,AUD,2012-01-31,2012-01-31,Q1,0.0,0.0,0.0,0.0,0.0,113823.75,0.0,24457.5,587765.5,0.0,0.0,1408.5,-701589.25,0.0,-702997.75,0.0,22746.25,-662461.5,0.0,0.0,-662461.5,0.0,-0.01829975,-0.01829975,35985449.0,35985449.0,,,1620590837,16:07:17,20210509
32,2011-09-30,CUL.AX,AUD,2011-09-30,2011-09-30,Q3,0.0,0.0,0.0,0.0,0.0,252297.5,0.0,221331.75,442466.75,0.0,0.0,2078.75,-694764.25,0.0,-696843.0,0.0,188944.25,-467532.0,0.0,-57510.25,-410021.75,0.0,-0.012051,-0.012051,33948906.0,33948906.0,,,1620590837,16:07:17,20210509
33,2011-06-30,CUL.AX,AUD,2011-06-30,2011-06-30,Q2,0.0,0.0,0.0,0.0,0.0,252297.5,0.0,221331.75,442466.75,0.0,0.0,2078.75,-694764.25,0.0,-696843.0,0.0,188944.25,-467532.0,0.0,-57510.25,-410021.75,0.0,-0.012051,-0.012051,33948906.0,33948906.0,,,1620590837,16:07:17,20210509
34,2011-03-31,CUL.AX,AUD,2011-03-31,2011-03-31,Q1,0.0,0.0,0.0,0.0,0.0,252297.5,0.0,221331.75,442466.75,0.0,0.0,2078.75,-694764.25,0.0,-696843.0,0.0,188944.25,-467532.0,0.0,-57510.25,-410021.75,0.0,-0.012051,-0.012051,33948906.0,33948906.0,,,1620590837,16:07:17,20210509
35,2011-01-31,CUL.AX,AUD,2011-01-31,2011-01-31,Q1,0.0,0.0,0.0,0.0,0.0,252297.5,0.0,221331.75,442466.75,0.0,0.0,2078.75,-694764.25,0.0,-696843.0,0.0,188944.25,-467532.0,0.0,-57510.25,-410021.75,0.0,-0.012051,-0.012051,33948906.0,33948906.0,,,1620590837,16:07:17,20210509
36,2010-09-30,CUL.AX,AUD,2010-09-30,2010-09-30,Q3,50000.0,0.0,50000.0,1.0,0.0,137856.25,0.0,0.0,476208.0,0.0,0.0,5895.5,-564064.25,-11.281285,-569959.75,-11.399195,0.0,-540308.75,-10.806175,0.0,-540308.75,-10.806175,-0.017407,-0.017407,31147678.0,31147678.0,,,1620590837,16:07:17,20210509
37,2010-06-30,CUL.AX,AUD,2010-06-30,2010-06-30,Q2,50000.0,0.0,50000.0,1.0,0.0,137856.25,0.0,0.0,476208.0,0.0,0.0,5895.5,-564064.25,-11.281285,-569959.75,-11.399195,0.0,-540308.75,-10.806175,0.0,-540308.75,-10.806175,-0.017407,-0.017407,31147678.0,31147678.0,,,1620590837,16:07:17,20210509
38,2010-03-31,CUL.AX,AUD,2010-03-31,2010-03-31,Q1,50000.0,0.0,50000.0,1.0,0.0,137856.25,0.0,0.0,476208.0,0.0,0.0,5895.5,-564064.25,-11.281285,-569959.75,-11.399195,0.0,-540308.75,-10.806175,0.0,-540308.75,-10.806175,-0.017407,-0.017407,31147678.0,31147678.0,,,1620590837,16:07:17,20210509
39,2010-01-31,CUL.AX,AUD,2010-01-31,2010-01-31,Q1,50000.0,0.0,50000.0,1.0,0.0,137856.25,0.0,0.0,476208.0,0.0,0.0,5895.5,-564064.25,-11.281285,-569959.75,-11.399195,0.0,-540308.75,-10.806175,0.0,-540308.75,-10.806175,-0.017407,-0.017407,31147678.0,31147678.0,,,1620590837,16:07:17,20210509
40,2009-09-30,CUL.AX,AUD,2009-09-30,2009-09-30,Q3,1059.25,0.0,1059.25,1.0,0.0,106162.5,0.0,0.0,1556303.5,0.0,0.0,7823.0,-1661406.75,-1568.4746282747226,-1669229.75,-1575.8600424828887,0.0,-1576848.25,-1488.645975926363,0.0,-1576848.25,-1488.645975926363,-0.050882,-0.050882,31077701.0,31077701.0,,,1620590837,16:07:17,20210509
41,2009-06-30,CUL.AX,AUD,2009-06-30,2009-06-30,Q2,1059.25,0.0,1059.25,1.0,0.0,106162.5,0.0,0.0,1556303.5,0.0,0.0,7823.0,-1661406.75,-1568.4746282747226,-1669229.75,-1575.8600424828887,0.0,-1576848.25,-1488.645975926363,0.0,-1576848.25,-1488.645975926363,-0.050882,-0.050882,31077701.0,31077701.0,,,1620590837,16:07:17,20210509
42,2009-03-31,CUL.AX,AUD,2009-03-31,2009-03-31,Q1,1059.25,0.0,1059.25,1.0,0.0,106162.5,0.0,0.0,1556303.5,0.0,0.0,7823.0,-1661406.75,-1568.4746282747226,-1669229.75,-1575.8600424828887,0.0,-1576848.25,-1488.645975926363,0.0,-1576848.25,-1488.645975926363,-0.050882,-0.050882,31077701.0,31077701.0,,,1620590837,16:07:17,20210509
43,2009-01-31,CUL.AX,AUD,2009-01-31,2009-01-31,Q1,1059.25,0.0,1059.25,1.0,0.0,106162.5,0.0,0.0,1556303.5,0.0,0.0,7823.0,-1661406.75,-1568.4746282747226,-1669229.75,-1575.8600424828887,0.0,-1576848.25,-1488.645975926363,0.0,-1576848.25,-1488.645975926363,-0.050882,-0.050882,31077701.0,31077701.0,,,1620590837,16:07:17,20210509
44,2008-09-30,CUL.AX,AUD,2008-09-30,2008-09-30,Q3,0.0,0.0,0.0,0.0,0.0,182104.5,0.0,0.0,455834.75,0.0,0.0,7052.25,-637939.25,0.0,-644991.5,0.0,0.0,-578687.75,0.0,0.0,-578687.75,0.0,-0.01963875,-0.01963875,29261810.0,29261810.0,,,1620590837,16:07:17,20210509
45,2008-06-30,CUL.AX,AUD,2008-06-30,2008-06-30,Q2,0.0,0.0,0.0,0.0,0.0,182104.5,0.0,0.0,455834.75,0.0,0.0,7052.25,-637939.25,0.0,-644991.5,0.0,0.0,-578687.75,0.0,0.0,-578687.75,0.0,-0.01963875,-0.01963875,29261810.0,29261810.0,,,1620590837,16:07:17,20210509
46,2008-03-31,CUL.AX,AUD,2008-03-31,2008-03-31,Q1,0.0,0.0,0.0,0.0,0.0,182104.5,0.0,0.0,455834.75,0.0,0.0,7052.25,-637939.25,0.0,-644991.5,0.0,0.0,-578687.75,0.0,0.0,-578687.75,0.0,-0.01963875,-0.01963875,29261810.0,29261810.0,,,1620590837,16:07:17,20210509
47,2008-01-31,CUL.AX,AUD,2008-01-31,2008-01-31,Q1,0.0,0.0,0.0,0.0,0.0,182104.5,0.0,0.0,455834.75,0.0,0.0,7052.25,-637939.25,0.0,-644991.5,0.0,0.0,-578687.75,0.0,0.0,-578687.75,0.0,-0.01963875,-0.01963875,29261810.0,29261810.0,,,1620590837,16:07:17,20210509
48,2007-09-30,CUL.AX,AUD,2007-09-30,2007-09-30,Q3,11320.25,0.0,11320.25,1.0,0.0,194492.5,0.0,0.0,251870.0,0.0,0.0,4011.25,-435042.25,-38.430445440692566,-439053.5,-38.784788321812684,0.0,-428691.0,-37.86939334378658,0.0,-428691.0,-37.86939334378658,-0.01785325,-0.01785325,24278342.0,24278342.0,,,1620590837,16:07:17,20210509
49,2007-06-30,CUL.AX,AUD,2007-06-30,2007-06-30,Q2,11320.25,0.0,11320.25,1.0,0.0,194492.5,0.0,0.0,251870.0,0.0,0.0,4011.25,-435042.25,-38.430445440692566,-439053.5,-38.784788321812684,0.0,-428691.0,-37.86939334378658,0.0,-428691.0,-37.86939334378658,-0.01785325,-0.01785325,24278342.0,24278342.0,,,1620590837,16:07:17,20210509
50,2007-03-31,CUL.AX,AUD,2007-03-31,2007-03-31,Q1,11320.25,0.0,11320.25,1.0,0.0,194492.5,0.0,0.0,251870.0,0.0,0.0,4011.25,-435042.25,-38.430445440692566,-439053.5,-38.784788321812684,0.0,-428691.0,-37.86939334378658,0.0,-428691.0,-37.86939334378658,-0.01785325,-0.01785325,24278342.0,24278342.0,,,1620590837,16:07:17,20210509
51,2007-01-31,CUL.AX,AUD,2007-01-31,2007-01-31,Q1,11320.25,0.0,11320.25,1.0,0.0,194492.5,0.0,0.0,251870.0,0.0,0.0,4011.25,-435042.25,-38.430445440692566,-439053.5,-38.784788321812684,0.0,-428691.0,-37.86939334378658,0.0,-428691.0,-37.86939334378658,-0.01785325,-0.01785325,24278342.0,24278342.0,,,1620590837,16:07:17,20210509
52,2006-09-30,CUL.AX,AUD,2006-09-30,2006-09-30,Q3,0.0,0.0,0.0,0.0,0.0,75832.0,0.0,0.0,425694.0,0.0,0.0,5132.0,-501526.0,0.0,-506658.0,0.0,0.0,-491197.0,0.0,0.0,-491197.0,0.0,-0.02365575,-0.02365575,20928371.0,20928371.0,,,1620590837,16:07:17,20210509
53,2006-06-30,CUL.AX,AUD,2006-06-30,2006-06-30,Q2,0.0,0.0,0.0,0.0,0.0,75832.0,0.0,0.0,425694.0,0.0,0.0,5132.0,-501526.0,0.0,-506658.0,0.0,0.0,-491197.0,0.0,0.0,-491197.0,0.0,-0.02365575,-0.02365575,20928371.0,20928371.0,,,1620590837,16:07:17,20210509
54,2006-03-31,CUL.AX,AUD,2006-03-31,2006-03-31,Q1,0.0,0.0,0.0,0.0,0.0,75832.0,0.0,0.0,425694.0,0.0,0.0,5132.0,-501526.0,0.0,-506658.0,0.0,0.0,-491197.0,0.0,0.0,-491197.0,0.0,-0.02365575,-0.02365575,20928371.0,20928371.0,,,1620590837,16:07:17,20210509
55,2006-01-31,CUL.AX,AUD,2006-01-31,2006-01-31,Q1,0.0,0.0,0.0,0.0,0.0,75832.0,0.0,0.0,425694.0,0.0,0.0,5132.0,-501526.0,0.0,-506658.0,0.0,0.0,-491197.0,0.0,0.0,-491197.0,0.0,-0.02365575,-0.02365575,20928371.0,20928371.0,,,1620590837,16:07:17,20210509
56,2005-09-30,CUL.AX,AUD,2005-09-30,2005-09-30,Q3,0.0,3200.0,-3200.0,0.0,0.0,86124.0,0.0,146167.0,258811.25,0.0,0.0,0.0,-348135.25,0.0,-348135.25,0.0,146167.0,-189215.25,0.0,-189215.25,-189215.25,0.0,-0.00981925,-0.00981925,19207436.0,19207436.0,,,1620590837,16:07:17,20210509
57,2005-06-30,CUL.AX,AUD,2005-06-30,2005-06-30,Q2,0.0,3200.0,-3200.0,0.0,0.0,86124.0,0.0,146167.0,258811.25,0.0,0.0,0.0,-348135.25,0.0,-348135.25,0.0,146167.0,-189215.25,0.0,-189215.25,-189215.25,0.0,-0.00981925,-0.00981925,19207436.0,19207436.0,,,1620590837,16:07:17,20210509
58,2005-03-31,CUL.AX,AUD,2005-03-31,2005-03-31,Q1,0.0,3200.0,-3200.0,0.0,0.0,86124.0,0.0,146167.0,258811.25,0.0,0.0,0.0,-348135.25,0.0,-348135.25,0.0,146167.0,-189215.25,0.0,-189215.25,-189215.25,0.0,-0.00981925,-0.00981925,19207436.0,19207436.0,,,1620590837,16:07:17,20210509
59,2005-01-31,CUL.AX,AUD,2005-01-31,2005-01-31,Q1,0.0,3200.0,-3200.0,0.0,0.0,86124.0,0.0,146167.0,258811.25,0.0,0.0,0.0,-348135.25,0.0,-348135.25,0.0,146167.0,-189215.25,0.0,-189215.25,-189215.25,0.0,-0.00981925,-0.00981925,19207436.0,19207436.0,,,1620590837,16:07:17,20210509
60,2004-09-30,CUL.AX,AUD,2004-09-30,2004-09-30,Q3,0.0,0.0,0.0,0.0,0.0,75770.5,0.0,0.0,305029.75,0.0,0.0,0.0,-380800.25,0.0,-380800.25,0.0,0.0,-362040.0,0.0,-362040.0,-362040.0,0.0,-0.02097775,-0.02097775,17403315.0,17403315.0,,,1620590837,16:07:17,20210509
61,2004-06-30,CUL.AX,AUD,2004-06-30,2004-06-30,Q2,0.0,0.0,0.0,0.0,0.0,75770.5,0.0,0.0,305029.75,0.0,0.0,0.0,-380800.25,0.0,-380800.25,0.0,0.0,-362040.0,0.0,-362040.0,-362040.0,0.0,-0.02097775,-0.02097775,17403315.0,17403315.0,,,1620590837,16:07:17,20210509
62,2004-03-31,CUL.AX,AUD,2004-03-31,2004-03-31,Q1,0.0,0.0,0.0,0.0,0.0,75770.5,0.0,0.0,305029.75,0.0,0.0,0.0,-380800.25,0.0,-380800.25,0.0,0.0,-362040.0,0.0,-362040.0,-362040.0,0.0,-0.02097775,-0.02097775,17403315.0,17403315.0,,,1620590837,16:07:17,20210509
63,2004-01-31,CUL.AX,AUD,2004-01-31,2004-01-31,Q1,0.0,0.0,0.0,0.0,0.0,75770.5,0.0,0.0,305029.75,0.0,0.0,0.0,-380800.25,0.0,-380800.25,0.0,0.0,-362040.0,0.0,-362040.0,-362040.0,0.0,-0.02097775,-0.02097775,17403315.0,17403315.0,,,1620590837,16:07:17,20210509
64,2003-09-30,CUL.AX,AUD,2003-09-30,2003-09-30,Q3,0.0,0.0,0.0,0.0,0.0,74512.25,0.0,213977.5,113419.0,0.0,0.0,0.0,-187931.25,0.0,-187931.25,0.0,213977.5,46805.0,0.0,46805.0,46805.0,0.0,0.00312425,0.00312425,15053366.0,15053366.0,,,1620590837,16:07:17,20210509
65,2003-06-30,CUL.AX,AUD,2003-06-30,2003-06-30,Q2,0.0,0.0,0.0,0.0,0.0,74512.25,0.0,213977.5,113419.0,0.0,0.0,0.0,-187931.25,0.0,-187931.25,0.0,213977.5,46805.0,0.0,46805.0,46805.0,0.0,0.00312425,0.00312425,15053366.0,15053366.0,,,1620590837,16:07:17,20210509
66,2003-03-31,CUL.AX,AUD,2003-03-31,2003-03-31,Q1,0.0,0.0,0.0,0.0,0.0,74512.25,0.0,213977.5,113419.0,0.0,0.0,0.0,-187931.25,0.0,-187931.25,0.0,213977.5,46805.0,0.0,46805.0,46805.0,0.0,0.00312425,0.00312425,15053366.0,15053366.0,,,1620590837,16:07:17,20210509
67,2003-01-31,CUL.AX,AUD,2003-01-31,2003-01-31,Q1,0.0,0.0,0.0,0.0,0.0,74512.25,0.0,213977.5,113419.0,0.0,0.0,0.0,-187931.25,0.0,-187931.25,0.0,213977.5,46805.0,0.0,46805.0,46805.0,0.0,0.00312425,0.00312425,15053366.0,15053366.0,,,1620590837,16:07:17,20210509
68,2002-09-30,CUL.AX,AUD,2002-09-30,2002-09-30,Q3,0.0,0.0,0.0,0.0,0.0,106292.75,0.0,417169.25,283954.0,0.0,0.0,0.0,-390246.75,0.0,-390246.75,0.0,417169.25,35484.25,0.0,35484.25,35484.25,0.0,0.002678,0.002678,13926824.0,13926824.0,,,1620590837,16:07:17,20210509
69,2002-06-30,CUL.AX,AUD,2002-06-30,2002-06-30,Q2,0.0,0.0,0.0,0.0,0.0,106292.75,0.0,417169.25,283954.0,0.0,0.0,0.0,-390246.75,0.0,-390246.75,0.0,417169.25,35484.25,0.0,35484.25,35484.25,0.0,0.002678,0.002678,13926824.0,13926824.0,,,1620590837,16:07:17,20210509
70,2002-03-31,CUL.AX,AUD,2002-03-31,2002-03-31,Q1,0.0,0.0,0.0,0.0,0.0,106292.75,0.0,417169.25,283954.0,0.0,0.0,0.0,-390246.75,0.0,-390246.75,0.0,417169.25,35484.25,0.0,35484.25,35484.25,0.0,0.002678,0.002678,13926824.0,13926824.0,,,1620590837,16:07:17,20210509
71,2002-01-31,CUL.AX,AUD,2002-01-31,2002-01-31,Q1,0.0,0.0,0.0,0.0,0.0,106292.75,0.0,417169.25,283954.0,0.0,0.0,0.0,-390246.75,0.0,-390246.75,0.0,417169.25,35484.25,0.0,35484.25,35484.25,0.0,0.002678,0.002678,13926824.0,13926824.0,,,1620590837,16:07:17,20210509
72,2001-09-30,CUL.AX,AUD,2001-09-30,2001-09-30,Q3,0.0,0.0,0.0,0.0,0.0,0.0,0.0,0.0,0.0,0.0,0.0,0.0,0.0,0.0,0.0,0.0,0.0,-142538.0,0.0,-142538.0,-142538.0,0.0,-0.01383625,-0.01383625,10085524.0,10085524.0,,,1620590837,16:07:17,20210509
73,2001-06-30,CUL.AX,AUD,2001-06-30,2001-06-30,Q2,0.0,0.0,0.0,0.0,0.0,0.0,0.0,0.0,0.0,0.0,0.0,0.0,0.0,0.0,0.0,0.0,0.0,-142538.0,0.0,-142538.0,-142538.0,0.0,-0.01383625,-0.01383625,10085524.0,10085524.0,,,1620590837,16:07:17,20210509
74,2001-03-31,CUL.AX,AUD,2001-03-31,2001-03-31,Q1,0.0,0.0,0.0,0.0,0.0,0.0,0.0,0.0,0.0,0.0,0.0,0.0,0.0,0.0,0.0,0.0,0.0,-142538.0,0.0,-142538.0,-142538.0,0.0,-0.01383625,-0.01383625,10085524.0,10085524.0,,,1620590837,16:07:17,20210509
75,2001-01-31,CUL.AX,AUD,2001-01-31,2001-01-31,Q1,0.0,0.0,0.0,0.0,0.0,0.0,0.0,0.0,0.0,0.0,0.0,0.0,0.0,0.0,0.0,0.0,0.0,-142538.0,0.0,-142538.0,-142538.0,0.0,-0.01383625,-0.01383625,10085524.0,10085524.0,,,1620590837,16:07:17,20210509
76,2000-09-30,CUL.AX,AUD,2000-09-30,2000-09-30,Q3,0.0,0.0,0.0,0.0,0.0,0.0,0.0,0.0,0.0,0.0,0.0,0.0,0.0,0.0,0.0,0.0,0.0,-637632.0,0.0,-637632.0,-637632.0,0.0,-0.0705205,-0.0705205,9037708.0,9037708.0,,,1620590837,16:07:17,20210509
77,2000-06-30,CUL.AX,AUD,2000-06-30,2000-06-30,Q2,0.0,0.0,0.0,0.0,0.0,0.0,0.0,0.0,0.0,0.0,0.0,0.0,0.0,0.0,0.0,0.0,0.0,-637632.0,0.0,-637632.0,-637632.0,0.0,-0.0705205,-0.0705205,9037708.0,9037708.0,,,1620590837,16:07:17,20210509
78,2000-03-31,CUL.AX,AUD,2000-03-31,2000-03-31,Q1,0.0,0.0,0.0,0.0,0.0,0.0,0.0,0.0,0.0,0.0,0.0,0.0,0.0,0.0,0.0,0.0,0.0,-637632.0,0.0,-637632.0,-637632.0,0.0,-0.0705205,-0.0705205,9037708.0,9037708.0,,,1620590837,16:07:17,20210509
79,2000-01-31,CUL.AX,AUD,2000-01-31,2000-01-31,Q1,0.0,0.0,0.0,0.0,0.0,0.0,0.0,0.0,0.0,0.0,0.0,0.0,0.0,0.0,0.0,0.0,0.0,-637632.0,0.0,-637632.0,-637632.0,0.0,-0.0705205,-0.0705205,9037708.0,9037708.0,,,1620590837,16:07:17,20210509
80,1999-09-30,CUL.AX,AUD,1999-09-30,1999-09-30,Q3,0.0,0.0,0.0,0.0,0.0,0.0,0.0,0.0,0.0,0.0,0.0,0.0,0.0,0.0,0.0,0.0,0.0,-129865.5,0.0,-129865.5,-129865.5,0.0,-0.0357065,-0.0357065,3633692.0,3633692.0,,,1620590837,16:07:17,20210509
81,1999-06-30,CUL.AX,AUD,1999-06-30,1999-06-30,Q2,0.0,0.0,0.0,0.0,0.0,0.0,0.0,0.0,0.0,0.0,0.0,0.0,0.0,0.0,0.0,0.0,0.0,-129865.5,0.0,-129865.5,-129865.5,0.0,-0.0357065,-0.0357065,3633692.0,3633692.0,,,1620590837,16:07:17,20210509
82,1999-03-31,CUL.AX,AUD,1999-03-31,1999-03-31,Q1,0.0,0.0,0.0,0.0,0.0,0.0,0.0,0.0,0.0,0.0,0.0,0.0,0.0,0.0,0.0,0.0,0.0,-129865.5,0.0,-129865.5,-129865.5,0.0,-0.0357065,-0.0357065,3633692.0,3633692.0,,,1620590837,16:07:17,20210509
83,1999-01-31,CUL.AX,AUD,1999-01-31,1999-01-31,Q1,0.0,0.0,0.0,0.0,0.0,0.0,0.0,0.0,0.0,0.0,0.0,0.0,0.0,0.0,0.0,0.0,0.0,-129865.5,0.0,-129865.5,-129865.5,0.0,-0.0357065,-0.0357065,3633692.0,3633692.0,,,1620590837,16:07:17,20210509
84,1998-09-30,CUL.AX,AUD,1998-09-30,1998-09-30,Q3,0.0,0.0,0.0,0.0,0.0,0.0,0.0,0.0,0.0,0.0,0.0,0.0,-242201.5,0.0,0.0,0.0,0.0,-242201.5,0.0,-242201.5,-242201.5,0.0,-0.15259478837212231,-0.14595076512196034,1587220.0,1659474.0,,,1620590837,16:07:17,20210509
85,1998-06-30,CUL.AX,AUD,1998-06-30,1998-06-30,Q2,0.0,0.0,0.0,0.0,0.0,0.0,0.0,0.0,0.0,0.0,0.0,0.0,-242201.5,0.0,0.0,0.0,0.0,-242201.5,0.0,-242201.5,-242201.5,0.0,-0.15259478837212231,-0.14595076512196034,1587220.0,1659474.0,,,1620590837,16:07:17,20210509
86,1998-03-31,CUL.AX,AUD,1998-03-31,1998-03-31,Q1,0.0,0.0,0.0,0.0,0.0,0.0,0.0,0.0,0.0,0.0,0.0,0.0,-242201.5,0.0,0.0,0.0,0.0,-242201.5,0.0,-242201.5,-242201.5,0.0,-0.15259478837212231,-0.14595076512196034,1587220.0,1659474.0,,,1620590837,16:07:17,20210509
87,1998-01-31,CUL.AX,AUD,1998-01-31,1998-01-31,Q1,0.0,0.0,0.0,0.0,0.0,0.0,0.0,0.0,0.0,0.0,0.0,0.0,-242201.5,0.0,0.0,0.0,0.0,-242201.5,0.0,-242201.5,-242201.5,0.0,-0.15259478837212231,-0.14595076512196034,1587220.0,1659474.0,,,1620590837,16:07:17,20210509
88,1997-09-30,CUL.AX,AUD,1997-09-30,1997-09-30,Q3,0.0,0.0,0.0,0.0,0.0,0.0,0.0,0.0,0.0,0.0,8081.0,0.0,-102335.75,0.0,0.0,0.0,0.0,-110416.75,0.0,-110416.75,-110416.75,0.0,-0.0665035,-0.0665035,1657471.0,1657471.0,,,1620590837,16:07:17,20210509
89,1997-06-30,CUL.AX,AUD,1997-06-30,1997-06-30,Q2,0.0,0.0,0.0,0.0,0.0,0.0,0.0,0.0,0.0,0.0,8081.0,0.0,-102335.75,0.0,0.0,0.0,0.0,-110416.75,0.0,-110416.75,-110416.75,0.0,-0.0665035,-0.0665035,1657471.0,1657471.0,,,1620590837,16:07:17,20210509
90,1997-03-31,CUL.AX,AUD,1997-03-31,1997-03-31,Q1,0.0,0.0,0.0,0.0,0.0,0.0,0.0,0.0,0.0,0.0,8081.0,0.0,-102335.75,0.0,0.0,0.0,0.0,-110416.75,0.0,-110416.75,-110416.75,0.0,-0.0665035,-0.0665035,1657471.0,1657471.0,,,1620590837,16:07:17,20210509
91,1997-01-31,CUL.AX,AUD,1997-01-31,1997-01-31,Q1,0.0,0.0,0.0,0.0,0.0,0.0,0.0,0.0,0.0,0.0,8081.0,0.0,-102335.75,0.0,0.0,0.0,0.0,-110416.75,0.0,-110416.75,-110416.75,0.0,-0.0665035,-0.0665035,1657471.0,1657471.0,,,1620590837,16:07:17,20210509
92,1996-09-30,CUL.AX,AUD,1996-09-30,1996-09-30,Q3,0.0,0.0,0.0,0.0,0.0,0.0,0.0,0.0,0.0,0.0,89543.0,0.0,92461.25,0.0,0.0,0.0,0.0,2918.25,0.0,2918.25,2918.25,0.0,0.00178525,0.00178525,1634571.0,1634571.0,,,1620590837,16:07:17,20210509
93,1996-06-30,CUL.AX,AUD,1996-06-30,1996-06-30,Q2,0.0,0.0,0.0,0.0,0.0,0.0,0.0,0.0,0.0,0.0,89543.0,0.0,92461.25,0.0,0.0,0.0,0.0,2918.25,0.0,2918.25,2918.25,0.0,0.00178525,0.00178525,1634571.0,1634571.0,,,1620590837,16:07:17,20210509
94,1996-03-31,CUL.AX,AUD,1996-03-31,1996-03-31,Q1,0.0,0.0,0.0,0.0,0.0,0.0,0.0,0.0,0.0,0.0,89543.0,0.0,92461.25,0.0,0.0,0.0,0.0,2918.25,0.0,2918.25,2918.25,0.0,0.00178525,0.00178525,1634571.0,1634571.0,,,1620590837,16:07:17,20210509
95,1996-01-31,CUL.AX,AUD,1996-01-31,1996-01-31,Q1,0.0,0.0,0.0,0.0,0.0,0.0,0.0,0.0,0.0,0.0,89543.0,0.0,92461.25,0.0,0.0,0.0,0.0,2918.25,0.0,2918.25,2918.25,0.0,0.00178525,0.00178525,1634571.0,1634571.0,,,1620590837,16:07:17,20210509
96,1995-09-30,CUL.AX,AUD,1995-09-30,1995-09-30,Q3,0.0,0.0,0.0,0.0,0.0,0.0,0.0,0.0,0.0,0.0,96750.0,0.0,-382750.0,0.0,0.0,0.0,0.0,-479500.0,0.0,-479500.0,-479500.0,0.0,-0.299043,-0.299043,1603448.0,1603448.0,,,1620590837,16:07:17,20210509
97,1995-06-30,CUL.AX,AUD,1995-06-30,1995-06-30,Q2,0.0,0.0,0.0,0.0,0.0,0.0,0.0,0.0,0.0,0.0,96750.0,0.0,-382750.0,0.0,0.0,0.0,0.0,-479500.0,0.0,-479500.0,-479500.0,0.0,-0.299043,-0.299043,1603448.0,1603448.0,,,1620590837,16:07:17,20210509
98,1995-03-31,CUL.AX,AUD,1995-03-31,1995-03-31,Q1,0.0,0.0,0.0,0.0,0.0,0.0,0.0,0.0,0.0,0.0,96750.0,0.0,-382750.0,0.0,0.0,0.0,0.0,-479500.0,0.0,-479500.0,-479500.0,0.0,-0.299043,-0.299043,1603448.0,1603448.0,,,1620590837,16:07:17,20210509
99,1995-01-31,CUL.AX,AUD,1995-01-31,1995-01-31,Q1,0.0,0.0,0.0,0.0,0.0,0.0,0.0,0.0,0.0,0.0,96750.0,0.0,-382750.0,0.0,0.0,0.0,0.0,-479500.0,0.0,-479500.0,-479500.0,0.0,-0.299043,-0.299043,1603448.0,1603448.0,,,1620590837,16:07:17,20210509
100,1994-09-30,CUL.AX,AUD,1994-09-30,1994-09-30,Q3,0.0,0.0,0.0,0.0,0.0,0.0,0.0,0.0,0.0,0.0,31250.0,0.0,-508750.0,0.0,0.0,0.0,0.0,-540000.0,0.0,-540000.0,-540000.0,0.0,-0.36599275,-0.36599275,1475438.0,1475438.0,,,1620590837,16:07:17,20210509
101,1994-06-30,CUL.AX,AUD,1994-06-30,1994-06-30,Q2,0.0,0.0,0.0,0.0,0.0,0.0,0.0,0.0,0.0,0.0,31250.0,0.0,-508750.0,0.0,0.0,0.0,0.0,-540000.0,0.0,-540000.0,-540000.0,0.0,-0.36599275,-0.36599275,1475438.0,1475438.0,,,1620590837,16:07:17,20210509
102,1994-03-31,CUL.AX,AUD,1994-03-31,1994-03-31,Q1,0.0,0.0,0.0,0.0,0.0,0.0,0.0,0.0,0.0,0.0,31250.0,0.0,-508750.0,0.0,0.0,0.0,0.0,-540000.0,0.0,-540000.0,-540000.0,0.0,-0.36599275,-0.36599275,1475438.0,1475438.0,,,1620590837,16:07:17,20210509
103,1994-01-31,CUL.AX,AUD,1994-01-31,1994-01-31,Q1,0.0,0.0,0.0,0.0,0.0,0.0,0.0,0.0,0.0,0.0,31250.0,0.0,-508750.0,0.0,0.0,0.0,0.0,-540000.0,0.0,-540000.0,-540000.0,0.0,-0.36599275,-0.36599275,1475438.0,1475438.0,,,1620590837,16:07:17,20210509
104,1993-09-30,CUL.AX,AUD,1993-09-30,1993-09-30,Q3,0.0,0.0,0.0,0.0,0.0,0.0,0.0,0.0,0.0,0.0,11000.0,0.0,-67250.0,0.0,0.0,0.0,0.0,-78250.0,0.0,-78250.0,-78250.0,0.0,-0.07141325,-0.07141325,1095735.0,1095735.0,,,1620590837,16:07:17,20210509
105,1993-06-30,CUL.AX,AUD,1993-06-30,1993-06-30,Q2,0.0,0.0,0.0,0.0,0.0,0.0,0.0,0.0,0.0,0.0,11000.0,0.0,-67250.0,0.0,0.0,0.0,0.0,-78250.0,0.0,-78250.0,-78250.0,0.0,-0.07141325,-0.07141325,1095735.0,1095735.0,,,1620590837,16:07:17,20210509
106,1993-03-31,CUL.AX,AUD,1993-03-31,1993-03-31,Q1,0.0,0.0,0.0,0.0,0.0,0.0,0.0,0.0,0.0,0.0,11000.0,0.0,-67250.0,0.0,0.0,0.0,0.0,-78250.0,0.0,-78250.0,-78250.0,0.0,-0.07141325,-0.07141325,1095735.0,1095735.0,,,1620590837,16:07:17,20210509
107,1993-01-31,CUL.AX,AUD,1993-01-31,1993-01-31,Q1,0.0,0.0,0.0,0.0,0.0,0.0,0.0,0.0,0.0,0.0,11000.0,0.0,-67250.0,0.0,0.0,0.0,0.0,-78250.0,0.0,-78250.0,-78250.0,0.0,-0.07141325,-0.07141325,1095735.0,1095735.0,,,1620590837,16:07:17,20210509
108,1992-09-30,CUL.AX,AUD,1992-09-30,1992-09-30,Q3,0.0,0.0,0.0,0.0,0.0,0.0,0.0,0.0,0.0,0.0,0.0,0.0,-988750.0,0.0,0.0,0.0,0.0,-988750.0,0.0,-988750.0,-988750.0,0.0,-0.91051875,-0.91051875,1083496.0,1083496.0,,,1620590837,16:07:17,20210509
109,1992-06-30,CUL.AX,AUD,1992-06-30,1992-06-30,Q2,0.0,0.0,0.0,0.0,0.0,0.0,0.0,0.0,0.0,0.0,0.0,0.0,-988750.0,0.0,0.0,0.0,0.0,-988750.0,0.0,-988750.0,-988750.0,0.0,-0.91051875,-0.91051875,1083496.0,1083496.0,,,1620590837,16:07:17,20210509
110,1992-03-31,CUL.AX,AUD,1992-03-31,1992-03-31,Q1,0.0,0.0,0.0,0.0,0.0,0.0,0.0,0.0,0.0,0.0,0.0,0.0,-988750.0,0.0,0.0,0.0,0.0,-988750.0,0.0,-988750.0,-988750.0,0.0,-0.91051875,-0.91051875,1083496.0,1083496.0,,,1620590837,16:07:17,20210509
111,1992-01-31,CUL.AX,AUD,1992-01-31,1992-01-31,Q1,0.0,0.0,0.0,0.0,0.0,0.0,0.0,0.0,0.0,0.0,0.0,0.0,-988750.0,0.0,0.0,0.0,0.0,-988750.0,0.0,-988750.0,-988750.0,0.0,-0.91051875,-0.91051875,1083496.0,1083496.0,,,1620590837,16:07:17,20210509
112,1991-09-30,CUL.AX,AUD,1991-09-30,1991-09-30,Q3,0.0,0.0,0.0,0.0,0.0,0.0,0.0,0.0,0.0,0.0,94250.0,0.0,224000.0,0.0,0.0,0.0,0.0,129750.0,0.0,129750.0,129750.0,0.0,0.0008622188727889386,0.0008622188727889386,150483832.0,150483832.0,,,1620590837,16:07:17,20210509
113,1991-06-30,CUL.AX,AUD,1991-06-30,1991-06-30,Q2,0.0,0.0,0.0,0.0,0.0,0.0,0.0,0.0,0.0,0.0,94250.0,0.0,224000.0,0.0,0.0,0.0,0.0,129750.0,0.0,129750.0,129750.0,0.0,0.0008622188727889386,0.0008622188727889386,150483832.0,150483832.0,,,1620590837,16:07:17,20210509
114,1991-03-31,CUL.AX,AUD,1991-03-31,1991-03-31,Q1,0.0,0.0,0.0,0.0,0.0,0.0,0.0,0.0,0.0,0.0,94250.0,0.0,224000.0,0.0,0.0,0.0,0.0,129750.0,0.0,129750.0,129750.0,0.0,0.0008622188727889386,0.0008622188727889386,150483832.0,150483832.0,,,1620590837,16:07:17,20210509
115,1991-01-31,CUL.AX,AUD,1991-01-31,1991-01-31,Q1,0.0,0.0,0.0,0.0,0.0,0.0,0.0,0.0,0.0,0.0,94250.0,0.0,224000.0,0.0,0.0,0.0,0.0,129750.0,0.0,129750.0,129750.0,0.0,0.0008622188727889386,0.0008622188727889386,150483832.0,150483832.0,,,1620590837,16:07:17,20210509
116,1990-09-30,CUL.AX,AUD,1990-09-30,1990-09-30,Q3,0.0,0.0,0.0,0.0,0.0,0.0,0.0,0.0,0.0,0.0,31250.0,0.0,210750.0,0.0,0.0,0.0,0.0,179500.0,0.0,179500.0,179500.0,0.0,0.0011928191727600345,0.0011928191727600345,150483832.0,150483832.0,,,1620590837,16:07:17,20210509
117,1990-06-30,CUL.AX,AUD,1990-06-30,1990-06-30,Q2,0.0,0.0,0.0,0.0,0.0,0.0,0.0,0.0,0.0,0.0,31250.0,0.0,210750.0,0.0,0.0,0.0,0.0,179500.0,0.0,179500.0,179500.0,0.0,0.0011928191727600345,0.0011928191727600345,150483832.0,150483832.0,,,1620590837,16:07:17,20210509
118,1990-03-31,CUL.AX,AUD,1990-03-31,1990-03-31,Q1,0.0,0.0,0.0,0.0,0.0,0.0,0.0,0.0,0.0,0.0,31250.0,0.0,210750.0,0.0,0.0,0.0,0.0,179500.0,0.0,179500.0,179500.0,0.0,0.0011928191727600345,0.0011928191727600345,150483832.0,150483832.0,,,1620590837,16:07:17,20210509
119,1990-01-31,CUL.AX,AUD,1990-01-31,1990-01-31,Q1,0.0,0.0,0.0,0.0,0.0,0.0,0.0,0.0,0.0,0.0,31250.0,0.0,210750.0,0.0,0.0,0.0,0.0,179500.0,0.0,179500.0,179500.0,0.0,0.0011928191727600345,0.0011928191727600345,150483832.0,150483832.0,,,1620590837,16:07:17,20210509
120,1989-09-30,CUL.AX,AUD,1989-09-30,1989-09-30,Q3,0.0,0.0,0.0,0.0,0.0,0.0,0.0,0.0,0.0,0.0,46750.0,0.0,-191000.0,0.0,0.0,0.0,0.0,-237750.0,0.0,-237750.0,-237750.0,0.0,-0.001579903946093026,-0.001579903946093026,150483832.0,150483832.0,,,1620590837,16:07:17,20210509
121,1989-06-30,CUL.AX,AUD,1989-06-30,1989-06-30,Q2,0.0,0.0,0.0,0.0,0.0,0.0,0.0,0.0,0.0,0.0,46750.0,0.0,-191000.0,0.0,0.0,0.0,0.0,-237750.0,0.0,-237750.0,-237750.0,0.0,-0.001579903946093026,-0.001579903946093026,150483832.0,150483832.0,,,1620590837,16:07:17,20210509
122,1989-03-31,CUL.AX,AUD,1989-03-31,1989-03-31,Q1,0.0,0.0,0.0,0.0,0.0,0.0,0.0,0.0,0.0,0.0,46750.0,0.0,-191000.0,0.0,0.0,0.0,0.0,-237750.0,0.0,-237750.0,-237750.0,0.0,-0.001579903946093026,-0.001579903946093026,150483832.0,150483832.0,,,1620590837,16:07:17,20210509
123,1989-01-31,CUL.AX,AUD,1989-01-31,1989-01-31,Q1,0.0,0.0,0.0,0.0,0.0,0.0,0.0,0.0,0.0,0.0,46750.0,0.0,-191000.0,0.0,0.0,0.0,0.0,-237750.0,0.0,-237750.0,-237750.0,0.0,-0.001579903946093026,-0.001579903946093026,150483832.0,150483832.0,,,1620590837,16:07:17,20210509
