,date,symbol,reportedCurrency,fillingDate,acceptedDate,period,revenue,costOfRevenue,grossProfit,grossProfitRatio,researchAndDevelopmentExpenses,generalAndAdministrativeExpenses,sellingAndMarketingExpenses,otherExpenses,operatingExpenses,costAndExpenses,interestExpense,depreciationAndAmortization,ebitda,ebitdaratio,operatingIncome,operatingIncomeRatio,totalOtherIncomeExpensesNet,incomeBeforeTax,incomeBeforeTaxRatio,incomeTaxExpense,netIncome,netIncomeRatio,eps,epsdiluted,weightedAverageShsOut,weightedAverageShsOutDil,link,finalLink,timestamp,est_time,est_date
0,2020-12-31,EHTH,USD,2021-02-26,2021-02-26 17:04:12,Q4,293316000.0,1923000.0,291393000.0,0.9934439307777277,0.0,106416000.0,105298000.0,-58000.0,212000000.0,213923000.0,0.0,3825000.0,83218000.0,0.28371449221999484,79393000.0,0.27067394891516317,-58000.0,79335000.0,0.27047620995786115,19462000.0,59873000.0,0.2041245619059308,2.25,2.2,26583000.0,27195000.0,https://www.sec.gov/Archives/edgar/data/1333493/000133349321000019/0001333493-21-000019-index.htm,https://www.sec.gov/Archives/edgar/data/1333493/000133349321000019/ehth-20201231.htm,1620591528,16:18:48,20210509
1,2020-09-30,EHTH,USD,2020-11-05,2020-11-05 17:13:29,Q3,94284000.0,482000.0,93802000.0,0.9948877858385304,0.0,80957000.0,33405000.0,-101000.0,114649000.0,115131000.0,0.0,3282000.0,-17565000.0,-0.18629884179712358,-20847000.0,-0.22110856561028383,-101000.0,-20948000.0,-0.2221797972084341,-6443000.0,-14505000.0,-0.15384370624920454,-0.55,-0.55,26487000.0,26487000.0,https://www.sec.gov/Archives/edgar/data/1333493/000133349320000183/0001333493-20-000183-index.htm,https://www.sec.gov/Archives/edgar/data/1333493/000133349320000183/ehth-20200930.htm,1620591528,16:18:48,20210509
2,2020-06-30,EHTH,USD,2020-08-06,2020-08-06 17:31:17,Q2,88766000.0,540000.0,88226000.0,0.9939165896852399,0.0,61234000.0,32873000.0,452000.0,94480000.0,95020000.0,0.0,2965000.0,-3289000.0,-0.03705247504675214,-6254000.0,-0.07045490390464818,452000.0,-5802000.0,-0.06536286415970079,-2432000.0,-3370000.0,-0.03796498659396616,-0.13,-0.13,26358000.0,26358000.0,https://www.sec.gov/Archives/edgar/data/1333493/000133349320000157/0001333493-20-000157-index.htm,https://www.sec.gov/Archives/edgar/data/1333493/000133349320000157/ehth-20200630.htm,1620591528,16:18:48,20210509
3,2020-03-31,EHTH,USD,2020-05-11 00:00:00,2020-05-08 21:31:38,Q1,106408000.0,1138000.0,105270000.0,0.9893053153898204,0.0,65928000.0,37764000.0,373000.0,104239000.0,105377000.0,0.0,2871000.0,3902000.0,0.03667017517479889,1031000.0,0.009689121118712878,373000.0,1404000.0,0.013194496654386888,-2048000.0,3452000.0,0.03244116983685437,0.14,0.13,24719000.0,26179000.0,https://www.sec.gov/Archives/edgar/data/1333493/000133349320000076/0001333493-20-000076-index.html,https://www.sec.gov/Archives/edgar/data/1333493/000133349320000076/ehth-20200331.htm,1620591528,16:18:48,20210509
4,2019-12-31,EHTH,USD,2020-03-02 00:00:00,2020-03-02 12:24:14,Q4,301748000.0,1956000.0,299792000.0,0.9935177697946631,0.0,89737000.0,77392000.0,266000.0,167675000.0,169631000.0,0.0,2754000.0,134871000.0,0.4469656799713668,132117000.0,0.4378388589153864,-8707000.0,123410000.0,0.4089836552354945,34586000.0,88824000.0,0.2943648342325384,3.74,3.58,23772000.0,24836000.0,https://www.sec.gov/Archives/edgar/data/1333493/000133349320000021/0001333493-20-000021-index.html,https://www.sec.gov/Archives/edgar/data/1333493/000133349320000021/ehth2019form10-k.htm,1620591528,16:18:48,20210509
5,2019-09-30,EHTH,USD,2019-11-08 00:00:00,2019-11-07 17:48:42,Q3,69913000.0,410000.0,69503000.0,0.9941355684922689,0.0,68785000.0,25812000.0,568000.0,95144000.0,95554000.0,0.0,2242000.0,-23399000.0,-0.334687397193655,-25641000.0,-0.36675582509690613,5968000.0,-19673000.0,-0.28139258793071387,-8649000.0,-11024000.0,-0.15768169010055355,-0.47,-0.47,23493000.0,23493000.0,https://www.sec.gov/Archives/edgar/data/1333493/000133349319000188/0001333493-19-000188-index.html,https://www.sec.gov/Archives/edgar/data/1333493/000133349319000188/ehth2019q3form10-q.htm,1620591528,16:18:48,20210509
6,2019-06-30,EHTH,USD,2019-08-08 00:00:00,2019-08-07 18:14:32,Q2,65767000.0,449000.0,65318000.0,0.9931728678516581,0.0,46778000.0,23104000.0,699000.0,70429000.0,70878000.0,0.0,2074000.0,-3037000.0,-0.04617817446439704,-5111000.0,-0.07771374701598066,-6501000.0,-11612000.0,-0.17656271382304195,-5858000.0,-5754000.0,-0.08749068681861724,-0.25,-0.25,23091000.0,23091000.0,https://www.sec.gov/Archives/edgar/data/1333493/000162828019010326/0001628280-19-010326-index.html,https://www.sec.gov/Archives/edgar/data/1333493/000162828019010326/ehth6302019form10-q.htm,1620591528,16:18:48,20210509
7,2019-03-31,EHTH,USD,2019-05-07 00:00:00,2019-05-06 19:18:10,Q1,68773000.0,-77000.0,68850000.0,1.0011196254344001,0.0,40239000.0,23941000.0,557000.0,64727000.0,64650000.0,0.0,1921000.0,6044000.0,0.08788332630538147,4123000.0,0.05995085280560685,-12749000.0,-8626000.0,-0.1254271298329286,-3467000.0,-5159000.0,-0.07501490410480857,-0.24,-0.24,21831000.0,21831000.0,https://www.sec.gov/Archives/edgar/data/1333493/000162828019005953/0001628280-19-005953-index.html,https://www.sec.gov/Archives/edgar/data/1333493/000162828019005953/ehth3312019form10-q.htm,1620591528,16:18:48,20210509
8,2018-12-31,EHTH,USD,2019-03-14 00:00:00,2019-03-13 18:59:05,Q4,134917000.0,755000.0,134162000.0,0.9944039668833431,0.0,48788000.0,37183000.0,-21000.0,86517000.0,87272000.0,0.0,1773000.0,49418000.0,0.3662844563694716,47645000.0,0.35314304350081904,-6021000.0,41624000.0,0.3085156058910293,15552000.0,26072000.0,0.19324473565228992,1.32,1.25,19680000.0,20897000.0,https://www.sec.gov/Archives/edgar/data/1333493/000162828019002899/0001628280-19-002899-index.html,https://www.sec.gov/Archives/edgar/data/1333493/000162828019002899/ehth12312018form10-k.htm,1620591528,16:18:48,20210509
9,2018-09-30,EHTH,USD,2018-11-06 00:00:00,2018-11-06 15:35:49,Q3,40751000.0,170000.0,40581000.0,0.9958283232313317,0.0,35540000.0,16148000.0,296000.0,52235000.0,52405000.0,0.0,1739000.0,-9915000.0,-0.24330691271379842,-11654000.0,-0.28598071212976367,-3504000.0,-15158000.0,-0.3719663321145493,-6186000.0,-8972000.0,-0.22016637628524455,-0.47,-0.47,19236000.0,19236000.0,https://www.sec.gov/Archives/edgar/data/1333493/000162828018013751/0001628280-18-013751-index.html,https://www.sec.gov/Archives/edgar/data/1333493/000162828018013751/ehth9302018form10-q.htm,1620591528,16:18:48,20210509
10,2018-06-30,EHTH,USD,2018-08-07 00:00:00,2018-08-07 17:11:52,Q2,32657000.0,151000.0,32506000.0,0.995376182747956,0.0,31746000.0,14606000.0,296000.0,46899000.0,47050000.0,0.0,1712000.0,-12681000.0,-0.3883087852527789,-14393000.0,-0.44073246164681384,-2231000.0,-16624000.0,-0.5090485960131059,-4610000.0,-12014000.0,-0.3678843739473926,-0.63,-0.63,19063000.0,19063000.0,https://www.sec.gov/Archives/edgar/data/1333493/000162828018010716/0001628280-18-010716-index.html,https://www.sec.gov/Archives/edgar/data/1333493/000162828018010716/ehth6302018form10-q.htm,1620591528,16:18:48,20210509
11,2018-03-31,EHTH,USD,2018-05-09 00:00:00,2018-05-09 16:35:45,Q1,43070000.0,152000.0,42918000.0,0.9964708613884374,0.0,32271000.0,15002000.0,184000.0,47724000.0,47876000.0,0.0,1547000.0,-3259000.0,-0.07566751799396332,-4806000.0,-0.11158579057348503,-1730000.0,-6536000.0,-0.15175296029719063,-1691000.0,-4845000.0,-0.112491293243557,-0.26,-0.26,18873000.0,18873000.0,https://www.sec.gov/Archives/edgar/data/1333493/000133349318000082/0001333493-18-000082-index.html,https://www.sec.gov/Archives/edgar/data/1333493/000133349318000082/ehth3312018form10-q.htm,1620591528,16:18:48,20210509
12,2017-12-31,EHTH,USD,2018-03-19 00:00:00,2018-03-16 17:32:16,Q4,38840000.0,264000.0,38576000.0,0.9932028836251288,0.0,37885000.0,23196000.0,113000.0,61341000.0,61605000.0,0.0,1294000.0,-21471000.0,-0.5528063851699279,-22765000.0,-0.5861225540679712,-508000.0,-23273000.0,-0.5992018537590114,-2316000.0,-20957000.0,-0.5395726055612771,-1.12,-1.12,18632000.0,18632000.0,https://www.sec.gov/Archives/edgar/data/1333493/000133349318000025/0001333493-18-000025-index.html,https://www.sec.gov/Archives/edgar/data/1333493/000133349318000025/ehth12312017form10-k.htm,1620591528,16:18:48,20210509
13,2017-09-30,EHTH,USD,2017-11-07 00:00:00,2017-11-06 19:50:47,Q3,26619000.0,176000.0,26443000.0,0.9933881813742064,0.0,33505000.0,13383000.0,98000.0,47148000.0,47324000.0,0.0,1363000.0,-19342000.0,-0.7266238401142041,-20705000.0,-0.7778278673128217,98000.0,-20607000.0,-0.7741462864870957,9000.0,-20616000.0,-0.774484390848642,-1.11,-1.11,18565000.0,18565000.0,https://www.sec.gov/Archives/edgar/data/1333493/000133349317000138/0001333493-17-000138-index.html,https://www.sec.gov/Archives/edgar/data/1333493/000133349317000138/ehth09302017form10-q.htm,1620591528,16:18:48,20210509
14,2017-06-30,EHTH,USD,2017-08-07 00:00:00,2017-08-07 16:05:05,Q2,27957000.0,204000.0,27753000.0,0.9927030797295847,0.0,30478000.0,14240000.0,90000.0,44978000.0,45182000.0,0.0,1371000.0,-15854000.0,-0.5670851665057052,-17225000.0,-0.6161247630289373,90000.0,-17135000.0,-0.6129055334978717,125000.0,-17260000.0,-0.6173766856243517,-0.93,-0.93,18481000.0,18481000.0,https://www.sec.gov/Archives/edgar/data/1333493/000133349317000107/0001333493-17-000107-index.html,https://www.sec.gov/Archives/edgar/data/1333493/000133349317000107/ehth06302017form10-q.htm,1620591528,16:18:48,20210509
15,2017-03-31,EHTH,USD,2017-05-05 00:00:00,2017-05-05 16:22:30,Q1,78939000.0,1629000.0,77310000.0,0.9793638125641319,0.0,30173000.0,15055000.0,26000.0,45488000.0,47117000.0,0.0,1313000.0,33135000.0,0.4197544939763615,31822000.0,0.40312139753480536,26000.0,31848000.0,0.4034507657811728,-1573000.0,33421000.0,0.42337754468640343,1.82,1.8,18370000.0,18561000.0,https://www.sec.gov/Archives/edgar/data/1333493/000133349317000065/0001333493-17-000065-index.html,https://www.sec.gov/Archives/edgar/data/1333493/000133349317000065/ehth03312017form10-q.htm,1620591528,16:18:48,20210509
16,2016-12-31,EHTH,USD,2017-03-16 00:00:00,2017-03-15 18:02:43,Q4,43760000.0,429000.0,43331000.0,0.9901965265082266,0.0,31695000.0,28189000.0,127000.0,60144000.0,60573000.0,0.0,1327000.0,-15486000.0,-0.35388482632541135,-16813000.0,-0.384209323583181,127000.0,-16686000.0,-0.38130712979890313,18000.0,-16704000.0,-0.3817184643510055,-0.91,-0.91,18345000.0,18345000.0,https://www.sec.gov/Archives/edgar/data/1333493/000133349317000021/0001333493-17-000021-index.html,https://www.sec.gov/Archives/edgar/data/1333493/000133349317000021/a10kehth12312016.htm,1620591528,16:18:48,20210509
17,2016-09-30,EHTH,USD,2016-11-08 00:00:00,2016-11-08 16:05:21,Q3,32079000.0,30000.0,32049000.0,0.9990648087533901,0.0,28638000.0,10206000.0,7000.0,39104000.0,39134000.0,0.0,1299000.0,-5756000.0,-0.17943202718289222,-7055000.0,-0.21992580816110227,146000.0,-6909000.0,-0.2153745440942673,-1173000.0,-5736000.0,-0.17880856635181894,-0.31,-0.31,18329000.0,18329000.0,https://www.sec.gov/Archives/edgar/data/1333493/000133349316000155/0001333493-16-000155-index.html,https://www.sec.gov/Archives/edgar/data/1333493/000133349316000155/ehth9301610q.htm,1620591528,16:18:48,20210509
18,2016-06-30,EHTH,USD,2016-08-08 00:00:00,2016-08-08 16:03:28,Q2,37277000.0,533000.0,36744000.0,0.9857016390803981,0.0,29515000.0,12936000.0,-21000.0,42711000.0,43244000.0,0.0,1410000.0,-4557000.0,-0.12224696193363199,-5967000.0,-0.16007189419749443,137000.0,-5830000.0,-0.15639670574348793,-5354000.0,-476000.0,-0.012769267913190439,-0.03,-0.03,18258000.0,18258000.0,https://www.sec.gov/Archives/edgar/data/1333493/000133349316000131/0001333493-16-000131-index.html,https://www.sec.gov/Archives/edgar/data/1333493/000133349316000131/ehth6301610q.htm,1620591528,16:18:48,20210509
19,2016-03-31,EHTH,USD,2016-05-09 00:00:00,2016-05-09 15:29:42,Q1,73844000.0,2184000.0,71660000.0,0.9704241373706733,0.0,26835000.0,20882000.0,-11000.0,47977000.0,50161000.0,0.0,1479000.0,25162000.0,0.3407453550728563,23683000.0,0.32071664590217214,-11000.0,23672000.0,0.320567683224094,5638000.0,18034000.0,0.2442175396782406,0.9934446097063846,0.9899544381621562,18153000.0,18217000.0,https://www.sec.gov/Archives/edgar/data/1333493/000133349316000093/0001333493-16-000093-index.html,https://www.sec.gov/Archives/edgar/data/1333493/000133349316000093/ehth3311610q.htm,1620591528,16:18:48,20210509
20,2015-12-31,EHTH,USD,2016-03-14 00:00:00,2016-03-14 15:33:46,Q4,50136000.0,651000.0,49485000.0,0.9870153183341311,0.0,30131000.0,31485000.0,95000.0,61876000.0,62527000.0,0.0,1464000.0,-10927000.0,-0.2179471836604436,-12391000.0,-0.2471477580979735,95000.0,-12296000.0,-0.24525291207914474,-230000.0,-12066000.0,-0.2406653901388224,-0.67,-0.67,18124000.0,18124000.0,https://www.sec.gov/Archives/edgar/data/1333493/000133349316000078/0001333493-16-000078-index.html,https://www.sec.gov/Archives/edgar/data/1333493/000133349316000078/a10kehth12312015.htm,1620591528,16:18:48,20210509
21,2015-09-30,EHTH,USD,2015-11-06 00:00:00,2015-11-06 15:45:10,Q3,38224000.0,443000.0,37781000.0,0.9884104227710339,0.0,25247000.0,9349000.0,-27000.0,34856000.0,35299000.0,0.0,1405000.0,4330000.0,0.11327961490163248,2925000.0,0.07652260359983257,-27000.0,2898000.0,0.07581624110506488,-737000.0,3635000.0,0.09509732105483466,0.20090642790029292,0.1992872807017544,18093000.0,18240000.0,https://www.sec.gov/Archives/edgar/data/1333493/000133349315000067/0001333493-15-000067-index.html,https://www.sec.gov/Archives/edgar/data/1333493/000133349315000067/ehth9301510q.htm,1620591528,16:18:48,20210509
22,2015-06-30,EHTH,USD,2015-08-07 00:00:00,2015-08-07 16:18:53,Q2,39894000.0,670000.0,39224000.0,0.9832054945605856,0.0,23765000.0,9285000.0,-9000.0,33338000.0,34008000.0,0.0,1656000.0,7542000.0,0.18905098511054294,5886000.0,0.14754098360655737,-67000.0,5819000.0,0.14586153306261593,69000.0,5750000.0,0.14413194966661652,0.3200311682529081,0.318824507901303,17967000.0,18035000.0,https://www.sec.gov/Archives/edgar/data/1333493/000133349315000060/0001333493-15-000060-index.html,https://www.sec.gov/Archives/edgar/data/1333493/000133349315000060/ehth6301510q.htm,1620591528,16:18:48,20210509
23,2015-03-31,EHTH,USD,2015-05-08 00:00:00,2015-05-08 17:05:36,Q1,61288000.0,2414000.0,58874000.0,0.960612191619893,0.0,30607000.0,25451000.0,-14000.0,56403000.0,58817000.0,0.0,1403000.0,3874000.0,0.06320976373841534,2471000.0,0.04031784362354784,-4497000.0,-2026000.0,-0.0330570421615977,56000.0,-2082000.0,-0.03397076099725884,-0.12,-0.12,17844000.0,17844000.0,https://www.sec.gov/Archives/edgar/data/1333493/000133349315000044/0001333493-15-000044-index.html,https://www.sec.gov/Archives/edgar/data/1333493/000133349315000044/ehth3311510q.htm,1620591528,16:18:48,20210509
24,2014-12-31,EHTH,USD,2015-03-16,2015-03-16 16:32:45,Q4,44975000.0,744000.0,44231000.0,0.9834574763757643,0.0,29744000.0,27786000.0,-17000.0,57997000.0,58741000.0,0.0,1548000.0,-12218000.0,-0.2716620344635909,-13766000.0,-0.3060811561978877,-17000.0,-13783000.0,-0.3064591439688716,5416000.0,-19199000.0,-0.426881600889383,-1.08,-1.08,17822000.0,17822000.0,https://www.sec.gov/Archives/edgar/data/1333493/000133349315000016/0001333493-15-000016-index.htm,https://www.sec.gov/Archives/edgar/data/1333493/000133349315000016/a10kehth12312014.htm,1620591528,16:18:48,20210509
25,2014-09-30,EHTH,USD,2014-11-10 00:00:00,2014-11-10 14:28:08,Q3,41168000.0,745000.0,40423000.0,0.9819034201321415,0.0,27075000.0,9228000.0,-13000.0,36657000.0,37402000.0,0.0,1404000.0,5170000.0,0.12558297706956859,3766000.0,0.09147881849980567,-13000.0,3753000.0,0.09116303925378935,2229000.0,1524000.0,0.03701904391760591,0.09,0.08,17836000.0,18394000.0,https://www.sec.gov/Archives/edgar/data/1333493/000133349314000078/0001333493-14-000078-index.html,https://www.sec.gov/Archives/edgar/data/1333493/000133349314000078/ehth9301410q.htm,1620591528,16:18:48,20210509
26,2014-06-30,EHTH,USD,2014-08-08 00:00:00,2014-08-08 16:33:33,Q2,42594000.0,892000.0,41702000.0,0.979058083298117,0.0,25391000.0,9609000.0,-29000.0,35354000.0,36246000.0,0.0,1416000.0,7764000.0,0.18227919425271166,6348000.0,0.14903507536272714,-29000.0,6319000.0,0.14835422829506503,3296000.0,3023000.0,0.07097243743250223,0.16,0.15,18978000.0,19775000.0,https://www.sec.gov/Archives/edgar/data/1333493/000133349314000060/0001333493-14-000060-index.html,https://www.sec.gov/Archives/edgar/data/1333493/000133349314000060/ehth6301410q.htm,1620591528,16:18:48,20210509
27,2014-03-31,EHTH,USD,2014-05-09 00:00:00,2014-05-09 16:04:57,Q1,50940000.0,2113000.0,48827000.0,0.9585198272477424,0.0,28474000.0,23109000.0,-39000.0,51937000.0,54050000.0,0.0,1353000.0,-1757000.0,-0.03449155869650569,-3110000.0,-0.06105221829603455,-39000.0,-3149000.0,-0.06181782489202984,-1596000.0,-1553000.0,-0.030486847271299567,-0.08,-0.08,18849000.0,18849000.0,https://www.sec.gov/Archives/edgar/data/1333493/000133349314000043/0001333493-14-000043-index.html,https://www.sec.gov/Archives/edgar/data/1333493/000133349314000043/ehth-20140331x10q.htm,1620591528,16:18:48,20210509
28,2013-12-31,EHTH,USD,2014-03-12,2014-03-12 16:19:46,Q4,54165000.0,1020000.0,53145000.0,0.9811686513431183,0.0,27223000.0,28212000.0,-24000.0,55788000.0,56808000.0,0.0,1329000.0,-1314000.0,-0.02425920797563002,-2643000.0,-0.048795347549155356,-24000.0,-2667000.0,-0.04923843810578787,-709000.0,-1958000.0,-0.036148804578602416,-0.11,-0.11,18656000.0,18656000.0,https://www.sec.gov/Archives/edgar/data/1333493/000133349314000029/0001333493-14-000029-index.htm,https://www.sec.gov/Archives/edgar/data/1333493/000133349314000029/ehth-20131231x10k.htm,1620591528,16:18:48,20210509
29,2013-09-30,EHTH,USD,2013-11-08 00:00:00,2013-11-08 14:49:56,Q3,42008000.0,806000.0,41202000.0,0.9808131784422015,0.0,25593000.0,14852000.0,-22000.0,40799000.0,41605000.0,0.0,1254000.0,1657000.0,0.03944486764425824,403000.0,0.009593410778899258,-22000.0,381000.0,0.009069701009331556,207000.0,174000.0,0.0041420681774900015,0.009438055977435453,0.009111855886049434,18436000.0,19096000.0,https://www.sec.gov/Archives/edgar/data/1333493/000133349313000082/0001333493-13-000082-index.html,https://www.sec.gov/Archives/edgar/data/1333493/000133349313000082/ehth-20130930x10q.htm,1620591528,16:18:48,20210509
30,2013-06-30,EHTH,USD,2013-08-07 00:00:00,2013-08-07 16:21:21,Q2,39800000.0,984000.0,38816000.0,0.9752763819095477,0.0,22671000.0,13761000.0,-21000.0,36785000.0,37769000.0,0.0,1101000.0,3132000.0,0.07869346733668342,2031000.0,0.05103015075376884,-21000.0,2010000.0,0.05050251256281407,864000.0,1146000.0,0.02879396984924623,0.060487701889580914,0.05878128846942963,18946000.0,19496000.0,https://www.sec.gov/Archives/edgar/data/1333493/000133349313000068/0001333493-13-000068-index.html,https://www.sec.gov/Archives/edgar/data/1333493/000133349313000068/ehth-20130630x10q.htm,1620591528,16:18:48,20210509
31,2013-03-31,EHTH,USD,2013-05-07 00:00:00,2013-05-07 16:33:51,Q1,43207000.0,2651000.0,40556000.0,0.9386442011711066,0.0,21426000.0,14835000.0,-25000.0,36615000.0,39266000.0,0.0,996000.0,4937000.0,0.11426389242483857,3941000.0,0.09121207211794385,-25000.0,3916000.0,0.09063346217048164,1555000.0,2361000.0,0.05464392343833175,0.11477322444217587,0.11154682037229519,20571000.0,21166000.0,https://www.sec.gov/Archives/edgar/data/1333493/000133349313000046/0001333493-13-000046-index.html,https://www.sec.gov/Archives/edgar/data/1333493/000133349313000046/ehth-20130331x10q.htm,1620591528,16:18:48,20210509
32,2012-12-31,EHTH,USD,2013-03-13 00:00:00,2013-03-13 17:30:51,Q4,45305000.0,1245000.0,44060000.0,0.9725195894492882,0.0,36767000.0,18647000.0,-18000.0,39750000.0,40995000.0,0.0,1025000.0,5335000.0,0.11775742191811059,4310000.0,0.09513298752897031,-18000.0,4292000.0,0.0947356803884781,1845000.0,2447000.0,0.0540116984880256,0.12,0.11,20331000.0,21319000.0,https://www.sec.gov/Archives/edgar/data/1333493/000133349313000033/0001333493-13-000033-index.html,https://www.sec.gov/Archives/edgar/data/1333493/000133349313000033/ehth-20121231x10k.htm,1620591528,16:18:48,20210509
33,2012-09-30,EHTH,USD,2012-11-06 00:00:00,2012-11-05 21:42:17,Q3,37586000.0,1099000.0,36487000.0,0.9707603895067313,5503000.0,15567000.0,13988000.0,0.0,35412000.0,36511000.0,0.0,980000.0,2055000.0,0.05467461288777736,1075000.0,0.028601074868302028,4000.0,1079000.0,0.02870749747246315,874000.0,205000.0,0.005454158463257596,0.010265398097145719,0.009879518072289156,19970000.0,20750000.0,https://www.sec.gov/Archives/edgar/data/1333493/000133349312000075/0001333493-12-000075-index.html,https://www.sec.gov/Archives/edgar/data/1333493/000133349312000075/ehth-20120930x10q.htm,1620591528,16:18:48,20210509
34,2012-06-30,EHTH,USD,2012-08-09 00:00:00,2012-08-09 16:34:28,Q2,35507000.0,764000.0,34743000.0,0.9784831160052947,5033000.0,12948000.0,12167000.0,0.0,30608000.0,31372000.0,0.0,998000.0,5133000.0,0.14456304390683528,4135000.0,0.11645591010223336,16000.0,4151000.0,0.11690652547385022,1846000.0,2305000.0,0.06491677697355451,0.12,0.11,19624000.0,20497000.0,https://www.sec.gov/Archives/edgar/data/1333493/000133349312000053/0001333493-12-000053-index.html,https://www.sec.gov/Archives/edgar/data/1333493/000133349312000053/ehth-20120630x10q.htm,1620591528,16:18:48,20210509
35,2012-03-31,EHTH,USD,2012-05-08,2012-05-08 16:56:48,Q1,37075000.0,1675000.0,35400000.0,0.9548213081591369,5482000.0,12575000.0,12987000.0,0.0,31491000.0,33166000.0,0.0,1023000.0,4932000.0,0.13302764666217126,3909000.0,0.10543492919757248,21000.0,3930000.0,0.10600134861766689,1805000.0,2125000.0,0.057316250842886045,0.11,0.1,19536000.0,20449000.0,https://www.sec.gov/Archives/edgar/data/1333493/000119312512218755/0001193125-12-218755-index.htm,https://www.sec.gov/Archives/edgar/data/1333493/000119312512115547/d272090d10k.htm,1620591528,16:18:48,20210509
36,2011-12-31,EHTH,USD,2012-03-15 00:00:00,2012-03-14 20:59:07,Q4,43120000.0,1353000.0,41767000.0,0.9686224489795918,5224000.0,12927000.0,18474000.0,0.0,37390000.0,38743000.0,0.0,1324000.0,5701000.0,0.13221243042671615,4377000.0,0.10150742115027829,0.0,4385000.0,0.10169294990723562,2125000.0,2260000.0,0.05241187384044527,0.11568386568386568,0.11568386568386568,19536000.0,19536000.0,https://www.sec.gov/Archives/edgar/data/1333493/000119312512115547/0001193125-12-115547-index.html,https://www.sec.gov/Archives/edgar/data/1333493/000119312512115547/d272090d10k.htm,1620591528,16:18:48,20210509
37,2011-09-30,EHTH,USD,2011-11-08 00:00:00,2011-11-08 15:15:33,Q3,34787000.0,1781000.0,33006000.0,0.9488027136574008,5548000.0,13162000.0,13826000.0,0.0,32963000.0,34744000.0,0.0,960000.0,1003000.0,0.02883260988300227,43000.0,0.0012360939431396785,0.0,22000.0,0.0006324201569551844,271000.0,-249000.0,-0.00715784632190186,-0.01,-0.01,21054000.0,21054000.0,https://www.sec.gov/Archives/edgar/data/1333493/000119312511301951/0001193125-11-301951-index.html,https://www.sec.gov/Archives/edgar/data/1333493/000119312511301951/d235168d10q.htm,1620591528,16:18:48,20210509
38,2011-06-30,EHTH,USD,2011-08-05 00:00:00,2011-08-05 15:26:15,Q2,36186000.0,2555000.0,33631000.0,0.9293925827668159,5415000.0,11271000.0,11668000.0,0.0,28781000.0,31336000.0,0.0,1024000.0,5874000.0,0.16232797214392305,4850000.0,0.13402973525672912,0.0,4829000.0,0.13344940032056596,2097000.0,2732000.0,0.07549881169513072,0.13,0.12,21390000.0,22119000.0,https://www.sec.gov/Archives/edgar/data/1333493/000119312511212199/0001193125-11-212199-index.html,https://www.sec.gov/Archives/edgar/data/1333493/000119312511212199/d10q.htm,1620591528,16:18:48,20210509
39,2011-03-31,EHTH,USD,2011-05-06 00:00:00,2011-05-06 14:45:20,Q1,37555000.0,2651000.0,34904000.0,0.9294101983757156,5470000.0,12131000.0,12909000.0,0.0,30937000.0,33588000.0,0.0,1096000.0,5063000.0,0.13481560378112104,3967000.0,0.10563174011449873,0.0,3948000.0,0.10512581547064306,1967000.0,1981000.0,0.05274930102516309,0.0927825394595101,0.08983312171231635,21351000.0,22052000.0,https://www.sec.gov/Archives/edgar/data/1333493/000119312511130488/0001193125-11-130488-index.html,https://www.sec.gov/Archives/edgar/data/1333493/000119312511130488/d10q.htm,1620591528,16:18:48,20210509
40,2010-12-31,EHTH,USD,2011-03-15,2011-03-15 15:21:11,Q4,50708000.0,2740000.0,47968000.0,0.945965133706713,0.0,11126000.0,15307000.0,0.0,31902000.0,34642000.0,0.0,1056000.0,17122000.0,0.3376587520706792,16066000.0,0.31683363571822987,0.0,16062000.0,0.3167547527017433,7452000.0,8610000.0,0.16979569298729982,0.40325980047772936,0.40325980047772936,21351000.0,21351000.0,https://www.sec.gov/Archives/edgar/data/1333493/000119312511067102/0001193125-11-067102-index.htm,https://www.sec.gov/Archives/edgar/data/1333493/000119312511067102/d10k.htm,1620591528,16:18:48,20210509
41,2010-09-30,EHTH,USD,2010-11-09 00:00:00,2010-11-09 15:23:59,Q3,37451000.0,900000.0,36551000.0,0.9759685989693199,4619000.0,10570000.0,16094000.0,0.0,31709000.0,32609000.0,0.0,963000.0,5805000.0,0.15500253664788657,4842000.0,0.12928893754505888,0.0,4839000.0,0.1292088328749566,2241000.0,2598000.0,0.06937064430856318,0.11085036480778257,0.10789484613148387,23437000.0,24079000.0,https://www.sec.gov/Archives/edgar/data/1333493/000119312510254015/0001193125-10-254015-index.html,https://www.sec.gov/Archives/edgar/data/1333493/000119312510254015/d10q.htm,1620591528,16:18:48,20210509
42,2010-06-30,EHTH,USD,2010-08-09 00:00:00,2010-08-09 16:33:52,Q2,36256000.0,881000.0,35375000.0,0.9757005736981466,0.0,15455000.0,13883000.0,0.0,29623000.0,30504000.0,0.0,814000.0,6566000.0,0.1811010591350397,5752000.0,0.1586496028243601,0.0,5740000.0,0.15831862312444836,2699000.0,3041000.0,0.08387577228596646,0.12924476178333122,0.12531937690595896,23529000.0,24266000.0,https://www.sec.gov/Archives/edgar/data/1333493/000119312510183432/0001193125-10-183432-index.html,https://www.sec.gov/Archives/edgar/data/1333493/000119312510183432/d10q.htm,1620591528,16:18:48,20210509
43,2010-03-31,EHTH,USD,2010-05-10 00:00:00,2010-05-10 15:39:04,Q1,35989000.0,978000.0,35011000.0,0.9728250298702381,0.0,14294000.0,14818000.0,0.0,29112000.0,30090000.0,0.0,514000.0,6413000.0,0.1781933368529273,5899000.0,0.1639111950873878,0.0,5927000.0,0.16468921059212538,2694000.0,3233000.0,0.0898330045291617,0.14,0.13,23457000.0,24364000.0,https://www.sec.gov/Archives/edgar/data/1333493/000119312510114500/0001193125-10-114500-index.html,https://www.sec.gov/Archives/edgar/data/1333493/000119312510114500/d10q.htm,1620591528,16:18:48,20210509
44,2009-12-31,EHTH,USD,2010-03-05 00:00:00,2010-03-05 15:55:13,Q4,34411000.0,993000.0,33418000.0,0.9711429484757781,0.0,8587000.0,13356000.0,0.0,26528000.0,27521000.0,0.0,538000.0,7428000.0,0.2158612071721252,6890000.0,0.20022667170381564,0.0,7028000.0,0.20423701723286158,2270000.0,4758000.0,0.1382697393275406,0.20283923775418852,0.20283923775418852,23457000.0,23457000.0,https://www.sec.gov/Archives/edgar/data/1333493/000119312510048905/0001193125-10-048905-index.html,https://www.sec.gov/Archives/edgar/data/1333493/000119312510048905/d10k.htm,1620591528,16:18:48,20210509
45,2009-09-30,EHTH,USD,2009-11-09 00:00:00,2009-11-09 14:58:44,Q3,35123000.0,1470000.0,33653000.0,0.958147083107935,0.0,9245000.0,14266000.0,0.0,27162000.0,28632000.0,0.0,554000.0,7045000.0,0.20058081598952254,6491000.0,0.18480767588190075,0.0,6634000.0,0.18887908208296558,3182000.0,3452000.0,0.09828317626626427,0.1424092409240924,0.13724554707379136,24240000.0,25152000.0,https://www.sec.gov/Archives/edgar/data/1333493/000119312509229187/0001193125-09-229187-index.html,https://www.sec.gov/Archives/edgar/data/1333493/000119312509229187/d10q.htm,1620591528,16:18:48,20210509
46,2009-06-30,EHTH,USD,2009-08-07 00:00:00,2009-08-07 16:14:41,Q2,33439000.0,1318000.0,32121000.0,0.9605849457220611,0.0,8679000.0,12945000.0,0.0,25251000.0,26569000.0,0.0,572000.0,7442000.0,0.22255450222793743,6870000.0,0.20544872753371812,0.0,7128000.0,0.21316426926642543,3134000.0,3994000.0,0.11944137085439158,0.16134114320339327,0.15567508574992203,24755000.0,25656000.0,https://www.sec.gov/Archives/edgar/data/1333493/000119312509169091/0001193125-09-169091-index.html,https://www.sec.gov/Archives/edgar/data/1333493/000119312509169091/d10q.htm,1620591528,16:18:48,20210509
47,2009-03-31,EHTH,USD,2009-05-11 00:00:00,2009-05-11 13:52:48,Q1,31917000.0,800000.0,31117000.0,0.9749349876241501,0.0,8286000.0,13420000.0,0.0,25528000.0,26328000.0,0.0,547000.0,6136000.0,0.19224864492276844,5589000.0,0.17511044271078108,0.0,5988000.0,0.1876116176332362,2845000.0,3143000.0,0.09847416737162014,0.13,0.12,24892000.0,25720000.0,https://www.sec.gov/Archives/edgar/data/1333493/000119312509106812/0001193125-09-106812-index.html,https://www.sec.gov/Archives/edgar/data/1333493/000119312509106812/d10q.htm,1620591528,16:18:48,20210509
48,2008-12-31,EHTH,USD,2009-03-13 00:00:00,2009-03-13 17:01:49,Q4,29455000.0,408000.0,29047000.0,0.9861483619079953,3634000.0,8232000.0,11528000.0,0.0,23394000.0,23802000.0,0.0,592000.0,6245000.0,0.2120183330504159,5653000.0,0.1919198777796639,0.0,6282000.0,0.21327448650483788,2633000.0,3649000.0,0.12388389068069937,0.14659328298248434,0.14659328298248434,24892000.0,24892000.0,https://www.sec.gov/Archives/edgar/data/1333493/000119312509053969/0001193125-09-053969-index.html,https://www.sec.gov/Archives/edgar/data/1333493/000119312509053969/d10k.htm,1620591528,16:18:48,20210509
49,2008-09-30,EHTH,USD,2008-11-10 00:00:00,2008-11-10 15:37:35,Q3,28475000.0,469000.0,28006000.0,0.9835294117647059,3565000.0,8453000.0,11502000.0,0.0,23520000.0,23989000.0,0.0,467000.0,4953000.0,0.17394205443371377,4486000.0,0.15754170324846356,0.0,5421000.0,0.19037752414398595,2400000.0,3021000.0,0.10609306409130817,0.12055067837190742,0.11654642953589754,25060000.0,25921000.0,https://www.sec.gov/Archives/edgar/data/1333493/000119312508231621/0001193125-08-231621-index.html,https://www.sec.gov/Archives/edgar/data/1333493/000119312508231621/d10q.htm,1620591528,16:18:48,20210509
50,2008-06-30,EHTH,USD,2008-08-11 00:00:00,2008-08-11 14:56:54,Q2,27501000.0,432000.0,27069000.0,0.984291480309807,3504000.0,7687000.0,9482000.0,0.0,20673000.0,21105000.0,0.0,374000.0,6770000.0,0.24617286644122033,6396000.0,0.23257336096869205,0.0,7337000.0,0.26679029853459874,3136000.0,4201000.0,0.1527580815243082,0.17,0.16,24949000.0,26065000.0,https://www.sec.gov/Archives/edgar/data/1333493/000119312508173271/0001193125-08-173271-index.html,https://www.sec.gov/Archives/edgar/data/1333493/000119312508173271/d10q.htm,1620591528,16:18:48,20210509
51,2008-03-31,EHTH,USD,2008-05-12 00:00:00,2008-05-12 14:50:31,Q1,26280000.0,437000.0,25843000.0,0.9833713850837138,3479000.0,7990000.0,9649000.0,0.0,21118000.0,21555000.0,0.0,430000.0,5155000.0,0.19615677321156774,4725000.0,0.1797945205479452,0.0,5934000.0,0.22579908675799087,2637000.0,3297000.0,0.1254566210045662,0.13312605992085924,0.12693462693462693,24766000.0,25974000.0,https://www.sec.gov/Archives/edgar/data/1333493/000119312508111355/0001193125-08-111355-index.html,https://www.sec.gov/Archives/edgar/data/1333493/000119312508111355/d10q.htm,1620591528,16:18:48,20210509
52,2007-12-31,EHTH,USD,2008-03-17,2008-03-17 17:01:28,Q4,24233000.0,457000.0,23776000.0,0.9811414187265299,3368000.0,7626000.0,8476000.0,0.0,19470000.0,19927000.0,0.0,434000.0,4740000.0,0.19560103990426278,4306000.0,0.1776915776007923,0.0,5744000.0,0.23703214624685345,-16616000.0,22360000.0,0.9227087030082944,0.9028506823871436,0.9028506823871436,24766000.0,24766000.0,https://www.sec.gov/Archives/edgar/data/1333493/000119312508058976/0001193125-08-058976-index.htm,https://www.sec.gov/Archives/edgar/data/1333493/000119312508058976/d10k.htm,1620591528,16:18:48,20210509
53,2007-09-30,EHTH,USD,2007-11-14 00:00:00,2007-11-14 11:56:38,Q3,22997000.0,427000.0,22570000.0,0.9814323607427056,3108000.0,7310000.0,7309000.0,0.0,17727000.0,18154000.0,0.0,424000.0,5267000.0,0.22902987346175588,4843000.0,0.21059268600252207,1403000.0,6246000.0,0.27160064356220376,2516000.0,3730000.0,0.1621950689220333,0.16,0.14,23517000.0,26263000.0,https://www.sec.gov/Archives/edgar/data/1333493/000119312507246794/0001193125-07-246794-index.html,https://www.sec.gov/Archives/edgar/data/1333493/000119312507246794/d10q.htm,1620591528,16:18:48,20210509
54,2007-06-30,EHTH,USD,2007-08-14 00:00:00,2007-08-14 14:37:11,Q2,21072000.0,401000.0,20671000.0,0.9809700075930144,2922000.0,6793000.0,6782000.0,0.0,16497000.0,16898000.0,0.0,425000.0,4599000.0,0.218251708428246,4174000.0,0.19808276385725132,1279000.0,5453000.0,0.25877942293090356,2225000.0,3228000.0,0.15318906605922553,0.14,0.13,22653000.0,25526000.0,https://www.sec.gov/Archives/edgar/data/1333493/000119312507182429/0001193125-07-182429-index.html,https://www.sec.gov/Archives/edgar/data/1333493/000119312507182429/d10q.htm,1620591528,16:18:48,20210509
55,2007-03-31,EHTH,USD,2007-05-15 00:00:00,2007-05-15 14:14:07,Q1,19489000.0,417000.0,19072000.0,0.9786033146903381,2995000.0,6454000.0,6930000.0,0.0,16379000.0,16796000.0,0.0,426000.0,3119000.0,0.1600389963569193,2693000.0,0.13818051208373955,1167000.0,3860000.0,0.1980604443532249,1583000.0,2277000.0,0.11683513777002412,0.1,0.09,21739000.0,25428000.0,https://www.sec.gov/Archives/edgar/data/1333493/000119312507115333/0001193125-07-115333-index.html,https://www.sec.gov/Archives/edgar/data/1333493/000119312507115333/d10q.htm,1620591528,16:18:48,20210509
56,2006-12-31,EHTH,USD,2007-03-21,2007-03-21 17:21:04,Q4,17416000.0,411000.0,17005000.0,0.9764010105649977,2816000.0,5827000.0,5601000.0,0.0,14244000.0,14655000.0,0.0,410000.0,3171000.0,0.18207395498392284,2761000.0,0.15853238401469913,969000.0,3730000.0,0.2141708773541571,-7315000.0,11071000.0,0.6356798346348186,0.5092690556143337,0.5092690556143337,21739000.0,21739000.0,https://www.sec.gov/Archives/edgar/data/1333493/000119312507060688/0001193125-07-060688-index.htm,https://www.sec.gov/Archives/edgar/data/1333493/000119312507060688/d10k.htm,1620591528,16:18:48,20210509
57,2006-09-30,EHTH,USD,2006-09-30,2006-09-30,Q3,16662000.0,411000.0,16251000.0,0.9753330932661145,2668000.0,5110000.0,5798000.0,0.0,13576000.0,13987000.0,0.0,422000.0,3097000.0,0.18587204417236827,2675000.0,0.16054495258672427,145000.0,2820000.0,0.16924738926899532,82000.0,2738000.0,0.1643260112831593,0.54,0.14,4974000.0,19334000.0,,,1620591528,16:18:48,20210509
58,2006-06-30,EHTH,USD,2006-06-30,2006-06-30,Q2,14197000.0,279000.0,13918000.0,0.9803479608367965,2397000.0,4855000.0,5146000.0,0.0,12398000.0,12677000.0,0.0,370000.0,1890000.0,0.13312671691202366,1520000.0,0.10706487286046348,121000.0,1641000.0,0.11558780023948721,49000.0,1592000.0,0.11213636683806438,0.33,0.083,4867000.0,19078000.0,,,1620591528,16:18:48,20210509
59,2006-03-31,EHTH,USD,2006-03-31,2006-03-31,Q1,13035000.0,204000.0,12831000.0,0.9843498273878021,2256000.0,4681000.0,4860000.0,0.0,11797000.0,12001000.0,0.0,324000.0,1358000.0,0.10418105101649405,1034000.0,0.07932489451476793,91000.0,1125000.0,0.08630609896432681,23000.0,1102000.0,0.08454161871883391,0.11,0.03,9639000.0,37854000.0,,,1620591528,16:18:48,20210509
60,2005-12-31,EHTH,USD,2005-12-31,2005-12-31,Q4,11275000.0,0.0,0.0,0.0,0.0,0.0,0.0,0.0,0.0,0.0,0.0,0.0,-31109000.0,-2.7591130820399115,-31109000.0,-2.7591130820399115,0.0,0.0,0.0,0.0,-102000.0,-0.009046563192904656,0.0,0.0,0.0,0.0,,,1620591528,16:18:48,20210509
61,2005-09-30,EHTH,USD,2005-09-30,2005-09-30,Q3,11276000.0,0.0,0.0,0.0,0.0,0.0,0.0,0.0,0.0,0.0,0.0,0.0,11276000.0,1.0,11276000.0,1.0,0.0,0.0,0.0,0.0,-103000.0,-0.009134444838595247,-0.022411,-0.022411,4596000.0,4596000.0,,,1620591528,16:18:48,20210509
62,2005-06-30,EHTH,USD,2005-06-30,2005-06-30,Q2,9601000.0,0.0,0.0,0.0,0.0,0.0,0.0,0.0,0.0,0.0,0.0,0.0,9601000.0,1.0,9601000.0,1.0,0.0,0.0,0.0,0.0,-105000.0,-0.010936360795750442,-0.02111,-0.02111,4974000.0,19334000.0,,,1620591528,16:18:48,20210509
63,2005-03-31,EHTH,USD,2005-03-31,2005-03-31,Q1,10438000.0,0.0,0.0,0.0,0.0,0.0,0.0,0.0,0.0,0.0,0.0,0.0,10438000.0,1.0,10438000.0,1.0,0.0,0.0,0.0,0.0,-104000.0,-0.00996359455834451,-0.020909,-0.020909,4974000.0,19334000.0,,,1620591528,16:18:48,20210509
