,date,symbol,reportedCurrency,fillingDate,acceptedDate,period,revenue,costOfRevenue,grossProfit,grossProfitRatio,researchAndDevelopmentExpenses,generalAndAdministrativeExpenses,sellingAndMarketingExpenses,otherExpenses,operatingExpenses,costAndExpenses,interestExpense,depreciationAndAmortization,ebitda,ebitdaratio,operatingIncome,operatingIncomeRatio,totalOtherIncomeExpensesNet,incomeBeforeTax,incomeBeforeTaxRatio,incomeTaxExpense,netIncome,netIncomeRatio,eps,epsdiluted,weightedAverageShsOut,weightedAverageShsOutDil,link,finalLink,timestamp,est_time,est_date
0,2020-12-31,SUTLEJTEX.NS,INR,2020-12-31,2020-12-31,Q4,5494400000,3031000000,2463400000,0.4483474082702388,0.0,0.0,0.0,72000000.0,2279900000,5310900000,73200000.0,259600000,443100000,0.08064574839836924,183500000.0,0.03339764123471171,0.0,182300000,0.033179237041351194,67100000.0,115200000,0.020966802562609202,0.7,0.7,164571429,164571429,,,1620598458,18:14:18,20210509
1,2020-09-30,SUTLEJTEX.NS,INR,2020-09-30,2020-09-30,Q3,4656600000,2770100000,1886500000,0.40512391014903576,0.0,0.0,0.0,76700000.0,1930900000,4701000000,84700000.0,215700000,171300000,0.03678649658549156,-44400000.0,-0.009534853755959284,0.0,-52400000,-0.011252845423699694,-5200000.0,-47200000,-0.010136150839668427,-0.29,-0.29,162758621,162758621,https://www.nseindia.com/companies-listing/corporate-filings-annual-reports,https://www.nseindia.com/companies-listing/corporate-filings-annual-reports,1620598458,18:14:18,20210509
2,2020-06-30,SUTLEJTEX.NS,INR,2020-06-30,2020-06-30,Q2,1918100000,1080400000,837700000,0.436734268286325,0.0,0.0,0.0,54900000.0,1325900000,2406300000,119900000.0,206800000,-281400000,-0.14670767947447996,-488200000.0,-0.25452270475991867,0.0,-553200000,-0.2884104061310672,-170900000.0,-382300000,-0.19931181898753975,-2.33,-2.33,164077253,164077253,https://www.nseindia.com/companies-listing/corporate-filings-annual-reports,https://www.nseindia.com/companies-listing/corporate-filings-annual-reports,1620598458,18:14:18,20210509
3,2020-03-31,SUTLEJTEX.NS,INR,2020-03-31,2020-03-31,Q1,5364000000,3715900000,1648100000,0.30725205070842654,0.0,0.0,0.0,-76900000.0,1644900000,5360800000,67800000.0,259300000,262500000,0.04893736017897092,3200000.0,0.0005965697240865026,0.0,-186200000,-0.034712900820283374,-48200000.0,-138000000,-0.025727069351230425,-0.8478813543154805,-0.8478813543154805,162758621,162758621,https://www.nseindia.com/companies-listing/corporate-filings-annual-reports,https://www.nseindia.com/companies-listing/corporate-filings-annual-reports,1620598458,18:14:18,20210509
4,2019-12-31,SUTLEJTEX.NS,INR,2019-12-31,2019-12-31,Q4,5819500000,3064800000,2754700000,0.4733568175960134,0.0,0.0,0.0,44000000.0,2429000000,5493800000,100900000.0,251400000,577100000,0.09916659506830483,325700000.0,0.05596700747486898,0.0,268800000,0.046189535183435,94500000.0,174300000,0.029951026720508634,1.06,1.06,164433962,164433962,https://www.nseindia.com/companies-listing/corporate-filings-annual-reports,https://www.nseindia.com/companies-listing/corporate-filings-annual-reports,1620598458,18:14:18,20210509
5,2019-09-30,SUTLEJTEX.NS,INR,2019-09-30,2019-09-30,Q3,6387000000,3627200000,2759800000,0.43209644590574603,0.0,0.0,0.0,52000000.0,2437600000,6064800000,112500000.0,246800000,569000000,0.08908720839204634,322200000.0,0.05044621888210427,0.0,261700000,0.04097385313918898,95300000.0,166400000,0.026052919993737277,1.02,1.02,163137255,163137255,https://www.nseindia.com/companies-listing/corporate-filings-annual-reports,https://www.nseindia.com/companies-listing/corporate-filings-annual-reports,1620598458,18:14:18,20210509
6,2019-06-30,SUTLEJTEX.NS,INR,2019-06-30,2019-06-30,Q2,6596000000,3973200000,2622800000,0.3976349302607641,0.0,0.0,0.0,72900000.0,2444700000,6417900000,131900000.0,249200000,427300000,0.06478168587022438,178100000.0,0.027001212856276532,0.0,119100000,0.0180563978168587,44800000.0,74300000,0.011264402668283808,0.45,0.45,165111111,165111111,https://www.nseindia.com/companies-listing/corporate-filings-annual-reports,https://www.nseindia.com/companies-listing/corporate-filings-annual-reports,1620598458,18:14:18,20210509
7,2019-03-31,SUTLEJTEX.NS,INR,2019-03-31,2019-03-31,Q1,6181200000,4360300000,1820900000,0.2945868116223387,0.0,0.0,0.0,-115400000.0,1579100000,5939400000,84700000.0,243300000,485100000,0.07847990681421084,241800000.0,0.03911861774412735,0.0,163800000,0.02649970879440885,59600000.0,104200000,0.01685756810975215,0.6402118631860367,0.6402118631860367,162758621,162758621,https://www.nseindia.com/companies-listing/corporate-filings-annual-reports,https://www.nseindia.com/companies-listing/corporate-filings-annual-reports,1620598458,18:14:18,20210509
8,2018-12-31,SUTLEJTEX.NS,INR,2018-12-31,2018-12-31,Q4,6631200000,4028700000,2602500000,0.39246290264205574,0.0,0.0,0.0,60700000.0,2334300000,6363000000,127200000.0,248500000,516700000,0.07791953190975992,268200000.0,0.04044516829533116,0.0,201700000,0.030416817468934734,48500000.0,153200000,0.023102907467728313,0.94,0.94,162978723,162978723,https://www.nseindia.com/companies-listing/corporate-filings-annual-reports,https://www.nseindia.com/companies-listing/corporate-filings-annual-reports,1620598458,18:14:18,20210509
9,2018-09-30,SUTLEJTEX.NS,INR,2018-09-30,2018-09-30,Q3,7023900000,4106300000,2917600000,0.4153817679636669,0.0,0.0,0.0,63400000.0,2490600000,6596900000,145300000.0,245600000,672600000,0.09575876649724512,427000000.0,0.06079243724996085,0.0,345100000,0.04913224846595196,99000000.0,246100000,0.03503751477099617,1.5,1.5,164066667,164066667,https://www.nseindia.com/companies-listing/corporate-filings-annual-reports,https://www.nseindia.com/companies-listing/corporate-filings-annual-reports,1620598458,18:14:18,20210509
10,2018-06-30,SUTLEJTEX.NS,INR,2018-06-30,2018-06-30,Q2,6301400000,3643800000,2657600000,0.4217475481639001,0.0,0.0,0.0,57700000.0,2436500000,6080300000,164200000.0,268500000,489600000,0.07769701970990574,221100000.0,0.03508744088615228,0.0,114600000,0.018186434760529405,35500000.0,79100000,0.012552766051988446,0.48,0.48,164791667,164791667,https://www.nseindia.com/companies-listing/corporate-filings-annual-reports,https://www.nseindia.com/companies-listing/corporate-filings-annual-reports,1620598458,18:14:18,20210509
11,2018-03-31,SUTLEJTEX.NS,INR,2018-03-31,2018-03-31,Q1,6266800000,4446200000,1820600000,0.2905150954235016,0.0,0.0,0.0,0.0,1864800000,6311000000,109700000.0,268600000,224400000,0.03580774877130274,-44200000.0,-0.007053041424650539,0.0,107400000,0.017137933235463074,7300000.0,100100000,0.015973064402885043,0.6150211852679681,0.6150211852679681,162758621,162758621,https://www.nseindia.com/companies-listing/corporate-filings-annual-reports,https://www.nseindia.com/companies-listing/corporate-filings-annual-reports,1620598458,18:14:18,20210509
12,2017-12-31,SUTLEJTEX.NS,INR,2017-12-31,2017-12-31,Q4,5939200000,3373000000,2566200000,0.4320783943965517,0.0,0.0,0.0,0.0,2170400000,5543400000,126100000.0,273900000,669700000,0.11275929418103449,395800000.0,0.06664197198275862,0.0,269700000,0.04541015625,106200000.0,163500000,0.027528960129310345,1.0,1.0,163500000,163500000,https://www.nseindia.com/companies-listing/corporate-filings-annual-reports,https://www.nseindia.com/companies-listing/corporate-filings-annual-reports,1620598458,18:14:18,20210509
13,2017-09-30,SUTLEJTEX.NS,INR,2017-09-30,2017-09-30,Q3,6037000000,3256900000,2780100000,0.46051018717906245,0.0,0.0,0.0,0.0,2194100000,5451000000,153300000.0,262000000,848000000,0.14046711943018056,586000000.0,0.09706808017227099,0.0,851000000,0.14096405499420242,216800000.0,634200000,0.10505217823422229,3.87,3.87,163875969,163875969,https://www.nseindia.com/companies-listing/corporate-filings-annual-reports,https://www.nseindia.com/companies-listing/corporate-filings-annual-reports,1620598458,18:14:18,20210509
14,2017-06-30,SUTLEJTEX.NS,INR,2017-06-30,2017-06-30,Q2,6519900000,3803000000,2716900000,0.41670884522768753,0.0,0.0,0.0,67400000.0,2282300000,6085300000,158300000.0,260800000,695400000,0.10665807757787696,434600000.0,0.06665746407153483,0.0,343700000,0.05271553244681667,107900000.0,235800000,0.0361661988680808,1.439,1.439,163863794,163863794,https://www.nseindia.com/companies-listing/corporate-filings-annual-reports,https://www.nseindia.com/companies-listing/corporate-filings-annual-reports,1620598458,18:14:18,20210509
15,2017-03-31,SUTLEJTEX.NS,INR,2017-03-31,2017-03-31,Q1,5976700000,3506000000,2470700000,0.4133886592935901,0.0,0.0,0.0,143600000.0,2139200000,5645200000,108900000.0,223400000,554900000,0.09284387705590041,331500000.0,0.05546539060016397,0.0,366200000,0.061271270098884,33500000.0,332700000,0.0556661702946442,2.031,2.031,163810931,163810931,https://www.nseindia.com/companies-listing/corporate-filings-annual-reports,https://www.nseindia.com/companies-listing/corporate-filings-annual-reports,1620598458,18:14:18,20210509
16,2016-12-31,SUTLEJTEX.NS,INR,2016-12-31,2016-12-31,Q4,5290800000,3012800000,2278000000,0.4305587056777803,0.0,0.0,0.0,61200000.0,1841800000,4854600000,119000000.0,209200000,645400000,0.1219853330309216,436200000.0,0.08244499886595599,0.0,378400000,0.07152037499054964,101600000.0,276800000,0.05231722990852045,1.69,1.69,163786982,163786982,https://www.nseindia.com/companies-listing/corporate-filings-annual-reports,https://www.nseindia.com/companies-listing/corporate-filings-annual-reports,1620598458,18:14:18,20210509
17,2016-09-30,SUTLEJTEX.NS,INR,2016-09-30,2016-09-30,Q3,5490100000,3042800000,2447300000,0.44576601519098014,0.0,0.0,0.0,80200000.0,1811300000,4854100000,96000000.0,205800000,841800000,0.15333054042731462,636000000.0,0.11584488442833464,0.0,620200000,0.11296697692209613,101200000.0,519000000,0.09453379719859384,3.168,3.168,163825758,163825758,https://www.nseindia.com/companies-listing/corporate-filings-annual-reports,https://www.nseindia.com/companies-listing/corporate-filings-annual-reports,1620598458,18:14:18,20210509
18,2016-06-30,SUTLEJTEX.NS,INR,2016-06-30,2016-06-30,Q2,5526300000,3066800000,2459500000,0.44505365253424534,0.0,0.0,0.0,0.0,1806900000,4873700000,132800000.0,211800000,864400000,0.15641568499719524,652600000.0,0.11808986120912726,0.0,519800000,0.0940593163599515,68900000.0,450900000,0.08159166169046198,2.752,2.752,163844477,163844477,https://www.nseindia.com/companies-listing/corporate-filings-annual-reports,https://www.nseindia.com/companies-listing/corporate-filings-annual-reports,1620598458,18:14:18,20210509
19,2016-03-31,SUTLEJTEX.NS,INR,2016-03-31,2016-03-31,Q1,5487700000,3116400000,2371300000,0.43211181369243945,0.0,0.0,0.0,125500000.0,1899100000,5015500000,112400000.0,213000000,685200000,0.12486105290012209,472200000.0,0.08604697778668659,0.0,446500000,0.08136377717440822,-62600000.0,509100000,0.09277110629225359,3.108,3.108,163803089,163803089,https://www.nseindia.com/companies-listing/corporate-filings-annual-reports,https://www.nseindia.com/companies-listing/corporate-filings-annual-reports,1620598458,18:14:18,20210509
20,2015-12-31,SUTLEJTEX.NS,INR,2015-12-31,2015-12-31,Q4,5518100000,3200200000,2317900000,0.4200540040956126,0.0,0.0,0.0,0.0,1776600000,4976800000,130300000.0,216900000,758200000,0.1374023667566735,541300000.0,0.09809535890976967,0.0,411000000,0.07448215871405013,147000000.0,264000000,0.04784255450245556,1.611,1.611,163873371,163873371,https://www.nseindia.com/companies-listing/corporate-filings-annual-reports,https://www.nseindia.com/companies-listing/corporate-filings-annual-reports,1620598458,18:14:18,20210509
21,2015-09-30,SUTLEJTEX.NS,INR,2015-09-30,2015-09-30,Q3,6185800000,3743100000,2442700000,0.39488829254098096,0.0,0.0,0.0,0.0,1869500000,5612600000,126400000.0,218600000,791800000,0.12800284522616315,573200000.0,0.09266384299524717,0.0,446800000,0.07222994600536713,114800000.0,332000000,0.05367131171392544,2.027,2.027,163788851,163788851,https://www.nseindia.com/companies-listing/corporate-filings-annual-reports,https://www.nseindia.com/companies-listing/corporate-filings-annual-reports,1620598458,18:14:18,20210509
22,2015-06-30,SUTLEJTEX.NS,INR,2015-06-30,2015-06-30,Q2,4633100000,2689500000,1943600000,0.41950314044592174,0.0,0.0,0.0,0.0,1442000000,4131500000,133300000.0,185900000,687500000,0.14838876777967236,501600000.0,0.10826444497204896,0.0,368300000,0.07949321188836848,70500000.0,297800000,0.06427661824696208,1.818,1.818,163806381,163806381,https://www.nseindia.com/companies-listing/corporate-filings-annual-reports,https://www.nseindia.com/companies-listing/corporate-filings-annual-reports,1620598458,18:14:18,20210509
23,2015-03-31,SUTLEJTEX.NS,INR,2015-03-31,2015-03-31,Q1,4681459000,2797721000,1883738000,0.4023826759990849,0.0,0.0,0.0,0.0,1713452000,4511173000,0.0,206073000,376359000,0.08039352688980081,170286000.0,0.03637455758984539,0.0,330431000,0.07058291015685494,56241000.0,274190000,0.05856934771830748,1.6846419459403015,1.6846419459403015,162758621,162758621,https://www.nseindia.com/companies-listing/corporate-filings-annual-reports,https://www.nseindia.com/companies-listing/corporate-filings-annual-reports,1620598458,18:14:18,20210509
24,2014-12-31,SUTLEJTEX.NS,INR,2014-12-31,2014-12-31,Q4,4589800000,2746000000,1843800000,0.40171685040742516,0.0,0.0,0.0,0.0,1355700000,4101700000,0.0,179000000,667100000,0.1453440237047366,488100000.0,0.1063445030284544,0.0,350100000,0.07627783345679551,131900000.0,218200000,0.04754019782997081,1.332,1.332,163813814,163813814,https://www.nseindia.com/companies-listing/corporate-filings-annual-reports,https://www.nseindia.com/companies-listing/corporate-filings-annual-reports,1620598458,18:14:18,20210509
25,2014-09-30,SUTLEJTEX.NS,INR,2014-09-30,2014-09-30,Q3,4590300000,2772100000,1818200000,0.3960961157222839,0.0,0.0,0.0,0.0,1300500000,4072600000,0.0,163900000,681600000,0.14848702699169988,517700000.0,0.11278129969718755,0.0,397700000,0.08663921748033898,92900000.0,304800000,0.06640088883079537,1.86,1.86,163870968,163870968,https://www.nseindia.com/companies-listing/corporate-filings-annual-reports,https://www.nseindia.com/companies-listing/corporate-filings-annual-reports,1620598458,18:14:18,20210509
26,2014-06-30,SUTLEJTEX.NS,INR,2014-06-30,2014-06-30,Q2,4699100000,3109400000,1589700000,0.3382988231789066,0.0,0.0,0.0,0.0,1050900000,4160300000,0.0,150100000,688900000,0.14660254091208955,538800000.0,0.11466025409120896,0.0,404000000,0.08597390989763998,46600000.0,357400000,0.07605711732033793,2.182,2.182,163794684,163794684,https://www.nseindia.com/companies-listing/corporate-filings-annual-reports,https://www.nseindia.com/companies-listing/corporate-filings-annual-reports,1620598458,18:14:18,20210509
27,2014-03-31,SUTLEJTEX.NS,INR,2014-03-31,2014-03-31,Q1,4818731000,3057386000,1761345000,0.3655205073700939,0.0,0.0,0.0,0.0,1587897000,4645283000,0.0,234962000,408410000,0.08475467918835893,173448000.0,0.035994538811151736,0.0,311163000,0.06457363982343069,104682000.0,206481000,0.04284966311670023,1.2686332602928603,1.2686332602928603,162758621,162758621,https://www.nseindia.com/companies-listing/corporate-filings-annual-reports,https://www.nseindia.com/companies-listing/corporate-filings-annual-reports,1620598458,18:14:18,20210509
28,2013-12-31,SUTLEJTEX.NS,INR,2013-12-31,2013-12-31,Q4,4638100000,2749600000,1888500000,0.40717103986546216,0.0,0.0,0.0,0.0,1200500000,3950100000,0.0,175400000,863400000,0.1861538129837649,688000000.0,0.1483366033505099,0.0,552800000,0.11918673594790971,153800000.0,399000000,0.08602660572217072,2.435,2.435,163860370,163860370,https://www.nseindia.com/companies-listing/corporate-filings-annual-reports,https://www.nseindia.com/companies-listing/corporate-filings-annual-reports,1620598458,18:14:18,20210509
29,2013-09-30,SUTLEJTEX.NS,INR,2013-09-30,2013-09-30,Q3,4853400000,2956000000,1897400000,0.39094243210944907,0.0,0.0,0.0,0.0,1230200000,4186200000,0.0,171700000,838900000,0.17284790044092802,667200000.0,0.13747063913957225,0.0,519000000,0.10693534429472122,92600000.0,426400000,0.08785593604483455,2.603,2.603,163810987,163810987,https://www.nseindia.com/companies-listing/corporate-filings-annual-reports,https://www.nseindia.com/companies-listing/corporate-filings-annual-reports,1620598458,18:14:18,20210509
30,2013-06-30,SUTLEJTEX.NS,INR,2013-06-30,2013-06-30,Q2,4382000000,2724200000,1657800000,0.37832040164308534,0.0,0.0,0.0,0.0,1169000000,3893200000,0.0,169800000,658600000,0.150296668188042,488800000.0,0.11154723870378823,0.0,334300000,0.07628936558649019,52400000.0,281900000,0.06433135554541305,1.721,1.721,163800116,163800116,https://www.nseindia.com/companies-listing/corporate-filings-annual-reports,https://www.nseindia.com/companies-listing/corporate-filings-annual-reports,1620598458,18:14:18,20210509
31,2013-03-31,SUTLEJTEX.NS,INR,2013-03-31,2013-03-31,Q1,4429412000,2738629000,1690783000,0.3817172572792958,0.0,0.0,0.0,0.0,1558681000,4297310000,0.0,169967000,302069000,0.06819618495637796,132102000.0,0.029823823116928386,0.0,227801000,0.0514291738948646,68226000.0,159575000,0.03602622650591094,0.9804396167745855,0.9804396167745855,162758621,162758621,https://www.nseindia.com/companies-listing/corporate-filings-annual-reports,https://www.nseindia.com/companies-listing/corporate-filings-annual-reports,1620598458,18:14:18,20210509
32,2012-12-31,SUTLEJTEX.NS,INR,2012-12-31,2012-12-31,Q4,4059700000,2517200000,1542500000,0.3799541838066852,0.0,0.0,0.0,0.0,1091000000,3608200000,156800000.0,178800000,630300000,0.15525777766830062,451500000.0,0.11121511441732147,0.0,294700000,0.07259157080572456,47600000.0,247100000,0.06086656649506121,1.508,1.508,163828620,163828620,https://www.nseindia.com/companies-listing/corporate-filings-annual-reports,https://www.nseindia.com/companies-listing/corporate-filings-annual-reports,1620598458,18:14:18,20210509
33,2012-09-30,SUTLEJTEX.NS,INR,2012-09-30,2012-09-30,Q3,4245200000,2697800000,1547400000,0.3645057947799868,0.0,0.0,0.0,0.0,1103100000,3800900000,172900000.0,176900000,621200000,0.1463299726750212,444300000.0,0.10465938000565345,0.0,271400000,0.06393102798454725,27300000.0,244100000,0.057500235560162066,1.49,1.49,163828620,163828620,https://www.nseindia.com/companies-listing/corporate-filings-annual-reports,https://www.nseindia.com/companies-listing/corporate-filings-annual-reports,1620598458,18:14:18,20210509
34,2012-06-30,SUTLEJTEX.NS,INR,2012-06-30,2012-06-30,Q2,4068100000,2702700000,1365400000,0.3356358004965463,0.0,0.0,0.0,0.0,1050700000,3753400000,180700000.0,175800000,490500000,0.12057225731914162,314700000.0,0.07735798038396303,0.0,134000000,0.032939209950591186,15100000.0,118900000,0.029227403456158894,0.726,0.726,327628620,327628620,https://www.nseindia.com/companies-listing/corporate-filings-annual-reports,https://www.nseindia.com/companies-listing/corporate-filings-annual-reports,1620598458,18:14:18,20210509
