,date,symbol,reportedCurrency,fillingDate,acceptedDate,period,revenue,costOfRevenue,grossProfit,grossProfitRatio,researchAndDevelopmentExpenses,generalAndAdministrativeExpenses,sellingAndMarketingExpenses,otherExpenses,operatingExpenses,costAndExpenses,interestExpense,depreciationAndAmortization,ebitda,ebitdaratio,operatingIncome,operatingIncomeRatio,totalOtherIncomeExpensesNet,incomeBeforeTax,incomeBeforeTaxRatio,incomeTaxExpense,netIncome,netIncomeRatio,eps,epsdiluted,weightedAverageShsOut,weightedAverageShsOutDil,link,finalLink,timestamp,est_time,est_date
0,2019-06-30,MITRA.BR,EUR,2019-06-30,2019-06-30,Q2,24130000.0,621750.0,23508250.0,0.9742333195192706,14268250.0,3693500.0,384750.0,-13682000.0,-340000.0,17618000.0,830250.0,1444250.0,7956250.0,0.3297244094488189,6512000.0,0.2698715292167426,0.0,-8087750.0,-0.33517405719021964,-1282000.0,-6641000.0,-0.27521757148777454,-0.175,-0.175,37751788,37751788,,,1620595033,17:17:13,20210509
1,2019-03-31,MITRA.BR,EUR,2019-03-31,2019-03-31,Q1,24130000.0,621750.0,23508250.0,0.9742333195192706,14268250.0,3693500.0,384750.0,-13682000.0,-340000.0,17618000.0,830250.0,1444250.0,7956250.0,0.3297244094488189,6512000.0,0.2698715292167426,0.0,-8087750.0,-0.33517405719021964,-1282000.0,-6641000.0,-0.27521757148777454,-0.175,-0.175,37751788,37751788,,,1620595033,17:17:13,20210509
2,2019-01-31,MITRA.BR,EUR,2019-01-31,2019-01-31,Q1,24130000.0,621750.0,23508250.0,0.9742333195192706,14268250.0,3693500.0,384750.0,-13682000.0,-340000.0,17618000.0,830250.0,1444250.0,7956250.0,0.3297244094488189,6512000.0,0.2698715292167426,0.0,-8087750.0,-0.33517405719021964,-1282000.0,-6641000.0,-0.27521757148777454,-0.175,-0.175,37751788,37751788,,,1620595033,17:17:13,20210509
3,2018-06-30,MITRA.BR,EUR,2018-06-30,2018-06-30,Q2,14469000.0,392750.0,14076250.0,0.9728557605916096,8928250.0,2244750.0,494250.0,-11637500.0,0.0,10922000.0,865000.0,712750.0,4259750.0,0.2944052802543369,3547000.0,0.24514479231460365,0.0,-9372750.0,-0.6477814638191997,-2471250.0,-3090750.0,-0.21361185983827494,-0.0825,-0.0825,36564683,36564683,,,1620595033,17:17:13,20210509
4,2018-03-31,MITRA.BR,EUR,2018-03-31,2018-03-31,Q1,14469000.0,392750.0,14076250.0,0.9728557605916096,8928250.0,2244750.0,494250.0,-11637500.0,0.0,10922000.0,865000.0,712750.0,4259750.0,0.2944052802543369,3547000.0,0.24514479231460365,0.0,-9372750.0,-0.6477814638191997,-2471250.0,-3090750.0,-0.21361185983827494,-0.0825,-0.0825,36564683,36564683,,,1620595033,17:17:13,20210509
5,2018-01-31,MITRA.BR,EUR,2018-01-31,2018-01-31,Q1,14469000.0,392750.0,14076250.0,0.9728557605916096,8928250.0,2244750.0,494250.0,-11637500.0,0.0,10922000.0,865000.0,712750.0,4259750.0,0.2944052802543369,3547000.0,0.24514479231460365,0.0,-9372750.0,-0.6477814638191997,-2471250.0,-3090750.0,-0.21361185983827494,-0.0825,-0.0825,36564683,36564683,,,1620595033,17:17:13,20210509
6,2017-06-30,MITRA.BR,EUR,2017-06-30,2017-06-30,Q2,11563000.0,2273750.0,9289250.0,0.8033598547089855,12046250.0,2174250.0,1173750.0,0.0,-601500.0,16883500.0,427500.0,539000.0,-4781500.0,-0.41351725330796507,-5320500.0,-0.4601314537749719,0.0,-11606500.0,-1.0037619994811036,-2855250.0,-8751500.0,-0.7568537576753438,-0.2675,-0.2675,32660197,32660197,,,1620595033,17:17:13,20210509
7,2017-03-31,MITRA.BR,EUR,2017-03-31,2017-03-31,Q1,11563000.0,2273750.0,9289250.0,0.8033598547089855,12046250.0,2174250.0,1173750.0,0.0,-601500.0,16883500.0,427500.0,539000.0,-4781500.0,-0.41351725330796507,-5320500.0,-0.4601314537749719,0.0,-11606500.0,-1.0037619994811036,-2855250.0,-8751500.0,-0.7568537576753438,-0.2675,-0.2675,32660197,32660197,,,1620595033,17:17:13,20210509
8,2017-01-31,MITRA.BR,EUR,2017-01-31,2017-01-31,Q1,11563000.0,2273750.0,9289250.0,0.8033598547089855,12046250.0,2174250.0,1173750.0,0.0,-601500.0,16883500.0,427500.0,539000.0,-4781500.0,-0.41351725330796507,-5320500.0,-0.4601314537749719,0.0,-11606500.0,-1.0037619994811036,-2855250.0,-8751500.0,-0.7568537576753438,-0.2675,-0.2675,32660197,32660197,,,1620595033,17:17:13,20210509
9,2016-06-30,MITRA.BR,EUR,2016-06-30,2016-06-30,Q2,5617000.0,2257250.0,3359750.0,0.5981395762862738,8574750.0,2056500.0,1891750.0,250.0,0.0,14611000.0,43750.0,262500.0,-8731500.0,-1.5544774790813602,-8994000.0,-1.6012106106462525,0.0,-10158750.0,-1.8085721915613318,-1387000.0,-8771750.0,-1.5616432259213102,-0.2825,-0.2825,31129756,31129756,,,1620595033,17:17:13,20210509
10,2016-03-31,MITRA.BR,EUR,2016-03-31,2016-03-31,Q1,5617000.0,2257250.0,3359750.0,0.5981395762862738,8574750.0,2056500.0,1891750.0,250.0,0.0,14611000.0,43750.0,262500.0,-8731500.0,-1.5544774790813602,-8994000.0,-1.6012106106462525,0.0,-10158750.0,-1.8085721915613318,-1387000.0,-8771750.0,-1.5616432259213102,-0.2825,-0.2825,31129756,31129756,,,1620595033,17:17:13,20210509
11,2016-01-31,MITRA.BR,EUR,2016-01-31,2016-01-31,Q1,5617000.0,2257250.0,3359750.0,0.5981395762862738,8574750.0,2056500.0,1891750.0,250.0,0.0,14611000.0,43750.0,262500.0,-8731500.0,-1.5544774790813602,-8994000.0,-1.6012106106462525,0.0,-10158750.0,-1.8085721915613318,-1387000.0,-8771750.0,-1.5616432259213102,-0.2825,-0.2825,31129756,31129756,,,1620595033,17:17:13,20210509
12,2015-09-30,MITRA.BR,EUR,2015-09-30,2015-09-30,Q3,5108750.0,2548750.0,2560000.0,0.5011010521164668,2372750.0,2582250.0,1252250.0,0.0,0.0,8675500.0,107500.0,166000.0,-3400750.0,-0.6656716417910448,-3566750.0,-0.6981649131392219,0.0,-3653750.0,-0.7151945192072425,-1198500.0,-2455250.0,-0.48059701492537316,-0.0975,-0.0975,25405721,25405721,,,1620595033,17:17:13,20210509
13,2015-06-30,MITRA.BR,EUR,2015-06-30,2015-06-30,Q2,5108750.0,2548750.0,2560000.0,0.5011010521164668,2372750.0,2582250.0,1252250.0,0.0,0.0,8675500.0,107500.0,166000.0,-3400750.0,-0.6656716417910448,-3566750.0,-0.6981649131392219,0.0,-3653750.0,-0.7151945192072425,-1198500.0,-2455250.0,-0.48059701492537316,-0.0975,-0.0975,25405721,25405721,,,1620595033,17:17:13,20210509
14,2015-03-31,MITRA.BR,EUR,2015-03-31,2015-03-31,Q1,5108750.0,2548750.0,2560000.0,0.5011010521164668,2372750.0,2582250.0,1252250.0,0.0,0.0,8675500.0,107500.0,166000.0,-3400750.0,-0.6656716417910448,-3566750.0,-0.6981649131392219,0.0,-3653750.0,-0.7151945192072425,-1198500.0,-2455250.0,-0.48059701492537316,-0.0975,-0.0975,25405721,25405721,,,1620595033,17:17:13,20210509
15,2015-01-31,MITRA.BR,EUR,2015-01-31,2015-01-31,Q1,5108750.0,2548750.0,2560000.0,0.5011010521164668,2372750.0,2582250.0,1252250.0,0.0,0.0,8675500.0,107500.0,166000.0,-3400750.0,-0.6656716417910448,-3566750.0,-0.6981649131392219,0.0,-3653750.0,-0.7151945192072425,-1198500.0,-2455250.0,-0.48059701492537316,-0.0975,-0.0975,25405721,25405721,,,1620595033,17:17:13,20210509
16,2014-09-30,MITRA.BR,EUR,2014-09-30,2014-09-30,Q3,4759500.0,2497000.0,2262500.0,0.47536505935497425,2243250.0,1680000.0,757000.0,0.0,0.0,7081500.0,300500.0,184750.0,-2137250.0,-0.44904926988129007,-2322000.0,-0.48786637251812165,0.0,-2918000.0,-0.6130896102531779,-73250.0,-2845000.0,-0.5977518646916693,-0.1825,-0.1825,30542992,30542992,,,1620595033,17:17:13,20210509
17,2014-06-30,MITRA.BR,EUR,2014-06-30,2014-06-30,Q2,4759500.0,2497000.0,2262500.0,0.47536505935497425,2243250.0,1680000.0,757000.0,0.0,0.0,7081500.0,300500.0,184750.0,-2137250.0,-0.44904926988129007,-2322000.0,-0.48786637251812165,0.0,-2918000.0,-0.6130896102531779,-73250.0,-2845000.0,-0.5977518646916693,-0.1825,-0.1825,30542992,30542992,,,1620595033,17:17:13,20210509
18,2014-03-31,MITRA.BR,EUR,2014-03-31,2014-03-31,Q1,4759500.0,2497000.0,2262500.0,0.47536505935497425,2243250.0,1680000.0,757000.0,0.0,0.0,7081500.0,300500.0,184750.0,-2137250.0,-0.44904926988129007,-2322000.0,-0.48786637251812165,0.0,-2918000.0,-0.6130896102531779,-73250.0,-2845000.0,-0.5977518646916693,-0.1825,-0.1825,30542992,30542992,,,1620595033,17:17:13,20210509
19,2014-01-31,MITRA.BR,EUR,2014-01-31,2014-01-31,Q1,4759500.0,2497000.0,2262500.0,0.47536505935497425,2243250.0,1680000.0,757000.0,0.0,0.0,7081500.0,300500.0,184750.0,-2137250.0,-0.44904926988129007,-2322000.0,-0.48786637251812165,0.0,-2918000.0,-0.6130896102531779,-73250.0,-2845000.0,-0.5977518646916693,-0.1825,-0.1825,30542992,30542992,,,1620595033,17:17:13,20210509
20,2013-09-30,MITRA.BR,EUR,2013-09-30,2013-09-30,Q3,4419250.0,2263500.0,2155750.0,0.48780901736720034,344500.0,1090750.0,883500.0,250.0,0.0,4558750.0,35750.0,147750.0,8250.0,0.001866832607342875,-139500.0,-0.031566442269615885,0.0,-192250.0,-0.043502856819596085,189750.0,-382000.0,-0.08644000678848221,-0.025,-0.025,30542992,30542992,,,1620595033,17:17:13,20210509
21,2013-06-30,MITRA.BR,EUR,2013-06-30,2013-06-30,Q2,4419250.0,2263500.0,2155750.0,0.48780901736720034,344500.0,1090750.0,883500.0,250.0,0.0,4558750.0,35750.0,147750.0,8250.0,0.001866832607342875,-139500.0,-0.031566442269615885,0.0,-192250.0,-0.043502856819596085,189750.0,-382000.0,-0.08644000678848221,-0.025,-0.025,30542992,30542992,,,1620595033,17:17:13,20210509
22,2013-03-31,MITRA.BR,EUR,2013-03-31,2013-03-31,Q1,4419250.0,2263500.0,2155750.0,0.48780901736720034,344500.0,1090750.0,883500.0,250.0,0.0,4558750.0,35750.0,147750.0,8250.0,0.001866832607342875,-139500.0,-0.031566442269615885,0.0,-192250.0,-0.043502856819596085,189750.0,-382000.0,-0.08644000678848221,-0.025,-0.025,30542992,30542992,,,1620595033,17:17:13,20210509
23,2013-01-31,MITRA.BR,EUR,2013-01-31,2013-01-31,Q1,4419250.0,2263500.0,2155750.0,0.48780901736720034,344500.0,1090750.0,883500.0,250.0,0.0,4558750.0,35750.0,147750.0,8250.0,0.001866832607342875,-139500.0,-0.031566442269615885,0.0,-192250.0,-0.043502856819596085,189750.0,-382000.0,-0.08644000678848221,-0.025,-0.025,30542992,30542992,,,1620595033,17:17:13,20210509
24,2012-09-30,MITRA.BR,EUR,2012-09-30,2012-09-30,Q3,3688000.0,1859500.0,1828500.0,0.49579718004338397,136500.0,592250.0,1054500.0,0.0,0.0,3626000.0,42250.0,129750.0,191750.0,0.05199295010845987,62000.0,0.016811279826464208,0.0,13750.0,0.003728308026030369,170500.0,-156750.0,-0.042502711496746205,-0.01,-0.01,30542992,30542992,,,1620595033,17:17:13,20210509
25,2012-06-30,MITRA.BR,EUR,2012-06-30,2012-06-30,Q2,3688000.0,1859500.0,1828500.0,0.49579718004338397,136500.0,592250.0,1054500.0,0.0,0.0,3626000.0,42250.0,129750.0,191750.0,0.05199295010845987,62000.0,0.016811279826464208,0.0,13750.0,0.003728308026030369,170500.0,-156750.0,-0.042502711496746205,-0.01,-0.01,30542992,30542992,,,1620595033,17:17:13,20210509
26,2012-03-31,MITRA.BR,EUR,2012-03-31,2012-03-31,Q1,3688000.0,1859500.0,1828500.0,0.49579718004338397,136500.0,592250.0,1054500.0,0.0,0.0,3626000.0,42250.0,129750.0,191750.0,0.05199295010845987,62000.0,0.016811279826464208,0.0,13750.0,0.003728308026030369,170500.0,-156750.0,-0.042502711496746205,-0.01,-0.01,30542992,30542992,,,1620595033,17:17:13,20210509
27,2012-01-31,MITRA.BR,EUR,2012-01-31,2012-01-31,Q1,3688000.0,1859500.0,1828500.0,0.49579718004338397,136500.0,592250.0,1054500.0,0.0,0.0,3626000.0,42250.0,129750.0,191750.0,0.05199295010845987,62000.0,0.016811279826464208,0.0,13750.0,0.003728308026030369,170500.0,-156750.0,-0.042502711496746205,-0.01,-0.01,30542992,30542992,,,1620595033,17:17:13,20210509
