,date,symbol,reportedCurrency,fillingDate,acceptedDate,period,revenue,costOfRevenue,grossProfit,grossProfitRatio,researchAndDevelopmentExpenses,generalAndAdministrativeExpenses,sellingAndMarketingExpenses,otherExpenses,operatingExpenses,costAndExpenses,interestExpense,depreciationAndAmortization,ebitda,ebitdaratio,operatingIncome,operatingIncomeRatio,totalOtherIncomeExpensesNet,incomeBeforeTax,incomeBeforeTaxRatio,incomeTaxExpense,netIncome,netIncomeRatio,eps,epsdiluted,weightedAverageShsOut,weightedAverageShsOutDil,link,finalLink,timestamp,est_time,est_date
0,2019-06-30,MBH.L,GBP,2019-06-30,2019-06-30,Q2,13380750.0,7904500.0,5476250.0,0.40926330736318967,0.0,2938500.0,0.0,15000.0,0.0,11134500.0,139500.0,291500.0,2537750.0,0.1896567830652243,2246250.0,0.167871756067485,0.0,2591750.0,0.1936924312912206,440750.0,2151000.0,0.16075332100218598,0.023525,0.022975,91463549,93632839,https://find-and-update.company-information.service.gov.uk/search/companies?q=Michelmersh+Brick+Holdings+PLC,https://find-and-update.company-information.service.gov.uk/search/companies?q=Michelmersh+Brick+Holdings+PLC,1620594797,17:13:17,20210509
1,2019-03-31,MBH.L,GBP,2019-03-31,2019-03-31,Q1,13380750.0,7904500.0,5476250.0,0.40926330736318967,0.0,2938500.0,0.0,15000.0,0.0,11134500.0,139500.0,291500.0,2537750.0,0.1896567830652243,2246250.0,0.167871756067485,0.0,2591750.0,0.1936924312912206,440750.0,2151000.0,0.16075332100218598,0.023525,0.022975,91463549,93632839,https://find-and-update.company-information.service.gov.uk/search/companies?q=Michelmersh+Brick+Holdings+PLC,https://find-and-update.company-information.service.gov.uk/search/companies?q=Michelmersh+Brick+Holdings+PLC,1620594797,17:13:17,20210509
2,2019-01-31,MBH.L,GBP,2019-01-31,2019-01-31,Q1,13380750.0,7904500.0,5476250.0,0.40926330736318967,0.0,2938500.0,0.0,15000.0,0.0,11134500.0,139500.0,291500.0,2537750.0,0.1896567830652243,2246250.0,0.167871756067485,0.0,2591750.0,0.1936924312912206,440750.0,2151000.0,0.16075332100218598,0.023525,0.022975,91463549,93632839,https://find-and-update.company-information.service.gov.uk/search/companies?q=Michelmersh+Brick+Holdings+PLC,https://find-and-update.company-information.service.gov.uk/search/companies?q=Michelmersh+Brick+Holdings+PLC,1620594797,17:13:17,20210509
3,2018-06-30,MBH.L,GBP,2018-06-30,2018-06-30,Q2,11581000.0,7076250.0,4504750.0,0.3889776357827476,0.0,2248500.0,0.0,12750.0,0.0,9609250.0,156750.0,284500.0,2256250.0,0.19482341766686814,1971750.0,0.1702573180208963,0.0,1609250.0,0.13895604870045764,363000.0,1246250.0,0.10761160521543908,0.01445,0.013925,86312463,88655058,https://find-and-update.company-information.service.gov.uk/search/companies?q=Michelmersh+Brick+Holdings+PLC,https://find-and-update.company-information.service.gov.uk/search/companies?q=Michelmersh+Brick+Holdings+PLC,1620594797,17:13:17,20210509
4,2018-03-31,MBH.L,GBP,2018-03-31,2018-03-31,Q1,11581000.0,7076250.0,4504750.0,0.3889776357827476,0.0,2248500.0,0.0,12750.0,0.0,9609250.0,156750.0,284500.0,2256250.0,0.19482341766686814,1971750.0,0.1702573180208963,0.0,1609250.0,0.13895604870045764,363000.0,1246250.0,0.10761160521543908,0.01445,0.013925,86312463,88655058,https://find-and-update.company-information.service.gov.uk/search/companies?q=Michelmersh+Brick+Holdings+PLC,https://find-and-update.company-information.service.gov.uk/search/companies?q=Michelmersh+Brick+Holdings+PLC,1620594797,17:13:17,20210509
5,2018-01-31,MBH.L,GBP,2018-01-31,2018-01-31,Q1,11581000.0,7076250.0,4504750.0,0.3889776357827476,0.0,2248500.0,0.0,12750.0,0.0,9609250.0,156750.0,284500.0,2256250.0,0.19482341766686814,1971750.0,0.1702573180208963,0.0,1609250.0,0.13895604870045764,363000.0,1246250.0,0.10761160521543908,0.01445,0.013925,86312463,88655058,https://find-and-update.company-information.service.gov.uk/search/companies?q=Michelmersh+Brick+Holdings+PLC,https://find-and-update.company-information.service.gov.uk/search/companies?q=Michelmersh+Brick+Holdings+PLC,1620594797,17:13:17,20210509
6,2017-06-30,MBH.L,GBP,2017-06-30,2017-06-30,Q2,9466750.0,6112250.0,3354500.0,0.3543454723109832,0.0,1858750.0,0.0,12250.0,0.0,8230500.0,82250.0,259500.0,1495750.0,0.15800036971505532,1236250.0,0.13058863918451422,0.0,834750.0,0.08817704069506431,281750.0,553000.0,0.05841497874138432,0.0066,0.0065,83913140,85051210,https://find-and-update.company-information.service.gov.uk/search/companies?q=Michelmersh+Brick+Holdings+PLC,https://find-and-update.company-information.service.gov.uk/search/companies?q=Michelmersh+Brick+Holdings+PLC,1620594797,17:13:17,20210509
7,2017-03-31,MBH.L,GBP,2017-03-31,2017-03-31,Q1,9466750.0,6112250.0,3354500.0,0.3543454723109832,0.0,1858750.0,0.0,12250.0,0.0,8230500.0,82250.0,259500.0,1495750.0,0.15800036971505532,1236250.0,0.13058863918451422,0.0,834750.0,0.08817704069506431,281750.0,553000.0,0.05841497874138432,0.0066,0.0065,83913140,85051210,https://find-and-update.company-information.service.gov.uk/search/companies?q=Michelmersh+Brick+Holdings+PLC,https://find-and-update.company-information.service.gov.uk/search/companies?q=Michelmersh+Brick+Holdings+PLC,1620594797,17:13:17,20210509
8,2017-01-31,MBH.L,GBP,2017-01-31,2017-01-31,Q1,9466750.0,6112250.0,3354500.0,0.3543454723109832,0.0,1858750.0,0.0,12250.0,0.0,8230500.0,82250.0,259500.0,1495750.0,0.15800036971505532,1236250.0,0.13058863918451422,0.0,834750.0,0.08817704069506431,281750.0,553000.0,0.05841497874138432,0.0066,0.0065,83913140,85051210,https://find-and-update.company-information.service.gov.uk/search/companies?q=Michelmersh+Brick+Holdings+PLC,https://find-and-update.company-information.service.gov.uk/search/companies?q=Michelmersh+Brick+Holdings+PLC,1620594797,17:13:17,20210509
9,2016-06-30,MBH.L,GBP,2016-06-30,2016-06-30,Q2,7514250.0,4927250.0,2587000.0,0.3442792028479223,0.0,1458250.0,0.0,7000.0,0.0,6385500.0,0.0,266500.0,1395250.0,0.18568054030675052,1128750.0,0.15021459227467812,0.0,1142250.0,0.15201117876035533,252500.0,889750.0,0.11840835745417042,0.01095,0.0109,81259280,81638385,https://find-and-update.company-information.service.gov.uk/search/companies?q=Michelmersh+Brick+Holdings+PLC,https://find-and-update.company-information.service.gov.uk/search/companies?q=Michelmersh+Brick+Holdings+PLC,1620594797,17:13:17,20210509
10,2016-03-31,MBH.L,GBP,2016-03-31,2016-03-31,Q1,7514250.0,4927250.0,2587000.0,0.3442792028479223,0.0,1458250.0,0.0,7000.0,0.0,6385500.0,0.0,266500.0,1395250.0,0.18568054030675052,1128750.0,0.15021459227467812,0.0,1142250.0,0.15201117876035533,252500.0,889750.0,0.11840835745417042,0.01095,0.0109,81259280,81638385,https://find-and-update.company-information.service.gov.uk/search/companies?q=Michelmersh+Brick+Holdings+PLC,https://find-and-update.company-information.service.gov.uk/search/companies?q=Michelmersh+Brick+Holdings+PLC,1620594797,17:13:17,20210509
11,2016-01-31,MBH.L,GBP,2016-01-31,2016-01-31,Q1,7514250.0,4927250.0,2587000.0,0.3442792028479223,0.0,1458250.0,0.0,7000.0,0.0,6385500.0,0.0,266500.0,1395250.0,0.18568054030675052,1128750.0,0.15021459227467812,0.0,1142250.0,0.15201117876035533,252500.0,889750.0,0.11840835745417042,0.01095,0.0109,81259280,81638385,https://find-and-update.company-information.service.gov.uk/search/companies?q=Michelmersh+Brick+Holdings+PLC,https://find-and-update.company-information.service.gov.uk/search/companies?q=Michelmersh+Brick+Holdings+PLC,1620594797,17:13:17,20210509
12,2015-09-30,MBH.L,GBP,2015-09-30,2015-09-30,Q3,7267750.0,4490250.0,2777500.0,0.382167796085446,0.0,1617000.0,0.0,14500.0,0.0,6106500.0,20750.0,294250.0,1455500.0,0.20026830862371436,1161250.0,0.1597812252760483,0.0,1139250.0,0.15675415362388634,237750.0,901500.0,0.1240411406556362,0.0111,0.01105,81234656,81624397,https://find-and-update.company-information.service.gov.uk/search/companies?q=Michelmersh+Brick+Holdings+PLC,https://find-and-update.company-information.service.gov.uk/search/companies?q=Michelmersh+Brick+Holdings+PLC,1620594797,17:13:17,20210509
13,2015-06-30,MBH.L,GBP,2015-06-30,2015-06-30,Q2,7267750.0,4490250.0,2777500.0,0.382167796085446,0.0,1617000.0,0.0,14500.0,0.0,6106500.0,20750.0,294250.0,1455500.0,0.20026830862371436,1161250.0,0.1597812252760483,0.0,1139250.0,0.15675415362388634,237750.0,901500.0,0.1240411406556362,0.0111,0.01105,81234656,81624397,https://find-and-update.company-information.service.gov.uk/search/companies?q=Michelmersh+Brick+Holdings+PLC,https://find-and-update.company-information.service.gov.uk/search/companies?q=Michelmersh+Brick+Holdings+PLC,1620594797,17:13:17,20210509
14,2015-03-31,MBH.L,GBP,2015-03-31,2015-03-31,Q1,7267750.0,4490250.0,2777500.0,0.382167796085446,0.0,1617000.0,0.0,14500.0,0.0,6106500.0,20750.0,294250.0,1455500.0,0.20026830862371436,1161250.0,0.1597812252760483,0.0,1139250.0,0.15675415362388634,237750.0,901500.0,0.1240411406556362,0.0111,0.01105,81234656,81624397,https://find-and-update.company-information.service.gov.uk/search/companies?q=Michelmersh+Brick+Holdings+PLC,https://find-and-update.company-information.service.gov.uk/search/companies?q=Michelmersh+Brick+Holdings+PLC,1620594797,17:13:17,20210509
15,2015-01-31,MBH.L,GBP,2015-01-31,2015-01-31,Q1,7267750.0,4490250.0,2777500.0,0.382167796085446,0.0,1617000.0,0.0,14500.0,0.0,6106500.0,20750.0,294250.0,1455500.0,0.20026830862371436,1161250.0,0.1597812252760483,0.0,1139250.0,0.15675415362388634,237750.0,901500.0,0.1240411406556362,0.0111,0.01105,81234656,81624397,https://find-and-update.company-information.service.gov.uk/search/companies?q=Michelmersh+Brick+Holdings+PLC,https://find-and-update.company-information.service.gov.uk/search/companies?q=Michelmersh+Brick+Holdings+PLC,1620594797,17:13:17,20210509
16,2014-09-30,MBH.L,GBP,2014-09-30,2014-09-30,Q3,7119000.0,4937500.0,2181500.0,0.30643348784941704,0.0,1486500.0,0.0,26000.0,0.0,6414000.0,88750.0,243750.0,948750.0,0.1332701222081753,705000.0,0.09903076274757691,0.0,650500.0,0.09137519314510464,100250.0,550250.0,0.07729315915156623,0.0068048644250258096,0.0067886933839781585,80861273,81053889,https://find-and-update.company-information.service.gov.uk/search/companies?q=Michelmersh+Brick+Holdings+PLC,https://find-and-update.company-information.service.gov.uk/search/companies?q=Michelmersh+Brick+Holdings+PLC,1620594797,17:13:17,20210509
17,2014-06-30,MBH.L,GBP,2014-06-30,2014-06-30,Q2,7119000.0,4937500.0,2181500.0,0.30643348784941704,0.0,1486500.0,0.0,26000.0,0.0,6414000.0,88750.0,243750.0,948750.0,0.1332701222081753,705000.0,0.09903076274757691,0.0,650500.0,0.09137519314510464,100250.0,550250.0,0.07729315915156623,0.0068048644250258096,0.0067886933839781585,80861273,81053889,https://find-and-update.company-information.service.gov.uk/search/companies?q=Michelmersh+Brick+Holdings+PLC,https://find-and-update.company-information.service.gov.uk/search/companies?q=Michelmersh+Brick+Holdings+PLC,1620594797,17:13:17,20210509
18,2014-03-31,MBH.L,GBP,2014-03-31,2014-03-31,Q1,7119000.0,4937500.0,2181500.0,0.30643348784941704,0.0,1486500.0,0.0,26000.0,0.0,6414000.0,88750.0,243750.0,948750.0,0.1332701222081753,705000.0,0.09903076274757691,0.0,650500.0,0.09137519314510464,100250.0,550250.0,0.07729315915156623,0.0068048644250258096,0.0067886933839781585,80861273,81053889,https://find-and-update.company-information.service.gov.uk/search/companies?q=Michelmersh+Brick+Holdings+PLC,https://find-and-update.company-information.service.gov.uk/search/companies?q=Michelmersh+Brick+Holdings+PLC,1620594797,17:13:17,20210509
19,2014-01-31,MBH.L,GBP,2014-01-31,2014-01-31,Q1,7119000.0,4937500.0,2181500.0,0.30643348784941704,0.0,1486500.0,0.0,26000.0,0.0,6414000.0,88750.0,243750.0,948750.0,0.1332701222081753,705000.0,0.09903076274757691,0.0,650500.0,0.09137519314510464,100250.0,550250.0,0.07729315915156623,0.0068048644250258096,0.0067886933839781585,80861273,81053889,https://find-and-update.company-information.service.gov.uk/search/companies?q=Michelmersh+Brick+Holdings+PLC,https://find-and-update.company-information.service.gov.uk/search/companies?q=Michelmersh+Brick+Holdings+PLC,1620594797,17:13:17,20210509
20,2013-09-30,MBH.L,GBP,2013-09-30,2013-09-30,Q3,6482250.0,4801250.0,1681000.0,0.2593235373519997,0.0,1414000.0,0.0,14000.0,0.0,6215250.0,232000.0,229500.0,496500.0,0.07659377530949901,267000.0,0.041189401828068954,0.0,101750.0,0.015696710247213544,75500.0,-387000.0,-0.05970149253731343,-0.00655,-0.00655,59098895,59098895,https://find-and-update.company-information.service.gov.uk/search/companies?q=Michelmersh+Brick+Holdings+PLC,https://find-and-update.company-information.service.gov.uk/search/companies?q=Michelmersh+Brick+Holdings+PLC,1620594797,17:13:17,20210509
21,2013-06-30,MBH.L,GBP,2013-06-30,2013-06-30,Q2,6482250.0,4801250.0,1681000.0,0.2593235373519997,0.0,1414000.0,0.0,14000.0,0.0,6215250.0,232000.0,229500.0,496500.0,0.07659377530949901,267000.0,0.041189401828068954,0.0,101750.0,0.015696710247213544,75500.0,-387000.0,-0.05970149253731343,-0.00655,-0.00655,59098895,59098895,https://find-and-update.company-information.service.gov.uk/search/companies?q=Michelmersh+Brick+Holdings+PLC,https://find-and-update.company-information.service.gov.uk/search/companies?q=Michelmersh+Brick+Holdings+PLC,1620594797,17:13:17,20210509
22,2013-03-31,MBH.L,GBP,2013-03-31,2013-03-31,Q1,6482250.0,4801250.0,1681000.0,0.2593235373519997,0.0,1414000.0,0.0,14000.0,0.0,6215250.0,232000.0,229500.0,496500.0,0.07659377530949901,267000.0,0.041189401828068954,0.0,101750.0,0.015696710247213544,75500.0,-387000.0,-0.05970149253731343,-0.00655,-0.00655,59098895,59098895,https://find-and-update.company-information.service.gov.uk/search/companies?q=Michelmersh+Brick+Holdings+PLC,https://find-and-update.company-information.service.gov.uk/search/companies?q=Michelmersh+Brick+Holdings+PLC,1620594797,17:13:17,20210509
23,2013-01-31,MBH.L,GBP,2013-01-31,2013-01-31,Q1,6482250.0,4801250.0,1681000.0,0.2593235373519997,0.0,1414000.0,0.0,14000.0,0.0,6215250.0,232000.0,229500.0,496500.0,0.07659377530949901,267000.0,0.041189401828068954,0.0,101750.0,0.015696710247213544,75500.0,-387000.0,-0.05970149253731343,-0.00655,-0.00655,59098895,59098895,https://find-and-update.company-information.service.gov.uk/search/companies?q=Michelmersh+Brick+Holdings+PLC,https://find-and-update.company-information.service.gov.uk/search/companies?q=Michelmersh+Brick+Holdings+PLC,1620594797,17:13:17,20210509
24,2012-09-30,MBH.L,GBP,2012-09-30,2012-09-30,Q3,6127500.0,4537000.0,1590500.0,0.2595675234598123,0.0,1432000.0,0.0,14500.0,0.0,5882750.0,234250.0,255000.0,499750.0,0.08155854753161974,244750.0,0.03994288045695635,0.0,12750.0,0.00208078335373317,10500.0,2250.0,0.0003671970624235006,5e-05,5e-05,58227154,58227154,https://find-and-update.company-information.service.gov.uk/search/companies?q=Michelmersh+Brick+Holdings+PLC,https://find-and-update.company-information.service.gov.uk/search/companies?q=Michelmersh+Brick+Holdings+PLC,1620594797,17:13:17,20210509
25,2012-06-30,MBH.L,GBP,2012-06-30,2012-06-30,Q2,6127500.0,4537000.0,1590500.0,0.2595675234598123,0.0,1432000.0,0.0,14500.0,0.0,5882750.0,234250.0,255000.0,499750.0,0.08155854753161974,244750.0,0.03994288045695635,0.0,12750.0,0.00208078335373317,10500.0,2250.0,0.0003671970624235006,5e-05,5e-05,58227154,58227154,https://find-and-update.company-information.service.gov.uk/search/companies?q=Michelmersh+Brick+Holdings+PLC,https://find-and-update.company-information.service.gov.uk/search/companies?q=Michelmersh+Brick+Holdings+PLC,1620594797,17:13:17,20210509
26,2012-03-31,MBH.L,GBP,2012-03-31,2012-03-31,Q1,6127500.0,4537000.0,1590500.0,0.2595675234598123,0.0,1432000.0,0.0,14500.0,0.0,5882750.0,234250.0,255000.0,499750.0,0.08155854753161974,244750.0,0.03994288045695635,0.0,12750.0,0.00208078335373317,10500.0,2250.0,0.0003671970624235006,5e-05,5e-05,58227154,58227154,https://find-and-update.company-information.service.gov.uk/search/companies?q=Michelmersh+Brick+Holdings+PLC,https://find-and-update.company-information.service.gov.uk/search/companies?q=Michelmersh+Brick+Holdings+PLC,1620594797,17:13:17,20210509
27,2012-01-31,MBH.L,GBP,2012-01-31,2012-01-31,Q1,6127500.0,4537000.0,1590500.0,0.2595675234598123,0.0,1432000.0,0.0,14500.0,0.0,5882750.0,234250.0,255000.0,499750.0,0.08155854753161974,244750.0,0.03994288045695635,0.0,12750.0,0.00208078335373317,10500.0,2250.0,0.0003671970624235006,5e-05,5e-05,58227154,58227154,https://find-and-update.company-information.service.gov.uk/search/companies?q=Michelmersh+Brick+Holdings+PLC,https://find-and-update.company-information.service.gov.uk/search/companies?q=Michelmersh+Brick+Holdings+PLC,1620594797,17:13:17,20210509
28,2011-09-30,MBH.L,GBP,2011-09-30,2011-09-30,Q3,6067000.0,4251500.0,1815500.0,0.29924179990110433,0.0,1589000.0,0.0,5750.0,954500.0,5744750.0,201250.0,383250.0,705500.0,0.11628481951541124,322250.0,0.05311521344981045,0.0,132500.0,0.021839459370364266,-245500.0,378000.0,0.062304268996209,0.0065,0.006475,58194000,58427000,https://find-and-update.company-information.service.gov.uk/search/companies?q=Michelmersh+Brick+Holdings+PLC,https://find-and-update.company-information.service.gov.uk/search/companies?q=Michelmersh+Brick+Holdings+PLC,1620594797,17:13:17,20210509
29,2011-06-30,MBH.L,GBP,2011-06-30,2011-06-30,Q2,6067000.0,4251500.0,1815500.0,0.29924179990110433,0.0,1589000.0,0.0,5750.0,954500.0,5744750.0,201250.0,383250.0,705500.0,0.11628481951541124,322250.0,0.05311521344981045,0.0,132500.0,0.021839459370364266,-245500.0,378000.0,0.062304268996209,0.0065,0.006475,58194000,58427000,https://find-and-update.company-information.service.gov.uk/search/companies?q=Michelmersh+Brick+Holdings+PLC,https://find-and-update.company-information.service.gov.uk/search/companies?q=Michelmersh+Brick+Holdings+PLC,1620594797,17:13:17,20210509
30,2011-03-31,MBH.L,GBP,2011-03-31,2011-03-31,Q1,6067000.0,4251500.0,1815500.0,0.29924179990110433,0.0,1589000.0,0.0,5750.0,954500.0,5744750.0,201250.0,383250.0,705500.0,0.11628481951541124,322250.0,0.05311521344981045,0.0,132500.0,0.021839459370364266,-245500.0,378000.0,0.062304268996209,0.0065,0.006475,58194000,58427000,https://find-and-update.company-information.service.gov.uk/search/companies?q=Michelmersh+Brick+Holdings+PLC,https://find-and-update.company-information.service.gov.uk/search/companies?q=Michelmersh+Brick+Holdings+PLC,1620594797,17:13:17,20210509
31,2011-01-31,MBH.L,GBP,2011-01-31,2011-01-31,Q1,6067000.0,4251500.0,1815500.0,0.29924179990110433,0.0,1589000.0,0.0,5750.0,954500.0,5744750.0,201250.0,383250.0,705500.0,0.11628481951541124,322250.0,0.05311521344981045,0.0,132500.0,0.021839459370364266,-245500.0,378000.0,0.062304268996209,0.0065,0.006475,58194000,58427000,https://find-and-update.company-information.service.gov.uk/search/companies?q=Michelmersh+Brick+Holdings+PLC,https://find-and-update.company-information.service.gov.uk/search/companies?q=Michelmersh+Brick+Holdings+PLC,1620594797,17:13:17,20210509
32,2010-09-30,MBH.L,GBP,2010-09-30,2010-09-30,Q3,5835000.0,6019000.0,-184000.0,-0.031533847472150815,0.0,1477750.0,0.0,6250.0,-618250.0,5916500.0,203750.0,410750.0,329250.0,0.056426735218508994,-81500.0,-0.013967437874892888,0.0,-1932750.0,-0.3312339331619537,-614500.0,-1318250.0,-0.22592116538131962,-0.02455,-0.02455,53679077,53679077,https://find-and-update.company-information.service.gov.uk/search/companies?q=Michelmersh+Brick+Holdings+PLC,https://find-and-update.company-information.service.gov.uk/search/companies?q=Michelmersh+Brick+Holdings+PLC,1620594797,17:13:17,20210509
33,2010-06-30,MBH.L,GBP,2010-06-30,2010-06-30,Q2,5835000.0,6019000.0,-184000.0,-0.031533847472150815,0.0,1477750.0,0.0,6250.0,-618250.0,5916500.0,203750.0,410750.0,329250.0,0.056426735218508994,-81500.0,-0.013967437874892888,0.0,-1932750.0,-0.3312339331619537,-614500.0,-1318250.0,-0.22592116538131962,-0.02455,-0.02455,53679077,53679077,https://find-and-update.company-information.service.gov.uk/search/companies?q=Michelmersh+Brick+Holdings+PLC,https://find-and-update.company-information.service.gov.uk/search/companies?q=Michelmersh+Brick+Holdings+PLC,1620594797,17:13:17,20210509
34,2010-03-31,MBH.L,GBP,2010-03-31,2010-03-31,Q1,5835000.0,6019000.0,-184000.0,-0.031533847472150815,0.0,1477750.0,0.0,6250.0,-618250.0,5916500.0,203750.0,410750.0,329250.0,0.056426735218508994,-81500.0,-0.013967437874892888,0.0,-1932750.0,-0.3312339331619537,-614500.0,-1318250.0,-0.22592116538131962,-0.02455,-0.02455,53679077,53679077,https://find-and-update.company-information.service.gov.uk/search/companies?q=Michelmersh+Brick+Holdings+PLC,https://find-and-update.company-information.service.gov.uk/search/companies?q=Michelmersh+Brick+Holdings+PLC,1620594797,17:13:17,20210509
35,2010-01-31,MBH.L,GBP,2010-01-31,2010-01-31,Q1,5835000.0,6019000.0,-184000.0,-0.031533847472150815,0.0,1477750.0,0.0,6250.0,-618250.0,5916500.0,203750.0,410750.0,329250.0,0.056426735218508994,-81500.0,-0.013967437874892888,0.0,-1932750.0,-0.3312339331619537,-614500.0,-1318250.0,-0.22592116538131962,-0.02455,-0.02455,53679077,53679077,https://find-and-update.company-information.service.gov.uk/search/companies?q=Michelmersh+Brick+Holdings+PLC,https://find-and-update.company-information.service.gov.uk/search/companies?q=Michelmersh+Brick+Holdings+PLC,1620594797,17:13:17,20210509
36,2009-09-30,MBH.L,GBP,2009-09-30,2009-09-30,Q3,4462500.0,3308000.0,1154500.0,0.2587114845938375,0.0,1289000.0,0.0,10250.0,841500.0,4599500.0,155500.0,406750.0,269750.0,0.06044817927170868,-137000.0,-0.030700280112044818,0.0,-249000.0,-0.05579831932773109,-50500.0,-198500.0,-0.044481792717086834,-0.0049,-0.0049,40409779,40409779,https://find-and-update.company-information.service.gov.uk/search/companies?q=Michelmersh+Brick+Holdings+PLC,https://find-and-update.company-information.service.gov.uk/search/companies?q=Michelmersh+Brick+Holdings+PLC,1620594797,17:13:17,20210509
37,2009-06-30,MBH.L,GBP,2009-06-30,2009-06-30,Q2,4462500.0,3308000.0,1154500.0,0.2587114845938375,0.0,1289000.0,0.0,10250.0,841500.0,4599500.0,155500.0,406750.0,269750.0,0.06044817927170868,-137000.0,-0.030700280112044818,0.0,-249000.0,-0.05579831932773109,-50500.0,-198500.0,-0.044481792717086834,-0.0049,-0.0049,40409779,40409779,https://find-and-update.company-information.service.gov.uk/search/companies?q=Michelmersh+Brick+Holdings+PLC,https://find-and-update.company-information.service.gov.uk/search/companies?q=Michelmersh+Brick+Holdings+PLC,1620594797,17:13:17,20210509
38,2009-03-31,MBH.L,GBP,2009-03-31,2009-03-31,Q1,4462500.0,3308000.0,1154500.0,0.2587114845938375,0.0,1289000.0,0.0,10250.0,841500.0,4599500.0,155500.0,406750.0,269750.0,0.06044817927170868,-137000.0,-0.030700280112044818,0.0,-249000.0,-0.05579831932773109,-50500.0,-198500.0,-0.044481792717086834,-0.0049,-0.0049,40409779,40409779,https://find-and-update.company-information.service.gov.uk/search/companies?q=Michelmersh+Brick+Holdings+PLC,https://find-and-update.company-information.service.gov.uk/search/companies?q=Michelmersh+Brick+Holdings+PLC,1620594797,17:13:17,20210509
39,2009-01-31,MBH.L,GBP,2009-01-31,2009-01-31,Q1,4462500.0,3308000.0,1154500.0,0.2587114845938375,0.0,1289000.0,0.0,10250.0,841500.0,4599500.0,155500.0,406750.0,269750.0,0.06044817927170868,-137000.0,-0.030700280112044818,0.0,-249000.0,-0.05579831932773109,-50500.0,-198500.0,-0.044481792717086834,-0.0049,-0.0049,40409779,40409779,https://find-and-update.company-information.service.gov.uk/search/companies?q=Michelmersh+Brick+Holdings+PLC,https://find-and-update.company-information.service.gov.uk/search/companies?q=Michelmersh+Brick+Holdings+PLC,1620594797,17:13:17,20210509
40,2008-09-30,MBH.L,GBP,2008-09-30,2008-09-30,Q3,6061250.0,5082250.0,979000.0,0.161517838729635,0.0,1166750.0,0.0,19500.0,1021250.0,6568750.0,263250.0,420000.0,-87500.0,-0.014435966178593525,-507500.0,-0.08372860383584244,0.0,-717500.0,-0.1183749226644669,-71500.0,-646000.0,-0.10657867601567333,-0.016,-0.016,40397377,40397377,https://find-and-update.company-information.service.gov.uk/search/companies?q=Michelmersh+Brick+Holdings+PLC,https://find-and-update.company-information.service.gov.uk/search/companies?q=Michelmersh+Brick+Holdings+PLC,1620594797,17:13:17,20210509
41,2008-06-30,MBH.L,GBP,2008-06-30,2008-06-30,Q2,6061250.0,5082250.0,979000.0,0.161517838729635,0.0,1166750.0,0.0,19500.0,1021250.0,6568750.0,263250.0,420000.0,-87500.0,-0.014435966178593525,-507500.0,-0.08372860383584244,0.0,-717500.0,-0.1183749226644669,-71500.0,-646000.0,-0.10657867601567333,-0.016,-0.016,40397377,40397377,https://find-and-update.company-information.service.gov.uk/search/companies?q=Michelmersh+Brick+Holdings+PLC,https://find-and-update.company-information.service.gov.uk/search/companies?q=Michelmersh+Brick+Holdings+PLC,1620594797,17:13:17,20210509
42,2008-03-31,MBH.L,GBP,2008-03-31,2008-03-31,Q1,6061250.0,5082250.0,979000.0,0.161517838729635,0.0,1166750.0,0.0,19500.0,1021250.0,6568750.0,263250.0,420000.0,-87500.0,-0.014435966178593525,-507500.0,-0.08372860383584244,0.0,-717500.0,-0.1183749226644669,-71500.0,-646000.0,-0.10657867601567333,-0.016,-0.016,40397377,40397377,https://find-and-update.company-information.service.gov.uk/search/companies?q=Michelmersh+Brick+Holdings+PLC,https://find-and-update.company-information.service.gov.uk/search/companies?q=Michelmersh+Brick+Holdings+PLC,1620594797,17:13:17,20210509
43,2008-01-31,MBH.L,GBP,2008-01-31,2008-01-31,Q1,6061250.0,5082250.0,979000.0,0.161517838729635,0.0,1166750.0,0.0,19500.0,1021250.0,6568750.0,263250.0,420000.0,-87500.0,-0.014435966178593525,-507500.0,-0.08372860383584244,0.0,-717500.0,-0.1183749226644669,-71500.0,-646000.0,-0.10657867601567333,-0.016,-0.016,40397377,40397377,https://find-and-update.company-information.service.gov.uk/search/companies?q=Michelmersh+Brick+Holdings+PLC,https://find-and-update.company-information.service.gov.uk/search/companies?q=Michelmersh+Brick+Holdings+PLC,1620594797,17:13:17,20210509
44,2007-09-30,MBH.L,GBP,2007-09-30,2007-09-30,Q3,6002000.0,4600250.0,1401750.0,0.23354715094968345,0.0,1420000.0,0.0,16000.0,1136000.0,6160000.0,451750.0,373250.0,215250.0,0.035863045651449516,-158000.0,-0.026324558480506497,0.0,63500.0,0.010579806731089637,106250.0,-42750.0,-0.007122625791402866,-0.0011,-0.0011,39060116,39060116,https://find-and-update.company-information.service.gov.uk/search/companies?q=Michelmersh+Brick+Holdings+PLC,https://find-and-update.company-information.service.gov.uk/search/companies?q=Michelmersh+Brick+Holdings+PLC,1620594797,17:13:17,20210509
45,2007-06-30,MBH.L,GBP,2007-06-30,2007-06-30,Q2,6002000.0,4600250.0,1401750.0,0.23354715094968345,0.0,1420000.0,0.0,16000.0,1136000.0,6160000.0,451750.0,373250.0,215250.0,0.035863045651449516,-158000.0,-0.026324558480506497,0.0,63500.0,0.010579806731089637,106250.0,-42750.0,-0.007122625791402866,-0.0011,-0.0011,39060116,39060116,https://find-and-update.company-information.service.gov.uk/search/companies?q=Michelmersh+Brick+Holdings+PLC,https://find-and-update.company-information.service.gov.uk/search/companies?q=Michelmersh+Brick+Holdings+PLC,1620594797,17:13:17,20210509
46,2007-03-31,MBH.L,GBP,2007-03-31,2007-03-31,Q1,6002000.0,4600250.0,1401750.0,0.23354715094968345,0.0,1420000.0,0.0,16000.0,1136000.0,6160000.0,451750.0,373250.0,215250.0,0.035863045651449516,-158000.0,-0.026324558480506497,0.0,63500.0,0.010579806731089637,106250.0,-42750.0,-0.007122625791402866,-0.0011,-0.0011,39060116,39060116,https://find-and-update.company-information.service.gov.uk/search/companies?q=Michelmersh+Brick+Holdings+PLC,https://find-and-update.company-information.service.gov.uk/search/companies?q=Michelmersh+Brick+Holdings+PLC,1620594797,17:13:17,20210509
47,2007-01-31,MBH.L,GBP,2007-01-31,2007-01-31,Q1,6002000.0,4600250.0,1401750.0,0.23354715094968345,0.0,1420000.0,0.0,16000.0,1136000.0,6160000.0,451750.0,373250.0,215250.0,0.035863045651449516,-158000.0,-0.026324558480506497,0.0,63500.0,0.010579806731089637,106250.0,-42750.0,-0.007122625791402866,-0.0011,-0.0011,39060116,39060116,https://find-and-update.company-information.service.gov.uk/search/companies?q=Michelmersh+Brick+Holdings+PLC,https://find-and-update.company-information.service.gov.uk/search/companies?q=Michelmersh+Brick+Holdings+PLC,1620594797,17:13:17,20210509
48,2006-09-30,MBH.L,GBP,2006-09-30,2006-09-30,Q3,5274250.0,3915500.0,1358750.0,0.25761956676304687,0.0,1201000.0,0.0,11750.0,735000.0,5062750.0,250250.0,366500.0,578000.0,0.1095890410958904,211500.0,0.040100488221074086,0.0,-15250.0,-0.0028914063610939946,-3750.0,-11500.0,-0.002180404796890553,-0.0003024894407512091,-0.0002914656155858982,38017856,39455769,https://find-and-update.company-information.service.gov.uk/search/companies?q=Michelmersh+Brick+Holdings+PLC,https://find-and-update.company-information.service.gov.uk/search/companies?q=Michelmersh+Brick+Holdings+PLC,1620594797,17:13:17,20210509
49,2006-06-30,MBH.L,GBP,2006-06-30,2006-06-30,Q2,5274250.0,3915500.0,1358750.0,0.25761956676304687,0.0,1201000.0,0.0,11750.0,735000.0,5062750.0,250250.0,366500.0,578000.0,0.1095890410958904,211500.0,0.040100488221074086,0.0,-15250.0,-0.0028914063610939946,-3750.0,-11500.0,-0.002180404796890553,-0.0003024894407512091,-0.0002914656155858982,38017856,39455769,https://find-and-update.company-information.service.gov.uk/search/companies?q=Michelmersh+Brick+Holdings+PLC,https://find-and-update.company-information.service.gov.uk/search/companies?q=Michelmersh+Brick+Holdings+PLC,1620594797,17:13:17,20210509
50,2006-03-31,MBH.L,GBP,2006-03-31,2006-03-31,Q1,5274250.0,3915500.0,1358750.0,0.25761956676304687,0.0,1201000.0,0.0,11750.0,735000.0,5062750.0,250250.0,366500.0,578000.0,0.1095890410958904,211500.0,0.040100488221074086,0.0,-15250.0,-0.0028914063610939946,-3750.0,-11500.0,-0.002180404796890553,-0.0003024894407512091,-0.0002914656155858982,38017856,39455769,https://find-and-update.company-information.service.gov.uk/search/companies?q=Michelmersh+Brick+Holdings+PLC,https://find-and-update.company-information.service.gov.uk/search/companies?q=Michelmersh+Brick+Holdings+PLC,1620594797,17:13:17,20210509
51,2006-01-31,MBH.L,GBP,2006-01-31,2006-01-31,Q1,5274250.0,3915500.0,1358750.0,0.25761956676304687,0.0,1201000.0,0.0,11750.0,735000.0,5062750.0,250250.0,366500.0,578000.0,0.1095890410958904,211500.0,0.040100488221074086,0.0,-15250.0,-0.0028914063610939946,-3750.0,-11500.0,-0.002180404796890553,-0.0003024894407512091,-0.0002914656155858982,38017856,39455769,https://find-and-update.company-information.service.gov.uk/search/companies?q=Michelmersh+Brick+Holdings+PLC,https://find-and-update.company-information.service.gov.uk/search/companies?q=Michelmersh+Brick+Holdings+PLC,1620594797,17:13:17,20210509
52,2005-09-30,MBH.L,GBP,2005-09-30,2005-09-30,Q3,5273500.0,3760500.0,1513000.0,0.2869062292595051,0.0,1262000.0,0.0,0.0,-122750.0,4899750.0,248250.0,0.0,373750.0,14.109698996655519,373750.0,0.07087323409500332,0.0,125500.0,0.023798236465345596,33750.0,91750.0,0.017398312316298473,0.0025,0.0025,38017856,38017856,https://find-and-update.company-information.service.gov.uk/search/companies?q=Michelmersh+Brick+Holdings+PLC,https://find-and-update.company-information.service.gov.uk/search/companies?q=Michelmersh+Brick+Holdings+PLC,1620594797,17:13:17,20210509
53,2005-06-30,MBH.L,GBP,2005-06-30,2005-06-30,Q2,5273500.0,3760500.0,1513000.0,0.2869062292595051,0.0,1262000.0,0.0,0.0,-122750.0,4899750.0,248250.0,0.0,373750.0,14.109698996655519,373750.0,0.07087323409500332,0.0,125500.0,0.023798236465345596,33750.0,91750.0,0.017398312316298473,0.0025,0.0025,38017856,38017856,https://find-and-update.company-information.service.gov.uk/search/companies?q=Michelmersh+Brick+Holdings+PLC,https://find-and-update.company-information.service.gov.uk/search/companies?q=Michelmersh+Brick+Holdings+PLC,1620594797,17:13:17,20210509
54,2005-03-31,MBH.L,GBP,2005-03-31,2005-03-31,Q1,5273500.0,3760500.0,1513000.0,0.2869062292595051,0.0,1262000.0,0.0,0.0,-122750.0,4899750.0,248250.0,0.0,373750.0,14.109698996655519,373750.0,0.07087323409500332,0.0,125500.0,0.023798236465345596,33750.0,91750.0,0.017398312316298473,0.0025,0.0025,38017856,38017856,https://find-and-update.company-information.service.gov.uk/search/companies?q=Michelmersh+Brick+Holdings+PLC,https://find-and-update.company-information.service.gov.uk/search/companies?q=Michelmersh+Brick+Holdings+PLC,1620594797,17:13:17,20210509
55,2005-01-31,MBH.L,GBP,2005-01-31,2005-01-31,Q1,5273500.0,3760500.0,1513000.0,0.2869062292595051,0.0,1262000.0,0.0,0.0,-122750.0,4899750.0,248250.0,0.0,373750.0,14.109698996655519,373750.0,0.07087323409500332,0.0,125500.0,0.023798236465345596,33750.0,91750.0,0.017398312316298473,0.0025,0.0025,38017856,38017856,https://find-and-update.company-information.service.gov.uk/search/companies?q=Michelmersh+Brick+Holdings+PLC,https://find-and-update.company-information.service.gov.uk/search/companies?q=Michelmersh+Brick+Holdings+PLC,1620594797,17:13:17,20210509
56,2004-09-30,MBH.L,GBP,2004-09-30,2004-09-30,Q3,4604750.0,3178250.0,1426500.0,0.3097888050382757,0.0,996250.0,0.0,11250.0,708500.0,4162000.0,138500.0,231250.0,674000.0,0.1463705955806504,442750.0,0.0961507139366958,0.0,316250.0,0.06867908138335414,120000.0,196250.0,0.042619034692437156,0.006,0.006,32968005,32968005,https://find-and-update.company-information.service.gov.uk/search/companies?q=Michelmersh+Brick+Holdings+PLC,https://find-and-update.company-information.service.gov.uk/search/companies?q=Michelmersh+Brick+Holdings+PLC,1620594797,17:13:17,20210509
57,2004-06-30,MBH.L,GBP,2004-06-30,2004-06-30,Q2,4604750.0,3178250.0,1426500.0,0.3097888050382757,0.0,996250.0,0.0,11250.0,708500.0,4162000.0,138500.0,231250.0,674000.0,0.1463705955806504,442750.0,0.0961507139366958,0.0,316250.0,0.06867908138335414,120000.0,196250.0,0.042619034692437156,0.006,0.006,32968005,32968005,https://find-and-update.company-information.service.gov.uk/search/companies?q=Michelmersh+Brick+Holdings+PLC,https://find-and-update.company-information.service.gov.uk/search/companies?q=Michelmersh+Brick+Holdings+PLC,1620594797,17:13:17,20210509
58,2004-03-31,MBH.L,GBP,2004-03-31,2004-03-31,Q1,4604750.0,3178250.0,1426500.0,0.3097888050382757,0.0,996250.0,0.0,11250.0,708500.0,4162000.0,138500.0,231250.0,674000.0,0.1463705955806504,442750.0,0.0961507139366958,0.0,316250.0,0.06867908138335414,120000.0,196250.0,0.042619034692437156,0.006,0.006,32968005,32968005,https://find-and-update.company-information.service.gov.uk/search/companies?q=Michelmersh+Brick+Holdings+PLC,https://find-and-update.company-information.service.gov.uk/search/companies?q=Michelmersh+Brick+Holdings+PLC,1620594797,17:13:17,20210509
59,2004-01-31,MBH.L,GBP,2004-01-31,2004-01-31,Q1,4604750.0,3178250.0,1426500.0,0.3097888050382757,0.0,996250.0,0.0,11250.0,708500.0,4162000.0,138500.0,231250.0,674000.0,0.1463705955806504,442750.0,0.0961507139366958,0.0,316250.0,0.06867908138335414,120000.0,196250.0,0.042619034692437156,0.006,0.006,32968005,32968005,https://find-and-update.company-information.service.gov.uk/search/companies?q=Michelmersh+Brick+Holdings+PLC,https://find-and-update.company-information.service.gov.uk/search/companies?q=Michelmersh+Brick+Holdings+PLC,1620594797,17:13:17,20210509
60,2003-09-30,MBH.L,GBP,2003-09-30,2003-09-30,Q3,4717750.0,3250000.0,1467750.0,0.3111122886969424,0.0,0.0,0.0,16000.0,694250.0,4236000.0,133750.0,257000.0,738750.0,0.1565894759154258,481750.0,0.1021143553600763,0.0,960250.0,0.20353982300884957,122500.0,837750.0,0.17757405542896507,0.029,0.029,28339285,28339285,https://find-and-update.company-information.service.gov.uk/search/companies?q=Michelmersh+Brick+Holdings+PLC,https://find-and-update.company-information.service.gov.uk/search/companies?q=Michelmersh+Brick+Holdings+PLC,1620594797,17:13:17,20210509
61,2003-06-30,MBH.L,GBP,2003-06-30,2003-06-30,Q2,4717750.0,3250000.0,1467750.0,0.3111122886969424,0.0,0.0,0.0,16000.0,694250.0,4236000.0,133750.0,257000.0,738750.0,0.1565894759154258,481750.0,0.1021143553600763,0.0,960250.0,0.20353982300884957,122500.0,837750.0,0.17757405542896507,0.029,0.029,28339285,28339285,https://find-and-update.company-information.service.gov.uk/search/companies?q=Michelmersh+Brick+Holdings+PLC,https://find-and-update.company-information.service.gov.uk/search/companies?q=Michelmersh+Brick+Holdings+PLC,1620594797,17:13:17,20210509
62,2003-03-31,MBH.L,GBP,2003-03-31,2003-03-31,Q1,4717750.0,3250000.0,1467750.0,0.3111122886969424,0.0,0.0,0.0,16000.0,694250.0,4236000.0,133750.0,257000.0,738750.0,0.1565894759154258,481750.0,0.1021143553600763,0.0,960250.0,0.20353982300884957,122500.0,837750.0,0.17757405542896507,0.029,0.029,28339285,28339285,https://find-and-update.company-information.service.gov.uk/search/companies?q=Michelmersh+Brick+Holdings+PLC,https://find-and-update.company-information.service.gov.uk/search/companies?q=Michelmersh+Brick+Holdings+PLC,1620594797,17:13:17,20210509
63,2003-01-31,MBH.L,GBP,2003-01-31,2003-01-31,Q1,4717750.0,3250000.0,1467750.0,0.3111122886969424,0.0,0.0,0.0,16000.0,694250.0,4236000.0,133750.0,257000.0,738750.0,0.1565894759154258,481750.0,0.1021143553600763,0.0,960250.0,0.20353982300884957,122500.0,837750.0,0.17757405542896507,0.029,0.029,28339285,28339285,https://find-and-update.company-information.service.gov.uk/search/companies?q=Michelmersh+Brick+Holdings+PLC,https://find-and-update.company-information.service.gov.uk/search/companies?q=Michelmersh+Brick+Holdings+PLC,1620594797,17:13:17,20210509
64,2002-09-30,MBH.L,GBP,2002-09-30,2002-09-30,Q3,4166500.0,2940500.0,1226000.0,0.29425177007080283,0.0,0.0,0.0,2000.0,642500.0,3920750.0,141250.0,317250.0,563000.0,0.13512540501620066,245750.0,0.058982359294371775,0.0,294500.0,0.07068282731309253,53750.0,240750.0,0.0577823112924517,0.00625,0.00625,38018000,38018000,https://find-and-update.company-information.service.gov.uk/search/companies?q=Michelmersh+Brick+Holdings+PLC,https://find-and-update.company-information.service.gov.uk/search/companies?q=Michelmersh+Brick+Holdings+PLC,1620594797,17:13:17,20210509
65,2002-06-30,MBH.L,GBP,2002-06-30,2002-06-30,Q2,4166500.0,2940500.0,1226000.0,0.29425177007080283,0.0,0.0,0.0,2000.0,642500.0,3920750.0,141250.0,317250.0,563000.0,0.13512540501620066,245750.0,0.058982359294371775,0.0,294500.0,0.07068282731309253,53750.0,240750.0,0.0577823112924517,0.00625,0.00625,38018000,38018000,https://find-and-update.company-information.service.gov.uk/search/companies?q=Michelmersh+Brick+Holdings+PLC,https://find-and-update.company-information.service.gov.uk/search/companies?q=Michelmersh+Brick+Holdings+PLC,1620594797,17:13:17,20210509
66,2002-03-31,MBH.L,GBP,2002-03-31,2002-03-31,Q1,4166500.0,2940500.0,1226000.0,0.29425177007080283,0.0,0.0,0.0,2000.0,642500.0,3920750.0,141250.0,317250.0,563000.0,0.13512540501620066,245750.0,0.058982359294371775,0.0,294500.0,0.07068282731309253,53750.0,240750.0,0.0577823112924517,0.00625,0.00625,38018000,38018000,https://find-and-update.company-information.service.gov.uk/search/companies?q=Michelmersh+Brick+Holdings+PLC,https://find-and-update.company-information.service.gov.uk/search/companies?q=Michelmersh+Brick+Holdings+PLC,1620594797,17:13:17,20210509
67,2002-01-31,MBH.L,GBP,2002-01-31,2002-01-31,Q1,4166500.0,2940500.0,1226000.0,0.29425177007080283,0.0,0.0,0.0,2000.0,642500.0,3920750.0,141250.0,317250.0,563000.0,0.13512540501620066,245750.0,0.058982359294371775,0.0,294500.0,0.07068282731309253,53750.0,240750.0,0.0577823112924517,0.00625,0.00625,38018000,38018000,https://find-and-update.company-information.service.gov.uk/search/companies?q=Michelmersh+Brick+Holdings+PLC,https://find-and-update.company-information.service.gov.uk/search/companies?q=Michelmersh+Brick+Holdings+PLC,1620594797,17:13:17,20210509
68,2001-09-30,MBH.L,GBP,2001-09-30,2001-09-30,Q3,3879500.0,2987250.0,892250.0,0.22999097821884262,0.0,0.0,0.0,15750.0,326000.0,3614500.0,139500.0,283500.0,548500.0,0.14138419899471583,265000.0,0.06830777162005414,0.0,274750.0,0.07082098208532027,7500.0,267250.0,0.06888774326588477,0.007,0.007,38018000,38018000,https://find-and-update.company-information.service.gov.uk/search/companies?q=Michelmersh+Brick+Holdings+PLC,https://find-and-update.company-information.service.gov.uk/search/companies?q=Michelmersh+Brick+Holdings+PLC,1620594797,17:13:17,20210509
69,2001-06-30,MBH.L,GBP,2001-06-30,2001-06-30,Q2,3879500.0,2987250.0,892250.0,0.22999097821884262,0.0,0.0,0.0,15750.0,326000.0,3614500.0,139500.0,283500.0,548500.0,0.14138419899471583,265000.0,0.06830777162005414,0.0,274750.0,0.07082098208532027,7500.0,267250.0,0.06888774326588477,0.007,0.007,38018000,38018000,https://find-and-update.company-information.service.gov.uk/search/companies?q=Michelmersh+Brick+Holdings+PLC,https://find-and-update.company-information.service.gov.uk/search/companies?q=Michelmersh+Brick+Holdings+PLC,1620594797,17:13:17,20210509
70,2001-03-31,MBH.L,GBP,2001-03-31,2001-03-31,Q1,3879500.0,2987250.0,892250.0,0.22999097821884262,0.0,0.0,0.0,15750.0,326000.0,3614500.0,139500.0,283500.0,548500.0,0.14138419899471583,265000.0,0.06830777162005414,0.0,274750.0,0.07082098208532027,7500.0,267250.0,0.06888774326588477,0.007,0.007,38018000,38018000,https://find-and-update.company-information.service.gov.uk/search/companies?q=Michelmersh+Brick+Holdings+PLC,https://find-and-update.company-information.service.gov.uk/search/companies?q=Michelmersh+Brick+Holdings+PLC,1620594797,17:13:17,20210509
71,2001-01-31,MBH.L,GBP,2001-01-31,2001-01-31,Q1,3879500.0,2987250.0,892250.0,0.22999097821884262,0.0,0.0,0.0,15750.0,326000.0,3614500.0,139500.0,283500.0,548500.0,0.14138419899471583,265000.0,0.06830777162005414,0.0,274750.0,0.07082098208532027,7500.0,267250.0,0.06888774326588477,0.007,0.007,38018000,38018000,https://find-and-update.company-information.service.gov.uk/search/companies?q=Michelmersh+Brick+Holdings+PLC,https://find-and-update.company-information.service.gov.uk/search/companies?q=Michelmersh+Brick+Holdings+PLC,1620594797,17:13:17,20210509
