,date,symbol,reportedCurrency,fillingDate,acceptedDate,period,revenue,costOfRevenue,grossProfit,grossProfitRatio,researchAndDevelopmentExpenses,generalAndAdministrativeExpenses,sellingAndMarketingExpenses,otherExpenses,operatingExpenses,costAndExpenses,interestExpense,depreciationAndAmortization,ebitda,ebitdaratio,operatingIncome,operatingIncomeRatio,totalOtherIncomeExpensesNet,incomeBeforeTax,incomeBeforeTaxRatio,incomeTaxExpense,netIncome,netIncomeRatio,eps,epsdiluted,weightedAverageShsOut,weightedAverageShsOutDil,link,finalLink,timestamp,est_time,est_date
0,2020-12-31,FSS,USD,2021-02-25,2021-02-25 13:15:54,Q4,294800000,218900000.0,75900000.0,0.2574626865671642,0.0,158000000.0,0.0,1000000.0,40800000.0,259700000.0,1200000.0,11700000.0,46800000.0,0.1587516960651289,35100000.0,0.11906377204884667,-300000.0,33600000.0,0.11397557666214382,7600000.0,26100000.0,0.08853459972862958,0.43283582089552236,0.43283582089552236,60300000,60300000,https://www.sec.gov/Archives/edgar/data/277509/000027750921000005/0000277509-21-000005-index.htm,https://www.sec.gov/Archives/edgar/data/277509/000027750921000005/fss-20201231.htm,1620592285,16:31:25,20210509
1,2020-09-30,FSS,USD,2020-10-29,2020-10-29 12:43:41,Q3,279800000,207200000.0,72600000.0,0.2594710507505361,0.0,38000000.0,0.0,100000.0,38400000.0,245600000.0,1200000.0,11200000.0,45400000.0,0.16225875625446748,34200000.0,0.1222301644031451,-100000.0,32900000.0,0.11758398856325947,7600000.0,25300000.0,0.090421729807005,0.42,0.41,60300000,61300000,https://www.sec.gov/Archives/edgar/data/277509/000027750920000047/0000277509-20-000047-index.htm,https://www.sec.gov/Archives/edgar/data/277509/000027750920000047/fss-20200930.htm,1620592285,16:31:25,20210509
2,2020-06-30,FSS,USD,2020-07-29,2020-07-29 12:41:08,Q2,270100000,199800000.0,70300000.0,0.2602739726027397,0.0,0.0,0.0,-2000000.0,37400000.0,237200000.0,1800000.0,11100000.0,44000000.0,0.16290262865605332,32900000.0,0.12180673824509441,-3600000.0,27500000.0,0.10181414291003332,6100000.0,21400000.0,0.07922991484635321,0.36,0.35,60100000,61300000,https://www.sec.gov/Archives/edgar/data/277509/000027750920000043/0000277509-20-000043-index.htm,https://www.sec.gov/Archives/edgar/data/277509/000027750920000043/fss-20200630.htm,1620592285,16:31:25,20210509
3,2020-03-31,FSS,USD,2020-04-29 00:00:00,2020-04-29 12:27:15,Q1,286100000,211300000.0,74800000.0,0.2614470464872422,0.0,0.0,0.0,-200000.0,42200000.0,253500000.0,1500000.0,10800000.0,43400000.0,0.1516952114645229,32600000.0,0.11394617266689969,-500000.0,30600000.0,0.1069556099265991,7200000.0,23400000.0,0.08178958406151696,0.39,0.38,60500000,61700000,https://www.sec.gov/Archives/edgar/data/277509/000027750920000030/0000277509-20-000030-index.html,https://www.sec.gov/Archives/edgar/data/277509/000027750920000030/fss-2020331x10q.htm,1620592285,16:31:25,20210509
4,2019-12-31,FSS,USD,2020-02-27 00:00:00,2020-02-27 14:47:33,Q4,314400000,232900000.0,81500000.0,0.2592239185750636,0.0,0.0,0.0,-100000.0,44500000.0,277400000.0,1800000.0,11400000.0,48400000.0,0.15394402035623408,37000000.0,0.11768447837150127,-700000.0,34500000.0,0.10973282442748092,4800000.0,29800000.0,0.09478371501272265,0.4950166112956811,0.4950166112956811,60200000,60200000,https://www.sec.gov/Archives/edgar/data/277509/000027750920000006/0000277509-20-000006-index.html,https://www.sec.gov/Archives/edgar/data/277509/000027750920000006/fss10k20191231.htm,1620592285,16:31:25,20210509
5,2019-09-30,FSS,USD,2019-10-31 00:00:00,2019-10-31 11:36:24,Q3,308800000,226800000.0,82000000.0,0.2655440414507772,0.0,0.0,0.0,-200000.0,43000000.0,269800000.0,2100000.0,10800000.0,49800000.0,0.16126943005181346,39000000.0,0.12629533678756477,-600000.0,36300000.0,0.11755181347150259,7900000.0,28400000.0,0.09196891191709844,0.47,0.46,60200000,61400000,https://www.sec.gov/Archives/edgar/data/277509/000027750919000049/0000277509-19-000049-index.html,https://www.sec.gov/Archives/edgar/data/277509/000027750919000049/fss-2019930x10q.htm,1620592285,16:31:25,20210509
6,2019-06-30,FSS,USD,2019-07-31 00:00:00,2019-07-31 11:59:04,Q2,324300000,235300000.0,89000000.0,0.2744372494603762,0.0,0.0,0.0,100000.0,41800000.0,277100000.0,2000000.0,9800000.0,57000000.0,0.1757631822386679,47200000.0,0.14554424915201974,-800000.0,44400000.0,0.13691026827012026,11600000.0,32800000.0,0.101140918902251,0.55,0.54,60100000,61300000,https://www.sec.gov/Archives/edgar/data/277509/000027750919000039/0000277509-19-000039-index.html,https://www.sec.gov/Archives/edgar/data/277509/000027750919000039/fss-2019630x10q.htm,1620592285,16:31:25,20210509
7,2019-03-31,FSS,USD,2019-05-02 00:00:00,2019-05-02 12:12:24,Q1,273800000,203500000.0,70300000.0,0.25675675675675674,0.0,0.0,0.0,-400000.0,43900000.0,247400000.0,2000000.0,9500000.0,35900000.0,0.13111760409057707,26400000.0,0.09642074506939372,-1000000.0,23400000.0,0.08546384222059898,5900000.0,17500000.0,0.06391526661796933,0.2911813643926789,0.28594771241830064,60100000,61200000,https://www.sec.gov/Archives/edgar/data/277509/000027750919000023/0000277509-19-000023-index.html,https://www.sec.gov/Archives/edgar/data/277509/000027750919000023/fss-2019331x10q.htm,1620592285,16:31:25,20210509
8,2018-12-31,FSS,USD,2019-02-28 00:00:00,2019-02-28 15:01:21,Q4,279400000,207400000.0,72000000.0,0.25769506084466715,0.0,0.0,0.0,-100000.0,38400000.0,245800000.0,2100000.0,9400000.0,43000000.0,0.15390121689334288,33600000.0,0.12025769506084466,-300000.0,31200000.0,0.11166785969935576,-1000000.0,32500000.0,0.11632068718682892,0.5416666666666666,0.5416666666666666,60000000,60000000,https://www.sec.gov/Archives/edgar/data/277509/000027750919000008/0000277509-19-000008-index.html,https://www.sec.gov/Archives/edgar/data/277509/000027750919000008/fss10k20181231.htm,1620592285,16:31:25,20210509
9,2018-09-30,FSS,USD,2018-11-06 00:00:00,2018-11-06 11:06:32,Q3,269400000,200400000.0,69000000.0,0.2561247216035635,0.0,0.0,0.0,0.0,38200000.0,238600000.0,2200000.0,9400000.0,40200000.0,0.1492204899777283,30800000.0,0.11432813659985153,-400000.0,28200000.0,0.10467706013363029,6500000.0,21700000.0,0.08054936896807721,0.3616666666666667,0.35515548281505727,60000000,61100000,https://www.sec.gov/Archives/edgar/data/277509/000027750918000042/0000277509-18-000042-index.html,https://www.sec.gov/Archives/edgar/data/277509/000027750918000042/fss-2018930x10q.htm,1620592285,16:31:25,20210509
10,2018-06-30,FSS,USD,2018-08-07 00:00:00,2018-08-07 11:29:22,Q2,291000000,211800000.0,79200000.0,0.2721649484536082,0.0,40700000.0,0.0,-400000.0,40700000.0,252500000.0,2500000.0,9000000.0,47500000.0,0.16323024054982818,38500000.0,0.1323024054982818,-800000.0,35200000.0,0.12096219931271478,8300000.0,26900000.0,0.09243986254295533,0.45,0.44,59900000,61000000,https://www.sec.gov/Archives/edgar/data/277509/000027750918000036/0000277509-18-000036-index.html,https://www.sec.gov/Archives/edgar/data/277509/000027750918000036/fss-2018630x10q.htm,1620592285,16:31:25,20210509
11,2018-03-31,FSS,USD,2018-05-08 00:00:00,2018-05-08 11:49:33,Q1,249700000,187800000.0,61900000.0,0.24789747697236683,0.0,41800000.0,0.0,-100000.0,41800000.0,229600000.0,2500000.0,8600000.0,28700000.0,0.11493792551061273,20100000.0,0.08049659591509811,-600000.0,17000000.0,0.06808169803764517,4100000.0,12900000.0,0.051661994393271925,0.22,0.21,59800000,60800000,https://www.sec.gov/Archives/edgar/data/277509/000027750918000024/0000277509-18-000024-index.html,https://www.sec.gov/Archives/edgar/data/277509/000027750918000024/fss-2018331x10q.htm,1620592285,16:31:25,20210509
12,2017-12-31,FSS,USD,2018-02-28 00:00:00,2018-02-28 16:45:38,Q4,247600000,186000000.0,61600000.0,0.24878836833602586,0.0,0.0,0.0,200000.0,46100000.0,232100000.0,2700000.0,8700000.0,24200000.0,0.09773828756058159,15500000.0,0.06260096930533118,-400000.0,12400000.0,0.050080775444264945,-16900000.0,30400000.0,0.12277867528271405,0.5083612040133779,0.5083612040133779,59800000,59800000,https://www.sec.gov/Archives/edgar/data/277509/000027750918000006/0000277509-18-000006-index.html,https://www.sec.gov/Archives/edgar/data/277509/000027750918000006/fss10k20171231.htm,1620592285,16:31:25,20210509
13,2017-09-30,FSS,USD,2017-11-02 00:00:00,2017-11-02 13:58:36,Q3,248700000,187400000.0,61300000.0,0.24648170486529955,0.0,0.0,0.0,500000.0,38300000.0,225700000.0,2700000.0,9000000.0,32000000.0,0.12866907921190188,23000000.0,0.09248090068355448,-300000.0,20000000.0,0.08041817450743868,7500000.0,12500000.0,0.050261359067149174,0.20903010033444816,0.20627062706270627,59800000,60600000,https://www.sec.gov/Archives/edgar/data/277509/000027750917000062/0000277509-17-000062-index.html,https://www.sec.gov/Archives/edgar/data/277509/000027750917000062/fss-2017930x10q.htm,1620592285,16:31:25,20210509
14,2017-06-30,FSS,USD,2017-08-08 00:00:00,2017-08-08 13:13:56,Q2,224400000,169700000.0,54700000.0,0.24376114081996436,0.0,0.0,0.0,200000.0,34900000.0,204600000.0,1300000.0,6600000.0,26400000.0,0.11764705882352941,19800000.0,0.08823529411764706,-900000.0,17600000.0,0.0784313725490196,6100000.0,11400000.0,0.05080213903743316,0.19095477386934673,0.1890547263681592,59700000,60300000,https://www.sec.gov/Archives/edgar/data/277509/000027750917000048/0000277509-17-000048-index.html,https://www.sec.gov/Archives/edgar/data/277509/000027750917000048/fss-2017630x10q.htm,1620592285,16:31:25,20210509
15,2017-03-31,FSS,USD,2017-04-27 00:00:00,2017-04-27 12:56:44,Q1,177800000,134200000.0,43600000.0,0.2452193475815523,0.0,0.0,0.0,300000.0,31500000.0,165700000.0,600000.0,5700000.0,17800000.0,0.10011248593925759,12100000.0,0.06805399325084364,-500000.0,11000000.0,0.06186726659167604,3800000.0,7300000.0,0.04105736782902137,0.12248322147651007,0.12106135986733002,59600000,60300000,https://www.sec.gov/Archives/edgar/data/277509/000027750917000029/0000277509-17-000029-index.html,https://www.sec.gov/Archives/edgar/data/277509/000027750917000029/fss-2017331x10q.htm,1620592285,16:31:25,20210509
16,2016-12-31,FSS,USD,2017-02-28 00:00:00,2017-02-28 15:48:58,Q4,176100000,130700000.0,45400000.0,0.2578080636002271,0.0,0.0,0.0,0.0,31300000.0,162000000.0,500000.0,6100000.0,20200000.0,0.11470755252697332,14100000.0,0.08006814310051108,-300000.0,13300000.0,0.07552526973310619,1200000.0,12600000.0,0.07155025553662692,0.21070234113712374,0.21070234113712374,59800000,59800000,https://www.sec.gov/Archives/edgar/data/277509/000027750917000008/0000277509-17-000008-index.html,https://www.sec.gov/Archives/edgar/data/277509/000027750917000008/fss10k20161231.htm,1620592285,16:31:25,20210509
17,2016-09-30,FSS,USD,2016-11-01 00:00:00,2016-11-01 13:46:15,Q3,186700000,141400000.0,45300000.0,0.24263524370648099,0.0,0.0,0.0,300000.0,31100000.0,172500000.0,600000.0,5800000.0,20000000.0,0.10712372790573112,14200000.0,0.0760578468130691,-400000.0,13200000.0,0.07070166041778254,5700000.0,8500000.0,0.04552758435993572,0.14214046822742474,0.14026402640264027,59800000,60600000,https://www.sec.gov/Archives/edgar/data/277509/000027750916000148/0000277509-16-000148-index.html,https://www.sec.gov/Archives/edgar/data/277509/000027750916000148/fss-2016930x10q.htm,1620592285,16:31:25,20210509
18,2016-06-30,FSS,USD,2016-07-28 00:00:00,2016-07-28 12:48:15,Q2,172300000,127300000.0,45000000.0,0.261172373766686,0.0,0.0,0.0,300000.0,30300000.0,157600000.0,400000.0,4200000.0,18900000.0,0.10969239698200813,14700000.0,0.0853163087637841,-100000.0,14200000.0,0.0824143934997098,4800000.0,9100000.0,0.05281485780615206,0.15141430948419302,0.14942528735632185,60100000,60900000,https://www.sec.gov/Archives/edgar/data/277509/000027750916000138/0000277509-16-000138-index.html,https://www.sec.gov/Archives/edgar/data/277509/000027750916000138/fss-2016630x10q.htm,1620592285,16:31:25,20210509
19,2016-03-31,FSS,USD,2016-05-03 00:00:00,2016-05-03 15:56:17,Q1,172800000,125400000.0,47400000.0,0.2743055555555556,0.0,0.0,0.0,700000.0,29600000.0,155000000.0,400000.0,3000000.0,20800000.0,0.12037037037037036,17800000.0,0.10300925925925926,-1000000.0,16100000.0,0.0931712962962963,5700000.0,13600000.0,0.0787037037037037,0.21900161030595813,0.21587301587301588,62100000,63000000,https://www.sec.gov/Archives/edgar/data/277509/000027750916000120/0000277509-16-000120-index.html,https://www.sec.gov/Archives/edgar/data/277509/000027750916000120/fss-2016331x10q.htm,1620592285,16:31:25,20210509
20,2015-12-31,FSS,USD,2016-02-29 00:00:00,2016-02-29 14:47:32,Q4,109800000,68700000.0,41100000.0,0.3743169398907104,0.0,0.0,0.0,300000.0,18100000.0,86800000.0,600000.0,900000.0,23900000.0,0.21766848816029144,23000000.0,0.20947176684881602,600000.0,23000000.0,0.20947176684881602,6800000.0,11500000.0,0.10473588342440801,0.18459069020866772,0.18459069020866772,62300000,62300000,https://www.sec.gov/Archives/edgar/data/277509/000027750916000096/0000277509-16-000096-index.html,https://www.sec.gov/Archives/edgar/data/277509/000027750916000096/fss10k20151231.htm,1620592285,16:31:25,20210509
21,2015-09-30,FSS,USD,2015-11-03 00:00:00,2015-11-03 11:57:51,Q3,205800000,146200000.0,59600000.0,0.28960155490767736,0.0,0.0,0.0,-300000.0,33400000.0,179600000.0,500000.0,3700000.0,29900000.0,0.14528668610301262,26200000.0,0.12730806608357628,-600000.0,25100000.0,0.12196307094266277,8700000.0,18800000.0,0.0913508260447036,0.3017656500802568,0.296998420221169,62300000,63300000,https://www.sec.gov/Archives/edgar/data/277509/000027750915000063/0000277509-15-000063-index.html,https://www.sec.gov/Archives/edgar/data/277509/000027750915000063/fss-2015930x10q.htm,1620592285,16:31:25,20210509
22,2015-06-30,FSS,USD,2015-07-28 00:00:00,2015-07-28 13:44:52,Q2,230800000,165100000.0,65700000.0,0.28466204506065856,0.0,0.0,0.0,-100000.0,36100000.0,201200000.0,600000.0,3900000.0,33500000.0,0.1451473136915078,29600000.0,0.12824956672443674,-500000.0,28500000.0,0.12348353552859619,10200000.0,18300000.0,0.0792894280762565,0.29233226837060705,0.28773584905660377,62600000,63600000,https://www.sec.gov/Archives/edgar/data/277509/000027750915000055/0000277509-15-000055-index.html,https://www.sec.gov/Archives/edgar/data/277509/000027750915000055/fss-2015630x10q.htm,1620592285,16:31:25,20210509
23,2015-03-31,FSS,USD,2015-04-30 00:00:00,2015-04-30 13:45:17,Q1,221600000,162400000.0,59200000.0,0.26714801444043323,0.0,0.0,0.0,-900000.0,34400000.0,196800000.0,600000.0,3800000.0,28600000.0,0.12906137184115524,24800000.0,0.11191335740072202,-900000.0,23300000.0,0.10514440433212996,8400000.0,14900000.0,0.06723826714801444,0.24,0.23,62700000,63700000,https://www.sec.gov/Archives/edgar/data/277509/000027750915000031/0000277509-15-000031-index.html,https://www.sec.gov/Archives/edgar/data/277509/000027750915000031/fss-2015331x10q.htm,1620592285,16:31:25,20210509
24,2014-12-31,FSS,USD,2015-03-02,2015-03-02 15:16:49,Q4,264400000,195200000.0,69200000.0,0.2617246596066566,0.0,0.0,0.0,-900000.0,38200000.0,233400000.0,1000000.0,3900000.0,34900000.0,0.13199697428139184,31000000.0,0.1172465960665658,-900000.0,29100000.0,0.1100605143721634,5900000.0,23800000.0,0.09001512859304085,0.379585326953748,0.379585326953748,62700000,62700000,https://www.sec.gov/Archives/edgar/data/277509/000027750915000008/fss10k20141231.htm,https://www.sec.gov/Archives/edgar/data/277509/000027750915000008/fss10k20141231.htm,1620592285,16:31:25,20210509
25,2014-09-30,FSS,USD,2014-11-05 00:00:00,2014-11-05 13:33:42,Q3,219300000,160900000.0,58400000.0,0.2663018695850433,0.0,0.0,0.0,-300000.0,33400000.0,194300000.0,900000.0,3800000.0,28800000.0,0.13132694938440492,25000000.0,0.11399908800729594,-400000.0,23700000.0,0.10807113543091655,8500000.0,15400000.0,0.0702234382124943,0.24561403508771928,0.2413793103448276,62700000,63800000,https://www.sec.gov/Archives/edgar/data/277509/000027750914000071/0000277509-14-000071-index.html,https://www.sec.gov/Archives/edgar/data/277509/000027750914000071/fss-2014930x10q.htm,1620592285,16:31:25,20210509
26,2014-06-30,FSS,USD,2014-07-29 00:00:00,2014-07-29 11:16:48,Q2,234600000,175700000.0,58900000.0,0.2510656436487639,0.0,0.0,0.0,-300000.0,34900000.0,210600000.0,900000.0,3700000.0,27700000.0,0.11807331628303495,24000000.0,0.10230179028132992,-400000.0,22700000.0,0.09676044330775789,5700000.0,17100000.0,0.07289002557544758,0.27229299363057324,0.26802507836990597,62800000,63800000,https://www.sec.gov/Archives/edgar/data/277509/000027750914000058/0000277509-14-000058-index.html,https://www.sec.gov/Archives/edgar/data/277509/000027750914000058/fss-2014630x10q.htm,1620592285,16:31:25,20210509
27,2014-03-31,FSS,USD,2014-05-01 00:00:00,2014-05-01 14:40:26,Q1,200200000,153400000.0,46800000.0,0.23376623376623376,0.0,0.0,0.0,0.0,34200000.0,187600000.0,1000000.0,3600000.0,16200000.0,0.08091908091908091,12600000.0,0.06293706293706294,200000.0,11800000.0,0.058941058941058944,4200000.0,7400000.0,0.03696303696303696,0.1178343949044586,0.11616954474097331,62800000,63700000,https://www.sec.gov/Archives/edgar/data/277509/000027750914000034/0000277509-14-000034-index.html,https://www.sec.gov/Archives/edgar/data/277509/000027750914000034/fss-2014331x10q.htm,1620592285,16:31:25,20210509
28,2013-12-31,FSS,USD,2014-03-05,2014-03-05 17:11:10,Q4,219600000,163600000.0,56000000.0,0.2550091074681239,0.0,0.0,0.0,-200000.0,33200000.0,196800000.0,1100000.0,3800000.0,26600000.0,0.12112932604735883,22800000.0,0.10382513661202186,-1500000.0,20200000.0,0.09198542805100182,-6500000.0,27100000.0,0.12340619307832422,0.4329073482428115,0.4329073482428115,62600000,62600000,https://www.sec.gov/Archives/edgar/data/277509/000027750914000007/fss10k20131231.htm,https://www.sec.gov/Archives/edgar/data/277509/000027750914000007/fss10k20131231.htm,1620592285,16:31:25,20210509
29,2013-09-30,FSS,USD,2013-11-06 00:00:00,2013-11-06 12:26:16,Q3,209300000,158800000.0,50500000.0,0.241280458671763,0.0,0.0,0.0,0.0,31700000.0,190500000.0,1500000.0,3500000.0,22300000.0,0.10654562828475872,18800000.0,0.08982322025800286,0.0,17300000.0,0.08265647396082179,500000.0,16000000.0,0.07644529383659819,0.26,0.25,62600000,63200000,https://www.sec.gov/Archives/edgar/data/277509/000027750913000006/0000277509-13-000006-index.html,https://www.sec.gov/Archives/edgar/data/277509/000027750913000006/fss-2013930x10q.htm,1620592285,16:31:25,20210509
30,2013-06-30,FSS,USD,2013-08-09 00:00:00,2013-08-09 12:23:57,Q2,222600000,170800000.0,51800000.0,0.23270440251572327,0.0,0.0,0.0,-100000.0,34200000.0,205000000.0,1700000.0,3500000.0,21100000.0,0.09478885893980234,17600000.0,0.07906558849955077,500000.0,16400000.0,0.07367475292003593,-101400000.0,117500000.0,0.52785265049416,1.88,1.87,62500000,62900000,https://www.sec.gov/Archives/edgar/data/277509/000119312513328626/0001193125-13-328626-index.html,https://www.sec.gov/Archives/edgar/data/277509/000119312513328626/d561569d10q.htm,1620592285,16:31:25,20210509
31,2013-03-31,FSS,USD,2013-05-06 00:00:00,2013-05-06 10:59:03,Q1,199800000,153000000.0,46800000.0,0.23423423423423423,0.0,0.0,0.0,200000.0,34700000.0,187700000.0,4500000.0,3400000.0,15500000.0,0.07757757757757758,12100000.0,0.06056056056056056,200000.0,-900000.0,-0.0045045045045045045,200000.0,-600000.0,-0.003003003003003003,-0.01,-0.01,62400000,62400000,https://www.sec.gov/Archives/edgar/data/277509/000119312513200698/0001193125-13-200698-index.html,https://www.sec.gov/Archives/edgar/data/277509/000119312513200698/d515474d10q.htm,1620592285,16:31:25,20210509
32,2012-12-31,FSS,USD,2013-03-15 00:00:00,2013-03-15 12:13:29,Q4,217700000,168000000.0,49700000.0,0.2282958199356913,0.0,0.0,0.0,0.0,36100000.0,204100000.0,5700000.0,3600000.0,17200000.0,0.07900780891134589,13600000.0,0.0624712907671107,2400000.0,6800000.0,0.03123564538355535,2000000.0,4700000.0,0.021589343132751494,0.07532051282051282,0.07532051282051282,62400000,62400000,https://www.sec.gov/Archives/edgar/data/277509/000119312513109337/0001193125-13-109337-index.html,https://www.sec.gov/Archives/edgar/data/277509/000119312513109337/d451748d10k.htm,1620592285,16:31:25,20210509
33,2012-09-30,FSS,USD,2012-11-09 00:00:00,2012-11-09 11:38:19,Q3,185000000,139400000.0,45600000.0,0.2464864864864865,0.0,0.0,0.0,0.0,33200000.0,172600000.0,5200000.0,3000000.0,15400000.0,0.08324324324324324,12400000.0,0.06702702702702702,-1800000.0,5400000.0,0.02918918918918919,1000000.0,-14700000.0,-0.07945945945945945,-0.23557692307692307,-0.23333333333333334,62400000,63000000,https://www.sec.gov/Archives/edgar/data/277509/000119312512462340/0001193125-12-462340-index.html,https://www.sec.gov/Archives/edgar/data/277509/000119312512462340/d413139d10q.htm,1620592285,16:31:25,20210509
34,2012-06-30,FSS,USD,2012-08-03 00:00:00,2012-08-03 11:37:22,Q2,204400000,155200000.0,49200000.0,0.24070450097847357,0.0,0.0,0.0,0.0,33500000.0,188700000.0,5400000.0,1100000.0,16800000.0,0.0821917808219178,15700000.0,0.07681017612524461,-400000.0,9900000.0,0.048434442270058706,300000.0,-16500000.0,-0.08072407045009784,-0.26484751203852325,-0.26357827476038337,62300000,62600000,https://www.sec.gov/Archives/edgar/data/277509/000119312512333987/0001193125-12-333987-index.html,https://www.sec.gov/Archives/edgar/data/277509/000119312512333987/d352489d10q.htm,1620592285,16:31:25,20210509
35,2012-03-31,FSS,USD,2012-05-04,2012-05-04 10:45:11,Q1,224600000,168500000.0,56100000.0,0.2497773820124666,0.0,0.0,0.0,0.0,48100000.0,216600000.0,6000000.0,5500000.0,13500000.0,0.06010685663401603,8000000.0,0.03561887800534283,-2300000.0,-300000.0,-0.0013357079252003562,300000.0,-500000.0,-0.002226179875333927,-0.01,-0.01,62200000,62200000,https://www.sec.gov/Archives/edgar/data/277509/000119312512115045/d281202d10k.htm,https://www.sec.gov/Archives/edgar/data/277509/000119312512115045/d281202d10k.htm,1620592285,16:31:25,20210509
36,2011-12-31,FSS,USD,2012-03-14 00:00:00,2012-03-14 16:53:40,Q4,223300000,167800000.0,55500000.0,0.24854455888938648,0.0,0.0,0.0,0.0,67200000.0,235000000.0,5100000.0,5500000.0,-6200000.0,-0.027765338110165697,-11700000.0,-0.052395879982086876,200000.0,-16600000.0,-0.07433945364979848,200000.0,-16600000.0,-0.07433945364979848,-0.26688102893890675,-0.26688102893890675,62200000,62200000,https://www.sec.gov/Archives/edgar/data/277509/000119312512115045/0001193125-12-115045-index.html,https://www.sec.gov/Archives/edgar/data/277509/000119312512115045/d281202d10k.htm,1620592285,16:31:25,20210509
37,2011-09-30,FSS,USD,2011-11-01 00:00:00,2011-11-01 13:39:42,Q3,194200000,147900000.0,46300000.0,0.2384140061791967,0.0,0.0,0.0,0.0,39000000.0,186900000.0,4300000.0,5600000.0,12900000.0,0.06642636457260556,7300000.0,0.03759011328527292,-400000.0,2600000.0,0.013388259526261586,600000.0,1700000.0,0.008753861997940269,0.03,0.03,62200000,62200000,https://www.sec.gov/Archives/edgar/data/277509/000119312511290370/0001193125-11-290370-index.html,https://www.sec.gov/Archives/edgar/data/277509/000119312511290370/d246878d10q.htm,1620592285,16:31:25,20210509
38,2011-06-30,FSS,USD,2011-08-05 00:00:00,2011-08-05 12:48:26,Q2,204500000,152800000.0,51700000.0,0.2528117359413203,0.0,0.0,0.0,0.0,42800000.0,195600000.0,3800000.0,5600000.0,14500000.0,0.07090464547677261,8900000.0,0.04352078239608802,200000.0,5300000.0,0.02591687041564792,-400000.0,6000000.0,0.029339853300733496,0.1,0.096463,62200000,62200000,https://www.sec.gov/Archives/edgar/data/277509/000095012311073440/0000950123-11-073440-index.html,https://www.sec.gov/Archives/edgar/data/277509/000095012311073440/c65197e10vq.htm,1620592285,16:31:25,20210509
39,2011-03-31,FSS,USD,2011-04-29 00:00:00,2011-04-29 16:45:38,Q1,173600000,132100000.0,41500000.0,0.2390552995391705,0.0,0.0,0.0,0.0,42700000.0,174800000.0,3200000.0,5800000.0,4600000.0,0.026497695852534562,-1200000.0,-0.0069124423963133645,-200000.0,-4600000.0,-0.026497695852534562,700000.0,-5300000.0,-0.03052995391705069,-0.08,-0.085346,62100000,62100000,https://www.sec.gov/Archives/edgar/data/277509/000095012311042130/0000950123-11-042130-index.html,https://www.sec.gov/Archives/edgar/data/277509/000095012311042130/c64331e10vq.htm,1620592285,16:31:25,20210509
40,2010-12-31,FSS,USD,2011-03-16,2011-03-16 14:59:51,Q4,179300000,135900000.0,43400000.0,0.24205242610150585,0.0,0.0,0.0,0.0,49900000.0,185800000.0,2000000.0,4400000.0,-2100000.0,-0.011712214166201896,-6500000.0,-0.03625209146681539,-80300000.0,-88800000.0,-0.4952593418851088,73400000.0,-174100000.0,-0.9709983268265476,-2.7990353697749195,-2.7990353697749195,62200000,62200000,https://www.sec.gov/Archives/edgar/data/277509/000095012311025900/c62191e10vk.htm,https://www.sec.gov/Archives/edgar/data/277509/000095012311025900/c62191e10vk.htm,1620592285,16:31:25,20210509
41,2010-09-30,FSS,USD,2010-11-03 00:00:00,2010-11-03 13:45:01,Q3,182000000,136300000.0,45700000.0,0.2510989010989011,0.0,0.0,0.0,0.0,40000000.0,176300000.0,2200000.0,5600000.0,11300000.0,0.06208791208791209,5700000.0,0.03131868131868132,300000.0,3800000.0,0.020879120879120878,800000.0,2500000.0,0.013736263736263736,0.04019292604501608,0.04012841091492777,62200000,62300000,https://www.sec.gov/Archives/edgar/data/277509/000095012310099996/0000950123-10-099996-index.html,https://www.sec.gov/Archives/edgar/data/277509/000095012310099996/c61035e10vq.htm,1620592285,16:31:25,20210509
42,2010-06-30,FSS,USD,2010-07-30 00:00:00,2010-07-30 11:08:23,Q2,198700000,145300000.0,53400000.0,0.26874685455460495,0.0,0.0,0.0,0.0,44200000.0,189500000.0,3200000.0,5000000.0,14200000.0,0.07146451937594363,9200000.0,0.0463009562154001,-5300000.0,700000.0,0.0035228988424760945,-700000.0,-400000.0,-0.0020130850528434826,-0.0070052539404553416,-0.006993006993006993,57100000,57200000,https://www.sec.gov/Archives/edgar/data/277509/000095012310070257/0000950123-10-070257-index.html,https://www.sec.gov/Archives/edgar/data/277509/000095012310070257/c59209e10vq.htm,1620592285,16:31:25,20210509
43,2010-03-31,FSS,USD,2010-04-30 00:00:00,2010-04-30 14:50:39,Q1,166600000,124900000.0,41700000.0,0.2503001200480192,0.0,0.0,0.0,0.0,39600000.0,164500000.0,2900000.0,4200000.0,6300000.0,0.037815126050420166,2100000.0,0.012605042016806723,-3800000.0,-4600000.0,-0.027611044417767107,-1400000.0,-3600000.0,-0.021608643457382955,-0.07,-0.07,49200000,49200000,https://www.sec.gov/Archives/edgar/data/277509/000095012310041644/0000950123-10-041644-index.html,https://www.sec.gov/Archives/edgar/data/277509/000095012310041644/c57770e10vq.htm,1620592285,16:31:25,20210509
44,2009-12-31,FSS,USD,2010-02-26 00:00:00,2010-02-26 10:56:46,Q4,191600000,143200000.0,48400000.0,0.25260960334029225,0.0,0.0,0.0,0.0,36200000.0,179400000.0,2600000.0,3600000.0,15800000.0,0.0824634655532359,12200000.0,0.06367432150313153,-500000.0,9100000.0,0.04749478079331942,2100000.0,22700000.0,0.11847599164926931,0.47291666666666665,0.47291666666666665,48000000,48000000,https://www.sec.gov/Archives/edgar/data/277509/000095012310017679/0000950123-10-017679-index.html,https://www.sec.gov/Archives/edgar/data/277509/000095012310017679/c55494e10vk.htm,1620592285,16:31:25,20210509
45,2009-09-30,FSS,USD,2009-11-03 00:00:00,2009-11-03 14:22:25,Q3,166600000,124600000.0,42000000.0,0.25210084033613445,0.0,0.0,0.0,0.0,34500000.0,159100000.0,2600000.0,3900000.0,11400000.0,0.06842737094837935,7500000.0,0.045018007202881155,700000.0,5600000.0,0.03361344537815126,1000000.0,4300000.0,0.02581032412965186,0.09,0.09,48000000,48000000,https://www.sec.gov/Archives/edgar/data/277509/000095012309056793/0000950123-09-056793-index.html,https://www.sec.gov/Archives/edgar/data/277509/000095012309056793/c54312e10vq.htm,1620592285,16:31:25,20210509
46,2009-06-30,FSS,USD,2009-07-30 00:00:00,2009-07-30 11:10:38,Q2,204200000,149800000.0,54400000.0,0.2664054848188051,0.0,0.0,0.0,0.0,45100000.0,194900000.0,2800000.0,3900000.0,13200000.0,0.06464250734573947,9300000.0,0.0455435847208619,100000.0,6600000.0,0.03232125367286973,1500000.0,-4900000.0,-0.023996082272282077,-0.1,-0.1,48000000,48000000,https://www.sec.gov/Archives/edgar/data/277509/000095012309027462/0000950123-09-027462-index.html,https://www.sec.gov/Archives/edgar/data/277509/000095012309027462/c52645e10vq.htm,1620592285,16:31:25,20210509
47,2009-03-31,FSS,USD,2009-05-01 00:00:00,2009-05-01 12:33:13,Q1,203500000,152900000.0,50600000.0,0.24864864864864866,0.0,0.0,0.0,0.0,45000000.0,197900000.0,3300000.0,3900000.0,9500000.0,0.04668304668304668,5600000.0,0.027518427518427518,-1000000.0,1300000.0,0.0063882063882063885,200000.0,1000000.0,0.004914004914004914,0.020876826722338204,0.020833333333333332,47900000,48000000,https://www.sec.gov/Archives/edgar/data/277509/000095013709003491/0000950137-09-003491-index.html,https://www.sec.gov/Archives/edgar/data/277509/000095013709003491/c50928e10vq.htm,1620592285,16:31:25,20210509
48,2008-12-31,FSS,USD,2009-02-27 00:00:00,2009-02-27 16:22:53,Q4,249800000,184600000.0,65200000.0,0.2610088070456365,0.0,0.0,0.0,0.0,51200000.0,235800000.0,-1100000.0,3400000.0,17400000.0,0.06965572457966374,14000000.0,0.05604483586869496,-14700000.0,400000.0,0.0016012810248198558,-3800000.0,-11500000.0,-0.04603682946357086,-0.2415966386554622,-0.2415966386554622,47600000,47600000,https://www.sec.gov/Archives/edgar/data/277509/000095013709001359/0000950137-09-001359-index.html,https://www.sec.gov/Archives/edgar/data/277509/000095013709001359/c48958e10vk.htm,1620592285,16:31:25,20210509
49,2008-09-30,FSS,USD,2008-10-31 00:00:00,2008-10-31 13:44:21,Q3,226500000,167600000.0,58900000.0,0.2600441501103753,0.0,0.0,0.0,0.0,46100000.0,213700000.0,4100000.0,3700000.0,16500000.0,0.0728476821192053,12800000.0,0.0565121412803532,-100000.0,8600000.0,0.037969094922737305,-6200000.0,14200000.0,0.06269315673289183,0.3,0.3,47600000,47600000,https://www.sec.gov/Archives/edgar/data/277509/000095013708013315/0000950137-08-013315-index.html,https://www.sec.gov/Archives/edgar/data/277509/000095013708013315/c47310e10vq.htm,1620592285,16:31:25,20210509
50,2008-06-30,FSS,USD,2008-07-28 00:00:00,2008-07-28 13:30:48,Q2,254300000,186400000.0,67900000.0,0.2670074714903657,0.0,0.0,0.0,0.0,49200000.0,235600000.0,5500000.0,4100000.0,22800000.0,0.0896578843885175,18700000.0,0.07353519465198584,-1400000.0,11800000.0,0.04640188753440818,3800000.0,-13400000.0,-0.0526936688950059,-0.28,-0.28,47600000,47600000,https://www.sec.gov/Archives/edgar/data/277509/000095013708009733/0000950137-08-009733-index.html,https://www.sec.gov/Archives/edgar/data/277509/000095013708009733/c33189e10vq.htm,1620592285,16:31:25,20210509
51,2008-03-31,FSS,USD,2008-05-02 00:00:00,2008-05-02 14:48:04,Q1,228100000,168200000.0,59900000.0,0.2626041209995616,0.0,0.0,0.0,0.0,47200000.0,215400000.0,6800000.0,4300000.0,17000000.0,0.07452871547566857,12700000.0,0.055677334502411226,-500000.0,5400000.0,0.02367382726874178,1100000.0,-84900000.0,-0.37220517316966245,-1.77,-1.77,47900000,47900000,https://www.sec.gov/Archives/edgar/data/277509/000095013708006590/0000950137-08-006590-index.html,https://www.sec.gov/Archives/edgar/data/277509/000095013708006590/c26294e10vq.htm,1620592285,16:31:25,20210509
52,2007-12-31,FSS,USD,2008-02-27,2008-02-27 14:39:57,Q4,351300000,274100000.0,77200000.0,0.219755194990037,0.0,0.0,0.0,0.0,60200000.0,334300000.0,7800000.0,6300000.0,23300000.0,0.06632507828067179,17000000.0,0.04839168801594079,-2800000.0,6400000.0,0.018218047253060064,-1600000.0,8700000.0,0.024765157984628524,0.18200836820083682,0.18200836820083682,47800000,47800000,https://www.sec.gov/Archives/edgar/data/277509/000095013708002837/c24027e10vk.htm,https://www.sec.gov/Archives/edgar/data/277509/000095013708002837/c24027e10vk.htm,1620592285,16:31:25,20210509
53,2007-09-30,FSS,USD,2007-10-26 00:00:00,2007-10-26 16:50:21,Q3,307300000,235100000.0,72200000.0,0.2349495606898796,0.0,0.0,0.0,0.0,61100000.0,296200000.0,6400000.0,5400000.0,16500000.0,0.05369345916042955,11100000.0,0.036121054344288965,-300000.0,4400000.0,0.014318255776114546,-400000.0,4500000.0,0.01464367068011715,0.09,0.09,47800000,47800000,https://www.sec.gov/Archives/edgar/data/277509/000095013707016075/0000950137-07-016075-index.html,https://www.sec.gov/Archives/edgar/data/277509/000095013707016075/c19570e10vq.htm,1620592285,16:31:25,20210509
54,2007-06-30,FSS,USD,2007-07-26 00:00:00,2007-07-26 16:40:41,Q2,317300000,237700000.0,79600000.0,0.25086668767727704,0.0,0.0,0.0,0.0,58600000.0,296300000.0,5600000.0,4700000.0,25700000.0,0.08099590293098015,21000000.0,0.06618342262842736,-1000000.0,14400000.0,0.04538291837377876,3400000.0,11100000.0,0.03498266624645446,0.23,0.23,47800000,47800000,https://www.sec.gov/Archives/edgar/data/277509/000095013707010631/0000950137-07-010631-index.html,https://www.sec.gov/Archives/edgar/data/277509/000095013707010631/c16986e10vq.htm,1620592285,16:31:25,20210509
55,2007-03-31,FSS,USD,2007-04-26 00:00:00,2007-04-26 17:16:08,Q1,292100000,224200000.0,67900000.0,0.23245463882232112,0.0,0.0,0.0,0.0,52900000.0,277100000.0,0.0,4800000.0,19800000.0,0.06778500513522766,15000000.0,0.05135227661759671,-200000.0,8800000.0,0.030126668948990073,2700000.0,30700000.0,0.10510099281068128,0.64,0.64,47800000,47800000,https://www.sec.gov/Archives/edgar/data/277509/000095013707006133/0000950137-07-006133-index.html,https://www.sec.gov/Archives/edgar/data/277509/000095013707006133/c14496e10vq.htm,1620592285,16:31:25,20210509
56,2006-12-31,FSS,USD,2007-02-22,2007-02-22 13:06:49,Q4,310200000,260700000.0,49500000.0,0.1595744680851064,0.0,0.0,0.0,0.0,32900000.0,293600000.0,6900000.0,1900000.0,18500000.0,0.05963894261766602,16600000.0,0.05351386202450032,-1100000.0,8600000.0,0.027724049000644745,-1300000.0,15300000.0,0.04932301740812379,0.31941544885177453,0.31941544885177453,47900000,47900000,https://www.sec.gov/Archives/edgar/data/277509/000095013707002610/c12538e10vk.htm,https://www.sec.gov/Archives/edgar/data/277509/000095013707002610/c12538e10vk.htm,1620592285,16:31:25,20210509
57,2006-09-30,FSS,USD,2006-10-27,2006-10-27 16:58:15,Q3,298400000,218300000.0,80100000.0,0.26843163538873993,0.0,0.0,0.0,0.0,60600000.0,278900000.0,5900000.0,5300000.0,24800000.0,0.08310991957104558,19500000.0,0.0653485254691689,-600000.0,13000000.0,0.0435656836461126,2600000.0,9200000.0,0.030831099195710455,0.19,0.19,47900000,47900000,https://www.sec.gov/Archives/edgar/data/277509/000095013706011538/c09401e10vq.htm,https://www.sec.gov/Archives/edgar/data/277509/000095013706011538/c09401e10vq.htm,1620592285,16:31:25,20210509
58,2006-06-30,FSS,USD,2006-07-28,2006-07-28 16:47:55,Q2,319300000,236100000.0,83200000.0,0.2605699968681491,0.0,0.0,0.0,0.0,58900000.0,295000000.0,6300000.0,5600000.0,29900000.0,0.09364234262449107,24300000.0,0.07610397745067335,-500000.0,17500000.0,0.0548073911681804,5800000.0,-1900000.0,-0.005950516755402443,-0.04,-0.04,48200000,48200000,https://www.sec.gov/Archives/edgar/data/277509/000095013706008259/c07163e10vq.htm,https://www.sec.gov/Archives/edgar/data/277509/000095013706008259/c07163e10vq.htm,1620592285,16:31:25,20210509
59,2006-03-31,FSS,USD,2006-04-28,2006-04-28 11:50:14,Q1,283700000,212100000.0,71600000.0,0.25237927388086007,0.0,0.0,0.0,0.0,62100000.0,274200000.0,5900000.0,5100000.0,14600000.0,0.05146281283045471,9500000.0,0.03348607684173423,0.0,3600000.0,0.01268946069792034,1200000.0,100000.0,0.00035248501938667606,0.002070393374741201,0.002070393374741201,48300000,48300000,https://www.sec.gov/Archives/edgar/data/277509/000095013706002144/c02635e10vk.htm,https://www.sec.gov/Archives/edgar/data/277509/000095013706002144/c02635e10vk.htm,1620592285,16:31:25,20210509
60,2005-12-31,FSS,USD,2006-02-23,2006-02-23 12:21:49,Q4,259300000,169900000.0,89400000.0,0.3447743925954493,0.0,0.0,0.0,0.0,44500000.0,214400000.0,5000000.0,4000000.0,48900000.0,0.1885846509834169,44900000.0,0.17315850366371,900000.0,34100000.0,0.13150790590050135,8200000.0,-25900000.0,-0.0998843038951022,-0.5395833333333333,-0.5395833333333333,48000000,48000000,https://www.sec.gov/Archives/edgar/data/277509/000095013706002144/c02635e10vk.htm,https://www.sec.gov/Archives/edgar/data/277509/000095013706002144/c02635e10vk.htm,1620592285,16:31:25,20210509
61,2005-10-01,FSS,USD,2005-10-31,2005-10-31 13:02:28,Q3,302000000,235000000.0,67000000.0,0.22185430463576158,0.0,-58000000.0,0.0,7000000.0,-58000000.0,177000000.0,6000000.0,5000000.0,14000000.0,0.046357615894039736,9000000.0,0.029801324503311258,7000000.0,9000000.0,0.029801324503311258,0.0,10000000.0,0.033112582781456956,0.20833,0.20833,48000000,48000000,https://www.sec.gov/Archives/edgar/data/277509/000095013705013084/0000950137-05-013084-index.htm,https://www.sec.gov/Archives/edgar/data/277509/000095013705013084/c99466e10vq.htm,1620592285,16:31:25,20210509
62,2005-09-30,FSS,USD,2005-09-30,2005-09-30,Q3,301700000,235500000.0,66200000.0,0.21942326814716606,0.0,0.0,0.0,0.0,58000000.0,293500000.0,0.0,5500000.0,13700000.0,0.04540934703347697,8200000.0,0.02717931720251906,6500000.0,8800000.0,0.02916804772953265,-1500000.0,10300000.0,0.03413987404706662,0.21369294605809128,0.21325051759834368,48200000,48300000,,,1620592285,16:31:25,20210509
63,2005-07-02,FSS,USD,2005-08-09,2005-08-09 11:07:12,Q2,315000000,246000000.0,69000000.0,0.21904761904761905,0.0,-61000000.0,0.0,0.0,-61000000.0,185000000.0,6000000.0,6000000.0,15000000.0,0.047619047619047616,9000000.0,0.02857142857142857,0.0,4000000.0,0.012698412698412698,0.0,12000000.0,0.0380952380952381,0.25,0.25,48000000,48000000,https://www.sec.gov/Archives/edgar/data/277509/000095013705009858/0000950137-05-009858-index.htm,https://www.sec.gov/Archives/edgar/data/277509/000095013705009858/c97406e10vq.htm,1620592285,16:31:25,20210509
64,2005-06-30,FSS,USD,2005-06-30,2005-06-30,Q2,315700000,245400000.0,70300000.0,0.22267975926512512,0.0,0.0,0.0,0.0,60200000.0,305600000.0,6100000.0,6000000.0,16100000.0,0.050997782705099776,10100000.0,0.031992397846056383,500000.0,4500000.0,0.014254038644282548,-6800000.0,11200000.0,0.03547671840354767,0.23,0.23,48400000,48400000,,,1620592285,16:31:25,20210509
65,2005-03-31,FSS,USD,2005-05-09,2005-05-09 17:26:04,Q1,280200000,214600000.0,65600000.0,0.23411848679514632,0.0,0.0,0.0,0.0,58900000.0,273500000.0,6100000.0,6000000.0,12700000.0,0.04532476802284083,6700000.0,0.023911491791577446,-1700000.0,-1100000.0,-0.0039257673090649535,-900000.0,-200000.0,-0.0007137758743754461,-0.004149377593360996,-0.004149,48200000,48200000,https://www.sec.gov/Archives/edgar/data/277509/000095013705003146/c93140e10vk.htm,https://www.sec.gov/Archives/edgar/data/277509/000095013705003146/c93140e10vk.htm,1620592285,16:31:25,20210509
66,2004-12-31,FSS,USD,2005-03-16,2005-03-16 17:16:35,Q4,274500000,230400000.0,44100000.0,0.16065573770491803,0.0,0.0,0.0,0.0,55000000.0,285400000.0,5400000.0,5300000.0,-5600000.0,-0.02040072859744991,-10900000.0,-0.03970856102003643,-4300000.0,-20600000.0,-0.0750455373406193,-10600000.0,6100000.0,0.022222222222222223,0.12681912681912683,0.12681912681912683,48100000,48100000,https://www.sec.gov/Archives/edgar/data/277509/000095013705003146/c93140e10vk.htm,https://www.sec.gov/Archives/edgar/data/277509/000095013705003146/c93140e10vk.htm,1620592285,16:31:25,20210509
67,2004-09-30,FSS,USD,2004-09-30,2004-09-30,Q3,281000000,220200000.0,60800000.0,0.21637010676156584,0.0,0.0,0.0,0.0,57200000.0,277400000.0,0.0,5084000.0,8684000.0,0.03090391459074733,3600000.0,0.012811387900355872,-2800000.0,-4500000.0,-0.01601423487544484,-1900000.0,-4000000.0,-0.014234875444839857,-0.08,-0.082988,48100000,48200000,,,1620592285,16:31:25,20210509
68,2004-06-30,FSS,USD,2004-06-30,2004-06-30,Q2,304141000,232586000.0,71555000.0,0.23526916791882713,0.0,0.0,0.0,0.0,58459000.0,291045000.0,5162000.0,6019000.0,19115000.0,0.0628491390506377,13096000.0,0.0430589759355036,-11094000.0,-3141000.0,-0.010327446809210201,-871000.0,-6627000.0,-0.02178923591360586,-0.13773824122378567,-0.13749818453430712,48113000,48197000,,,1620592285,16:31:25,20210509
69,2004-03-31,FSS,USD,2004-05-05,2004-05-05,Q1,276518000,209060000.0,67458000.0,0.24395518555754056,0.0,0.0,0.0,0.0,58590000.0,267650000.0,4865000.0,5997000.0,14865000.0,0.05375780238537817,8868000.0,0.03207024497501067,-970000.0,2976000.0,0.010762409680382471,777000.0,2199000.0,0.007952466023911644,0.05,0.045701,48026000,48117000,https://www.sec.gov/Archives/edgar/data/277509/000095013704003580/0000950137-04-003580-index.htm,https://www.sec.gov/Archives/edgar/data/277509/000095013704003580/c85168e10vq.txt,1620592285,16:31:25,20210509
70,2003-12-31,FSS,USD,2003-12-31,2003-12-31,Q4,315996000,236407000.0,79589000.0,0.2518671122419271,0.0,0.0,0.0,0.0,60653000.0,297060000.0,4583000.0,4741000.0,23677000.0,0.07492816364764111,18936000.0,0.059924809174799684,-818000.0,13526000.0,0.04280433929543412,2207000.0,11319000.0,0.03582007367181863,0.2359255476582529,0.2359255476582529,47977000,47977000,,,1620592285,16:31:25,20210509
71,2003-09-30,FSS,USD,2003-09-30,2003-09-30,Q3,287810000,209764000.0,78046000.0,0.27117195371946773,0.0,0.0,0.0,0.0,61329000.0,271093000.0,5132000.0,6742000.0,23459000.0,0.08150863416837496,16717000.0,0.05808345783676731,212000.0,11800000.0,0.04099927035196831,1861000.0,9939000.0,0.034533198985441785,0.21,0.206843,47977000,48051000,,,1620592285,16:31:25,20210509
72,2003-06-30,FSS,USD,2003-06-30,2003-06-30,Q2,311041000,227950000.0,83091000.0,0.26713841583585446,0.0,0.0,0.0,0.0,63981000.0,291931000.0,0.0,6367000.0,25477000.0,0.08190881587957857,19110000.0,0.0614388456827235,62000.0,14068000.0,0.045228764053613514,4121000.0,9578000.0,0.030793368076877325,0.2,0.199475,47977000,48016000,,,1620592285,16:31:25,20210509
73,2003-03-31,FSS,USD,2003-05-15,2003-05-15,Q1,291951000,217602000.0,74349000.0,0.2546625974906748,0.0,0.0,0.0,0.0,63134000.0,280736000.0,0.0,6585000.0,17800000.0,0.06096913523159708,11215000.0,0.03841398042822254,130000.0,6623000.0,0.022685313631397048,156000.0,6467000.0,0.02215097739004148,0.14,0.135112,47859000,47864000,https://www.sec.gov/Archives/edgar/data/277509/000027750903000012/0000277509-03-000012-index.htm,https://www.sec.gov/Archives/edgar/data/277509/000027750903000012/fs10q103.txt,1620592285,16:31:25,20210509
74,2002-12-31,FSS,USD,2003-03-27,2003-03-27,Q4,292078000,211781000.0,80297000.0,0.27491628948431585,0.0,0.0,0.0,0.0,58957000.0,270738000.0,5489000.0,6734000.0,28074000.0,0.09611816021747616,21340000.0,0.07306267503885948,642000.0,16597000.0,0.056823862119023,3417000.0,13180000.0,0.04512493238107629,0.29091711731596953,0.29091711731596953,45305000,45305000,https://www.sec.gov/Archives/edgar/data/277509/000027750903000002/0000277509-03-000002-index.htm,https://www.sec.gov/Archives/edgar/data/277509/000027750903000002/fs200210k.txt,1620592285,16:31:25,20210509
75,2002-09-30,FSS,USD,2002-11-14 00:00:00,2002-11-14 16:18:44,Q3,261615000,187553000.0,74062000.0,0.2830953882613764,0.0,52474000.0,0.0,0.0,52474000.0,240027000.0,4739000.0,5719000.0,27307000.0,0.1043785715650861,21588000.0,0.08251820423140875,-1251000.0,15638000.0,0.05977486000420465,3145000.0,12493000.0,0.04775337805553963,0.28,0.275431,45305000,45358000,https://www.sec.gov/Archives/edgar/data/277509/000027750902000015/0000277509-02-000015-index.html,https://www.sec.gov/Archives/edgar/data/277509/000027750902000015/fsc10q302.txt,1620592285,16:31:25,20210509
76,2002-06-30,FSS,USD,2002-08-09 00:00:00,2002-08-09 16:27:09,Q2,257864000,183117000.0,74747000.0,0.289869853876462,0.0,54345000.0,0.0,0.0,54345000.0,237462000.0,5064000.0,5834000.0,26236000.0,0.10174355474203456,20402000.0,0.07911922563832098,-440000.0,14855000.0,0.057607886327676605,4143000.0,10712000.0,0.041541277572673965,0.24,0.235631,45264000,45461000,https://www.sec.gov/Archives/edgar/data/277509/000027750902000009/0000277509-02-000009-index.html,https://www.sec.gov/Archives/edgar/data/277509/000027750902000009/fs10q202.txt,1620592285,16:31:25,20210509
77,2002-03-31,FSS,USD,2002-05-08 00:00:00,2002-05-08 17:18:20,Q1,245644000,175754000.0,69890000.0,0.2845174317304717,0.0,51277000.0,0.0,0.0,51277000.0,227031000.0,4783000.0,5708000.0,24321000.0,0.0990091351712234,18613000.0,0.07577225578479425,154000.0,14012000.0,0.057041898031297326,4218000.0,1810000.0,0.00736838677109964,0.04,0.039932,45133000,45327000,https://www.sec.gov/Archives/edgar/data/277509/000027750902000005/0000277509-02-000005-index.html,https://www.sec.gov/Archives/edgar/data/277509/000027750902000005/fs10q102.txt,1620592285,16:31:25,20210509
78,2001-12-31,FSS,USD,2001-12-31,2001-12-31,Q4,273948000,199437000.0,74511000.0,0.2719895746638048,0.0,56362000.0,0.0,0.0,56362000.0,255799000.0,5589000.0,7749000.0,25898000.0,0.09453618934980361,18149000.0,0.06624979923197104,-540000.0,12020000.0,0.0438769401492254,2621000.0,9777000.0,0.03568925489508958,0.2162239865537298,0.2162239865537298,45217000,45217000,,,1620592285,16:31:25,20210509
79,2001-09-30,FSS,USD,2001-11-09 00:00:00,2001-11-09 00:00:00,Q3,253403000,181274000.0,72129000.0,0.2846414604404841,0.0,52976000.0,0.0,0.0,52976000.0,234250000.0,6264000.0,7583000.0,26736000.0,0.10550782745271366,19153000.0,0.07558316199887136,-769000.0,12120000.0,0.04782895230127505,3267000.0,9151000.0,0.036112437500739926,0.20237963597761904,0.20197761935241795,45217000,45307000,https://www.sec.gov/Archives/edgar/data/277509/000027750901500008/0000277509-01-500008-index.html,https://www.sec.gov/Archives/edgar/data/277509/000027750901500008/fs10q301.txt,1620592285,16:31:25,20210509
80,2001-06-30,FSS,USD,2001-08-14 00:00:00,2001-08-14 00:00:00,Q2,286817000,201136000.0,85681000.0,0.2987305494444193,0.0,54835000.0,0.0,0.0,54835000.0,255971000.0,6705000.0,7193000.0,38039000.0,0.132624635220367,30846000.0,0.10754592649668604,31000.0,24172000.0,0.08427673394533797,7460000.0,17019000.0,0.05933748696904298,0.3737072088886937,0.3723336760812969,45541000,45709000,https://www.sec.gov/Archives/edgar/data/277509/000027750901500006/0000277509-01-500006-index.html,https://www.sec.gov/Archives/edgar/data/277509/000027750901500006/fs10q22001.txt,1620592285,16:31:25,20210509
81,2001-03-31,FSS,USD,2001-05-15 00:00:00,2001-05-15 00:00:00,Q1,258007000,178067000.0,79940000.0,0.309836554822156,0.0,56084000.0,0.0,0.0,56084000.0,234151000.0,7810000.0,7733000.0,31589000.0,0.12243466262543265,23856000.0,0.09246260760366967,96000.0,16142000.0,0.06256419399473657,4516000.0,11626000.0,0.045060792924222985,0.26,0.255107,45412000,45573000,https://www.sec.gov/Archives/edgar/data/277509/000095013701501578/0000950137-01-501578-index.html,https://www.sec.gov/Archives/edgar/data/277509/000095013701501578/c62518e10-q.txt,1620592285,16:31:25,20210509
82,2000-12-31,FSS,USD,2001-03-30,2001-03-30,Q4,285356000,196463000.0,88893000.0,0.3115161412411164,0.0,57598000.0,0.0,0.0,64734000.0,261197000.0,8222000.0,7136000.0,31295000.0,0.10967002621287095,24159000.0,0.08466266698439844,1006000.0,16943000.0,0.059374956195068614,5312000.0,10427000.0,0.0365403215632403,0.23016643856783364,0.23016643856783364,45302000,45302000,https://www.sec.gov/Archives/edgar/data/277509/000027750901000006/0000277509-01-000006-index.htm,https://www.sec.gov/Archives/edgar/data/277509/000027750901000006/0000277509-01-000006-0001.txt,1620592285,16:31:25,20210509
83,2000-09-30,FSS,USD,2000-11-08 00:00:00,2000-11-08 00:00:00,Q3,270884000,180540000.0,90344000.0,0.33351545310907993,0.0,51843000.0,0.0,0.0,59168000.0,239708000.0,8217000.0,7325000.0,38501000.0,0.1421309490409179,31176000.0,0.11508985395962848,-704000.0,22255000.0,0.08215693802513253,6540000.0,15690000.0,0.05792147192156052,0.3463423248421703,0.3450778569543415,45302000,45468000,https://www.sec.gov/Archives/edgar/data/277509/000027750900000016/0000277509-00-000016-index.html,https://www.sec.gov/Archives/edgar/data/277509/000027750900000016/0000277509-00-000016-0001.txt,1620592285,16:31:25,20210509
84,2000-06-30,FSS,USD,2000-08-14 00:00:00,2000-08-14 00:00:00,Q2,278217000,183863000.0,94354000.0,0.33913815474970976,0.0,55514000.0,0.0,0.0,62623000.0,246486000.0,0.0,7109000.0,38840000.0,0.13960325932635317,31731000.0,0.11405126214429744,176000.0,23915000.0,0.08595808307903544,7903000.0,16184000.0,0.058170420930424814,0.36,0.356193,45307000,45436000,https://www.sec.gov/Archives/edgar/data/277509/000027750900000013/0000277509-00-000013-index.html,https://www.sec.gov/Archives/edgar/data/277509/000027750900000013/0000277509-00-000013-0001.txt,1620592285,16:31:25,20210509
85,2000-03-31,FSS,USD,2000-05-15 00:00:00,2000-05-15 00:00:00,Q1,289234000,192320000.0,96914000.0,0.33507125718276554,0.0,59666000.0,0.0,0.0,67153000.0,259473000.0,6970000.0,7487000.0,37248000.0,0.12878154020619983,29761000.0,0.102895925098709,25000.0,22816000.0,0.07888422522939903,7580000.0,15236000.0,0.05267707116037534,0.33402757985661985,0.3335814686692648,45613000,45674000,https://www.sec.gov/Archives/edgar/data/277509/000027750900000007/0000277509-00-000007-index.html,https://www.sec.gov/Archives/edgar/data/277509/0000277509-00-000007.txt,1620592285,16:31:25,20210509
86,1999-12-31,FSS,USD,2000-03-30,2000-03-30,Q4,282200000,188500000.0,93700000.0,0.33203401842664776,0.0,54800000.0,0.0,0.0,62500000.0,251000000.0,0.0,7700000.0,38900000.0,0.13784549964564138,31200000.0,0.1105598866052445,-200000.0,24900000.0,0.08823529411764706,7900000.0,17000000.0,0.060240963855421686,0.3695652173913043,0.3695652173913043,46000000,46000000,https://www.sec.gov/Archives/edgar/data/277509/0000277509-00-000005-index.html,https://www.sec.gov/Archives/edgar/data/277509/000027750900000005/,1620592285,16:31:25,20210509
87,1999-09-30,FSS,USD,1999-11-12 00:00:00,1999-11-12 00:00:00,Q3,260900000,175300000.0,85600000.0,0.32809505557684937,0.0,53500000.0,0.0,0.0,60100000.0,235400000.0,6600000.0,6600000.0,32100000.0,0.12303564584131851,25500000.0,0.09773859716366425,900000.0,19900000.0,0.07627443464929091,6100000.0,13800000.0,0.052893829053277115,0.3,0.3,46000000,46000000,https://www.sec.gov/Archives/edgar/data/277509/000027750999000021/0000277509-99-000021-index.html,https://www.sec.gov/Archives/edgar/data/277509/0000277509-99-000021.txt,1620592285,16:31:25,20210509
88,1999-06-30,FSS,USD,1999-08-16 00:00:00,1999-08-16 00:00:00,Q2,265400000,179600000.0,85800000.0,0.32328560663149963,0.0,53600000.0,0.0,0.0,60200000.0,239800000.0,0.0,6600000.0,32200000.0,0.12132629992464206,25600000.0,0.09645817633760362,0.0,20300000.0,0.07648831951770912,6600000.0,13700000.0,0.05162019593067069,0.3,0.3,45666667,45666667,https://www.sec.gov/Archives/edgar/data/277509/000027750999000014/0000277509-99-000014-index.html,https://www.sec.gov/Archives/edgar/data/277509/0000277509-99-000014.txt,1620592285,16:31:25,20210509
89,1999-03-31,FSS,USD,1999-05-14 00:00:00,1999-05-14 00:00:00,Q1,253300000,169900000.0,83400000.0,0.329253849190683,0.0,53000000.0,0.0,0.0,59300000.0,229200000.0,5200000.0,6300000.0,30400000.0,0.12001579155151994,24100000.0,0.09514409790761942,400000.0,19300000.0,0.07619423608369523,6300000.0,13000000.0,0.051322542439794706,0.29,0.29,44827586,44827586,https://www.sec.gov/Archives/edgar/data/277509/000027750999000007/0000277509-99-000007-index.html,https://www.sec.gov/Archives/edgar/data/277509/0000277509-99-000007.txt,1620592285,16:31:25,20210509
90,1998-12-31,FSS,USD,1998-12-31,1998-12-31,Q4,272500000,185500000.0,87000000.0,0.3192660550458716,0.0,54400000.0,0.0,0.0,60300000.0,245800000.0,5300000.0,5900000.0,32600000.0,0.11963302752293578,26700000.0,0.09798165137614678,1600000.0,23100000.0,0.08477064220183486,6800000.0,16300000.0,0.05981651376146789,0.35999999823312884,0.35999999823312884,45277778,45277778,,,1620592285,16:31:25,20210509
91,1998-09-30,FSS,USD,1998-11-13 00:00:00,1998-11-13 00:00:00,Q3,248900000,166700000.0,82200000.0,0.33025311370028126,0.0,49800000.0,0.0,0.0,55700000.0,222400000.0,4700000.0,6100000.0,32600000.0,0.13097629570108477,26500000.0,0.1064684612294094,1800000.0,23700000.0,0.09521896343913218,7400000.0,16300000.0,0.06548814785054238,0.36,0.36,45277778,45277778,https://www.sec.gov/Archives/edgar/data/277509/000027750998000015/0000277509-98-000015-index.html,https://www.sec.gov/Archives/edgar/data/277509/0000277509-98-000015.txt,1620592285,16:31:25,20210509
92,1998-06-30,FSS,USD,1998-08-14 00:00:00,1998-08-14 00:00:00,Q2,250100000,164600000.0,85500000.0,0.34186325469812073,0.0,51500000.0,0.0,0.0,57400000.0,222000000.0,0.0,5900000.0,34000000.0,0.13594562175129948,28100000.0,0.11235505797680928,200000.0,23400000.0,0.093562574970012,7400000.0,16000000.0,0.06397441023590564,0.35,0.35,45714286,45714286,https://www.sec.gov/Archives/edgar/data/277509/000027750998000013/0000277509-98-000013-index.html,https://www.sec.gov/Archives/edgar/data/277509/0000277509-98-000013.txt,1620592285,16:31:25,20210509
93,1998-03-31,FSS,USD,1998-05-14 00:00:00,1998-05-14 00:00:00,Q1,231200000,154500000.0,76700000.0,0.33174740484429066,0.0,50800000.0,0.0,0.0,56500000.0,211000000.0,0.0,5700000.0,25900000.0,0.11202422145328719,20200000.0,0.08737024221453288,200000.0,15900000.0,0.06877162629757785,5100000.0,10800000.0,0.04671280276816609,0.24,0.24,45000000,45000000,https://www.sec.gov/Archives/edgar/data/277509/000027750998000003/0000277509-98-000003-index.html,https://www.sec.gov/Archives/edgar/data/277509/0000277509-98-000003.txt,1620592285,16:31:25,20210509
94,1997-12-31,FSS,USD,1998-03-30,1998-03-30,Q4,234900000,158300000.0,76600000.0,0.3260962111536824,0.0,49400000.0,0.0,0.0,54700000.0,213000000.0,0.0,5300000.0,27200000.0,0.11579395487441464,21900000.0,0.09323116219667944,700000.0,18200000.0,0.07747977862920391,4800000.0,13400000.0,0.05704555129842486,0.2931249981679688,0.2931249981679688,45714286,45714286,https://www.sec.gov/Archives/edgar/data/277509/0000950137-98-001302-index.html,https://www.sec.gov/Archives/edgar/data/277509/,1620592285,16:31:25,20210509
95,1997-09-30,FSS,USD,1997-11-10 00:00:00,1997-11-10 00:00:00,Q3,229300000,152400000.0,76900000.0,0.33536851286524205,0.0,45000000.0,0.0,0.0,50200000.0,202600000.0,0.0,5200000.0,31900000.0,0.13911905800261665,26700000.0,0.11644134321849106,500000.0,22800000.0,0.09943305713039687,6800000.0,16000000.0,0.06977758395115569,0.35,0.35,45714286,45714286,https://www.sec.gov/Archives/edgar/data/277509/000027750997000009/0000277509-97-000009-index.html,https://www.sec.gov/Archives/edgar/data/277509/0000277509-97-000009.txt,1620592285,16:31:25,20210509
96,1997-06-30,FSS,USD,1997-08-04 00:00:00,1997-08-04 00:00:00,Q2,236200000,153800000.0,82400000.0,0.3488569009314141,0.0,50100000.0,0.0,0.0,55200000.0,209000000.0,4200000.0,5100000.0,32300000.0,0.1367485182049111,27200000.0,0.11515664690939881,600000.0,23600000.0,0.09991532599491956,7500000.0,16100000.0,0.06816257408975444,0.35,0.35,46000000,46000000,https://www.sec.gov/Archives/edgar/data/277509/000027750997000008/0000277509-97-000008-index.html,https://www.sec.gov/Archives/edgar/data/277509/0000277509-97-000008.txt,1620592285,16:31:25,20210509
97,1997-03-31,FSS,USD,1997-05-12 00:00:00,1997-05-12 00:00:00,Q1,224500000,149100000.0,75400000.0,0.33585746102449887,0.0,46600000.0,0.0,0.0,51600000.0,200700000.0,3900000.0,5000000.0,28800000.0,0.12828507795100222,23800000.0,0.10601336302895323,500000.0,20400000.0,0.09086859688195992,6800000.0,13600000.0,0.060579064587973276,0.3,0.3,45333333,45333333,https://www.sec.gov/Archives/edgar/data/277509/000027750997000006/0000277509-97-000006-index.html,https://www.sec.gov/Archives/edgar/data/277509/0000277509-97-000006.txt,1620592285,16:31:25,20210509
98,1996-12-31,FSS,USD,1997-03-24 00:00:00,1997-03-24 00:00:00,Q4,223000000,146100000.0,76900000.0,0.34484304932735427,0.0,45200000.0,0.0,0.0,49900000.0,196000000.0,4000000.0,4700000.0,31700000.0,0.142152466367713,27000000.0,0.1210762331838565,4700000.0,27800000.0,0.12466367713004484,9500000.0,18300000.0,0.08206278026905829,0.4028301924795301,0.4028301924795301,45428571,45428571,https://www.sec.gov/Archives/edgar/data/277509/000027750997000004/0000277509-97-000004-index.html,https://www.sec.gov/Archives/edgar/data/277509/0000277509-97-000004.txt,1620592285,16:31:25,20210509
99,1996-09-30,FSS,USD,1996-11-14 00:00:00,1996-11-14 00:00:00,Q3,230300000,155100000.0,75200000.0,0.32653061224489793,0.0,43100000.0,0.0,0.0,47700000.0,202800000.0,4000000.0,4600000.0,32100000.0,0.13938341293964393,27500000.0,0.11940946591402518,100000.0,23700000.0,0.10290924880590534,7800000.0,15900000.0,0.06904038211029093,0.35,0.35,45428571,45428571,https://www.sec.gov/Archives/edgar/data/277509/000027750996000013/0000277509-96-000013-index.html,https://www.sec.gov/Archives/edgar/data/277509/0000277509-96-000013.txt,1620592285,16:31:25,20210509
100,1996-06-30,FSS,USD,1996-08-14 00:00:00,1996-08-14 00:00:00,Q2,232300000,157200000.0,75100000.0,0.3232888506241929,0.0,43400000.0,0.0,0.0,48100000.0,205300000.0,3700000.0,4700000.0,31700000.0,0.13646147223417995,27000000.0,0.11622901420576841,700000.0,24100000.0,0.1037451571244081,8100000.0,16000000.0,0.06887645286267757,0.35,0.35,45714286,45714286,https://www.sec.gov/Archives/edgar/data/277509/000027750996000010/0000277509-96-000010-index.html,https://www.sec.gov/Archives/edgar/data/277509/0000277509-96-000010.txt,1620592285,16:31:25,20210509
101,1996-03-31,FSS,USD,1996-05-09 00:00:00,1996-05-09 00:00:00,Q1,210800000,143300000.0,67500000.0,0.3202087286527514,0.0,41900000.0,0.0,0.0,46300000.0,189600000.0,3600000.0,4400000.0,25600000.0,0.12144212523719165,21200000.0,0.10056925996204934,300000.0,17900000.0,0.0849146110056926,6000000.0,11900000.0,0.056451612903225805,0.26,0.26,45769231,45769231,https://www.sec.gov/Archives/edgar/data/277509/000027750996000007/0000277509-96-000007-index.html,https://www.sec.gov/Archives/edgar/data/277509/0000277509-96-000007.txt,1620592285,16:31:25,20210509
102,1995-12-31,FSS,USD,1996-03-27 00:00:00,1996-03-27 00:00:00,Q4,221700000,150800000.0,70900000.0,0.31980153360396935,0.0,40700000.0,0.0,0.0,44300000.0,195100000.0,3500000.0,3600000.0,30200000.0,0.13622011727559766,26600000.0,0.11998195760036084,-6100000.0,17200000.0,0.07758231844835363,5500000.0,11700000.0,0.05277401894451962,0.25643835616438354,0.25643835616438354,45625000,45625000,https://www.sec.gov/Archives/edgar/data/277509/000027750996000004/0000277509-96-000004-index.html,https://www.sec.gov/Archives/edgar/data/277509/0000277509-96-000004.txt,1620592285,16:31:25,20210509
103,1995-09-30,FSS,USD,1995-11-14 00:00:00,1995-11-14 00:00:00,Q3,207900000,141000000.0,66900000.0,0.3217893217893218,0.0,37900000.0,0.0,0.0,42000000.0,183000000.0,3400000.0,4100000.0,29000000.0,0.1394901394901395,24900000.0,0.11976911976911978,300000.0,21800000.0,0.10485810485810486,7200000.0,14600000.0,0.07022607022607022,0.32,0.32,45625000,45625000,https://www.sec.gov/Archives/edgar/data/277509/000027750995000008/0000277509-95-000008-index.html,https://www.sec.gov/Archives/edgar/data/277509/0000277509-95-000008.txt,1620592285,16:31:25,20210509
104,1995-06-30,FSS,USD,1995-08-14 00:00:00,1995-08-14 00:00:00,Q2,199400000,132800000.0,66600000.0,0.3340020060180542,0.0,36600000.0,0.0,0.0,41900000.0,174700000.0,3300000.0,5300000.0,30000000.0,0.15045135406218657,24700000.0,0.1238716148445336,500000.0,21800000.0,0.10932798395185557,7300000.0,14500000.0,0.07271815446339017,0.32,0.32,45312500,45312500,https://www.sec.gov/Archives/edgar/data/277509/000027750995000006/0000277509-95-000006-index.html,https://www.sec.gov/Archives/edgar/data/277509/0000277509-95-000006.txt,1620592285,16:31:25,20210509
105,1995-03-31,FSS,USD,1995-05-05 00:00:00,1995-05-05 00:00:00,Q1,187100000,127400000.0,59700000.0,0.3190807055050775,0.0,37300000.0,0.0,0.0,40200000.0,167600000.0,3200000.0,2900000.0,22400000.0,0.11972207375734902,19500000.0,0.1042223409941208,100000.0,16400000.0,0.08765366114377339,5600000.0,10800000.0,0.05772314270443613,0.24,0.24,45000000,45000000,https://www.sec.gov/Archives/edgar/data/277509/000027750995000004/0000277509-95-000004-index.html,https://www.sec.gov/Archives/edgar/data/277509/0000277509-95-000004.txt,1620592285,16:31:25,20210509
106,1994-12-31,FSS,USD,1995-03-20 00:00:00,1995-03-20 00:00:00,Q4,193800000,131600000.0,62200000.0,0.32094943240454077,0.0,36400000.0,0.0,0.0,39000000.0,170600000.0,2800000.0,2600000.0,25800000.0,0.13312693498452013,23200000.0,0.1197110423116615,100000.0,20600000.0,0.10629514963880289,6800000.0,13800000.0,0.07120743034055728,0.30048387048309055,0.30048387048309055,45925926,45925926,https://www.sec.gov/Archives/edgar/data/277509/000027750995000002/0000277509-95-000002-index.html,https://www.sec.gov/Archives/edgar/data/277509/0000277509-95-000002.txt,1620592285,16:31:25,20210509
107,1994-09-30,FSS,USD,1994-11-08 00:00:00,1994-11-08 00:00:00,Q3,181300000,123400000.0,57900000.0,0.31936017650303367,0.0,34700000.0,0.0,0.0,37200000.0,160600000.0,2500000.0,2700000.0,23400000.0,0.12906784335355764,20700000.0,0.1141753998896856,300000.0,18500000.0,0.10204081632653061,6100000.0,12400000.0,0.06839492553778267,0.27,0.27,45925926,45925926,https://www.sec.gov/Archives/edgar/data/277509/000027750994000017/0000277509-94-000017-index.html,https://www.sec.gov/Archives/edgar/data/277509/0000277509-94-000017.txt,1620592285,16:31:25,20210509
108,1994-06-30,FSS,USD,1994-08-11 00:00:00,1994-08-11 00:00:00,Q2,164000000,109800000.0,54200000.0,0.3304878048780488,0.0,31300000.0,0.0,0.0,33800000.0,143600000.0,1800000.0,2600000.0,23000000.0,0.1402439024390244,20400000.0,0.12439024390243902,100000.0,18800000.0,0.11463414634146342,6400000.0,12400000.0,0.07560975609756097,0.27,0.27,45925926,45925926,https://www.sec.gov/Archives/edgar/data/277509/000027750994000013/0000277509-94-000013-index.html,https://www.sec.gov/Archives/edgar/data/277509/0000277509-94-000013.txt,1620592285,16:31:25,20210509
109,1994-03-31,FSS,USD,1994-05-12 00:00:00,1994-05-12 00:00:00,Q1,138100000,92800000.0,45300000.0,0.3280231716147719,0.0,29100000.0,0.0,0.0,31500000.0,124300000.0,1300000.0,2400000.0,16200000.0,0.1173062997827661,13800000.0,0.0999275887038378,-100000.0,12400000.0,0.08979000724112962,4200000.0,8200000.0,0.05937726285300507,0.18,0.18,45555556,45555556,https://www.sec.gov/Archives/edgar/data/277509/000027750994000005/0000277509-94-000005-index.html,https://www.sec.gov/Archives/edgar/data/277509/0000277509-94-000005.txt,1620592285,16:31:25,20210509
110,1993-12-31,FSS,USD,1993-12-31,1993-12-31,Q4,148500000,97300000.0,51200000.0,0.3447811447811448,0.0,0.0,0.0,0.0,33400000.0,130700000.0,1300000.0,2200000.0,20000000.0,0.13468013468013468,17800000.0,0.11986531986531987,500000.0,17100000.0,0.11515151515151516,5700000.0,11400000.0,0.07676767676767676,0.24504672965900953,0.24504672965900953,46521739,46521739,,,1620592285,16:31:25,20210509
111,1993-09-30,FSS,USD,1993-09-30,1993-09-30,Q3,142700000,94100000.0,48600000.0,0.3405746320953048,0.0,0.0,0.0,0.0,31800000.0,125900000.0,1600000.0,2400000.0,19200000.0,0.1345480028030834,16800000.0,0.11772950245269796,500000.0,15900000.0,0.11142256482130343,5200000.0,10700000.0,0.07498248072880168,0.23,0.23,46521739,46521739,,,1620592285,16:31:25,20210509
112,1993-06-30,FSS,USD,1993-06-30,1993-06-30,Q2,146500000,97900000.0,48600000.0,0.331740614334471,0.0,0.0,0.0,0.0,31300000.0,129200000.0,1700000.0,2300000.0,19600000.0,0.13378839590443686,17300000.0,0.11808873720136519,-100000.0,15400000.0,0.10511945392491467,4800000.0,10600000.0,0.07235494880546076,0.23,0.23,46086957,46086957,,,1620592285,16:31:25,20210509
113,1993-03-31,FSS,USD,1993-03-31,1993-03-31,Q1,127400000,84700000.0,42700000.0,0.33516483516483514,0.0,0.0,0.0,0.0,30800000.0,115500000.0,1500000.0,2300000.0,14200000.0,0.11145996860282574,11900000.0,0.09340659340659341,100000.0,10600000.0,0.08320251177394035,3400000.0,7200000.0,0.0565149136577708,0.16,0.16,45000000,45000000,,,1620592285,16:31:25,20210509
114,1992-12-31,FSS,USD,1992-12-31,1992-12-31,Q4,131000000,85700000.0,45300000.0,0.34580152671755726,0.0,0.0,0.0,0.0,30100000.0,115800000.0,1700000.0,2200000.0,17400000.0,0.13282442748091602,15200000.0,0.11603053435114503,400000.0,13800000.0,0.10534351145038168,4200000.0,9600000.0,0.0732824427480916,0.2064516129032258,0.2064516129032258,46500000,46500000,,,1620592285,16:31:25,20210509
115,1992-09-30,FSS,USD,1992-09-30,1992-09-30,Q3,135500000,90600000.0,44900000.0,0.33136531365313654,0.0,0.0,0.0,0.0,30200000.0,120800000.0,1600000.0,2200000.0,16900000.0,0.12472324723247233,14700000.0,0.10848708487084871,300000.0,13500000.0,0.0996309963099631,4200000.0,9300000.0,0.06863468634686347,0.2,0.2,46500000,46500000,,,1620592285,16:31:25,20210509
116,1992-06-30,FSS,USD,1992-06-30,1992-06-30,Q2,131900000,87800000.0,44100000.0,0.33434420015163,0.0,0.0,0.0,0.0,29400000.0,117200000.0,1600000.0,2200000.0,16900000.0,0.1281273692191054,14700000.0,0.11144806671721001,400000.0,13500000.0,0.1023502653525398,4200000.0,9300000.0,0.07050796057619409,0.2,0.2,46500000,46500000,,,1620592285,16:31:25,20210509
117,1992-03-31,FSS,USD,1992-03-31,1992-03-31,Q1,119800000,80500000.0,39300000.0,0.3280467445742905,0.0,0.0,0.0,0.0,28700000.0,109200000.0,0.0,2100000.0,12700000.0,0.10601001669449082,10600000.0,0.08848080133555926,100000.0,9100000.0,0.07595993322203673,2900000.0,6200000.0,0.05175292153589316,0.14,0.14,44285714,44285714,,,1620592285,16:31:25,20210509
118,1991-12-31,FSS,USD,1991-12-31,1991-12-31,Q4,120300000,79600000.0,40700000.0,0.33832086450540316,0.0,0.0,0.0,0.0,26800000.0,106400000.0,1400000.0,2000000.0,15900000.0,0.13216957605985039,13900000.0,0.11554447215295095,-200000.0,12200000.0,0.10141313383208644,3800000.0,8400000.0,0.06982543640897755,0.18216867513775584,0.18216867513775584,46111111,46111111,,,1620592285,16:31:25,20210509
119,1991-09-30,FSS,USD,1991-09-30,1991-09-30,Q3,116600000,76800000.0,39800000.0,0.34133790737564323,0.0,0.0,0.0,0.0,27000000.0,103800000.0,1200000.0,2000000.0,14800000.0,0.1269296740994854,12800000.0,0.1097770154373928,300000.0,12100000.0,0.10377358490566038,3800000.0,8300000.0,0.0711835334476844,0.18,0.18,46111111,46111111,,,1620592285,16:31:25,20210509
120,1991-06-30,FSS,USD,1991-06-30,1991-06-30,Q2,119400000,78600000.0,40800000.0,0.3417085427135678,0.0,0.0,0.0,0.0,26800000.0,105400000.0,1500000.0,2100000.0,16100000.0,0.13484087102177555,14000000.0,0.11725293132328309,200000.0,12800000.0,0.10720268006700168,4200000.0,8600000.0,0.07202680067001675,0.19,0.19,45263158,45263158,,,1620592285,16:31:25,20210509
121,1991-03-31,FSS,USD,1991-03-31,1991-03-31,Q1,110500000,73900000.0,36600000.0,0.33122171945701356,0.0,0.0,0.0,0.0,26900000.0,100800000.0,1600000.0,2100000.0,11800000.0,0.10678733031674208,9700000.0,0.08778280542986425,300000.0,8500000.0,0.07692307692307693,2800000.0,5700000.0,0.051583710407239816,0.13,0.13,43846154,43846154,,,1620592285,16:31:25,20210509
122,1990-12-31,FSS,USD,1990-12-31,1990-12-31,Q4,110700000,71500000.0,39200000.0,0.35411020776874436,0.0,0.0,0.0,0.0,26900000.0,98400000.0,1000000.0,2000000.0,14300000.0,0.12917795844625113,12300000.0,0.1111111111111111,-100000.0,11300000.0,0.1020776874435411,3700000.0,7600000.0,0.06865401987353206,0.1643243243243243,0.1643243243243243,46250000,46250000,,,1620592285,16:31:25,20210509
123,1990-09-30,FSS,USD,1990-09-30,1990-09-30,Q3,109200000,70900000.0,38300000.0,0.3507326007326007,0.0,0.0,0.0,0.0,25900000.0,96800000.0,1300000.0,1800000.0,14200000.0,0.13003663003663005,12400000.0,0.11355311355311355,100000.0,11200000.0,0.10256410256410256,3800000.0,7400000.0,0.06776556776556776,0.16,0.16,46250000,46250000,,,1620592285,16:31:25,20210509
124,1990-06-30,FSS,USD,1990-06-30,1990-06-30,Q2,116100000,75600000.0,40500000.0,0.3488372093023256,0.0,0.0,0.0,0.0,27200000.0,102800000.0,1500000.0,2000000.0,15300000.0,0.13178294573643412,13300000.0,0.11455641688199827,200000.0,12000000.0,0.10335917312661498,4200000.0,7800000.0,0.06718346253229975,0.17,0.17,45882353,45882353,,,1620592285,16:31:25,20210509
125,1990-03-31,FSS,USD,1990-03-31,1990-03-31,Q1,103300000,67600000.0,35700000.0,0.345595353339787,0.0,0.0,0.0,0.0,26300000.0,93900000.0,1700000.0,2000000.0,11400000.0,0.11035818005808325,9400000.0,0.0909970958373669,300000.0,8000000.0,0.07744433688286544,2700000.0,5400000.0,0.05227492739593417,0.11,0.11,49090909,49090909,,,1620592285,16:31:25,20210509
126,1989-12-31,FSS,USD,1989-12-31,1989-12-31,Q4,106600000,0.0,0.0,0.0,0.0,0.0,0.0,0.0,0.0,0.0,0.0,0.0,-264000000.0,-2.476547842401501,-264000000.0,-2.476547842401501,0.0,0.0,0.0,0.0,0.0,0.0,0.0,0.0,45713000,45713000,,,1620592285,16:31:25,20210509
127,1989-09-30,FSS,USD,1989-09-30,1989-09-30,Q3,102100000,0.0,0.0,0.0,0.0,0.0,0.0,0.0,0.0,0.0,0.0,0.0,102100000.0,1.0,102100000.0,1.0,0.0,0.0,0.0,0.0,0.0,0.0,0.13,0.13,45713000,45713000,,,1620592285,16:31:25,20210509
128,1989-06-30,FSS,USD,1989-06-30,1989-06-30,Q2,108900000,0.0,0.0,0.0,0.0,0.0,0.0,0.0,0.0,0.0,0.0,0.0,108900000.0,1.0,108900000.0,1.0,0.0,0.0,0.0,0.0,0.0,0.0,0.13,0.13,45597000,45597000,,,1620592285,16:31:25,20210509
129,1989-03-31,FSS,USD,1989-03-31,1989-03-31,Q1,96500000,0.0,0.0,0.0,0.0,0.0,0.0,0.0,0.0,0.0,0.0,0.0,96500000.0,1.0,96500000.0,1.0,0.0,0.0,0.0,0.0,0.0,0.0,0.11,0.11,45549000,45549000,,,1620592285,16:31:25,20210509
130,1988-12-31,FSS,USD,1988-12-31,1988-12-31,Q4,99700000,0.0,0.0,0.0,0.0,0.0,0.0,0.0,0.0,0.0,0.0,0.0,-240400000.0,-2.41123370110331,-240400000.0,-2.41123370110331,0.0,0.0,0.0,0.0,0.0,0.0,0.0,0.0,45425000,45425000,,,1620592285,16:31:25,20210509
131,1988-09-30,FSS,USD,1988-09-30,1988-09-30,Q3,95900000,0.0,0.0,0.0,0.0,0.0,0.0,0.0,0.0,0.0,0.0,0.0,95900000.0,1.0,95900000.0,1.0,0.0,0.0,0.0,0.0,0.0,0.0,0.11,0.11,45425000,45425000,,,1620592285,16:31:25,20210509
132,1988-06-30,FSS,USD,1988-06-30,1988-06-30,Q2,93400000,0.0,0.0,0.0,0.0,0.0,0.0,0.0,0.0,0.0,0.0,0.0,93400000.0,1.0,93400000.0,1.0,0.0,0.0,0.0,0.0,0.0,0.0,0.11,0.11,45252000,45252000,,,1620592285,16:31:25,20210509
133,1988-03-31,FSS,USD,1988-03-31,1988-03-31,Q1,86400000,0.0,0.0,0.0,0.0,0.0,0.0,0.0,0.0,0.0,0.0,0.0,86400000.0,1.0,86400000.0,1.0,0.0,0.0,0.0,0.0,0.0,0.0,0.08,0.08,45252000,45252000,,,1620592285,16:31:25,20210509
134,1987-12-31,FSS,USD,1987-12-31,1987-12-31,Q4,87500000,0.0,0.0,0.0,0.0,0.0,0.0,0.0,0.0,0.0,0.0,0.0,-204600000.0,-2.338285714285714,-204600000.0,-2.338285714285714,0.0,0.0,0.0,0.0,0.0,0.0,0.0,0.0,47272000,47272000,,,1620592285,16:31:25,20210509
135,1987-09-30,FSS,USD,1987-09-30,1987-09-30,Q3,78900000,0.0,0.0,0.0,0.0,0.0,0.0,0.0,0.0,0.0,0.0,0.0,78900000.0,1.0,78900000.0,1.0,0.0,0.0,0.0,0.0,0.0,0.0,0.08,0.08,47272000,47272000,,,1620592285,16:31:25,20210509
136,1987-06-30,FSS,USD,1987-06-30,1987-06-30,Q2,78700000,0.0,0.0,0.0,0.0,0.0,0.0,0.0,0.0,0.0,0.0,0.0,78700000.0,1.0,78700000.0,1.0,0.0,0.0,0.0,0.0,0.0,0.0,0.08,0.08,47111000,47111000,,,1620592285,16:31:25,20210509
137,1987-03-31,FSS,USD,1987-03-31,1987-03-31,Q1,73100000,0.0,0.0,0.0,0.0,0.0,0.0,0.0,0.0,0.0,0.0,0.0,73100000.0,1.0,73100000.0,1.0,0.0,0.0,0.0,0.0,0.0,0.0,0.07,0.07,47111000,47111000,,,1620592285,16:31:25,20210509
138,1986-12-31,FSS,USD,1986-12-31,1986-12-31,Q4,66500000,0.0,0.0,0.0,0.0,0.0,0.0,0.0,0.0,0.0,0.0,0.0,-194500000.0,-2.924812030075188,-194500000.0,-2.924812030075188,0.0,0.0,0.0,0.0,0.0,0.0,0.0,0.0,47107000,47107000,,,1620592285,16:31:25,20210509
139,1986-09-30,FSS,USD,1986-09-30,1986-09-30,Q3,69700000,0.0,0.0,0.0,0.0,0.0,0.0,0.0,0.0,0.0,0.0,0.0,69700000.0,1.0,69700000.0,1.0,0.0,0.0,0.0,0.0,0.0,0.0,0.05,0.05,47107000,47107000,,,1620592285,16:31:25,20210509
140,1986-06-30,FSS,USD,1986-06-30,1986-06-30,Q2,73200000,0.0,0.0,0.0,0.0,0.0,0.0,0.0,0.0,0.0,0.0,0.0,73200000.0,1.0,73200000.0,1.0,0.0,0.0,0.0,0.0,0.0,0.0,0.07,0.07,45280000,45280000,,,1620592285,16:31:25,20210509
141,1986-03-31,FSS,USD,1986-03-31,1986-03-31,Q1,74100000,0.0,0.0,0.0,0.0,0.0,0.0,0.0,0.0,0.0,0.0,0.0,74100000.0,1.0,74100000.0,1.0,0.0,0.0,0.0,0.0,0.0,0.0,0.07,0.07,45280000,45280000,,,1620592285,16:31:25,20210509
142,1985-12-31,FSS,USD,1985-12-31,1985-12-31,Q4,67300000,0.0,0.0,0.0,0.0,0.0,0.0,0.0,0.0,0.0,0.0,0.0,-190900000.0,-2.836552748885587,-190900000.0,-2.836552748885587,0.0,0.0,0.0,0.0,0.0,0.0,0.0,0.0,45237000,45237000,,,1620592285,16:31:25,20210509
143,1985-09-30,FSS,USD,1985-09-30,1985-09-30,Q3,71700000,0.0,0.0,0.0,0.0,0.0,0.0,0.0,0.0,0.0,0.0,0.0,71700000.0,1.0,71700000.0,1.0,0.0,0.0,0.0,0.0,0.0,0.0,0.07,0.07,45237000,45237000,,,1620592285,16:31:25,20210509
