,date,symbol,reportedCurrency,fillingDate,acceptedDate,period,revenue,costOfRevenue,grossProfit,grossProfitRatio,researchAndDevelopmentExpenses,generalAndAdministrativeExpenses,sellingAndMarketingExpenses,otherExpenses,operatingExpenses,costAndExpenses,interestExpense,depreciationAndAmortization,ebitda,ebitdaratio,operatingIncome,operatingIncomeRatio,totalOtherIncomeExpensesNet,incomeBeforeTax,incomeBeforeTaxRatio,incomeTaxExpense,netIncome,netIncomeRatio,eps,epsdiluted,weightedAverageShsOut,weightedAverageShsOutDil,link,finalLink,timestamp,est_time,est_date
0,2019-06-30,1189.HK,HKD,2019-06-30,2019-06-30,Q2,53844000,38122750,15721250.0,0.291977750538593,0.0,29403000,243000.0,543750.0,0.0,67768750,862250.0,17331500.0,3406750.0,0.0632707451155189,-13924750.0,-0.2586128445137805,0.0,-27374500.0,-0.5084039075848749,349500.0,-23858750.0,-0.44310879578040263,-0.03,-0.03,789211046,789211046,https://www1.hkexnews.hk/search/titlesearch.xhtml,https://www1.hkexnews.hk/search/titlesearch.xhtml,1620585117,14:31:57,20210509
1,2019-03-31,1189.HK,HKD,2019-03-31,2019-03-31,Q1,53844000,38122750,15721250.0,0.291977750538593,0.0,29403000,243000.0,543750.0,0.0,67768750,862250.0,17331500.0,3406750.0,0.0632707451155189,-13924750.0,-0.2586128445137805,0.0,-27374500.0,-0.5084039075848749,349500.0,-23858750.0,-0.44310879578040263,-0.03,-0.03,789211046,789211046,https://www1.hkexnews.hk/search/titlesearch.xhtml,https://www1.hkexnews.hk/search/titlesearch.xhtml,1620585117,14:31:57,20210509
2,2019-01-31,1189.HK,HKD,2019-01-31,2019-01-31,Q1,53844000,38122750,15721250.0,0.291977750538593,0.0,29403000,243000.0,543750.0,0.0,67768750,862250.0,17331500.0,3406750.0,0.0632707451155189,-13924750.0,-0.2586128445137805,0.0,-27374500.0,-0.5084039075848749,349500.0,-23858750.0,-0.44310879578040263,-0.03,-0.03,789211046,789211046,https://www1.hkexnews.hk/search/titlesearch.xhtml,https://www1.hkexnews.hk/search/titlesearch.xhtml,1620585117,14:31:57,20210509
3,2018-06-30,1189.HK,HKD,2018-06-30,2018-06-30,Q2,65752750,39178250,26574500.0,0.40415800099615606,0.0,34388000,318500.0,379500.0,0.0,73884750,94000.0,9174500.0,1042500.0,0.01585485017736901,-8132000.0,-0.12367543562816764,0.0,-16441250.0,-0.2500465759987225,-16547000.0,-946250.0,-0.014391033074662276,-0.001199,-0.001199,789211046,789211046,https://www1.hkexnews.hk/search/titlesearch.xhtml,https://www1.hkexnews.hk/search/titlesearch.xhtml,1620585117,14:31:57,20210509
4,2018-03-31,1189.HK,HKD,2018-03-31,2018-03-31,Q1,65752750,39178250,26574500.0,0.40415800099615606,0.0,34388000,318500.0,379500.0,0.0,73884750,94000.0,9174500.0,1042500.0,0.01585485017736901,-8132000.0,-0.12367543562816764,0.0,-16441250.0,-0.2500465759987225,-16547000.0,-946250.0,-0.014391033074662276,-0.001199,-0.001199,789211046,789211046,https://www1.hkexnews.hk/search/titlesearch.xhtml,https://www1.hkexnews.hk/search/titlesearch.xhtml,1620585117,14:31:57,20210509
5,2018-01-31,1189.HK,HKD,2018-01-31,2018-01-31,Q1,65752750,39178250,26574500.0,0.40415800099615606,0.0,34388000,318500.0,379500.0,0.0,73884750,94000.0,9174500.0,1042500.0,0.01585485017736901,-8132000.0,-0.12367543562816764,0.0,-16441250.0,-0.2500465759987225,-16547000.0,-946250.0,-0.014391033074662276,-0.001199,-0.001199,789211046,789211046,https://www1.hkexnews.hk/search/titlesearch.xhtml,https://www1.hkexnews.hk/search/titlesearch.xhtml,1620585117,14:31:57,20210509
6,2017-06-30,1189.HK,HKD,2017-06-30,2017-06-30,Q2,63077750,37908250,25169500.0,0.39902342743677444,0.0,31543250,285750.0,156250.0,0.0,73166000,266500.0,9415000.0,-673250.0,-0.010673335684928521,-10088250.0,-0.15993357404155983,0.0,-31951500.0,-0.5065415300957945,-639500.0,-29032000.0,-0.46025738077214234,-0.0375,-0.0375,789211046,789211046,https://www1.hkexnews.hk/search/titlesearch.xhtml,https://www1.hkexnews.hk/search/titlesearch.xhtml,1620585117,14:31:57,20210509
7,2017-03-31,1189.HK,HKD,2017-03-31,2017-03-31,Q1,63077750,37908250,25169500.0,0.39902342743677444,0.0,31543250,285750.0,156250.0,0.0,73166000,266500.0,9415000.0,-673250.0,-0.010673335684928521,-10088250.0,-0.15993357404155983,0.0,-31951500.0,-0.5065415300957945,-639500.0,-29032000.0,-0.46025738077214234,-0.0375,-0.0375,789211046,789211046,https://www1.hkexnews.hk/search/titlesearch.xhtml,https://www1.hkexnews.hk/search/titlesearch.xhtml,1620585117,14:31:57,20210509
8,2017-01-31,1189.HK,HKD,2017-01-31,2017-01-31,Q1,63077750,37908250,25169500.0,0.39902342743677444,0.0,31543250,285750.0,156250.0,0.0,73166000,266500.0,9415000.0,-673250.0,-0.010673335684928521,-10088250.0,-0.15993357404155983,0.0,-31951500.0,-0.5065415300957945,-639500.0,-29032000.0,-0.46025738077214234,-0.0375,-0.0375,789211046,789211046,https://www1.hkexnews.hk/search/titlesearch.xhtml,https://www1.hkexnews.hk/search/titlesearch.xhtml,1620585117,14:31:57,20210509
9,2016-06-30,1189.HK,HKD,2016-06-30,2016-06-30,Q2,60574000,36172250,24401750.0,0.4028419784065771,0.0,39821750,369000.0,0.0,0.0,73581250,570000.0,7495500.0,-5511750.0,-0.09099200977317001,-13007250.0,-0.2147332188727837,0.0,-23132250.0,-0.3818841417109651,166250.0,-21609500.0,-0.3567454683527586,-0.0275,-0.0275,789211046,789211046,https://www1.hkexnews.hk/search/titlesearch.xhtml,https://www1.hkexnews.hk/search/titlesearch.xhtml,1620585117,14:31:57,20210509
10,2016-03-31,1189.HK,HKD,2016-03-31,2016-03-31,Q1,60574000,36172250,24401750.0,0.4028419784065771,0.0,39821750,369000.0,0.0,0.0,73581250,570000.0,7495500.0,-5511750.0,-0.09099200977317001,-13007250.0,-0.2147332188727837,0.0,-23132250.0,-0.3818841417109651,166250.0,-21609500.0,-0.3567454683527586,-0.0275,-0.0275,789211046,789211046,https://www1.hkexnews.hk/search/titlesearch.xhtml,https://www1.hkexnews.hk/search/titlesearch.xhtml,1620585117,14:31:57,20210509
11,2016-01-31,1189.HK,HKD,2016-01-31,2016-01-31,Q1,60574000,36172250,24401750.0,0.4028419784065771,0.0,39821750,369000.0,0.0,0.0,73581250,570000.0,7495500.0,-5511750.0,-0.09099200977317001,-13007250.0,-0.2147332188727837,0.0,-23132250.0,-0.3818841417109651,166250.0,-21609500.0,-0.3567454683527586,-0.0275,-0.0275,789211046,789211046,https://www1.hkexnews.hk/search/titlesearch.xhtml,https://www1.hkexnews.hk/search/titlesearch.xhtml,1620585117,14:31:57,20210509
12,2015-09-30,1189.HK,HKD,2015-09-30,2015-09-30,Q3,58853000,37889250,20963750.0,0.3562052911491343,0.0,42334500,219500.0,0.0,0.0,80300250,408000.0,8195000.0,-13252250.0,-0.2251754371060099,-21447250.0,-0.3644206752417039,0.0,-29952750.0,-0.5089417701731432,392000.0,-26274500.0,-0.4464428321410973,-0.035,-0.035,731912162,731912162,https://www1.hkexnews.hk/search/titlesearch.xhtml,https://www1.hkexnews.hk/search/titlesearch.xhtml,1620585117,14:31:57,20210509
13,2015-06-30,1189.HK,HKD,2015-06-30,2015-06-30,Q2,58853000,37889250,20963750.0,0.3562052911491343,0.0,42334500,219500.0,0.0,0.0,80300250,408000.0,8195000.0,-13252250.0,-0.2251754371060099,-21447250.0,-0.3644206752417039,0.0,-29952750.0,-0.5089417701731432,392000.0,-26274500.0,-0.4464428321410973,-0.035,-0.035,731912162,731912162,https://www1.hkexnews.hk/search/titlesearch.xhtml,https://www1.hkexnews.hk/search/titlesearch.xhtml,1620585117,14:31:57,20210509
14,2015-03-31,1189.HK,HKD,2015-03-31,2015-03-31,Q1,58853000,37889250,20963750.0,0.3562052911491343,0.0,42334500,219500.0,0.0,0.0,80300250,408000.0,8195000.0,-13252250.0,-0.2251754371060099,-21447250.0,-0.3644206752417039,0.0,-29952750.0,-0.5089417701731432,392000.0,-26274500.0,-0.4464428321410973,-0.035,-0.035,731912162,731912162,https://www1.hkexnews.hk/search/titlesearch.xhtml,https://www1.hkexnews.hk/search/titlesearch.xhtml,1620585117,14:31:57,20210509
15,2015-01-31,1189.HK,HKD,2015-01-31,2015-01-31,Q1,58853000,37889250,20963750.0,0.3562052911491343,0.0,42334500,219500.0,0.0,0.0,80300250,408000.0,8195000.0,-13252250.0,-0.2251754371060099,-21447250.0,-0.3644206752417039,0.0,-29952750.0,-0.5089417701731432,392000.0,-26274500.0,-0.4464428321410973,-0.035,-0.035,731912162,731912162,https://www1.hkexnews.hk/search/titlesearch.xhtml,https://www1.hkexnews.hk/search/titlesearch.xhtml,1620585117,14:31:57,20210509
16,2014-09-30,1189.HK,HKD,2014-09-30,2014-09-30,Q3,101661750,65331500,36330250.0,0.3573640036690299,0.0,48277750,516750.0,0.0,0.0,112093750,3697750.0,10865750.0,433750.0,0.004266599778185994,-10432000.0,-0.10261479858452172,0.0,93882750.0,0.9234815454189997,650000.0,95188750.0,0.9363280683246157,0.145,0.145,657675872,657675872,https://www1.hkexnews.hk/search/titlesearch.xhtml,https://www1.hkexnews.hk/search/titlesearch.xhtml,1620585117,14:31:57,20210509
17,2014-06-30,1189.HK,HKD,2014-06-30,2014-06-30,Q2,101661750,65331500,36330250.0,0.3573640036690299,0.0,48277750,516750.0,0.0,0.0,112093750,3697750.0,10865750.0,433750.0,0.004266599778185994,-10432000.0,-0.10261479858452172,0.0,93882750.0,0.9234815454189997,650000.0,95188750.0,0.9363280683246157,0.145,0.145,657675872,657675872,https://www1.hkexnews.hk/search/titlesearch.xhtml,https://www1.hkexnews.hk/search/titlesearch.xhtml,1620585117,14:31:57,20210509
18,2014-03-31,1189.HK,HKD,2014-03-31,2014-03-31,Q1,101661750,65331500,36330250.0,0.3573640036690299,0.0,48277750,516750.0,0.0,0.0,112093750,3697750.0,10865750.0,433750.0,0.004266599778185994,-10432000.0,-0.10261479858452172,0.0,93882750.0,0.9234815454189997,650000.0,95188750.0,0.9363280683246157,0.145,0.145,657675872,657675872,https://www1.hkexnews.hk/search/titlesearch.xhtml,https://www1.hkexnews.hk/search/titlesearch.xhtml,1620585117,14:31:57,20210509
19,2014-01-31,1189.HK,HKD,2014-01-31,2014-01-31,Q1,101661750,65331500,36330250.0,0.3573640036690299,0.0,48277750,516750.0,0.0,0.0,112093750,3697750.0,10865750.0,433750.0,0.004266599778185994,-10432000.0,-0.10261479858452172,0.0,93882750.0,0.9234815454189997,650000.0,95188750.0,0.9363280683246157,0.145,0.145,657675872,657675872,https://www1.hkexnews.hk/search/titlesearch.xhtml,https://www1.hkexnews.hk/search/titlesearch.xhtml,1620585117,14:31:57,20210509
20,2013-09-30,1189.HK,HKD,2013-09-30,2013-09-30,Q3,111805000,82983250,28821750.0,0.2577858771969053,0.0,55871250,1153250.0,0.0,0.0,139024000,8020750.0,23964750.0,-3254250.0,-0.029106480032198918,-27219000.0,-0.24345065068646304,0.0,125546000.0,1.1229014802558026,14771500.0,95491500.0,0.854089709762533,0.145,0.145,657675872,657675872,https://www1.hkexnews.hk/search/titlesearch.xhtml,https://www1.hkexnews.hk/search/titlesearch.xhtml,1620585117,14:31:57,20210509
21,2013-06-30,1189.HK,HKD,2013-06-30,2013-06-30,Q2,111805000,82983250,28821750.0,0.2577858771969053,0.0,55871250,1153250.0,0.0,0.0,139024000,8020750.0,23964750.0,-3254250.0,-0.029106480032198918,-27219000.0,-0.24345065068646304,0.0,125546000.0,1.1229014802558026,14771500.0,95491500.0,0.854089709762533,0.145,0.145,657675872,657675872,https://www1.hkexnews.hk/search/titlesearch.xhtml,https://www1.hkexnews.hk/search/titlesearch.xhtml,1620585117,14:31:57,20210509
22,2013-03-31,1189.HK,HKD,2013-03-31,2013-03-31,Q1,111805000,82983250,28821750.0,0.2577858771969053,0.0,55871250,1153250.0,0.0,0.0,139024000,8020750.0,23964750.0,-3254250.0,-0.029106480032198918,-27219000.0,-0.24345065068646304,0.0,125546000.0,1.1229014802558026,14771500.0,95491500.0,0.854089709762533,0.145,0.145,657675872,657675872,https://www1.hkexnews.hk/search/titlesearch.xhtml,https://www1.hkexnews.hk/search/titlesearch.xhtml,1620585117,14:31:57,20210509
23,2013-01-31,1189.HK,HKD,2013-01-31,2013-01-31,Q1,111805000,82983250,28821750.0,0.2577858771969053,0.0,55871250,1153250.0,0.0,0.0,139024000,8020750.0,23964750.0,-3254250.0,-0.029106480032198918,-27219000.0,-0.24345065068646304,0.0,125546000.0,1.1229014802558026,14771500.0,95491500.0,0.854089709762533,0.145,0.145,657675872,657675872,https://www1.hkexnews.hk/search/titlesearch.xhtml,https://www1.hkexnews.hk/search/titlesearch.xhtml,1620585117,14:31:57,20210509
24,2012-09-30,1189.HK,HKD,2012-09-30,2012-09-30,Q3,107366500,79665000,27701500.0,0.25800878300028407,0.0,40741250,1387500.0,0.0,0.0,120939000,4650500.0,20435250.0,6862750.0,0.06391891325506559,-13572500.0,-0.12641280101335148,0.0,-37028000.0,-0.3448747980049643,233250.0,-35797000.0,-0.3334093967857758,-0.055,-0.055,657675872,657675872,https://www1.hkexnews.hk/search/titlesearch.xhtml,https://www1.hkexnews.hk/search/titlesearch.xhtml,1620585117,14:31:57,20210509
25,2012-06-30,1189.HK,HKD,2012-06-30,2012-06-30,Q2,107366500,79665000,27701500.0,0.25800878300028407,0.0,40741250,1387500.0,0.0,0.0,120939000,4650500.0,20435250.0,6862750.0,0.06391891325506559,-13572500.0,-0.12641280101335148,0.0,-37028000.0,-0.3448747980049643,233250.0,-35797000.0,-0.3334093967857758,-0.055,-0.055,657675872,657675872,https://www1.hkexnews.hk/search/titlesearch.xhtml,https://www1.hkexnews.hk/search/titlesearch.xhtml,1620585117,14:31:57,20210509
26,2012-03-31,1189.HK,HKD,2012-03-31,2012-03-31,Q1,107366500,79665000,27701500.0,0.25800878300028407,0.0,40741250,1387500.0,0.0,0.0,120939000,4650500.0,20435250.0,6862750.0,0.06391891325506559,-13572500.0,-0.12641280101335148,0.0,-37028000.0,-0.3448747980049643,233250.0,-35797000.0,-0.3334093967857758,-0.055,-0.055,657675872,657675872,https://www1.hkexnews.hk/search/titlesearch.xhtml,https://www1.hkexnews.hk/search/titlesearch.xhtml,1620585117,14:31:57,20210509
27,2012-01-31,1189.HK,HKD,2012-01-31,2012-01-31,Q1,107366500,79665000,27701500.0,0.25800878300028407,0.0,40741250,1387500.0,0.0,0.0,120939000,4650500.0,20435250.0,6862750.0,0.06391891325506559,-13572500.0,-0.12641280101335148,0.0,-37028000.0,-0.3448747980049643,233250.0,-35797000.0,-0.3334093967857758,-0.055,-0.055,657675872,657675872,https://www1.hkexnews.hk/search/titlesearch.xhtml,https://www1.hkexnews.hk/search/titlesearch.xhtml,1620585117,14:31:57,20210509
28,2011-09-30,1189.HK,HKD,2011-09-30,2011-09-30,Q3,97755750,82677500,15078250.0,0.15424412374719645,0.0,45772750,1142500.0,-1126500.0,0.0,129592750,6014750.0,26178000.0,-5659000.0,-0.057889177874447285,-31837000.0,-0.3256790521273685,0.0,-54471500.0,-0.5572204192592252,361250.0,-54832750.0,-0.5609158540546209,-0.0775,-0.0775,657675872,657675872,https://www1.hkexnews.hk/search/titlesearch.xhtml,https://www1.hkexnews.hk/search/titlesearch.xhtml,1620585117,14:31:57,20210509
29,2011-06-30,1189.HK,HKD,2011-06-30,2011-06-30,Q2,97755750,82677500,15078250.0,0.15424412374719645,0.0,45772750,1142500.0,-1126500.0,0.0,129592750,6014750.0,26178000.0,-5659000.0,-0.057889177874447285,-31837000.0,-0.3256790521273685,0.0,-54471500.0,-0.5572204192592252,361250.0,-54832750.0,-0.5609158540546209,-0.0775,-0.0775,657675872,657675872,https://www1.hkexnews.hk/search/titlesearch.xhtml,https://www1.hkexnews.hk/search/titlesearch.xhtml,1620585117,14:31:57,20210509
30,2011-03-31,1189.HK,HKD,2011-03-31,2011-03-31,Q1,97755750,82677500,15078250.0,0.15424412374719645,0.0,45772750,1142500.0,-1126500.0,0.0,129592750,6014750.0,26178000.0,-5659000.0,-0.057889177874447285,-31837000.0,-0.3256790521273685,0.0,-54471500.0,-0.5572204192592252,361250.0,-54832750.0,-0.5609158540546209,-0.0775,-0.0775,657675872,657675872,https://www1.hkexnews.hk/search/titlesearch.xhtml,https://www1.hkexnews.hk/search/titlesearch.xhtml,1620585117,14:31:57,20210509
31,2011-01-31,1189.HK,HKD,2011-01-31,2011-01-31,Q1,97755750,82677500,15078250.0,0.15424412374719645,0.0,45772750,1142500.0,-1126500.0,0.0,129592750,6014750.0,26178000.0,-5659000.0,-0.057889177874447285,-31837000.0,-0.3256790521273685,0.0,-54471500.0,-0.5572204192592252,361250.0,-54832750.0,-0.5609158540546209,-0.0775,-0.0775,657675872,657675872,https://www1.hkexnews.hk/search/titlesearch.xhtml,https://www1.hkexnews.hk/search/titlesearch.xhtml,1620585117,14:31:57,20210509
32,2010-09-30,1189.HK,HKD,2010-09-30,2010-09-30,Q3,77334750,68647750,8687000.0,0.11232983878528087,0.0,57103250,841500.0,-909500.0,-15152000.0,113779750,14129250.0,2339250.0,-34105750.0,-0.4410145503800038,-36445000.0,-0.47126291867498116,0.0,-72718000.0,-0.9403017401620876,-1015250.0,117111500.0,1.5143451035918523,0.2025,0.2025,576601952,576601952,https://www1.hkexnews.hk/search/titlesearch.xhtml,https://www1.hkexnews.hk/search/titlesearch.xhtml,1620585117,14:31:57,20210509
33,2010-06-30,1189.HK,HKD,2010-06-30,2010-06-30,Q2,77334750,68647750,8687000.0,0.11232983878528087,0.0,57103250,841500.0,-909500.0,-15152000.0,113779750,14129250.0,2339250.0,-34105750.0,-0.4410145503800038,-36445000.0,-0.47126291867498116,0.0,-72718000.0,-0.9403017401620876,-1015250.0,117111500.0,1.5143451035918523,0.2025,0.2025,576601952,576601952,https://www1.hkexnews.hk/search/titlesearch.xhtml,https://www1.hkexnews.hk/search/titlesearch.xhtml,1620585117,14:31:57,20210509
34,2010-03-31,1189.HK,HKD,2010-03-31,2010-03-31,Q1,77334750,68647750,8687000.0,0.11232983878528087,0.0,57103250,841500.0,-909500.0,-15152000.0,113779750,14129250.0,2339250.0,-34105750.0,-0.4410145503800038,-36445000.0,-0.47126291867498116,0.0,-72718000.0,-0.9403017401620876,-1015250.0,117111500.0,1.5143451035918523,0.2025,0.2025,576601952,576601952,https://www1.hkexnews.hk/search/titlesearch.xhtml,https://www1.hkexnews.hk/search/titlesearch.xhtml,1620585117,14:31:57,20210509
35,2010-01-31,1189.HK,HKD,2010-01-31,2010-01-31,Q1,77334750,68647750,8687000.0,0.11232983878528087,0.0,57103250,841500.0,-909500.0,-15152000.0,113779750,14129250.0,2339250.0,-34105750.0,-0.4410145503800038,-36445000.0,-0.47126291867498116,0.0,-72718000.0,-0.9403017401620876,-1015250.0,117111500.0,1.5143451035918523,0.2025,0.2025,576601952,576601952,https://www1.hkexnews.hk/search/titlesearch.xhtml,https://www1.hkexnews.hk/search/titlesearch.xhtml,1620585117,14:31:57,20210509
36,2009-09-30,1189.HK,HKD,2009-09-30,2009-09-30,Q3,490016000,405880500,84135500.0,0.17169949552667668,0.0,113953500,8370000.0,0.0,-1817500.0,526386500,28244750.0,19131500.0,-17239000.0,-0.035180483902566444,-36370500.0,-0.07422308659309083,0.0,-86284250.0,-0.17608455642264742,513000.0,-89452750.0,-0.1825506718147979,-3.65,-3.65,24648926,24648926,https://www1.hkexnews.hk/search/titlesearch.xhtml,https://www1.hkexnews.hk/search/titlesearch.xhtml,1620585117,14:31:57,20210509
37,2009-06-30,1189.HK,HKD,2009-06-30,2009-06-30,Q2,490016000,405880500,84135500.0,0.17169949552667668,0.0,113953500,8370000.0,0.0,-1817500.0,526386500,28244750.0,19131500.0,-17239000.0,-0.035180483902566444,-36370500.0,-0.07422308659309083,0.0,-86284250.0,-0.17608455642264742,513000.0,-89452750.0,-0.1825506718147979,-3.65,-3.65,24648926,24648926,https://www1.hkexnews.hk/search/titlesearch.xhtml,https://www1.hkexnews.hk/search/titlesearch.xhtml,1620585117,14:31:57,20210509
38,2009-03-31,1189.HK,HKD,2009-03-31,2009-03-31,Q1,490016000,405880500,84135500.0,0.17169949552667668,0.0,113953500,8370000.0,0.0,-1817500.0,526386500,28244750.0,19131500.0,-17239000.0,-0.035180483902566444,-36370500.0,-0.07422308659309083,0.0,-86284250.0,-0.17608455642264742,513000.0,-89452750.0,-0.1825506718147979,-3.65,-3.65,24648926,24648926,https://www1.hkexnews.hk/search/titlesearch.xhtml,https://www1.hkexnews.hk/search/titlesearch.xhtml,1620585117,14:31:57,20210509
39,2009-01-31,1189.HK,HKD,2009-01-31,2009-01-31,Q1,490016000,405880500,84135500.0,0.17169949552667668,0.0,113953500,8370000.0,0.0,-1817500.0,526386500,28244750.0,19131500.0,-17239000.0,-0.035180483902566444,-36370500.0,-0.07422308659309083,0.0,-86284250.0,-0.17608455642264742,513000.0,-89452750.0,-0.1825506718147979,-3.65,-3.65,24648926,24648926,https://www1.hkexnews.hk/search/titlesearch.xhtml,https://www1.hkexnews.hk/search/titlesearch.xhtml,1620585117,14:31:57,20210509
40,2008-09-30,1189.HK,HKD,2008-09-30,2008-09-30,Q3,554224250,448299750,105924500.0,0.19112209543339181,0.0,117891250,12929500.0,0.0,-1510000.0,577610500,23433250.0,19102750.0,-4283500.0,-0.0077288209601077545,-23386250.0,-0.04219636726469475,0.0,-206437000.0,-0.37247919050817424,1791250.0,-172229500.0,-0.31075778441668694,-0.6,-0.6,296954131,296954131,https://www1.hkexnews.hk/search/titlesearch.xhtml,https://www1.hkexnews.hk/search/titlesearch.xhtml,1620585117,14:31:57,20210509
41,2008-06-30,1189.HK,HKD,2008-06-30,2008-06-30,Q2,554224250,448299750,105924500.0,0.19112209543339181,0.0,117891250,12929500.0,0.0,-1510000.0,577610500,23433250.0,19102750.0,-4283500.0,-0.0077288209601077545,-23386250.0,-0.04219636726469475,0.0,-206437000.0,-0.37247919050817424,1791250.0,-172229500.0,-0.31075778441668694,-0.6,-0.6,296954131,296954131,https://www1.hkexnews.hk/search/titlesearch.xhtml,https://www1.hkexnews.hk/search/titlesearch.xhtml,1620585117,14:31:57,20210509
42,2008-03-31,1189.HK,HKD,2008-03-31,2008-03-31,Q1,554224250,448299750,105924500.0,0.19112209543339181,0.0,117891250,12929500.0,0.0,-1510000.0,577610500,23433250.0,19102750.0,-4283500.0,-0.0077288209601077545,-23386250.0,-0.04219636726469475,0.0,-206437000.0,-0.37247919050817424,1791250.0,-172229500.0,-0.31075778441668694,-0.6,-0.6,296954131,296954131,https://www1.hkexnews.hk/search/titlesearch.xhtml,https://www1.hkexnews.hk/search/titlesearch.xhtml,1620585117,14:31:57,20210509
43,2008-01-31,1189.HK,HKD,2008-01-31,2008-01-31,Q1,554224250,448299750,105924500.0,0.19112209543339181,0.0,117891250,12929500.0,0.0,-1510000.0,577610500,23433250.0,19102750.0,-4283500.0,-0.0077288209601077545,-23386250.0,-0.04219636726469475,0.0,-206437000.0,-0.37247919050817424,1791250.0,-172229500.0,-0.31075778441668694,-0.6,-0.6,296954131,296954131,https://www1.hkexnews.hk/search/titlesearch.xhtml,https://www1.hkexnews.hk/search/titlesearch.xhtml,1620585117,14:31:57,20210509
44,2007-09-30,1189.HK,HKD,2007-09-30,2007-09-30,Q3,238405750,209933500,28472250.0,0.11942769836717446,0.0,24176000,0.0,0.0,0.0,234109500,0.0,0.0,4296250.0,55.491591504218796,4296250.0,0.018020748241181262,0.0,2144250.0,0.008994120317987297,783500.0,1360750.0,0.00570770629483559,0.1,0.1,91037926,91037926,https://www1.hkexnews.hk/search/titlesearch.xhtml,https://www1.hkexnews.hk/search/titlesearch.xhtml,1620585117,14:31:57,20210509
45,2007-06-30,1189.HK,HKD,2007-06-30,2007-06-30,Q2,238405750,209933500,28472250.0,0.11942769836717446,0.0,24176000,0.0,0.0,0.0,234109500,0.0,0.0,4296250.0,55.491591504218796,4296250.0,0.018020748241181262,0.0,2144250.0,0.008994120317987297,783500.0,1360750.0,0.00570770629483559,0.1,0.1,91037926,91037926,https://www1.hkexnews.hk/search/titlesearch.xhtml,https://www1.hkexnews.hk/search/titlesearch.xhtml,1620585117,14:31:57,20210509
46,2007-03-31,1189.HK,HKD,2007-03-31,2007-03-31,Q1,238405750,209933500,28472250.0,0.11942769836717446,0.0,24176000,0.0,0.0,0.0,234109500,0.0,0.0,4296250.0,55.491591504218796,4296250.0,0.018020748241181262,0.0,2144250.0,0.008994120317987297,783500.0,1360750.0,0.00570770629483559,0.1,0.1,91037926,91037926,https://www1.hkexnews.hk/search/titlesearch.xhtml,https://www1.hkexnews.hk/search/titlesearch.xhtml,1620585117,14:31:57,20210509
47,2007-01-31,1189.HK,HKD,2007-01-31,2007-01-31,Q1,238405750,209933500,28472250.0,0.11942769836717446,0.0,24176000,0.0,0.0,0.0,234109500,0.0,0.0,4296250.0,55.491591504218796,4296250.0,0.018020748241181262,0.0,2144250.0,0.008994120317987297,783500.0,1360750.0,0.00570770629483559,0.1,0.1,91037926,91037926,https://www1.hkexnews.hk/search/titlesearch.xhtml,https://www1.hkexnews.hk/search/titlesearch.xhtml,1620585117,14:31:57,20210509
48,2006-09-30,1189.HK,HKD,2006-09-30,2006-09-30,Q3,498088500,409113750,88974750.0,0.17863241170996721,0.0,71850250,13222000.0,0.0,-223500.0,493962500,0.0,13228000.0,17354000.0,0.034841197899570055,4126000.0,0.008283668464539937,0.0,-20323750.0,-0.04080349174895626,-472750.0,-19851000.0,-0.0398543632306307,-0.65,-0.65,27595385,27595385,https://www1.hkexnews.hk/search/titlesearch.xhtml,https://www1.hkexnews.hk/search/titlesearch.xhtml,1620585117,14:31:57,20210509
49,2006-06-30,1189.HK,HKD,2006-06-30,2006-06-30,Q2,498088500,409113750,88974750.0,0.17863241170996721,0.0,71850250,13222000.0,0.0,-223500.0,493962500,0.0,13228000.0,17354000.0,0.034841197899570055,4126000.0,0.008283668464539937,0.0,-20323750.0,-0.04080349174895626,-472750.0,-19851000.0,-0.0398543632306307,-0.65,-0.65,27595385,27595385,https://www1.hkexnews.hk/search/titlesearch.xhtml,https://www1.hkexnews.hk/search/titlesearch.xhtml,1620585117,14:31:57,20210509
50,2006-03-31,1189.HK,HKD,2006-03-31,2006-03-31,Q1,498088500,409113750,88974750.0,0.17863241170996721,0.0,71850250,13222000.0,0.0,-223500.0,493962500,0.0,13228000.0,17354000.0,0.034841197899570055,4126000.0,0.008283668464539937,0.0,-20323750.0,-0.04080349174895626,-472750.0,-19851000.0,-0.0398543632306307,-0.65,-0.65,27595385,27595385,https://www1.hkexnews.hk/search/titlesearch.xhtml,https://www1.hkexnews.hk/search/titlesearch.xhtml,1620585117,14:31:57,20210509
51,2006-01-31,1189.HK,HKD,2006-01-31,2006-01-31,Q1,498088500,409113750,88974750.0,0.17863241170996721,0.0,71850250,13222000.0,0.0,-223500.0,493962500,0.0,13228000.0,17354000.0,0.034841197899570055,4126000.0,0.008283668464539937,0.0,-20323750.0,-0.04080349174895626,-472750.0,-19851000.0,-0.0398543632306307,-0.65,-0.65,27595385,27595385,https://www1.hkexnews.hk/search/titlesearch.xhtml,https://www1.hkexnews.hk/search/titlesearch.xhtml,1620585117,14:31:57,20210509
52,2005-09-30,1189.HK,HKD,2005-09-30,2005-09-30,Q3,453929500,367324500,86605000.0,0.19078953890416903,0.0,64952500,0.0,0.0,5588000.0,437865000,0.0,15185750.0,31250250.0,0.06884384028797423,16064500.0,0.035389856794942824,0.0,7531500.0,0.01659178352585589,-527000.0,8058500.0,0.017752756760686408,0.35,0.35,22220714,22220714,https://www1.hkexnews.hk/search/titlesearch.xhtml,https://www1.hkexnews.hk/search/titlesearch.xhtml,1620585117,14:31:57,20210509
53,2005-06-30,1189.HK,HKD,2005-06-30,2005-06-30,Q2,453929500,367324500,86605000.0,0.19078953890416903,0.0,64952500,0.0,0.0,5588000.0,437865000,0.0,15185750.0,31250250.0,0.06884384028797423,16064500.0,0.035389856794942824,0.0,7531500.0,0.01659178352585589,-527000.0,8058500.0,0.017752756760686408,0.35,0.35,22220714,22220714,https://www1.hkexnews.hk/search/titlesearch.xhtml,https://www1.hkexnews.hk/search/titlesearch.xhtml,1620585117,14:31:57,20210509
54,2005-03-31,1189.HK,HKD,2005-03-31,2005-03-31,Q1,453929500,367324500,86605000.0,0.19078953890416903,0.0,64952500,0.0,0.0,5588000.0,437865000,0.0,15185750.0,31250250.0,0.06884384028797423,16064500.0,0.035389856794942824,0.0,7531500.0,0.01659178352585589,-527000.0,8058500.0,0.017752756760686408,0.35,0.35,22220714,22220714,https://www1.hkexnews.hk/search/titlesearch.xhtml,https://www1.hkexnews.hk/search/titlesearch.xhtml,1620585117,14:31:57,20210509
55,2005-01-31,1189.HK,HKD,2005-01-31,2005-01-31,Q1,453929500,367324500,86605000.0,0.19078953890416903,0.0,64952500,0.0,0.0,5588000.0,437865000,0.0,15185750.0,31250250.0,0.06884384028797423,16064500.0,0.035389856794942824,0.0,7531500.0,0.01659178352585589,-527000.0,8058500.0,0.017752756760686408,0.35,0.35,22220714,22220714,https://www1.hkexnews.hk/search/titlesearch.xhtml,https://www1.hkexnews.hk/search/titlesearch.xhtml,1620585117,14:31:57,20210509
56,2004-09-30,1189.HK,HKD,2004-09-30,2004-09-30,Q3,430544250,356663000,73881250.0,0.17159966716545397,0.0,52736000,0.0,0.0,12887750.0,422286750,0.0,6734500.0,14992000.0,0.034821043365461275,8257500.0,0.0191792132864392,0.0,9459500.0,0.021971028529587842,-5750.0,9465250.0,0.021984383718978942,0.9,0.65,1611336638,1611336638,https://www1.hkexnews.hk/search/titlesearch.xhtml,https://www1.hkexnews.hk/search/titlesearch.xhtml,1620585117,14:31:57,20210509
57,2004-06-30,1189.HK,HKD,2004-06-30,2004-06-30,Q2,430544250,356663000,73881250.0,0.17159966716545397,0.0,52736000,0.0,0.0,12887750.0,422286750,0.0,6734500.0,14992000.0,0.034821043365461275,8257500.0,0.0191792132864392,0.0,9459500.0,0.021971028529587842,-5750.0,9465250.0,0.021984383718978942,0.9,0.65,1611336638,1611336638,https://www1.hkexnews.hk/search/titlesearch.xhtml,https://www1.hkexnews.hk/search/titlesearch.xhtml,1620585117,14:31:57,20210509
58,2004-03-31,1189.HK,HKD,2004-03-31,2004-03-31,Q1,430544250,356663000,73881250.0,0.17159966716545397,0.0,52736000,0.0,0.0,12887750.0,422286750,0.0,6734500.0,14992000.0,0.034821043365461275,8257500.0,0.0191792132864392,0.0,9459500.0,0.021971028529587842,-5750.0,9465250.0,0.021984383718978942,0.9,0.65,1611336638,1611336638,https://www1.hkexnews.hk/search/titlesearch.xhtml,https://www1.hkexnews.hk/search/titlesearch.xhtml,1620585117,14:31:57,20210509
59,2004-01-31,1189.HK,HKD,2004-01-31,2004-01-31,Q1,430544250,356663000,73881250.0,0.17159966716545397,0.0,52736000,0.0,0.0,12887750.0,422286750,0.0,6734500.0,14992000.0,0.034821043365461275,8257500.0,0.0191792132864392,0.0,9459500.0,0.021971028529587842,-5750.0,9465250.0,0.021984383718978942,0.9,0.65,1611336638,1611336638,https://www1.hkexnews.hk/search/titlesearch.xhtml,https://www1.hkexnews.hk/search/titlesearch.xhtml,1620585117,14:31:57,20210509
60,2003-09-30,1189.HK,HKD,2003-09-30,2003-09-30,Q3,354058750,314620250,39438500.0,0.11138970580447453,0.0,50674750,9702250.0,0.0,7851000.0,382972250,6261250.0,124000.0,-28789500.0,-0.0813127764813043,-28913500.0,-0.08166300084378651,0.0,-93261750.0,-0.2634075559494011,-518750.0,-92743000.0,-0.2619424036265168,-0.1015,-0.1015,915836638,915836638,https://www1.hkexnews.hk/search/titlesearch.xhtml,https://www1.hkexnews.hk/search/titlesearch.xhtml,1620585117,14:31:57,20210509
61,2003-06-30,1189.HK,HKD,2003-06-30,2003-06-30,Q2,354058750,314620250,39438500.0,0.11138970580447453,0.0,50674750,9702250.0,0.0,7851000.0,382972250,6261250.0,124000.0,-28789500.0,-0.0813127764813043,-28913500.0,-0.08166300084378651,0.0,-93261750.0,-0.2634075559494011,-518750.0,-92743000.0,-0.2619424036265168,-0.1015,-0.1015,915836638,915836638,https://www1.hkexnews.hk/search/titlesearch.xhtml,https://www1.hkexnews.hk/search/titlesearch.xhtml,1620585117,14:31:57,20210509
62,2003-03-31,1189.HK,HKD,2003-03-31,2003-03-31,Q1,354058750,314620250,39438500.0,0.11138970580447453,0.0,50674750,9702250.0,0.0,7851000.0,382972250,6261250.0,124000.0,-28789500.0,-0.0813127764813043,-28913500.0,-0.08166300084378651,0.0,-93261750.0,-0.2634075559494011,-518750.0,-92743000.0,-0.2619424036265168,-0.1015,-0.1015,915836638,915836638,https://www1.hkexnews.hk/search/titlesearch.xhtml,https://www1.hkexnews.hk/search/titlesearch.xhtml,1620585117,14:31:57,20210509
63,2003-01-31,1189.HK,HKD,2003-01-31,2003-01-31,Q1,354058750,314620250,39438500.0,0.11138970580447453,0.0,50674750,9702250.0,0.0,7851000.0,382972250,6261250.0,124000.0,-28789500.0,-0.0813127764813043,-28913500.0,-0.08166300084378651,0.0,-93261750.0,-0.2634075559494011,-518750.0,-92743000.0,-0.2619424036265168,-0.1015,-0.1015,915836638,915836638,https://www1.hkexnews.hk/search/titlesearch.xhtml,https://www1.hkexnews.hk/search/titlesearch.xhtml,1620585117,14:31:57,20210509
64,2002-09-30,1189.HK,HKD,2002-09-30,2002-09-30,Q3,330821500,292648250,38173250.0,0.11538926581253033,0.0,43200000,7743500.0,0.0,47935750.0,391568750,3177000.0,41250.0,-60706000.0,-0.18350077005273235,-60747250.0,-0.18362545965120164,0.0,-76038250.0,-0.22984676026195394,-167250.0,-75562000.0,-0.22840716217053608,-0.0915,-0.0915,825450000,825450000,https://www1.hkexnews.hk/search/titlesearch.xhtml,https://www1.hkexnews.hk/search/titlesearch.xhtml,1620585117,14:31:57,20210509
65,2002-06-30,1189.HK,HKD,2002-06-30,2002-06-30,Q2,330821500,292648250,38173250.0,0.11538926581253033,0.0,43200000,7743500.0,0.0,47935750.0,391568750,3177000.0,41250.0,-60706000.0,-0.18350077005273235,-60747250.0,-0.18362545965120164,0.0,-76038250.0,-0.22984676026195394,-167250.0,-75562000.0,-0.22840716217053608,-0.0915,-0.0915,825450000,825450000,https://www1.hkexnews.hk/search/titlesearch.xhtml,https://www1.hkexnews.hk/search/titlesearch.xhtml,1620585117,14:31:57,20210509
66,2002-03-31,1189.HK,HKD,2002-03-31,2002-03-31,Q1,330821500,292648250,38173250.0,0.11538926581253033,0.0,43200000,7743500.0,0.0,47935750.0,391568750,3177000.0,41250.0,-60706000.0,-0.18350077005273235,-60747250.0,-0.18362545965120164,0.0,-76038250.0,-0.22984676026195394,-167250.0,-75562000.0,-0.22840716217053608,-0.0915,-0.0915,825450000,825450000,https://www1.hkexnews.hk/search/titlesearch.xhtml,https://www1.hkexnews.hk/search/titlesearch.xhtml,1620585117,14:31:57,20210509
67,2002-01-31,1189.HK,HKD,2002-01-31,2002-01-31,Q1,330821500,292648250,38173250.0,0.11538926581253033,0.0,43200000,7743500.0,0.0,47935750.0,391568750,3177000.0,41250.0,-60706000.0,-0.18350077005273235,-60747250.0,-0.18362545965120164,0.0,-76038250.0,-0.22984676026195394,-167250.0,-75562000.0,-0.22840716217053608,-0.0915,-0.0915,825450000,825450000,https://www1.hkexnews.hk/search/titlesearch.xhtml,https://www1.hkexnews.hk/search/titlesearch.xhtml,1620585117,14:31:57,20210509
