,date,symbol,reportedCurrency,fillingDate,acceptedDate,period,revenue,costOfRevenue,grossProfit,grossProfitRatio,researchAndDevelopmentExpenses,generalAndAdministrativeExpenses,sellingAndMarketingExpenses,otherExpenses,operatingExpenses,costAndExpenses,interestExpense,depreciationAndAmortization,ebitda,ebitdaratio,operatingIncome,operatingIncomeRatio,totalOtherIncomeExpensesNet,incomeBeforeTax,incomeBeforeTaxRatio,incomeTaxExpense,netIncome,netIncomeRatio,eps,epsdiluted,weightedAverageShsOut,weightedAverageShsOutDil,link,finalLink,timestamp,est_time,est_date
0,2020-12-31,AFIB,USD,2021-03-19,2021-03-18 17:36:10,Q4,2574000.0,4891000.0,-2317000.0,-0.9001554001554002,8962000.0,15164000.0,0.0,0.0,24126000.0,29017000,1416000.0,1313000.0,-25130000.0,-9.763014763014763,-26443000.0,-10.273115773115773,-1563000.0,-29379000,-11.413752913752914,23000.0,-29402000,-11.422688422688422,-1.8284294852879583,-1.8284294852879583,16080467.0,16080467.0,https://www.sec.gov/Archives/edgar/data/1522860/000156459021014208/0001564590-21-014208-index.htm,https://www.sec.gov/Archives/edgar/data/1522860/000156459021014208/afib-10k_20201231.htm,1620586278,14:51:18,20210509
1,2020-09-30,AFIB,USD,2020-11-13,2020-09-30,Q3,3173000.0,5141000.0,-1968000.0,-0.6202332177749763,8343000.0,15833000.0,0.0,5259.0,24176000.0,29317000,1366000.0,1057000.0,-25087000.0,-7.906397730854081,-26144000.0,-8.239520958083832,-3801000.0,-31288000,-9.860699653324929,0.0,-31288000,-9.860699653324929,-1.95,-1.95,16080467.0,16080467.0,https://www.sec.gov/Archives/edgar/data/1522860/000156459020053665/0001564590-20-053665-index.htm,https://www.sec.gov/Archives/edgar/data/1522860/000156459020053665/afib-10q_20200930.htm,1620586278,14:51:18,20210509
2,2020-06-30,AFIB,USD,2020-09-18,2020-09-18,Q2,1134000.0,2663000.0,-1529000.0,-1.3483245149911816,8176000.0,9125000.0,0.0,0.0,17301000.0,19964000,1370000.0,826000.0,-18004000.0,-15.876543209876543,-18830000.0,-16.604938271604937,-3088000.0,-23193000,-20.452380952380953,0.0,-23193000,-20.452380952380953,-0.9414,-0.9414,24636717.0,24636717.0,https://www.sec.gov/Archives/edgar/data/1522860/000119312520249223/0001193125-20-249223-index.htm,https://www.sec.gov/ix?doc=/Archives/edgar/data/1522860/000119312520249223/d49972d10q.htm,1620586278,14:51:18,20210509
3,2020-03-31,AFIB,USD,2020-03-31,2020-03-31,Q1,1583000.0,3194000.0,-1611000.0,-1.0176879343019583,7973000.0,0.0,10235000.0,0.0,18208000.0,21402000,1354000.0,708000.0,-19111000.0,-12.0726468730259,-19819000.0,-12.519898926089702,2800000.0,-18098000,-11.432722678458623,0.0,-18098000,-11.432722678458623,-1.05,-1.05,17273440.0,17273440.0,,,1620586278,14:51:18,20210509
4,2019-12-31,AFIB,USD,2019-12-31,2019-12-31,Q4,669000.0,2365000.0,-1696000.0,-2.5351270553064276,7540000.0,7849000.0,0.0,0.0,15389000.0,17754000,1363000.0,896000.0,-16189000.0,-24.19880418535127,-17085000.0,-25.53811659192825,-1897000.0,-19914000,-29.766816143497756,0.0,-19914000,-29.766816143497756,-1.152868218490353,-1.152868218490353,17273440.0,17273440.0,,,1620586278,14:51:18,20210509
5,2019-09-30,AFIB,USD,2019-09-30,2019-09-30,Q3,646000.0,2267000.0,-1621000.0,-2.5092879256965945,20865000.0,7978000.0,0.0,0.0,28843000.0,31110000,1394000.0,817000.0,-29647000.0,-45.89318885448916,-30464000.0,-47.1578947368421,-752000.0,-32085000,-49.6671826625387,0.0,-32085000,-49.6671826625387,-44.598365,-44.598365,719421.0,719421.0,,,1620586278,14:51:18,20210509
6,2019-06-30,AFIB,USD,2019-06-30,2019-06-30,Q2,734000.0,2435000.0,-1701000.0,-2.3174386920980927,5247000.0,6927000.0,0.0,0.0,12174000.0,14609000,13769000.0,729000.0,-13146000.0,-17.91008174386921,-13875000.0,-18.90326975476839,-2844000.0,-30345000,-41.34196185286103,0.0,-30345000,-41.34196185286103,-42.179753,-42.179753,719421.0,719421.0,,,1620586278,14:51:18,20210509
7,2019-03-31,AFIB,USD,2019-03-31,2019-03-31,Q1,787000.0,2176000.0,-1389000.0,-1.7649301143583227,4377000.0,0.0,4093000.0,0.0,8470000.0,10646000,5742000.0,725000.0,-9134000.0,-11.606099110546378,-9859000.0,-12.527318932655655,841000.0,-14695000,-18.672172808132146,0.0,-14695000,-18.672172808132146,-0.850728,-0.850728,17273440.0,17273440.0,,,1620586278,14:51:18,20210509
