,date,symbol,reportedCurrency,fillingDate,acceptedDate,period,revenue,costOfRevenue,grossProfit,grossProfitRatio,researchAndDevelopmentExpenses,generalAndAdministrativeExpenses,sellingAndMarketingExpenses,otherExpenses,operatingExpenses,costAndExpenses,interestExpense,depreciationAndAmortization,ebitda,ebitdaratio,operatingIncome,operatingIncomeRatio,totalOtherIncomeExpensesNet,incomeBeforeTax,incomeBeforeTaxRatio,incomeTaxExpense,netIncome,netIncomeRatio,eps,epsdiluted,weightedAverageShsOut,weightedAverageShsOutDil,link,finalLink,timestamp,est_time,est_date
0,2020-12-31,MUKANDENGG.NS,INR,2020-12-31,2020-12-31,Q4,44500000,39000000.0,5500000.0,0.12359550561797752,0.0,0.0,0.0,5900000.0,60800000,99800000,33400000.0,1700000.0,-53600000.0,-1.2044943820224718,-55300000.0,-1.2426966292134831,0.0,-82800000.0,-1.8606741573033707,-1100000.0,-81700000.0,-1.8359550561797753,-6.5,-6.5,12569231,12569231,https://www.nseindia.com/companies-listing/corporate-filings-annual-reports,https://www.nseindia.com/companies-listing/corporate-filings-annual-reports,1620595409,17:23:29,20210509
1,2020-09-30,MUKANDENGG.NS,INR,2020-09-30,2020-09-30,Q3,59300000,52500000.0,6800000.0,0.11467116357504216,0.0,0.0,0.0,5800000.0,55200000,107700000,35300000.0,1700000.0,-46700000.0,-0.7875210792580101,-48400000.0,-0.8161888701517707,0.0,-77900000.0,-1.3136593591905565,-1200000.0,-76700000.0,-1.2934232715008431,-6.100665,-6.100665,12570093,12570093,https://www.nseindia.com/companies-listing/corporate-filings-annual-reports,https://www.nseindia.com/companies-listing/corporate-filings-annual-reports,1620595409,17:23:29,20210509
2,2020-06-30,MUKANDENGG.NS,INR,2020-06-30,2020-06-30,Q2,36400000,33500000.0,2900000.0,0.07967032967032966,0.0,0.0,0.0,9500000.0,61200000,94700000,34700000.0,1800000.0,-56500000.0,-1.5521978021978022,-58300000.0,-1.6016483516483517,0.0,-83500000.0,-2.293956043956044,-2800000.0,-80700000.0,-2.217032967032967,-6.42,-6.42,12570093,12570093,https://www.nseindia.com/companies-listing/corporate-filings-annual-reports,https://www.nseindia.com/companies-listing/corporate-filings-annual-reports,1620595409,17:23:29,20210509
3,2020-03-31,MUKANDENGG.NS,INR,2020-03-31,2020-03-31,Q1,87680000,89876000.0,-2196000.0,-0.025045620437956204,0.0,0.0,0.0,970000.0,33772000,123648000,30181000.0,1881000.0,-34087000.0,-0.38876596715328465,-35968000.0,-0.41021897810218977,0.0,-77608000.0,-0.8851277372262774,-1296000.0,-76312000.0,-0.8703467153284672,-6.070917693289938,-6.070917693289938,12570093,12570093,https://www.nseindia.com/companies-listing/corporate-filings-annual-reports,https://www.nseindia.com/companies-listing/corporate-filings-annual-reports,1620595409,17:23:29,20210509
4,2019-12-31,MUKANDENGG.NS,INR,2019-12-31,2019-12-31,Q4,78200000,71600000.0,6600000.0,0.08439897698209718,0.0,0.0,0.0,6700000.0,48700000,120300000,32400000.0,2100000.0,-40000000.0,-0.5115089514066496,-42100000.0,-0.5383631713554987,0.0,-72400000.0,-0.9258312020460358,2300000.0,-74700000.0,-0.9552429667519181,-5.94,-5.94,12575758,12575758,https://www.nseindia.com/companies-listing/corporate-filings-annual-reports,https://www.nseindia.com/companies-listing/corporate-filings-annual-reports,1620595409,17:23:29,20210509
5,2019-09-30,MUKANDENGG.NS,INR,2019-09-30,2019-09-30,Q3,128100000,113300000.0,14800000.0,0.11553473848555816,0.0,0.0,0.0,1700000.0,58700000,172000000,31600000.0,2200000.0,-41700000.0,-0.3255269320843091,-43900000.0,-0.34270101483216237,0.0,-73800000.0,-0.5761124121779859,-400000.0,-73400000.0,-0.5729898516783762,-5.838185,-5.838185,12572400,12572400,https://www.nseindia.com/companies-listing/corporate-filings-annual-reports,https://www.nseindia.com/companies-listing/corporate-filings-annual-reports,1620595409,17:23:29,20210509
6,2019-06-30,MUKANDENGG.NS,INR,2019-06-30,2019-06-30,Q2,126500000,119000000.0,7500000.0,0.05928853754940711,0.0,0.0,0.0,6800000.0,63100000,182100000,29300000.0,2300000.0,-53300000.0,-0.42134387351778657,-55600000.0,-0.43952569169960476,0.0,-78100000.0,-0.6173913043478261,-800000.0,-77300000.0,-0.6110671936758894,-6.148389,-6.148389,12572400,12572400,https://www.nseindia.com/companies-listing/corporate-filings-annual-reports,https://www.nseindia.com/companies-listing/corporate-filings-annual-reports,1620595409,17:23:29,20210509
7,2019-03-31,MUKANDENGG.NS,INR,2019-03-31,2019-03-31,Q1,163357000,144346000.0,19011000.0,0.11637701475908593,0.0,0.0,0.0,-2592000.0,35101000,179447000,18581000.0,2164000.0,-13926000.0,-0.0852488721022056,-16090000.0,-0.09849593222206578,0.0,-69406000.0,-0.424873130628011,-756000.0,-68650000.0,-0.42024522977282885,-5.46137566364863,-5.46137566364863,12570093,12570093,https://www.nseindia.com/companies-listing/corporate-filings-annual-reports,https://www.nseindia.com/companies-listing/corporate-filings-annual-reports,1620595409,17:23:29,20210509
8,2018-12-31,MUKANDENGG.NS,INR,2018-12-31,2018-12-31,Q4,103200000,87700000.0,15500000.0,0.1501937984496124,0.0,0.0,0.0,1300000.0,67100000,154800000,27400000.0,2900000.0,-48700000.0,-0.47189922480620156,-51600000.0,-0.5,0.0,-77700000.0,-0.752906976744186,-1800000.0,-75900000.0,-0.7354651162790697,-6.037034,-6.037034,12572400,12572400,https://www.nseindia.com/companies-listing/corporate-filings-annual-reports,https://www.nseindia.com/companies-listing/corporate-filings-annual-reports,1620595409,17:23:29,20210509
9,2018-09-30,MUKANDENGG.NS,INR,2018-09-30,2018-09-30,Q3,153100000,113100000.0,40000000.0,0.2612671456564337,0.0,0.0,0.0,1200000.0,66800000,179900000,24700000.0,2700000.0,-24100000.0,-0.1574134552580013,-26800000.0,-0.17504898758981058,0.0,-50300000.0,-0.3285434356629654,-1500000.0,-48800000.0,-0.3187459177008491,-3.881518,-3.881518,12572400,12572400,https://www.nseindia.com/companies-listing/corporate-filings-annual-reports,https://www.nseindia.com/companies-listing/corporate-filings-annual-reports,1620595409,17:23:29,20210509
10,2018-06-30,MUKANDENGG.NS,INR,2018-06-30,2018-06-30,Q2,114800000,62600000.0,52200000.0,0.4547038327526132,0.0,0.0,0.0,4900000.0,64300000,126900000,21700000.0,2800000.0,-9300000.0,-0.08101045296167247,-12100000.0,-0.10540069686411149,0.0,-28900000.0,-0.25174216027874563,-900000.0,-28000000.0,-0.24390243902439024,-2.227101,-2.227101,12572400,12572400,https://www.nseindia.com/companies-listing/corporate-filings-annual-reports,https://www.nseindia.com/companies-listing/corporate-filings-annual-reports,1620595409,17:23:29,20210509
11,2018-03-31,MUKANDENGG.NS,INR,2018-03-31,2018-03-31,Q1,230400000,102900000.0,127500000.0,0.5533854166666666,0.0,0.0,0.0,3300000.0,94700000,197600000,23400000.0,2800000.0,35600000.0,0.1545138888888889,32800000.0,0.1423611111111111,0.0,12700000.0,0.055121527777777776,-9400000.0,22100000.0,0.0959201388888889,1.754985,1.754985,12592700,12592700,https://www.nseindia.com/companies-listing/corporate-filings-annual-reports,https://www.nseindia.com/companies-listing/corporate-filings-annual-reports,1620595409,17:23:29,20210509
12,2017-12-31,MUKANDENGG.NS,INR,2017-12-31,2017-12-31,Q4,283600000,191400000.0,92200000.0,0.3251057827926657,0.0,0.0,0.0,-8400000.0,130200000,321600000,0.0,3400000.0,-34600000.0,-0.12200282087447109,-38000000.0,-0.13399153737658676,0.0,-46400000.0,-0.16361071932299012,-1000000.0,-45400000.0,-0.16008462623413258,-3.61,-3.61,12576177,12576177,https://www.nseindia.com/companies-listing/corporate-filings-annual-reports,https://www.nseindia.com/companies-listing/corporate-filings-annual-reports,1620595409,17:23:29,20210509
13,2017-09-30,MUKANDENGG.NS,INR,2017-09-30,2017-09-30,Q3,73600000,1000000.0,72600000.0,0.9864130434782609,0.0,0.0,0.0,0.0,117700000,118700000,0.0,2700000.0,-42400000.0,-0.5760869565217391,-45100000.0,-0.6127717391304348,0.0,-45100000.0,-0.6127717391304348,8000000.0,-53100000.0,-0.7214673913043478,-4.22,-4.22,12582938,12582938,https://www.nseindia.com/companies-listing/corporate-filings-annual-reports,https://www.nseindia.com/companies-listing/corporate-filings-annual-reports,1620595409,17:23:29,20210509
14,2017-06-30,MUKANDENGG.NS,INR,2017-06-30,2017-06-30,Q2,171600000,117500000.0,54100000.0,0.3152680652680653,0.0,0.0,0.0,2000000.0,67600000,185100000,20600000.0,2800000.0,-10700000.0,-0.06235431235431235,-13500000.0,-0.07867132867132867,0.0,-32100000.0,-0.18706293706293706,0.0,-32100000.0,-0.18706293706293706,-2.55,-2.55,12588235,12588235,https://www.nseindia.com/companies-listing/corporate-filings-annual-reports,https://www.nseindia.com/companies-listing/corporate-filings-annual-reports,1620595409,17:23:29,20210509
15,2017-03-31,MUKANDENGG.NS,INR,2017-03-31,2017-03-31,Q1,280600000,138700000.0,141900000.0,0.5057020669992872,0.0,0.0,0.0,5900000.0,159200000,297900000,22500000.0,2800000.0,-14500000.0,-0.05167498218104063,-17300000.0,-0.0616535994297933,0.0,-33900000.0,-0.12081254454739843,-3100000.0,-30800000.0,-0.1097647897362794,-2.45,-2.45,12571429,12571429,https://www.nseindia.com/companies-listing/corporate-filings-annual-reports,https://www.nseindia.com/companies-listing/corporate-filings-annual-reports,1620595409,17:23:29,20210509
16,2016-12-31,MUKANDENGG.NS,INR,2016-12-31,2016-12-31,Q4,271100000,166600000.0,104500000.0,0.38546661748432315,0.0,0.0,0.0,0.0,80700000,247300000,20700000.0,2900000.0,26700000.0,0.0984876429361859,23800000.0,0.08779048321652527,0.0,3100000.0,0.011434894872740686,1500000.0,1600000.0,0.005901881224640354,0.13,0.13,12307692,12307692,https://www.nseindia.com/companies-listing/corporate-filings-annual-reports,https://www.nseindia.com/companies-listing/corporate-filings-annual-reports,1620595409,17:23:29,20210509
17,2016-09-30,MUKANDENGG.NS,INR,2016-09-30,2016-09-30,Q3,382900000,271600000.0,111300000.0,0.2906764168190128,0.0,0.0,0.0,0.0,79400000,351000000,19900000.0,2700000.0,34600000.0,0.09036301906503004,31900000.0,0.08331156960041787,0.0,12000000.0,0.031339775398276315,1600000.0,10400000.0,0.027161138678506138,0.83,0.83,12530120,12530120,https://www.nseindia.com/companies-listing/corporate-filings-annual-reports,https://www.nseindia.com/companies-listing/corporate-filings-annual-reports,1620595409,17:23:29,20210509
18,2016-06-30,MUKANDENGG.NS,INR,2016-06-30,2016-06-30,Q2,220100000,139500000.0,80600000.0,0.36619718309859156,0.0,0.0,0.0,0.0,56700000,196200000,20600000.0,2600000.0,26500000.0,0.12039981826442527,23900000.0,0.10858700590640617,0.0,3300000.0,0.014993184915947297,0.0,3300000.0,0.014993184915947297,0.26,0.26,12692308,12692308,https://www.nseindia.com/companies-listing/corporate-filings-annual-reports,https://www.nseindia.com/companies-listing/corporate-filings-annual-reports,1620595409,17:23:29,20210509
19,2016-03-31,MUKANDENGG.NS,INR,2016-03-31,2016-03-31,Q1,364000000,203900000.0,160100000.0,0.4398351648351648,0.0,0.0,0.0,3800000.0,140000000,343900000,19300000.0,2700000.0,22800000.0,0.06263736263736264,20100000.0,0.05521978021978022,0.0,4600000.0,0.012637362637362638,0.0,4600000.0,0.012637362637362638,0.37,0.37,12432432,12432432,https://www.nseindia.com/companies-listing/corporate-filings-annual-reports,https://www.nseindia.com/companies-listing/corporate-filings-annual-reports,1620595409,17:23:29,20210509
20,2015-12-31,MUKANDENGG.NS,INR,2015-12-31,2015-12-31,Q4,149000000,95900000.0,53100000.0,0.35637583892617447,0.0,0.0,0.0,0.0,78700000,174600000,16600000.0,2300000.0,-23300000.0,-0.1563758389261745,-25600000.0,-0.17181208053691274,0.0,-42200000.0,-0.2832214765100671,0.0,-42200000.0,-0.2832214765100671,-3.35,-3.35,12597015,12597015,https://www.nseindia.com/companies-listing/corporate-filings-annual-reports,https://www.nseindia.com/companies-listing/corporate-filings-annual-reports,1620595409,17:23:29,20210509
21,2015-09-30,MUKANDENGG.NS,INR,2015-09-30,2015-09-30,Q3,328400000,250500000.0,77900000.0,0.23721071863580998,0.0,0.0,0.0,0.0,71700000,322200000,13900000.0,2300000.0,8500000.0,0.025883069427527404,6200000.0,0.018879415347137638,0.0,-18200000.0,-0.055420219244823384,-1100000.0,-17100000.0,-0.05207064555420219,-0.0136,-0.0136,12572400,12572400,https://www.nseindia.com/companies-listing/corporate-filings-annual-reports,https://www.nseindia.com/companies-listing/corporate-filings-annual-reports,1620595409,17:23:29,20210509
22,2015-06-30,MUKANDENGG.NS,INR,2015-06-30,2015-06-30,Q2,269800000,196600000.0,73200000.0,0.2713120830244626,0.0,0.0,0.0,0.0,73100000,269700000,13600000.0,2300000.0,2400000.0,0.008895478131949592,100000.0,0.00037064492216456633,0.0,-13500000.0,-0.050037064492216454,-1400000.0,-12100000.0,-0.044848035581912526,-0.97,-0.97,12474227,12474227,https://www.nseindia.com/companies-listing/corporate-filings-annual-reports,https://www.nseindia.com/companies-listing/corporate-filings-annual-reports,1620595409,17:23:29,20210509
23,2015-03-31,MUKANDENGG.NS,INR,2015-03-31,2015-03-31,Q1,365179743,269575624.0,95604119.0,0.2618001705532719,0.0,0.0,0.0,0.0,97691203,367266827,0.0,2546650.0,459566.0,0.0012584652046266432,-2087084.0,-0.005715223913720756,0.0,-2232305.0,-0.006112893835954094,-9490675.0,7258370.0,0.019876157259905842,0.577431686464054,0.577431686464054,12570093,12570093,https://www.nseindia.com/companies-listing/corporate-filings-annual-reports,https://www.nseindia.com/companies-listing/corporate-filings-annual-reports,1620595409,17:23:29,20210509
24,2014-12-31,MUKANDENGG.NS,INR,2014-12-31,2014-12-31,Q4,358200000,266000000.0,92200000.0,0.2573981016192071,0.0,0.0,0.0,0.0,72300000,338300000,0.0,3000000.0,22900000.0,0.06393076493579006,19900000.0,0.05555555555555555,0.0,3600000.0,0.010050251256281407,1200000.0,2400000.0,0.006700167504187605,0.19,0.19,12631579,12631579,https://www.nseindia.com/companies-listing/corporate-filings-annual-reports,https://www.nseindia.com/companies-listing/corporate-filings-annual-reports,1620595409,17:23:29,20210509
25,2014-09-30,MUKANDENGG.NS,INR,2014-09-30,2014-09-30,Q3,405900000,318800000.0,87100000.0,0.2145848731214585,0.0,0.0,0.0,0.0,67100000,385900000,0.0,2700000.0,22700000.0,0.05592510470559251,20000000.0,0.04927322000492732,0.0,6200000.0,0.01527469820152747,2300000.0,3900000.0,0.009608277900960829,0.31,0.31,12580645,12580645,https://www.nseindia.com/companies-listing/corporate-filings-annual-reports,https://www.nseindia.com/companies-listing/corporate-filings-annual-reports,1620595409,17:23:29,20210509
26,2014-06-30,MUKANDENGG.NS,INR,2014-06-30,2014-06-30,Q2,263600000,175800000.0,87800000.0,0.3330804248861912,0.0,0.0,0.0,0.0,67800000,243600000,0.0,3200000.0,23200000.0,0.08801213960546282,20000000.0,0.07587253414264036,0.0,6100000.0,0.02314112291350531,1900000.0,4200000.0,0.015933232169954476,0.33,0.33,12727273,12727273,https://www.nseindia.com/companies-listing/corporate-filings-annual-reports,https://www.nseindia.com/companies-listing/corporate-filings-annual-reports,1620595409,17:23:29,20210509
27,2014-03-31,MUKANDENGG.NS,INR,2014-03-31,2014-03-31,Q1,373283911,264778659.0,108505252.0,0.2906775481143092,0.0,0.0,0.0,0.0,98307718,363086377,0.0,2664073.0,12861607.0,0.03445529427063895,10197534.0,0.027318439663476416,0.0,19057335.0,0.051053191521024326,6790994.0,12266341.0,0.03286062066575379,0.9758353418705812,0.9758353418705812,12570093,12570093,https://www.nseindia.com/companies-listing/corporate-filings-annual-reports,https://www.nseindia.com/companies-listing/corporate-filings-annual-reports,1620595409,17:23:29,20210509
28,2013-12-31,MUKANDENGG.NS,INR,2013-12-31,2013-12-31,Q4,188700000,104500000.0,84200000.0,0.4462109167991521,0.0,0.0,0.0,0.0,67300000,171800000,0.0,2800000.0,19700000.0,0.10439851616322204,16900000.0,0.08956014838367779,0.0,3000000.0,0.01589825119236884,1000000.0,2000000.0,0.010598834128245893,0.16,0.16,12572400,12572400,https://www.nseindia.com/companies-listing/corporate-filings-annual-reports,https://www.nseindia.com/companies-listing/corporate-filings-annual-reports,1620595409,17:23:29,20210509
29,2013-09-30,MUKANDENGG.NS,INR,2013-09-30,2013-09-30,Q3,156600000,79700000.0,76900000.0,0.49106002554278416,0.0,0.0,0.0,0.0,63400000,143100000,0.0,2800000.0,16300000.0,0.1040868454661558,13500000.0,0.08620689655172414,0.0,2700000.0,0.017241379310344827,800000.0,1900000.0,0.012132822477650063,0.15,0.15,12572400,12572400,https://www.nseindia.com/companies-listing/corporate-filings-annual-reports,https://www.nseindia.com/companies-listing/corporate-filings-annual-reports,1620595409,17:23:29,20210509
30,2013-06-30,MUKANDENGG.NS,INR,2013-06-30,2013-06-30,Q2,136200000,68200000.0,68000000.0,0.49926578560939794,0.0,0.0,0.0,0.0,54000000,122200000,0.0,2800000.0,16800000.0,0.12334801762114538,14000000.0,0.1027900146842878,0.0,2500000.0,0.018355359765051395,400000.0,2100000.0,0.015418502202643172,0.17,0.17,12572400,12572400,https://www.nseindia.com/companies-listing/corporate-filings-annual-reports,https://www.nseindia.com/companies-listing/corporate-filings-annual-reports,1620595409,17:23:29,20210509
31,2013-03-31,MUKANDENGG.NS,INR,2013-03-31,2013-03-31,Q1,302090026,190134604.0,111955422.0,0.37060284141919997,0.0,0.0,0.0,0.0,96118441,286253045,0.0,2652805.0,18489786.0,0.061206211422551234,15836981.0,0.05242470666674708,0.0,21901498.0,0.07249990438280805,5342615.0,16558883.0,0.05481439827477124,1.3173238256868902,1.3173238256868902,12570093,12570093,https://www.nseindia.com/companies-listing/corporate-filings-annual-reports,https://www.nseindia.com/companies-listing/corporate-filings-annual-reports,1620595409,17:23:29,20210509
32,2012-12-31,MUKANDENGG.NS,INR,2012-12-31,2012-12-31,Q4,174400000,89500000.0,84900000.0,0.4868119266055046,0.0,0.0,0.0,0.0,64200000,153700000,0.0,2200000.0,22900000.0,0.1313073394495413,20700000.0,0.11869266055045871,0.0,10700000.0,0.06135321100917431,3500000.0,7200000.0,0.04128440366972477,0.57,0.57,12572400,12572400,https://www.nseindia.com/companies-listing/corporate-filings-annual-reports,https://www.nseindia.com/companies-listing/corporate-filings-annual-reports,1620595409,17:23:29,20210509
33,2012-09-30,MUKANDENGG.NS,INR,2012-09-30,2012-09-30,Q3,150300000,43600000.0,106700000.0,0.709913506320692,0.0,0.0,0.0,0.0,83300000,126900000,0.0,2300000.0,25700000.0,0.1709913506320692,23400000.0,0.15568862275449102,0.0,13500000.0,0.08982035928143713,5900000.0,7600000.0,0.05056553559547571,0.6,0.6,12572400,12572400,https://www.nseindia.com/companies-listing/corporate-filings-annual-reports,https://www.nseindia.com/companies-listing/corporate-filings-annual-reports,1620595409,17:23:29,20210509
34,2012-06-30,MUKANDENGG.NS,INR,2012-06-30,2012-06-30,Q2,133400000,55700000.0,77700000.0,0.5824587706146926,0.0,0.0,0.0,0.0,60700000,116400000,0.0,2200000.0,19200000.0,0.14392803598200898,17000000.0,0.12743628185907047,0.0,7100000.0,0.05322338830584707,2300000.0,4800000.0,0.035982008995502246,0.38,0.38,12572400,12572400,https://www.nseindia.com/companies-listing/corporate-filings-annual-reports,https://www.nseindia.com/companies-listing/corporate-filings-annual-reports,1620595409,17:23:29,20210509
35,2012-03-31,MUKANDENGG.NS,INR,2012-03-31,2012-03-31,Q1,216078240,75530238.0,140548002.0,0.6504495871495436,0.0,0.0,0.0,0.0,77137813,152668051,0.0,2198094.0,65608283.0,0.303632068643284,63410189.0,0.29345939230160334,0.0,21923310.0,0.10146005446915896,11128789.0,10794521.0,0.04995653889072773,0.8587463115825794,0.8587463115825794,12570093,12570093,https://www.nseindia.com/companies-listing/corporate-filings-annual-reports,https://www.nseindia.com/companies-listing/corporate-filings-annual-reports,1620595409,17:23:29,20210509
36,2011-12-31,MUKANDENGG.NS,INR,2011-12-31,2011-12-31,Q4,159900000,74500000.0,85400000.0,0.5340838023764853,0.0,0.0,0.0,0.0,57600000,132100000,0.0,2200000.0,30000000.0,0.18761726078799248,27800000.0,0.17385866166353972,0.0,11700000.0,0.07317073170731707,3600000.0,8100000.0,0.05065666041275797,0.64,0.64,12572400,12572400,https://www.nseindia.com/companies-listing/corporate-filings-annual-reports,https://www.nseindia.com/companies-listing/corporate-filings-annual-reports,1620595409,17:23:29,20210509
