,date,symbol,reportedCurrency,fillingDate,acceptedDate,period,revenue,costOfRevenue,grossProfit,grossProfitRatio,researchAndDevelopmentExpenses,generalAndAdministrativeExpenses,sellingAndMarketingExpenses,otherExpenses,operatingExpenses,costAndExpenses,interestExpense,depreciationAndAmortization,ebitda,ebitdaratio,operatingIncome,operatingIncomeRatio,totalOtherIncomeExpensesNet,incomeBeforeTax,incomeBeforeTaxRatio,incomeTaxExpense,netIncome,netIncomeRatio,eps,epsdiluted,weightedAverageShsOut,weightedAverageShsOutDil,link,finalLink,timestamp,est_time,est_date
0,2019-06-30,EEG.AX,AUD,2019-06-30,2019-06-30,Q2,1925707.60775,1494712.03255,430995.5752,0.22381153476543408,0.0,1150407.8647,0.0,19894.7331,60686.19755,0.0,643697.54495,496734.941475,-780098.4870500001,-0.4050970583023601,-1276833.428525,-0.6630463645604301,-2303790.679425,-4224205.324,-2.1935860392303113,48124.8216,-5753521.624325,-2.9877441420338076,-0.02455,-0.02455,234326722.0,234326722.0,,,1620591481,16:18:01,20210509
1,2019-03-31,EEG.AX,AUD,2019-03-31,2019-03-31,Q1,1925707.60775,1494712.03255,430995.5752,0.22381153476543408,0.0,1150407.8647,0.0,19894.7331,60686.19755,0.0,643697.54495,496734.941475,-780098.4870500001,-0.4050970583023601,-1276833.428525,-0.6630463645604301,-2303790.679425,-4224205.324,-2.1935860392303113,48124.8216,-5753521.624325,-2.9877441420338076,-0.02455,-0.02455,234326722.0,234326722.0,,,1620591481,16:18:01,20210509
2,2019-01-31,EEG.AX,AUD,2019-01-31,2019-01-31,Q1,1925707.60775,1494712.03255,430995.5752,0.22381153476543408,0.0,1150407.8647,0.0,19894.7331,60686.19755,0.0,643697.54495,496734.941475,-780098.4870500001,-0.4050970583023601,-1276833.428525,-0.6630463645604301,-2303790.679425,-4224205.324,-2.1935860392303113,48124.8216,-5753521.624325,-2.9877441420338076,-0.02455,-0.02455,234326722.0,234326722.0,,,1620591481,16:18:01,20210509
3,2018-06-30,EEG.AX,AUD,2018-06-30,2018-06-30,Q2,5048248.7957,3277571.904225,1770676.891475,0.3507507183447908,0.0,1288736.8943,0.0,1662584.6557,240819.9915,0.0,1581976.8348,608360.017,241120.00567499996,0.047763098736413566,-367240.011325,-0.07274602068697722,-3630751.983575,-5579336.568425,-1.1052023769465107,40900.750925,-5620237.31935,-1.1133043450903626,-0.03725,-0.03725,150883669.0,150883669.0,,,1620591481,16:18:01,20210509
4,2018-03-31,EEG.AX,AUD,2018-03-31,2018-03-31,Q1,5048248.7957,3277571.904225,1770676.891475,0.3507507183447908,0.0,1288736.8943,0.0,1662584.6557,240819.9915,0.0,1581976.8348,608360.017,241120.00567499996,0.047763098736413566,-367240.011325,-0.07274602068697722,-3630751.983575,-5579336.568425,-1.1052023769465107,40900.750925,-5620237.31935,-1.1133043450903626,-0.03725,-0.03725,150883669.0,150883669.0,,,1620591481,16:18:01,20210509
5,2018-01-31,EEG.AX,AUD,2018-01-31,2018-01-31,Q1,5048248.7957,3277571.904225,1770676.891475,0.3507507183447908,0.0,1288736.8943,0.0,1662584.6557,240819.9915,0.0,1581976.8348,608360.017,241120.00567499996,0.047763098736413566,-367240.011325,-0.07274602068697722,-3630751.983575,-5579336.568425,-1.1052023769465107,40900.750925,-5620237.31935,-1.1133043450903626,-0.03725,-0.03725,150883669.0,150883669.0,,,1620591481,16:18:01,20210509
6,2017-06-30,EEG.AX,AUD,2017-06-30,2017-06-30,Q2,4468693.91025,2678620.512825,1790073.397425,0.40058089307013084,0.0,1000428.52565,0.0,-505369.230775,87546.15385,0.0,1281654.487175,943389.4231,702098.717925,0.1571149718521941,-241290.705175,-0.053995800567486416,-4881657.3718,-6403969.230775,-1.4330740389459191,40660.897425,-6444630.1282,-1.4421730952343204,-0.06825,-0.06825,94441355.0,94441355.0,,,1620591481,16:18:01,20210509
7,2017-03-31,EEG.AX,AUD,2017-03-31,2017-03-31,Q1,4468693.91025,2678620.512825,1790073.397425,0.40058089307013084,0.0,1000428.52565,0.0,-505369.230775,87546.15385,0.0,1281654.487175,943389.4231,702098.717925,0.1571149718521941,-241290.705175,-0.053995800567486416,-4881657.3718,-6403969.230775,-1.4330740389459191,40660.897425,-6444630.1282,-1.4421730952343204,-0.06825,-0.06825,94441355.0,94441355.0,,,1620591481,16:18:01,20210509
8,2017-01-31,EEG.AX,AUD,2017-01-31,2017-01-31,Q1,4468693.91025,2678620.512825,1790073.397425,0.40058089307013084,0.0,1000428.52565,0.0,-505369.230775,87546.15385,0.0,1281654.487175,943389.4231,702098.717925,0.1571149718521941,-241290.705175,-0.053995800567486416,-4881657.3718,-6403969.230775,-1.4330740389459191,40660.897425,-6444630.1282,-1.4421730952343204,-0.06825,-0.06825,94441355.0,94441355.0,,,1620591481,16:18:01,20210509
9,2016-06-30,EEG.AX,AUD,2016-06-30,2016-06-30,Q2,5023132.946375,2972817.855175,2050315.0912,0.408174562188252,0.0,1243946.586525,0.0,-2542867.260925,163558.9414,0.0,1227259.53565,764796.5036,642809.5632750001,0.12796984872536388,-121986.940325,-0.024285031200106545,7048802.1697,5699658.6512,1.1346820225638707,16640.063575,5683018.587625,1.1313693362876676,0.1645,0.1645,34563442.0,34563442.0,,,1620591481,16:18:01,20210509
10,2016-03-31,EEG.AX,AUD,2016-03-31,2016-03-31,Q1,5023132.946375,2972817.855175,2050315.0912,0.408174562188252,0.0,1243946.586525,0.0,-2542867.260925,163558.9414,0.0,1227259.53565,764796.5036,642809.5632750001,0.12796984872536388,-121986.940325,-0.024285031200106545,7048802.1697,5699658.6512,1.1346820225638707,16640.063575,5683018.587625,1.1313693362876676,0.1645,0.1645,34563442.0,34563442.0,,,1620591481,16:18:01,20210509
11,2016-01-31,EEG.AX,AUD,2016-01-31,2016-01-31,Q1,5023132.946375,2972817.855175,2050315.0912,0.408174562188252,0.0,1243946.586525,0.0,-2542867.260925,163558.9414,0.0,1227259.53565,764796.5036,642809.5632750001,0.12796984872536388,-121986.940325,-0.024285031200106545,7048802.1697,5699658.6512,1.1346820225638707,16640.063575,5683018.587625,1.1313693362876676,0.1645,0.1645,34563442.0,34563442.0,,,1620591481,16:18:01,20210509
12,2015-09-30,EEG.AX,AUD,2015-09-30,2015-09-30,Q3,6240148.1659,3319650.287425,2920497.878475,0.4680173933103693,0.0,1770043.457425,0.0,62727.2105,567604.70845,0.0,1080766.835475,1974738.913225,582849.7126,0.09340318484504079,-1391889.200625,-0.2230538704563358,-7534647.549975,-10005792.499325,-1.6034543144348385,-767154.051475,-9238638.44785,-1.4805158791478048,-0.21795325,-0.21795325,42377084.0,42377084.0,,,1620591481,16:18:01,20210509
13,2015-06-30,EEG.AX,AUD,2015-06-30,2015-06-30,Q2,6240148.1659,3319650.287425,2920497.878475,0.4680173933103693,0.0,1770043.457425,0.0,62727.2105,567604.70845,0.0,1080766.835475,1974738.913225,582849.7126,0.09340318484504079,-1391889.200625,-0.2230538704563358,-7534647.549975,-10005792.499325,-1.6034543144348385,-767154.051475,-9238638.44785,-1.4805158791478048,-0.21795325,-0.21795325,42377084.0,42377084.0,,,1620591481,16:18:01,20210509
14,2015-03-31,EEG.AX,AUD,2015-03-31,2015-03-31,Q1,6240148.1659,3319650.287425,2920497.878475,0.4680173933103693,0.0,1770043.457425,0.0,62727.2105,567604.70845,0.0,1080766.835475,1974738.913225,582849.7126,0.09340318484504079,-1391889.200625,-0.2230538704563358,-7534647.549975,-10005792.499325,-1.6034543144348385,-767154.051475,-9238638.44785,-1.4805158791478048,-0.21795325,-0.21795325,42377084.0,42377084.0,,,1620591481,16:18:01,20210509
15,2015-01-31,EEG.AX,AUD,2015-01-31,2015-01-31,Q1,6240148.1659,3319650.287425,2920497.878475,0.4680173933103693,0.0,1770043.457425,0.0,62727.2105,567604.70845,0.0,1080766.835475,1974738.913225,582849.7126,0.09340318484504079,-1391889.200625,-0.2230538704563358,-7534647.549975,-10005792.499325,-1.6034543144348385,-767154.051475,-9238638.44785,-1.4805158791478048,-0.21795325,-0.21795325,42377084.0,42377084.0,,,1620591481,16:18:01,20210509
16,2014-09-30,EEG.AX,AUD,2014-09-30,2014-09-30,Q3,7184271.21435,3697532.9188,3486738.29555,0.48532943586337923,0.0,1674722.628625,0.0,2289118.8125,237771.8849,0.0,832603.02365,1780725.128025,1574243.782025,0.21912365709142154,-206481.346,-0.02874075043096511,-1989757.681025,-3027648.4394,-0.4214273583314223,-1578829.55375,-1448818.88565,-0.20166539408424639,-0.03745325,-0.03745325,38759362.0,38759362.0,,,1620591481,16:18:01,20210509
17,2014-06-30,EEG.AX,AUD,2014-06-30,2014-06-30,Q2,7184271.21435,3697532.9188,3486738.29555,0.48532943586337923,0.0,1674722.628625,0.0,2289118.8125,237771.8849,0.0,832603.02365,1780725.128025,1574243.782025,0.21912365709142154,-206481.346,-0.02874075043096511,-1989757.681025,-3027648.4394,-0.4214273583314223,-1578829.55375,-1448818.88565,-0.20166539408424639,-0.03745325,-0.03745325,38759362.0,38759362.0,,,1620591481,16:18:01,20210509
18,2014-03-31,EEG.AX,AUD,2014-03-31,2014-03-31,Q1,7184271.21435,3697532.9188,3486738.29555,0.48532943586337923,0.0,1674722.628625,0.0,2289118.8125,237771.8849,0.0,832603.02365,1780725.128025,1574243.782025,0.21912365709142154,-206481.346,-0.02874075043096511,-1989757.681025,-3027648.4394,-0.4214273583314223,-1578829.55375,-1448818.88565,-0.20166539408424639,-0.03745325,-0.03745325,38759362.0,38759362.0,,,1620591481,16:18:01,20210509
19,2014-01-31,EEG.AX,AUD,2014-01-31,2014-01-31,Q1,7184271.21435,3697532.9188,3486738.29555,0.48532943586337923,0.0,1674722.628625,0.0,2289118.8125,237771.8849,0.0,832603.02365,1780725.128025,1574243.782025,0.21912365709142154,-206481.346,-0.02874075043096511,-1989757.681025,-3027648.4394,-0.4214273583314223,-1578829.55375,-1448818.88565,-0.20166539408424639,-0.03745325,-0.03745325,38759362.0,38759362.0,,,1620591481,16:18:01,20210509
20,2013-09-30,EEG.AX,AUD,2013-09-30,2013-09-30,Q3,7232445.79795,3165143.328125,4067302.469825,0.5623688837015351,0.0,1291637.51675,0.0,189396.513175,565281.347775,0.0,971500.335275,1404842.9817,2210383.6053,0.30562048676901554,805540.6236,0.11137872942349965,172148.2454,7244.356275,0.0010016468117954478,297469.82565,-312592.478775,-0.04322085329192551,-0.008168,-0.008168,38401801.0,38401801.0,,,1620591481,16:18:01,20210509
21,2013-06-30,EEG.AX,AUD,2013-06-30,2013-06-30,Q2,7232445.79795,3165143.328125,4067302.469825,0.5623688837015351,0.0,1291637.51675,0.0,189396.513175,565281.347775,0.0,971500.335275,1404842.9817,2210383.6053,0.30562048676901554,805540.6236,0.11137872942349965,172148.2454,7244.356275,0.0010016468117954478,297469.82565,-312592.478775,-0.04322085329192551,-0.008168,-0.008168,38401801.0,38401801.0,,,1620591481,16:18:01,20210509
22,2013-03-31,EEG.AX,AUD,2013-03-31,2013-03-31,Q1,7232445.79795,3165143.328125,4067302.469825,0.5623688837015351,0.0,1291637.51675,0.0,189396.513175,565281.347775,0.0,971500.335275,1404842.9817,2210383.6053,0.30562048676901554,805540.6236,0.11137872942349965,172148.2454,7244.356275,0.0010016468117954478,297469.82565,-312592.478775,-0.04322085329192551,-0.008168,-0.008168,38401801.0,38401801.0,,,1620591481,16:18:01,20210509
23,2013-01-31,EEG.AX,AUD,2013-01-31,2013-01-31,Q1,7232445.79795,3165143.328125,4067302.469825,0.5623688837015351,0.0,1291637.51675,0.0,189396.513175,565281.347775,0.0,971500.335275,1404842.9817,2210383.6053,0.30562048676901554,805540.6236,0.11137872942349965,172148.2454,7244.356275,0.0010016468117954478,297469.82565,-312592.478775,-0.04322085329192551,-0.008168,-0.008168,38401801.0,38401801.0,,,1620591481,16:18:01,20210509
24,2012-09-30,EEG.AX,AUD,2012-09-30,2012-09-30,Q3,6414458.541975,2590857.8101,3823600.731875,0.5960909571484612,0.0,1325624.5185,0.0,246029.949925,302414.050475,0.0,1750331.2789,1143686.4407,2195562.1629,0.34228331955575947,1051875.7222,0.16398511508285926,204685.57395,-487625.1926,-0.07601969666014259,-438613.0104,-53140.16755,-0.008284435420739074,-0.0013945,-0.0013945,36500617.0,36500617.0,,,1620591481,16:18:01,20210509
25,2012-06-30,EEG.AX,AUD,2012-06-30,2012-06-30,Q2,6414458.541975,2590857.8101,3823600.731875,0.5960909571484612,0.0,1325624.5185,0.0,246029.949925,302414.050475,0.0,1750331.2789,1143686.4407,2195562.1629,0.34228331955575947,1051875.7222,0.16398511508285926,204685.57395,-487625.1926,-0.07601969666014259,-438613.0104,-53140.16755,-0.008284435420739074,-0.0013945,-0.0013945,36500617.0,36500617.0,,,1620591481,16:18:01,20210509
26,2012-03-31,EEG.AX,AUD,2012-03-31,2012-03-31,Q1,6414458.541975,2590857.8101,3823600.731875,0.5960909571484612,0.0,1325624.5185,0.0,246029.949925,302414.050475,0.0,1750331.2789,1143686.4407,2195562.1629,0.34228331955575947,1051875.7222,0.16398511508285926,204685.57395,-487625.1926,-0.07601969666014259,-438613.0104,-53140.16755,-0.008284435420739074,-0.0013945,-0.0013945,36500617.0,36500617.0,,,1620591481,16:18:01,20210509
27,2012-01-31,EEG.AX,AUD,2012-01-31,2012-01-31,Q1,6414458.541975,2590857.8101,3823600.731875,0.5960909571484612,0.0,1325624.5185,0.0,246029.949925,302414.050475,0.0,1750331.2789,1143686.4407,2195562.1629,0.34228331955575947,1051875.7222,0.16398511508285926,204685.57395,-487625.1926,-0.07601969666014259,-438613.0104,-53140.16755,-0.008284435420739074,-0.0013945,-0.0013945,36500617.0,36500617.0,,,1620591481,16:18:01,20210509
28,2011-09-30,EEG.AX,AUD,2011-09-30,2011-09-30,Q3,6891030.42535,2811997.8338,4079032.59155,0.5919336209203899,0.0,1207689.543125,0.0,378768.462,157758.960225,0.0,1746066.857025,1232984.68885,2713584.0882,0.39378495242417616,1480599.39935,0.21485892645362967,310838.420625,45370.962975,0.006584060753540438,399053.51515,-384432.35525,-0.05578735421567587,-0.01294925,-0.01294925,29611806.0,29611806.0,,,1620591481,16:18:01,20210509
29,2011-06-30,EEG.AX,AUD,2011-06-30,2011-06-30,Q2,6891030.42535,2811997.8338,4079032.59155,0.5919336209203899,0.0,1207689.543125,0.0,378768.462,157758.960225,0.0,1746066.857025,1232984.68885,2713584.0882,0.39378495242417616,1480599.39935,0.21485892645362967,310838.420625,45370.962975,0.006584060753540438,399053.51515,-384432.35525,-0.05578735421567587,-0.01294925,-0.01294925,29611806.0,29611806.0,,,1620591481,16:18:01,20210509
30,2011-03-31,EEG.AX,AUD,2011-03-31,2011-03-31,Q1,6891030.42535,2811997.8338,4079032.59155,0.5919336209203899,0.0,1207689.543125,0.0,378768.462,157758.960225,0.0,1746066.857025,1232984.68885,2713584.0882,0.39378495242417616,1480599.39935,0.21485892645362967,310838.420625,45370.962975,0.006584060753540438,399053.51515,-384432.35525,-0.05578735421567587,-0.01294925,-0.01294925,29611806.0,29611806.0,,,1620591481,16:18:01,20210509
31,2011-01-31,EEG.AX,AUD,2011-01-31,2011-01-31,Q1,6891030.42535,2811997.8338,4079032.59155,0.5919336209203899,0.0,1207689.543125,0.0,378768.462,157758.960225,0.0,1746066.857025,1232984.68885,2713584.0882,0.39378495242417616,1480599.39935,0.21485892645362967,310838.420625,45370.962975,0.006584060753540438,399053.51515,-384432.35525,-0.05578735421567587,-0.01294925,-0.01294925,29611806.0,29611806.0,,,1620591481,16:18:01,20210509
32,2010-09-30,EEG.AX,AUD,2010-09-30,2010-09-30,Q3,2766235.25,1452967.25,1313268.0,0.47474921014038846,0.0,667296.25,0.0,6683141.5,0.0,0.0,1097740.25,1075593.0,645971.75,0.23352017873389475,-429621.25,-0.15530900707016873,6620518.0,5122824.75,1.8519121791973405,2019052.25,2761125.75,0.9981529047466227,0.15817975,0.13965225,17466409.0,19771424.0,,,1620591481,16:18:01,20210509
33,2010-06-30,EEG.AX,AUD,2010-06-30,2010-06-30,Q2,2766235.25,1452967.25,1313268.0,0.47474921014038846,0.0,667296.25,0.0,6683141.5,0.0,0.0,1097740.25,1075593.0,645971.75,0.23352017873389475,-429621.25,-0.15530900707016873,6620518.0,5122824.75,1.8519121791973405,2019052.25,2761125.75,0.9981529047466227,0.15817975,0.13965225,17466409.0,19771424.0,,,1620591481,16:18:01,20210509
34,2010-03-31,EEG.AX,AUD,2010-03-31,2010-03-31,Q1,2766235.25,1452967.25,1313268.0,0.47474921014038846,0.0,667296.25,0.0,6683141.5,0.0,0.0,1097740.25,1075593.0,645971.75,0.23352017873389475,-429621.25,-0.15530900707016873,6620518.0,5122824.75,1.8519121791973405,2019052.25,2761125.75,0.9981529047466227,0.15817975,0.13965225,17466409.0,19771424.0,,,1620591481,16:18:01,20210509
35,2010-01-31,EEG.AX,AUD,2010-01-31,2010-01-31,Q1,2766235.25,1452967.25,1313268.0,0.47474921014038846,0.0,667296.25,0.0,6683141.5,0.0,0.0,1097740.25,1075593.0,645971.75,0.23352017873389475,-429621.25,-0.15530900707016873,6620518.0,5122824.75,1.8519121791973405,2019052.25,2761125.75,0.9981529047466227,0.15817975,0.13965225,17466409.0,19771424.0,,,1620591481,16:18:01,20210509
36,2009-09-30,EEG.AX,AUD,2009-09-30,2009-09-30,Q3,321816.0,52056.5,269759.5,0.8382414174559376,0.0,285361.25,0.0,1903856.25,0.0,0.0,280520.75,62784.0,-15601.75,-0.048480342804583985,-78385.75,-0.24357319089168966,1711265.75,1546401.25,4.805234202152783,0.0,1546401.25,4.805234202152783,0.11056575,0.11056575,13865588.0,13865588.0,,,1620591481,16:18:01,20210509
37,2009-06-30,EEG.AX,AUD,2009-06-30,2009-06-30,Q2,321816.0,52056.5,269759.5,0.8382414174559376,0.0,285361.25,0.0,1903856.25,0.0,0.0,280520.75,62784.0,-15601.75,-0.048480342804583985,-78385.75,-0.24357319089168966,1711265.75,1546401.25,4.805234202152783,0.0,1546401.25,4.805234202152783,0.11056575,0.11056575,13865588.0,13865588.0,,,1620591481,16:18:01,20210509
38,2009-03-31,EEG.AX,AUD,2009-03-31,2009-03-31,Q1,321816.0,52056.5,269759.5,0.8382414174559376,0.0,285361.25,0.0,1903856.25,0.0,0.0,280520.75,62784.0,-15601.75,-0.048480342804583985,-78385.75,-0.24357319089168966,1711265.75,1546401.25,4.805234202152783,0.0,1546401.25,4.805234202152783,0.11056575,0.11056575,13865588.0,13865588.0,,,1620591481,16:18:01,20210509
39,2009-01-31,EEG.AX,AUD,2009-01-31,2009-01-31,Q1,321816.0,52056.5,269759.5,0.8382414174559376,0.0,285361.25,0.0,1903856.25,0.0,0.0,280520.75,62784.0,-15601.75,-0.048480342804583985,-78385.75,-0.24357319089168966,1711265.75,1546401.25,4.805234202152783,0.0,1546401.25,4.805234202152783,0.11056575,0.11056575,13865588.0,13865588.0,,,1620591481,16:18:01,20210509
40,2008-09-30,EEG.AX,AUD,2008-09-30,2008-09-30,Q3,297981.75,43943.25,254038.5,0.8525303982542555,0.0,382413.25,0.0,171914.25,474833.25,0.0,351951.0,0.0,-324127.25,-0.9193356930032881,-603208.0,-2.0243118915839644,171914.25,-676078.25,-2.2688579082443807,0.0,-676078.25,-2.2688579082443807,-0.0508005,-0.0508005,13731393.0,13731393.0,,,1620591481,16:18:01,20210509
41,2008-06-30,EEG.AX,AUD,2008-06-30,2008-06-30,Q2,297981.75,43943.25,254038.5,0.8525303982542555,0.0,382413.25,0.0,171914.25,474833.25,0.0,351951.0,0.0,-324127.25,-0.9193356930032881,-603208.0,-2.0243118915839644,171914.25,-676078.25,-2.2688579082443807,0.0,-676078.25,-2.2688579082443807,-0.0508005,-0.0508005,13731393.0,13731393.0,,,1620591481,16:18:01,20210509
42,2008-03-31,EEG.AX,AUD,2008-03-31,2008-03-31,Q1,297981.75,43943.25,254038.5,0.8525303982542555,0.0,382413.25,0.0,171914.25,474833.25,0.0,351951.0,0.0,-324127.25,-0.9193356930032881,-603208.0,-2.0243118915839644,171914.25,-676078.25,-2.2688579082443807,0.0,-676078.25,-2.2688579082443807,-0.0508005,-0.0508005,13731393.0,13731393.0,,,1620591481,16:18:01,20210509
43,2008-01-31,EEG.AX,AUD,2008-01-31,2008-01-31,Q1,297981.75,43943.25,254038.5,0.8525303982542555,0.0,382413.25,0.0,171914.25,474833.25,0.0,351951.0,0.0,-324127.25,-0.9193356930032881,-603208.0,-2.0243118915839644,171914.25,-676078.25,-2.2688579082443807,0.0,-676078.25,-2.2688579082443807,-0.0508005,-0.0508005,13731393.0,13731393.0,,,1620591481,16:18:01,20210509
44,2007-09-30,EEG.AX,AUD,2007-09-30,2007-09-30,Q3,276593.75,0.0,276593.75,1.0,0.0,378923.25,0.0,-265671.25,247425.25,0.0,237708.0,89640.5,-104853.0,-0.3790866568749294,-194493.5,-0.7031738786577788,-265671.25,-617445.25,-2.232318156140549,0.0,-617445.25,-2.232318156140549,-0.0508005,-0.0508005,12473172.0,12473172.0,,,1620591481,16:18:01,20210509
45,2007-06-30,EEG.AX,AUD,2007-06-30,2007-06-30,Q2,276593.75,0.0,276593.75,1.0,0.0,378923.25,0.0,-265671.25,247425.25,0.0,237708.0,89640.5,-104853.0,-0.3790866568749294,-194493.5,-0.7031738786577788,-265671.25,-617445.25,-2.232318156140549,0.0,-617445.25,-2.232318156140549,-0.0508005,-0.0508005,12473172.0,12473172.0,,,1620591481,16:18:01,20210509
46,2007-03-31,EEG.AX,AUD,2007-03-31,2007-03-31,Q1,276593.75,0.0,276593.75,1.0,0.0,378923.25,0.0,-265671.25,247425.25,0.0,237708.0,89640.5,-104853.0,-0.3790866568749294,-194493.5,-0.7031738786577788,-265671.25,-617445.25,-2.232318156140549,0.0,-617445.25,-2.232318156140549,-0.0508005,-0.0508005,12473172.0,12473172.0,,,1620591481,16:18:01,20210509
47,2007-01-31,EEG.AX,AUD,2007-01-31,2007-01-31,Q1,276593.75,0.0,276593.75,1.0,0.0,378923.25,0.0,-265671.25,247425.25,0.0,237708.0,89640.5,-104853.0,-0.3790866568749294,-194493.5,-0.7031738786577788,-265671.25,-617445.25,-2.232318156140549,0.0,-617445.25,-2.232318156140549,-0.0508005,-0.0508005,12473172.0,12473172.0,,,1620591481,16:18:01,20210509
48,2006-09-30,EEG.AX,AUD,2006-09-30,2006-09-30,Q3,3500.0,0.0,3500.0,1.0,0.0,88822.25,0.0,13259.5,126231.0,0.0,101701.0,0.0,-196081.0,-0.0178497661680632,-211553.25,-60.44378571428572,13259.5,-297782.0,-85.08057142857143,0.0,-297782.0,-85.08057142857143,-0.03585925,-0.03585925,8594323.0,8594323.0,,,1620591481,16:18:01,20210509
49,2006-06-30,EEG.AX,AUD,2006-06-30,2006-06-30,Q2,3500.0,0.0,3500.0,1.0,0.0,88822.25,0.0,13259.5,126231.0,0.0,101701.0,0.0,-196081.0,-0.0178497661680632,-211553.25,-60.44378571428572,13259.5,-297782.0,-85.08057142857143,0.0,-297782.0,-85.08057142857143,-0.03585925,-0.03585925,8594323.0,8594323.0,,,1620591481,16:18:01,20210509
50,2006-03-31,EEG.AX,AUD,2006-03-31,2006-03-31,Q1,3500.0,0.0,3500.0,1.0,0.0,88822.25,0.0,13259.5,126231.0,0.0,101701.0,0.0,-196081.0,-0.0178497661680632,-211553.25,-60.44378571428572,13259.5,-297782.0,-85.08057142857143,0.0,-297782.0,-85.08057142857143,-0.03585925,-0.03585925,8594323.0,8594323.0,,,1620591481,16:18:01,20210509
51,2006-01-31,EEG.AX,AUD,2006-01-31,2006-01-31,Q1,3500.0,0.0,3500.0,1.0,0.0,88822.25,0.0,13259.5,126231.0,0.0,101701.0,0.0,-196081.0,-0.0178497661680632,-211553.25,-60.44378571428572,13259.5,-297782.0,-85.08057142857143,0.0,-297782.0,-85.08057142857143,-0.03585925,-0.03585925,8594323.0,8594323.0,,,1620591481,16:18:01,20210509
52,2005-09-30,EEG.AX,AUD,2005-09-30,2005-09-30,Q3,0.0,0.0,0.0,0.0,0.0,40373.25,0.0,17862.75,64352.75,0.0,50022.0,220.5,-104726.0,0.0,-104946.5,0.0,17862.75,-135549.0,0.0,-135549.0,-135549.0,0.0,-0.01521325,-0.01521325,9112403.0,9112403.0,,,1620591481,16:18:01,20210509
53,2005-06-30,EEG.AX,AUD,2005-06-30,2005-06-30,Q2,0.0,0.0,0.0,0.0,0.0,40373.25,0.0,17862.75,64352.75,0.0,50022.0,220.5,-104726.0,0.0,-104946.5,0.0,17862.75,-135549.0,0.0,-135549.0,-135549.0,0.0,-0.01521325,-0.01521325,9112403.0,9112403.0,,,1620591481,16:18:01,20210509
54,2005-03-31,EEG.AX,AUD,2005-03-31,2005-03-31,Q1,0.0,0.0,0.0,0.0,0.0,40373.25,0.0,17862.75,64352.75,0.0,50022.0,220.5,-104726.0,0.0,-104946.5,0.0,17862.75,-135549.0,0.0,-135549.0,-135549.0,0.0,-0.01521325,-0.01521325,9112403.0,9112403.0,,,1620591481,16:18:01,20210509
55,2005-01-31,EEG.AX,AUD,2005-01-31,2005-01-31,Q1,0.0,0.0,0.0,0.0,0.0,40373.25,0.0,17862.75,64352.75,0.0,50022.0,220.5,-104726.0,0.0,-104946.5,0.0,17862.75,-135549.0,0.0,-135549.0,-135549.0,0.0,-0.01521325,-0.01521325,9112403.0,9112403.0,,,1620591481,16:18:01,20210509
56,2004-09-30,EEG.AX,AUD,2004-09-30,2004-09-30,Q3,0.0,0.0,0.0,0.0,0.0,21804.5,0.0,17003.5,182626.75,0.0,23895.5,417.25,-204431.25,0.0,-204848.5,0.0,17003.5,-211392.75,0.0,-211392.75,-211392.75,0.0,-0.03549775,-0.03549775,5815637.0,5815637.0,,,1620591481,16:18:01,20210509
57,2004-06-30,EEG.AX,AUD,2004-06-30,2004-06-30,Q2,0.0,0.0,0.0,0.0,0.0,21804.5,0.0,17003.5,182626.75,0.0,23895.5,417.25,-204431.25,0.0,-204848.5,0.0,17003.5,-211392.75,0.0,-211392.75,-211392.75,0.0,-0.03549775,-0.03549775,5815637.0,5815637.0,,,1620591481,16:18:01,20210509
58,2004-03-31,EEG.AX,AUD,2004-03-31,2004-03-31,Q1,0.0,0.0,0.0,0.0,0.0,21804.5,0.0,17003.5,182626.75,0.0,23895.5,417.25,-204431.25,0.0,-204848.5,0.0,17003.5,-211392.75,0.0,-211392.75,-211392.75,0.0,-0.03549775,-0.03549775,5815637.0,5815637.0,,,1620591481,16:18:01,20210509
59,2004-01-31,EEG.AX,AUD,2004-01-31,2004-01-31,Q1,0.0,0.0,0.0,0.0,0.0,21804.5,0.0,17003.5,182626.75,0.0,23895.5,417.25,-204431.25,0.0,-204848.5,0.0,17003.5,-211392.75,0.0,-211392.75,-211392.75,0.0,-0.03549775,-0.03549775,5815637.0,5815637.0,,,1620591481,16:18:01,20210509
60,2003-09-30,EEG.AX,AUD,2003-09-30,2003-09-30,Q3,230631.0,0.0,230631.0,1.0,0.0,27896.5,0.0,198416.0,605958.25,0.0,39924.5,3757.0,-403223.75,-1.7483501784235425,-406980.75,-1.7646402695214434,198416.0,-238104.5,-1.0324045770082946,-238104.5,-238104.5,-1.0324045770082946,-0.0442585,-0.0442585,5230432.0,5230432.0,,,1620591481,16:18:01,20210509
61,2003-06-30,EEG.AX,AUD,2003-06-30,2003-06-30,Q2,230631.0,0.0,230631.0,1.0,0.0,27896.5,0.0,198416.0,605958.25,0.0,39924.5,3757.0,-403223.75,-1.7483501784235425,-406980.75,-1.7646402695214434,198416.0,-238104.5,-1.0324045770082946,-238104.5,-238104.5,-1.0324045770082946,-0.0442585,-0.0442585,5230432.0,5230432.0,,,1620591481,16:18:01,20210509
62,2003-03-31,EEG.AX,AUD,2003-03-31,2003-03-31,Q1,230631.0,0.0,230631.0,1.0,0.0,27896.5,0.0,198416.0,605958.25,0.0,39924.5,3757.0,-403223.75,-1.7483501784235425,-406980.75,-1.7646402695214434,198416.0,-238104.5,-1.0324045770082946,-238104.5,-238104.5,-1.0324045770082946,-0.0442585,-0.0442585,5230432.0,5230432.0,,,1620591481,16:18:01,20210509
63,2003-01-31,EEG.AX,AUD,2003-01-31,2003-01-31,Q1,230631.0,0.0,230631.0,1.0,0.0,27896.5,0.0,198416.0,605958.25,0.0,39924.5,3757.0,-403223.75,-1.7483501784235425,-406980.75,-1.7646402695214434,198416.0,-238104.5,-1.0324045770082946,-238104.5,-238104.5,-1.0324045770082946,-0.0442585,-0.0442585,5230432.0,5230432.0,,,1620591481,16:18:01,20210509
64,2002-09-30,EEG.AX,AUD,2002-09-30,2002-09-30,Q3,1303938.5,0.0,1303938.5,1.0,0.0,135224.75,0.0,-1506733.5,0.0,0.0,35167.75,6437.0,1168713.75,0.8962951473554926,1162276.75,0.8913585648402896,-1506733.5,-377427.25,-0.2894517264426198,-377427.25,-377427.25,-0.2894517264426198,-0.073764,-0.073764,5094061.0,5094061.0,,,1620591481,16:18:01,20210509
65,2002-06-30,EEG.AX,AUD,2002-06-30,2002-06-30,Q2,1303938.5,0.0,1303938.5,1.0,0.0,135224.75,0.0,-1506733.5,0.0,0.0,35167.75,6437.0,1168713.75,0.8962951473554926,1162276.75,0.8913585648402896,-1506733.5,-377427.25,-0.2894517264426198,-377427.25,-377427.25,-0.2894517264426198,-0.073764,-0.073764,5094061.0,5094061.0,,,1620591481,16:18:01,20210509
66,2002-03-31,EEG.AX,AUD,2002-03-31,2002-03-31,Q1,1303938.5,0.0,1303938.5,1.0,0.0,135224.75,0.0,-1506733.5,0.0,0.0,35167.75,6437.0,1168713.75,0.8962951473554926,1162276.75,0.8913585648402896,-1506733.5,-377427.25,-0.2894517264426198,-377427.25,-377427.25,-0.2894517264426198,-0.073764,-0.073764,5094061.0,5094061.0,,,1620591481,16:18:01,20210509
67,2002-01-31,EEG.AX,AUD,2002-01-31,2002-01-31,Q1,1303938.5,0.0,1303938.5,1.0,0.0,135224.75,0.0,-1506733.5,0.0,0.0,35167.75,6437.0,1168713.75,0.8962951473554926,1162276.75,0.8913585648402896,-1506733.5,-377427.25,-0.2894517264426198,-377427.25,-377427.25,-0.2894517264426198,-0.073764,-0.073764,5094061.0,5094061.0,,,1620591481,16:18:01,20210509
68,2001-09-30,EEG.AX,AUD,2001-09-30,2001-09-30,Q3,1141011.75,0.0,1141011.75,1.0,0.0,302467.5,0.0,692237.75,3667838.75,0.0,41361.5,33070.0,-2829294.5,-2.4796366032163997,-2862364.5,-2.508619652689817,692237.75,-2204434.75,-1.9320000429443431,-2204434.75,-12296.25,-0.01077661996031154,-0.56245125,-0.56245125,3652956.0,3652956.0,,,1620591481,16:18:01,20210509
69,2001-06-30,EEG.AX,AUD,2001-06-30,2001-06-30,Q2,1141011.75,0.0,1141011.75,1.0,0.0,302467.5,0.0,692237.75,3667838.75,0.0,41361.5,33070.0,-2829294.5,-2.4796366032163997,-2862364.5,-2.508619652689817,692237.75,-2204434.75,-1.9320000429443431,-2204434.75,-12296.25,-0.01077661996031154,-0.56245125,-0.56245125,3652956.0,3652956.0,,,1620591481,16:18:01,20210509
70,2001-03-31,EEG.AX,AUD,2001-03-31,2001-03-31,Q1,1141011.75,0.0,1141011.75,1.0,0.0,302467.5,0.0,692237.75,3667838.75,0.0,41361.5,33070.0,-2829294.5,-2.4796366032163997,-2862364.5,-2.508619652689817,692237.75,-2204434.75,-1.9320000429443431,-2204434.75,-12296.25,-0.01077661996031154,-0.56245125,-0.56245125,3652956.0,3652956.0,,,1620591481,16:18:01,20210509
71,2001-01-31,EEG.AX,AUD,2001-01-31,2001-01-31,Q1,1141011.75,0.0,1141011.75,1.0,0.0,302467.5,0.0,692237.75,3667838.75,0.0,41361.5,33070.0,-2829294.5,-2.4796366032163997,-2862364.5,-2.508619652689817,692237.75,-2204434.75,-1.9320000429443431,-2204434.75,-12296.25,-0.01077661996031154,-0.56245125,-0.56245125,3652956.0,3652956.0,,,1620591481,16:18:01,20210509
72,2000-09-30,EEG.AX,AUD,2000-09-30,2000-09-30,Q3,0.0,0.0,0.0,0.0,0.0,0.0,0.0,0.0,0.0,0.0,49106.0,0.0,-915225.75,0.0,0.0,0.0,0.0,-964331.75,0.0,-964331.75,-964331.75,0.0,-0.36513225,-0.36513225,2796147.0,2796147.0,,,1620591481,16:18:01,20210509
73,2000-06-30,EEG.AX,AUD,2000-06-30,2000-06-30,Q2,0.0,0.0,0.0,0.0,0.0,0.0,0.0,0.0,0.0,0.0,49106.0,0.0,-915225.75,0.0,0.0,0.0,0.0,-964331.75,0.0,-964331.75,-964331.75,0.0,-0.36513225,-0.36513225,2796147.0,2796147.0,,,1620591481,16:18:01,20210509
74,2000-03-31,EEG.AX,AUD,2000-03-31,2000-03-31,Q1,0.0,0.0,0.0,0.0,0.0,0.0,0.0,0.0,0.0,0.0,49106.0,0.0,-915225.75,0.0,0.0,0.0,0.0,-964331.75,0.0,-964331.75,-964331.75,0.0,-0.36513225,-0.36513225,2796147.0,2796147.0,,,1620591481,16:18:01,20210509
75,2000-01-31,EEG.AX,AUD,2000-01-31,2000-01-31,Q1,0.0,0.0,0.0,0.0,0.0,0.0,0.0,0.0,0.0,0.0,49106.0,0.0,-915225.75,0.0,0.0,0.0,0.0,-964331.75,0.0,-964331.75,-964331.75,0.0,-0.36513225,-0.36513225,2796147.0,2796147.0,,,1620591481,16:18:01,20210509
76,1999-09-30,EEG.AX,AUD,1999-09-30,1999-09-30,Q3,0.0,0.0,0.0,0.0,0.0,0.0,0.0,0.0,0.0,0.0,613.0,0.0,-496119.25,0.0,0.0,0.0,0.0,-496732.25,0.0,-496732.25,-496732.25,0.0,-0.22129225,-0.22129225,2375736.0,2375736.0,,,1620591481,16:18:01,20210509
77,1999-06-30,EEG.AX,AUD,1999-06-30,1999-06-30,Q2,0.0,0.0,0.0,0.0,0.0,0.0,0.0,0.0,0.0,0.0,613.0,0.0,-496119.25,0.0,0.0,0.0,0.0,-496732.25,0.0,-496732.25,-496732.25,0.0,-0.22129225,-0.22129225,2375736.0,2375736.0,,,1620591481,16:18:01,20210509
78,1999-03-31,EEG.AX,AUD,1999-03-31,1999-03-31,Q1,0.0,0.0,0.0,0.0,0.0,0.0,0.0,0.0,0.0,0.0,613.0,0.0,-496119.25,0.0,0.0,0.0,0.0,-496732.25,0.0,-496732.25,-496732.25,0.0,-0.22129225,-0.22129225,2375736.0,2375736.0,,,1620591481,16:18:01,20210509
79,1999-01-31,EEG.AX,AUD,1999-01-31,1999-01-31,Q1,0.0,0.0,0.0,0.0,0.0,0.0,0.0,0.0,0.0,0.0,613.0,0.0,-496119.25,0.0,0.0,0.0,0.0,-496732.25,0.0,-496732.25,-496732.25,0.0,-0.22129225,-0.22129225,2375736.0,2375736.0,,,1620591481,16:18:01,20210509
80,1998-09-30,EEG.AX,AUD,1998-09-30,1998-09-30,Q3,0.0,0.0,0.0,0.0,0.0,0.0,0.0,0.0,0.0,0.0,46718.25,0.0,-991973.75,0.0,0.0,0.0,0.0,-1038692.0,0.0,-1038692.0,-1038692.0,0.0,-0.5062994233104253,-0.4610255734235596,2051537.0,2253003.0,,,1620591481,16:18:01,20210509
81,1998-06-30,EEG.AX,AUD,1998-06-30,1998-06-30,Q2,0.0,0.0,0.0,0.0,0.0,0.0,0.0,0.0,0.0,0.0,46718.25,0.0,-991973.75,0.0,0.0,0.0,0.0,-1038692.0,0.0,-1038692.0,-1038692.0,0.0,-0.5062994233104253,-0.4610255734235596,2051537.0,2253003.0,,,1620591481,16:18:01,20210509
82,1998-03-31,EEG.AX,AUD,1998-03-31,1998-03-31,Q1,0.0,0.0,0.0,0.0,0.0,0.0,0.0,0.0,0.0,0.0,46718.25,0.0,-991973.75,0.0,0.0,0.0,0.0,-1038692.0,0.0,-1038692.0,-1038692.0,0.0,-0.5062994233104253,-0.4610255734235596,2051537.0,2253003.0,,,1620591481,16:18:01,20210509
83,1998-01-31,EEG.AX,AUD,1998-01-31,1998-01-31,Q1,0.0,0.0,0.0,0.0,0.0,0.0,0.0,0.0,0.0,0.0,46718.25,0.0,-991973.75,0.0,0.0,0.0,0.0,-1038692.0,0.0,-1038692.0,-1038692.0,0.0,-0.5062994233104253,-0.4610255734235596,2051537.0,2253003.0,,,1620591481,16:18:01,20210509
84,1997-09-30,EEG.AX,AUD,1997-09-30,1997-09-30,Q3,0.0,0.0,0.0,0.0,0.0,0.0,0.0,0.0,0.0,0.0,17283.25,0.0,-559056.75,0.0,0.0,0.0,0.0,-576340.0,0.0,-576340.0,-576340.0,0.0,-0.55323075,-0.55323075,1041772.0,1041772.0,,,1620591481,16:18:01,20210509
85,1997-06-30,EEG.AX,AUD,1997-06-30,1997-06-30,Q2,0.0,0.0,0.0,0.0,0.0,0.0,0.0,0.0,0.0,0.0,17283.25,0.0,-559056.75,0.0,0.0,0.0,0.0,-576340.0,0.0,-576340.0,-576340.0,0.0,-0.55323075,-0.55323075,1041772.0,1041772.0,,,1620591481,16:18:01,20210509
86,1997-03-31,EEG.AX,AUD,1997-03-31,1997-03-31,Q1,0.0,0.0,0.0,0.0,0.0,0.0,0.0,0.0,0.0,0.0,17283.25,0.0,-559056.75,0.0,0.0,0.0,0.0,-576340.0,0.0,-576340.0,-576340.0,0.0,-0.55323075,-0.55323075,1041772.0,1041772.0,,,1620591481,16:18:01,20210509
87,1997-01-31,EEG.AX,AUD,1997-01-31,1997-01-31,Q1,0.0,0.0,0.0,0.0,0.0,0.0,0.0,0.0,0.0,0.0,17283.25,0.0,-559056.75,0.0,0.0,0.0,0.0,-576340.0,0.0,-576340.0,-576340.0,0.0,-0.55323075,-0.55323075,1041772.0,1041772.0,,,1620591481,16:18:01,20210509
88,1996-09-30,EEG.AX,AUD,1996-09-30,1996-09-30,Q3,0.0,0.0,0.0,0.0,0.0,0.0,0.0,0.0,0.0,0.0,17174.25,0.0,-424929.25,0.0,0.0,0.0,0.0,-442103.5,0.0,-442103.5,-442103.5,0.0,-1.585928,-1.585928,342484.0,342484.0,,,1620591481,16:18:01,20210509
89,1996-06-30,EEG.AX,AUD,1996-06-30,1996-06-30,Q2,0.0,0.0,0.0,0.0,0.0,0.0,0.0,0.0,0.0,0.0,17174.25,0.0,-424929.25,0.0,0.0,0.0,0.0,-442103.5,0.0,-442103.5,-442103.5,0.0,-1.585928,-1.585928,342484.0,342484.0,,,1620591481,16:18:01,20210509
90,1996-03-31,EEG.AX,AUD,1996-03-31,1996-03-31,Q1,0.0,0.0,0.0,0.0,0.0,0.0,0.0,0.0,0.0,0.0,17174.25,0.0,-424929.25,0.0,0.0,0.0,0.0,-442103.5,0.0,-442103.5,-442103.5,0.0,-1.585928,-1.585928,342484.0,342484.0,,,1620591481,16:18:01,20210509
91,1996-01-31,EEG.AX,AUD,1996-01-31,1996-01-31,Q1,0.0,0.0,0.0,0.0,0.0,0.0,0.0,0.0,0.0,0.0,17174.25,0.0,-424929.25,0.0,0.0,0.0,0.0,-442103.5,0.0,-442103.5,-442103.5,0.0,-1.585928,-1.585928,342484.0,342484.0,,,1620591481,16:18:01,20210509
92,1995-09-30,EEG.AX,AUD,1995-09-30,1995-09-30,Q3,0.0,0.0,0.0,0.0,0.0,0.0,0.0,0.0,0.0,0.0,5250.0,0.0,-197000.0,0.0,0.0,0.0,0.0,-202250.0,0.0,-202250.0,-202250.0,0.0,-0.7007605287320479,-0.7007581007289964,288615.0,288616.0,,,1620591481,16:18:01,20210509
93,1995-06-30,EEG.AX,AUD,1995-06-30,1995-06-30,Q2,0.0,0.0,0.0,0.0,0.0,0.0,0.0,0.0,0.0,0.0,5250.0,0.0,-197000.0,0.0,0.0,0.0,0.0,-202250.0,0.0,-202250.0,-202250.0,0.0,-0.7007605287320479,-0.7007581007289964,288615.0,288616.0,,,1620591481,16:18:01,20210509
94,1995-03-31,EEG.AX,AUD,1995-03-31,1995-03-31,Q1,0.0,0.0,0.0,0.0,0.0,0.0,0.0,0.0,0.0,0.0,5250.0,0.0,-197000.0,0.0,0.0,0.0,0.0,-202250.0,0.0,-202250.0,-202250.0,0.0,-0.7007605287320479,-0.7007581007289964,288615.0,288616.0,,,1620591481,16:18:01,20210509
95,1995-01-31,EEG.AX,AUD,1995-01-31,1995-01-31,Q1,0.0,0.0,0.0,0.0,0.0,0.0,0.0,0.0,0.0,0.0,5250.0,0.0,-197000.0,0.0,0.0,0.0,0.0,-202250.0,0.0,-202250.0,-202250.0,0.0,-0.7007605287320479,-0.7007581007289964,288615.0,288616.0,,,1620591481,16:18:01,20210509
96,1994-09-30,EEG.AX,AUD,1994-09-30,1994-09-30,Q3,0.0,0.0,0.0,0.0,0.0,0.0,0.0,0.0,0.0,0.0,2250.0,0.0,-127500.0,0.0,0.0,0.0,0.0,-129750.0,0.0,-129750.0,-129750.0,0.0,-0.5163500913312878,-0.516348036484615,251283.0,251284.0,,,1620591481,16:18:01,20210509
97,1994-06-30,EEG.AX,AUD,1994-06-30,1994-06-30,Q2,0.0,0.0,0.0,0.0,0.0,0.0,0.0,0.0,0.0,0.0,2250.0,0.0,-127500.0,0.0,0.0,0.0,0.0,-129750.0,0.0,-129750.0,-129750.0,0.0,-0.5163500913312878,-0.516348036484615,251283.0,251284.0,,,1620591481,16:18:01,20210509
98,1994-03-31,EEG.AX,AUD,1994-03-31,1994-03-31,Q1,0.0,0.0,0.0,0.0,0.0,0.0,0.0,0.0,0.0,0.0,2250.0,0.0,-127500.0,0.0,0.0,0.0,0.0,-129750.0,0.0,-129750.0,-129750.0,0.0,-0.5163500913312878,-0.516348036484615,251283.0,251284.0,,,1620591481,16:18:01,20210509
99,1994-01-31,EEG.AX,AUD,1994-01-31,1994-01-31,Q1,0.0,0.0,0.0,0.0,0.0,0.0,0.0,0.0,0.0,0.0,2250.0,0.0,-127500.0,0.0,0.0,0.0,0.0,-129750.0,0.0,-129750.0,-129750.0,0.0,-0.5163500913312878,-0.516348036484615,251283.0,251284.0,,,1620591481,16:18:01,20210509
100,1993-09-30,EEG.AX,AUD,1993-09-30,1993-09-30,Q3,0.0,0.0,0.0,0.0,0.0,0.0,0.0,0.0,0.0,0.0,1500.0,0.0,-197750.0,0.0,0.0,0.0,0.0,-199250.0,0.0,-199250.0,-199250.0,0.0,-0.682318,-0.682318,292019.0,292019.0,,,1620591481,16:18:01,20210509
101,1993-06-30,EEG.AX,AUD,1993-06-30,1993-06-30,Q2,0.0,0.0,0.0,0.0,0.0,0.0,0.0,0.0,0.0,0.0,1500.0,0.0,-197750.0,0.0,0.0,0.0,0.0,-199250.0,0.0,-199250.0,-199250.0,0.0,-0.682318,-0.682318,292019.0,292019.0,,,1620591481,16:18:01,20210509
102,1993-03-31,EEG.AX,AUD,1993-03-31,1993-03-31,Q1,0.0,0.0,0.0,0.0,0.0,0.0,0.0,0.0,0.0,0.0,1500.0,0.0,-197750.0,0.0,0.0,0.0,0.0,-199250.0,0.0,-199250.0,-199250.0,0.0,-0.682318,-0.682318,292019.0,292019.0,,,1620591481,16:18:01,20210509
103,1993-01-31,EEG.AX,AUD,1993-01-31,1993-01-31,Q1,0.0,0.0,0.0,0.0,0.0,0.0,0.0,0.0,0.0,0.0,1500.0,0.0,-197750.0,0.0,0.0,0.0,0.0,-199250.0,0.0,-199250.0,-199250.0,0.0,-0.682318,-0.682318,292019.0,292019.0,,,1620591481,16:18:01,20210509
104,1992-09-30,EEG.AX,AUD,1992-09-30,1992-09-30,Q3,0.0,0.0,0.0,0.0,0.0,0.0,0.0,0.0,0.0,0.0,750.0,0.0,-1755250.0,0.0,0.0,0.0,0.0,-1756000.0,0.0,-1756000.0,-1756000.0,0.0,-2.52642025,-2.52642025,697371.0,697371.0,,,1620591481,16:18:01,20210509
105,1992-06-30,EEG.AX,AUD,1992-06-30,1992-06-30,Q2,0.0,0.0,0.0,0.0,0.0,0.0,0.0,0.0,0.0,0.0,750.0,0.0,-1755250.0,0.0,0.0,0.0,0.0,-1756000.0,0.0,-1756000.0,-1756000.0,0.0,-2.52642025,-2.52642025,697371.0,697371.0,,,1620591481,16:18:01,20210509
106,1992-03-31,EEG.AX,AUD,1992-03-31,1992-03-31,Q1,0.0,0.0,0.0,0.0,0.0,0.0,0.0,0.0,0.0,0.0,750.0,0.0,-1755250.0,0.0,0.0,0.0,0.0,-1756000.0,0.0,-1756000.0,-1756000.0,0.0,-2.52642025,-2.52642025,697371.0,697371.0,,,1620591481,16:18:01,20210509
107,1992-01-31,EEG.AX,AUD,1992-01-31,1992-01-31,Q1,0.0,0.0,0.0,0.0,0.0,0.0,0.0,0.0,0.0,0.0,750.0,0.0,-1755250.0,0.0,0.0,0.0,0.0,-1756000.0,0.0,-1756000.0,-1756000.0,0.0,-2.52642025,-2.52642025,697371.0,697371.0,,,1620591481,16:18:01,20210509
108,1991-09-30,EEG.AX,AUD,1991-09-30,1991-09-30,Q3,0.0,0.0,0.0,0.0,0.0,0.0,0.0,0.0,0.0,0.0,1750.0,0.0,-520500.0,0.0,0.0,0.0,0.0,-522250.0,0.0,-522250.0,-522250.0,0.0,-0.0022287257532668425,-0.0022287257532668425,234326722.0,234326722.0,,,1620591481,16:18:01,20210509
109,1991-06-30,EEG.AX,AUD,1991-06-30,1991-06-30,Q2,0.0,0.0,0.0,0.0,0.0,0.0,0.0,0.0,0.0,0.0,1750.0,0.0,-520500.0,0.0,0.0,0.0,0.0,-522250.0,0.0,-522250.0,-522250.0,0.0,-0.0022287257532668425,-0.0022287257532668425,234326722.0,234326722.0,,,1620591481,16:18:01,20210509
110,1991-03-31,EEG.AX,AUD,1991-03-31,1991-03-31,Q1,0.0,0.0,0.0,0.0,0.0,0.0,0.0,0.0,0.0,0.0,1750.0,0.0,-520500.0,0.0,0.0,0.0,0.0,-522250.0,0.0,-522250.0,-522250.0,0.0,-0.0022287257532668425,-0.0022287257532668425,234326722.0,234326722.0,,,1620591481,16:18:01,20210509
111,1991-01-31,EEG.AX,AUD,1991-01-31,1991-01-31,Q1,0.0,0.0,0.0,0.0,0.0,0.0,0.0,0.0,0.0,0.0,1750.0,0.0,-520500.0,0.0,0.0,0.0,0.0,-522250.0,0.0,-522250.0,-522250.0,0.0,-0.0022287257532668425,-0.0022287257532668425,234326722.0,234326722.0,,,1620591481,16:18:01,20210509
112,1990-09-30,EEG.AX,AUD,1990-09-30,1990-09-30,Q3,0.0,0.0,0.0,0.0,0.0,0.0,0.0,0.0,0.0,0.0,2500.0,0.0,-3020250.0,0.0,0.0,0.0,0.0,-3022750.0,0.0,-3022750.0,-3022750.0,0.0,-0.012899723830899662,-0.012899723830899662,234326722.0,234326722.0,,,1620591481,16:18:01,20210509
113,1990-06-30,EEG.AX,AUD,1990-06-30,1990-06-30,Q2,0.0,0.0,0.0,0.0,0.0,0.0,0.0,0.0,0.0,0.0,2500.0,0.0,-3020250.0,0.0,0.0,0.0,0.0,-3022750.0,0.0,-3022750.0,-3022750.0,0.0,-0.012899723830899662,-0.012899723830899662,234326722.0,234326722.0,,,1620591481,16:18:01,20210509
114,1990-03-31,EEG.AX,AUD,1990-03-31,1990-03-31,Q1,0.0,0.0,0.0,0.0,0.0,0.0,0.0,0.0,0.0,0.0,2500.0,0.0,-3020250.0,0.0,0.0,0.0,0.0,-3022750.0,0.0,-3022750.0,-3022750.0,0.0,-0.012899723830899662,-0.012899723830899662,234326722.0,234326722.0,,,1620591481,16:18:01,20210509
115,1990-01-31,EEG.AX,AUD,1990-01-31,1990-01-31,Q1,0.0,0.0,0.0,0.0,0.0,0.0,0.0,0.0,0.0,0.0,2500.0,0.0,-3020250.0,0.0,0.0,0.0,0.0,-3022750.0,0.0,-3022750.0,-3022750.0,0.0,-0.012899723830899662,-0.012899723830899662,234326722.0,234326722.0,,,1620591481,16:18:01,20210509
116,1989-09-30,EEG.AX,AUD,1989-09-30,1989-09-30,Q3,0.0,0.0,0.0,0.0,0.0,0.0,0.0,0.0,0.0,0.0,1500.0,0.0,-983500.0,0.0,0.0,0.0,0.0,-985000.0,0.0,-985000.0,-985000.0,0.0,-0.004203532536080115,-0.004203532536080115,234326722.0,234326722.0,,,1620591481,16:18:01,20210509
117,1989-06-30,EEG.AX,AUD,1989-06-30,1989-06-30,Q2,0.0,0.0,0.0,0.0,0.0,0.0,0.0,0.0,0.0,0.0,1500.0,0.0,-983500.0,0.0,0.0,0.0,0.0,-985000.0,0.0,-985000.0,-985000.0,0.0,-0.004203532536080115,-0.004203532536080115,234326722.0,234326722.0,,,1620591481,16:18:01,20210509
118,1989-03-31,EEG.AX,AUD,1989-03-31,1989-03-31,Q1,0.0,0.0,0.0,0.0,0.0,0.0,0.0,0.0,0.0,0.0,1500.0,0.0,-983500.0,0.0,0.0,0.0,0.0,-985000.0,0.0,-985000.0,-985000.0,0.0,-0.004203532536080115,-0.004203532536080115,234326722.0,234326722.0,,,1620591481,16:18:01,20210509
119,1989-01-31,EEG.AX,AUD,1989-01-31,1989-01-31,Q1,0.0,0.0,0.0,0.0,0.0,0.0,0.0,0.0,0.0,0.0,1500.0,0.0,-983500.0,0.0,0.0,0.0,0.0,-985000.0,0.0,-985000.0,-985000.0,0.0,-0.004203532536080115,-0.004203532536080115,234326722.0,234326722.0,,,1620591481,16:18:01,20210509
