,date,symbol,reportedCurrency,fillingDate,acceptedDate,period,revenue,costOfRevenue,grossProfit,grossProfitRatio,researchAndDevelopmentExpenses,generalAndAdministrativeExpenses,sellingAndMarketingExpenses,otherExpenses,operatingExpenses,costAndExpenses,interestExpense,depreciationAndAmortization,ebitda,ebitdaratio,operatingIncome,operatingIncomeRatio,totalOtherIncomeExpensesNet,incomeBeforeTax,incomeBeforeTaxRatio,incomeTaxExpense,netIncome,netIncomeRatio,eps,epsdiluted,weightedAverageShsOut,weightedAverageShsOutDil,link,finalLink,timestamp,est_time,est_date
0,2021-03-31,SEAS,USD,2021-05-07,2021-05-07 06:31:13,Q1,171920000,14942000.0,156978000,0.9130874825500233,0.0,31464000.0,0.0,76308.0,107772.0,190822000,-30956.0,36558000,36607206.0,0.21293163099115867,49206.0,0.00028621451838064214,174.0,-50032000.0,-0.2910190786412285,0.0,-44884000.0,-0.2610749185667752,-0.5743020190905136,-0.5743020190905136,78154000,78154000,https://www.sec.gov/Archives/edgar/data/1564902/000156459021025277/0001564590-21-025277-index.htm,https://www.sec.gov/Archives/edgar/data/1564902/000156459021025277/seas-10q_20210331.htm,1620597729,18:02:09,20210509
1,2020-12-31,SEAS,USD,2021-02-26,2021-02-26 16:31:15,Q4,154075000,13157000.0,140918000,0.914606522797339,0.0,22492000.0,0.0,293573.0,-81311000.0,180103000,-170113000.0,36540000,36513972.0,0.23698829790686354,-26028.0,-0.0001689307155606036,2916.0,-55365.0,-0.0003593379847476878,-9829.0,-45536.0,-0.00029554437773811457,-0.5826445223533024,-0.5826445223533024,78154000,78154000,https://www.sec.gov/Archives/edgar/data/1564902/000156459021009459/0001564590-21-009459-index.htm,https://www.sec.gov/Archives/edgar/data/1564902/000156459021009459/seas-10k_20201231.htm,1620597729,18:02:09,20210509
2,2020-09-30,SEAS,USD,2020-11-06,2020-11-06 06:22:09,Q3,106117000,9298000.0,96819000,0.9123797318054601,0.0,24335000.0,0.0,2000.0,153724000.0,163022000,28145000.0,38052000,-18853000.0,-0.17766239151125646,-56905000.0,-0.5362477265659602,-2579000.0,-87629000.0,-0.8257772081758813,-8392000.0,-79237000.0,-0.7466946860540724,-1.01,-1.01,78154000,78154000,https://www.sec.gov/Archives/edgar/data/1564902/000156459020051645/0001564590-20-051645-index.htm,https://www.sec.gov/Archives/edgar/data/1564902/000156459020051645/seas-10q_20200930.htm,1620597729,18:02:09,20210509
3,2020-06-30,SEAS,USD,2020-08-10,2020-08-10 16:08:10,Q2,18026000,1153000.0,16873000,0.936036835681793,0.0,21104000.0,0.0,1000.0,118094000.0,119247000,21908000.0,37941000,-63280000.0,-3.5104848552091426,-101221000.0,-5.615277931876179,-8000.0,-123137000.0,-6.831077332741596,7892000.0,-131029000.0,-7.268889382003772,-1.68,-1.68,78148130,78148130,https://www.sec.gov/Archives/edgar/data/1564902/000156459020038916/0001564590-20-038916-index.htm,https://www.sec.gov/Archives/edgar/data/1564902/000156459020038916/seas-10q_20200630.htm,1620597729,18:02:09,20210509
4,2020-03-31,SEAS,USD,2020-05-08,2020-05-08 17:03:44,Q1,153561000,13104000.0,140457000,0.914665833121691,0.0,26954000.0,0.0,12000.0,197966000.0,211070000,19153000.0,38013000,-19496000.0,-0.12695931909794805,-57509000.0,-0.37450264064443445,-53000.0,-76715000.0,-0.49957345940701087,-20196000.0,-56519000.0,-0.3680556912236831,-0.72,-0.72,78213000,78213000,https://www.sec.gov/Archives/edgar/data/1564902/000156459020023642/0001564590-20-023642-index.htm,https://www.sec.gov/Archives/edgar/data/1564902/000156459020007020/seas-10k_20191231.htm,1620597729,18:02:09,20210509
5,2019-12-31,SEAS,USD,2020-02-27,2020-02-27 07:17:47,Q4,298011000,21891000.0,276120000,0.9265429799571157,0.0,87100000.0,0.0,-156000.0,281072000.0,302963000,20115000.0,40232000,35280000.0,0.11838489183285181,-4952000.0,-0.016616836291277838,-493000.0,-25560000.0,-0.08576864612380079,-1377000.0,-24183000.0,-0.08114801131501857,-0.31,-0.31,78241000,78241000,https://www.sec.gov/Archives/edgar/data/1564902/000156459020007020/0001564590-20-007020-index.htm,https://www.sec.gov/Archives/edgar/data/1564902/000156459020007020/seas-10k_20191231.htm,1620597729,18:02:09,20210509
6,2019-09-30,SEAS,USD,2019-11-07,2019-11-07 16:31:16,Q3,473666000,37843000.0,435823000,0.9201061507475732,0.0,64632000.0,0.0,86000.0,281088000.0,318931000,21463000.0,40822000,195557000.0,0.4128584276684415,154735000.0,0.3266753366296082,-1121000.0,132151000.0,0.27899617029721363,34123000.0,98028000.0,0.2069559563067647,1.25,1.24,78164000,78804000,https://www.sec.gov/Archives/edgar/data/1564902/000156459019041802/0001564590-19-041802-index.htm,https://www.sec.gov/Archives/edgar/data/1564902/000156459019041802/seas-10q_20190930.htm,1620597729,18:02:09,20210509
7,2019-06-30,SEAS,USD,2019-08-07,2019-08-07 06:51:03,Q2,405992000,32006000.0,373986000,0.9211659343041242,0.0,67205000.0,0.0,79000.0,277656000.0,309662000,21803000.0,40053000,136383000.0,0.3359253384303139,96330000.0,0.23727068513665295,13000.0,74540000.0,0.183599676840923,21889000.0,52651000.0,0.12968482137579065,0.65,0.64,81520000,82167000,https://www.sec.gov/Archives/edgar/data/1564902/000156459019029638/0001564590-19-029638-index.htm,https://www.sec.gov/Archives/edgar/data/1564902/000156459019029638/seas-10q_20190630.htm,1620597729,18:02:09,20210509
8,2019-03-31,SEAS,USD,2019-05-08,2019-05-08 06:05:53,Q1,220575000,17213000.0,203362000,0.9219630511164003,0.0,42764000.0,0.0,-27000.0,232099000.0,249312000,20797000.0,39450000,10713000.0,0.04856851411084665,-28737000.0,-0.13028221693301598,-2593000.0,-52127000.0,-0.23632324606143035,-15107000.0,-37020000.0,-0.16783407004420264,-0.44,-0.44,83354000,83354000,https://www.sec.gov/Archives/edgar/data/1564902/000156459019016797/0001564590-19-016797-index.htm,https://www.sec.gov/Archives/edgar/data/1564902/000156459019005656/seas-10k_20181231.htm,1620597729,18:02:09,20210509
9,2018-12-31,SEAS,USD,2019-03-01,2019-03-01 07:38:54,Q4,280028000,21592000.0,258436000,0.9228934249432199,0.0,43648000.0,0.0,62000.0,246568000.0,268160000,20940000.0,41320000,53188000.0,0.18993814904223863,11868000.0,0.04238147613810048,-9082000.0,-18154000.0,-0.06482923136257802,-7101000.0,-11053000.0,-0.03947105289471053,-0.13,-0.13,85457000,85457000,https://www.sec.gov/Archives/edgar/data/1564902/000156459019005656/0001564590-19-005656-index.htm,https://www.sec.gov/Archives/edgar/data/1564902/000156459019005656/seas-10k_20181231.htm,1620597729,18:02:09,20210509
10,2018-09-30,SEAS,USD,2018-11-06,2018-11-06 06:06:07,Q3,483175000,36062000.0,447113000,0.9253645159621255,0.0,51549000.0,0.0,59000.0,291517000.0,327579000,19500000.0,41187000,196783000.0,0.4072706576292234,155596000.0,0.32202825063382834,-3807000.0,132289000.0,0.27379106948828064,36301000.0,95988000.0,0.19866094065297252,1.11,1.1,86616000,87542000,https://www.sec.gov/Archives/edgar/data/1564902/000156459018027040/0001564590-18-027040-index.htm,https://www.sec.gov/Archives/edgar/data/1564902/000156459018027040/seas-10q_20180930.htm,1620597729,18:02:09,20210509
11,2018-06-30,SEAS,USD,2018-08-07,2018-08-07 16:41:55,Q2,391921000,31899000.0,360022000,0.9186085971407503,0.0,71003000.0,0.0,42000.0,301121000.0,333020000,20561000.0,40018000,98919000.0,0.252395253124992,58901000.0,0.15028794068192314,-3649000.0,34691000.0,0.08851528751967871,11994000.0,22697000.0,0.05791218128143172,0.262699799766201,0.2612303619727226,86399000,86885000,https://www.sec.gov/Archives/edgar/data/1564902/000156459018019991/0001564590-18-019991-index.htm,https://www.sec.gov/Archives/edgar/data/1564902/000156459018019991/seas-10q_20180630.htm,1620597729,18:02:09,20210509
12,2018-03-31,SEAS,USD,2018-05-09,2018-05-09 16:47:40,Q1,217166000,17051000.0,200115000,0.9214840260445926,0.0,63524000.0,0.0,-63000.0,257427000.0,274478000,19913000.0,38430000,-18882000.0,-0.08694731219435824,-57312000.0,-0.2639087149922179,-8898000.0,-86123000.0,-0.39657681220817254,-23279000.0,-62844000.0,-0.2893823158321284,-0.73,-0.73,86209000,86209000,https://www.sec.gov/Archives/edgar/data/1564902/000156459018012480/0001564590-18-012480-index.htm,https://www.sec.gov/Archives/edgar/data/1564902/000156459018003622/seas-10k_20171231.htm,1620597729,18:02:09,20210509
13,2017-12-31,SEAS,USD,2018-02-28,2018-02-27 20:05:51,Q4,265505000,20382000.0,245123000,0.9232330841227095,0.0,52496000.0,0.0,4000.0,255909000.0,276291000,20128000.0,42697000,31911000.0,0.12018982693357941,-10786000.0,-0.04062447034895764,-96000.0,-31010000.0,-0.1167962938551063,-10569000.0,-20441000.0,-0.07698913391461554,-0.24,-0.24,86105000,86105000,https://www.sec.gov/Archives/edgar/data/1564902/000156459018003622/0001564590-18-003622-index.htm,https://www.sec.gov/Archives/edgar/data/1564902/000156459018003622/seas-10k_20171231.htm,1620597729,18:02:09,20210509
14,2017-09-30,SEAS,USD,2017-11-08,2017-11-07 18:06:44,Q3,437712000,31988000.0,405724000,0.9269199839163651,0.0,54770000.0,0.0,108000.0,291802000.0,323790000,20160000.0,42230000,156152000.0,0.35674598822970355,113922000.0,0.2602670248930804,-4992000.0,88770000.0,0.20280458383594693,33736000.0,55034000.0,0.12573107431370398,0.639840952425243,0.6378239302767604,86012000,86284000,https://www.sec.gov/Archives/edgar/data/1564902/000156459017022361/0001564590-17-022361-index.htm,https://www.sec.gov/Archives/edgar/data/1564902/000156459017022361/seas-10q_20170930.htm,1620597729,18:02:09,20210509
15,2017-06-30,SEAS,USD,2017-08-09,2017-08-09 16:24:35,Q2,373750000,29061000.0,344689000,0.9222448160535117,0.0,69152000.0,0.0,-83000.0,297921000.0,326982000,19452000.0,39500000,86268000.0,0.23081739130434784,46768000.0,0.12513177257525085,-269538000.0,-242222000.0,-0.648085618729097,-66372000.0,-175850000.0,-0.4705016722408027,-2.05,-2.05,85745000,85745000,https://www.sec.gov/Archives/edgar/data/1564902/000156459017016981/0001564590-17-016981-index.htm,https://www.sec.gov/Archives/edgar/data/1564902/000156459017016981/seas-10q_20170630.htm,1620597729,18:02:09,20210509
16,2017-03-31,SEAS,USD,2017-05-09,2017-05-09 16:51:27,Q1,186357000,14483000.0,171874000,0.92228357400044,0.0,52418000.0,0.0,86000.0,248609000.0,263092000,18261000.0,38867000,-37868000.0,-0.20320138229312557,-76735000.0,-0.4117634432835901,-7934000.0,-102930000.0,-0.5523269853024034,-41801000.0,-61129000.0,-0.32802094903867307,-0.72,-0.72,85373000,85373000,https://www.sec.gov/Archives/edgar/data/1564902/000156459017009919/0001564590-17-009919-index.htm,https://www.sec.gov/Archives/edgar/data/1564902/000156459017003001/seas-10k_20161231.htm,1620597729,18:02:09,20210509
17,2016-12-31,SEAS,USD,2017-03-01,2017-03-01 06:14:10,Q4,267597000,18875000.0,248722000,0.9294648295758173,0.0,42023000.0,0.0,-77000.0,251357000.0,270232000,18364000.0,42972000,40337000.0,0.1507378632794837,-2635000.0,-0.00984689663934947,-8981000.0,-29980000.0,-0.11203414089096664,-18075000.0,-11905000.0,-0.044488540603967903,-0.14,-0.14,85335000,85335000,https://www.sec.gov/Archives/edgar/data/1564902/000156459017003001/0001564590-17-003001-index.htm,https://www.sec.gov/Archives/edgar/data/1564902/000156459017003001/seas-10k_20161231.htm,1620597729,18:02:09,20210509
18,2016-09-30,SEAS,USD,2016-11-09,2016-11-08 18:36:31,Q3,485318000,35854000.0,449464000,0.9261226659633477,0.0,57148000.0,0.0,-72000.0,296823000.0,332677000,15137000.0,40921000,193562000.0,0.39883540276684565,152641000.0,0.3145174916240486,-72000.0,137432000.0,0.28317927626834366,71777000.0,65655000.0,0.13528243337358187,0.7697854379176926,0.7683710370170983,85290000,85447000,https://www.sec.gov/Archives/edgar/data/1564902/000156459016028404/0001564590-16-028404-index.htm,https://www.sec.gov/Archives/edgar/data/1564902/000156459016028404/seas-10q_20160930.htm,1620597729,18:02:09,20210509
19,2016-06-30,SEAS,USD,2016-08-05,2016-08-05 06:06:53,Q2,371136000,28913000.0,342223000,0.9220959432660804,0.0,72032000.0,0.0,-118000.0,304173000.0,333086000,14579000.0,40708000,78758000.0,0.21220792377996206,38050000.0,0.10252306432143474,-118000.0,23353000.0,0.06292302552164167,5585000.0,17768000.0,0.04787463355750991,0.2084809799826344,0.20815857916071134,85226000,85358000,https://www.sec.gov/Archives/edgar/data/1564902/000156459016022834/0001564590-16-022834-index.htm,https://www.sec.gov/Archives/edgar/data/1564902/000156459016022834/seas-10q_20160630.htm,1620597729,18:02:09,20210509
20,2016-03-31,SEAS,USD,2016-05-06,2016-05-05 18:04:27,Q1,220241000,17001000.0,203240000,0.9228072883795478,0.0,67354000.0,0.0,142000.0,322695000.0,339696000,14581000.0,75048000,-44407000.0,-0.20162912445911524,-119455000.0,-0.5423831166767314,30000.0,-134006000.0,-0.6084516506917422,-49957000.0,-84049000.0,-0.38162285859581097,-1.0,-1.0,83824000,83824000,https://www.sec.gov/Archives/edgar/data/1564902/000156459016018058/0001564590-16-018058-index.htm,https://www.sec.gov/Archives/edgar/data/1564902/000156459016013463/seas-10k_20151231.htm,1620597729,18:02:09,20210509
21,2015-12-31,SEAS,USD,2016-02-26,2016-02-26 06:10:57,Q4,267857000,20006000.0,247851000,0.9253108934991432,0.0,41990000.0,0.0,382000.0,252825000.0,272831000,14642000.0,44034000,39060000.0,0.14582407777284148,-4974000.0,-0.01856960990379195,-2176000.0,-21792000.0,-0.08135684339031647,-10764000.0,-11028000.0,-0.041171221957985046,-0.13,-0.13,85162000,85162000,https://www.sec.gov/Archives/edgar/data/1564902/000156459016013463/0001564590-16-013463-index.htm,https://www.sec.gov/Archives/edgar/data/1564902/000156459016013463/seas-10k_20151231.htm,1620597729,18:02:09,20210509
22,2015-09-30,SEAS,USD,2015-11-06,2015-11-05 17:52:37,Q3,496939000,36959000.0,459980000,0.9256266865752134,0.0,47684000.0,0.0,-41000.0,289120000.0,326079000,15019000.0,44505000,215365000.0,0.4333831717776226,170860000.0,0.343824896013394,-41000.0,155800000.0,0.3135193655559334,57850000.0,97950000.0,0.1971066871386629,1.138874032044276,1.137630662020906,86006000,86100000,https://www.sec.gov/Archives/edgar/data/1564902/000119312515368556/0001193125-15-368556-index.htm,https://www.sec.gov/Archives/edgar/data/1564902/000119312515368556/d84319d10q.htm,1620597729,18:02:09,20210509
23,2015-06-30,SEAS,USD,2015-08-07,2015-08-07 06:09:53,Q2,391616000,31112000.0,360504000,0.9205548292204608,0.0,73320000.0,0.0,-209000.0,314632000.0,345744000,15732000.0,50110000,95982000.0,0.24509213106716785,45872000.0,0.11713515280274554,-20679000.0,9461000.0,0.02415886991338454,3652000.0,5809000.0,0.014833408236639974,0.06740073793887638,0.06731872385300901,86186000,86291000,https://www.sec.gov/Archives/edgar/data/1564902/000119312515281899/0001193125-15-281899-index.htm,https://www.sec.gov/Archives/edgar/data/1564902/000119312515281899/d35312d10q.htm,1620597729,18:02:09,20210509
24,2015-03-31,SEAS,USD,2015-05-08,2015-05-08 06:09:55,Q1,214592000,15903000.0,198689000,0.9258919251416642,0.0,51078000.0,0.0,-261000.0,248743000.0,264646000,20178000.0,43854000,-6200000.0,-0.028892036981807336,-50054000.0,-0.23325193856248136,-406000.0,-70638000.0,-0.32917350134208173,-27040000.0,-43598000.0,-0.20316694005368327,-0.51,-0.51,86097000,86097000,https://www.sec.gov/Archives/edgar/data/1564902/000119312515178179/0001193125-15-178179-index.htm,https://www.sec.gov/Archives/edgar/data/1564902/000119312515066579/d828038d10k.htm,1620597729,18:02:09,20210509
25,2014-12-31,SEAS,USD,2015-02-27,2015-02-26 21:33:46,Q4,264537000,20394000.0,244143000,0.9229068145476814,0.0,35291000.0,0.0,114000.0,252499000.0,272893000,20456000.0,47542000,39186000.0,0.1481305072636342,-8356000.0,-0.0315872637854062,-14027000.0,-42839000.0,-0.16193953964851798,-17393000.0,-25446000.0,-0.09619070300184851,-0.29,-0.29,86748000,86748000,https://www.sec.gov/Archives/edgar/data/1564902/000119312515066579/0001193125-15-066579-index.htm,https://www.sec.gov/Archives/edgar/data/1564902/000119312515066579/d828038d10k.htm,1620597729,18:02:09,20210509
26,2014-09-30,SEAS,USD,2014-11-13,2014-11-13 06:11:25,Q3,495834000,38219000.0,457615000,0.9229197675028336,0.0,50438000.0,0.0,56000.0,295700000.0,333919000,20857000.0,44371000,206286000.0,0.41603843221723397,161915000.0,0.32655082144427366,-405000.0,140653000.0,0.28366953456197036,53477000.0,87176000.0,0.17581690646466358,1.01,1.0,86715000,87024000,https://www.sec.gov/Archives/edgar/data/1564902/000119312514410148/0001193125-14-410148-index.htm,https://www.sec.gov/Archives/edgar/data/1564902/000119312514410148/d795827d10q.htm,1620597729,18:02:09,20210509
27,2014-06-30,SEAS,USD,2014-08-14,2014-08-13 17:52:50,Q2,405151000,33651000.0,371500000,0.9169420783855896,0.0,58564000.0,0.0,45000.0,290840000.0,324491000,20638000.0,43086000,123746000.0,0.30543180197012965,80660000.0,0.19908626660183487,-28000.0,59994000.0,0.14807812395872155,22658000.0,37336000.0,0.0921532959316403,0.4297570127881948,0.42821915608620353,86877000,87189000,https://www.sec.gov/Archives/edgar/data/1564902/000119312514308663/0001193125-14-308663-index.htm,https://www.sec.gov/Archives/edgar/data/1564902/000119312514308663/d746146d10q.htm,1620597729,18:02:09,20210509
28,2014-03-31,SEAS,USD,2014-05-15,2014-05-14 18:02:52,Q1,212290000,16760000.0,195530000,0.921051391963823,0.0,45076000.0,0.0,-17000.0,254264000.0,271024000,20046000.0,41276000,-17458000.0,-0.08223656319186019,-58734000.0,-0.2766687078995713,-691000.0,-79471000.0,-0.37435112346318716,-30040000.0,-49431000.0,-0.23284657779452636,-0.56,-0.56,88415000,88415000,https://www.sec.gov/Archives/edgar/data/1564902/000119312514199381/0001193125-14-199381-index.htm,https://www.sec.gov/Archives/edgar/data/1564902/000119312514109073/d657593d10k.htm,1620597729,18:02:09,20210509
29,2013-12-31,SEAS,USD,2014-03-21,2014-03-21 06:19:09,Q4,271959000,20968000.0,250991000,0.9229001430362666,0.0,37717000.0,0.0,48000.0,249079000.0,270047000,20986000.0,41932000,43844000.0,0.16121547733298033,1912000.0,0.007030471504895958,-1359000.0,-20433000.0,-0.07513264867130708,-6926000.0,-13507000.0,-0.0496655745902875,-0.15,-0.15,89523000,89523000,https://www.sec.gov/Archives/edgar/data/1564902/000119312514109073/0001193125-14-109073-index.htm,https://www.sec.gov/Archives/edgar/data/1564902/000119312514109073/d657593d10k.htm,1620597729,18:02:09,20210509
30,2013-09-30,SEAS,USD,2013-11-14,2013-11-13 18:39:24,Q3,538389000,40422000.0,497967000,0.9249204571415836,0.0,47426000.0,0.0,13000.0,292373000.0,332795000,21018000.0,42322000,247916000.0,0.4604774614637372,205594000.0,0.38186887176372475,13000.0,184589000.0,0.3428543302333443,64390000.0,120199000.0,0.22325679016473218,1.34,1.33,89610000,90206000,https://www.sec.gov/Archives/edgar/data/1564902/000119312513440523/0001193125-13-440523-index.htm,https://www.sec.gov/Archives/edgar/data/1564902/000119312513440523/d600593d10q.htm,1620597729,18:02:09,20210509
31,2013-06-30,SEAS,USD,2013-08-14,2013-08-13 20:20:56,Q2,411292000,32974000.0,378318000,0.9198282485436138,0.0,112240000.0,0.0,107000.0,347338000.0,380312000,22926000.0,40424000,71404000.0,0.1736090174377328,30980000.0,0.07532361436643553,-32322000.0,-24268000.0,-0.05900430837458545,-8414000.0,-15854000.0,-0.03854682318158389,-0.18,-0.18,88222000,88222000,https://www.sec.gov/Archives/edgar/data/1564902/000119312513333190/0001193125-13-333190-index.htm,https://www.sec.gov/Archives/edgar/data/1564902/000119312513333190/d555590d10q.htm,1620597729,18:02:09,20210509
32,2013-03-31,SEAS,USD,2013-03-31,2013-03-31,Q1,238610000,19828000.0,218782000,0.9169020577511421,0.0,0.0,0.0,73000.0,254655000.0,274483000,28606000.0,41408000,5535000.0,0.02319684841372952,-35873000.0,-0.150341561543942,73000.0,-64406000.0,-0.26992162943715686,-24046000.0,-40360000.0,-0.16914630568710448,-0.435209,-0.435209,92737008,92737008,,,1620597729,18:02:09,20210509
33,2012-12-31,SEAS,USD,2012-12-31,2012-12-31,Q4,263173000,19450000.0,243723000,0.9260942421904983,0.0,0.0,0.0,-547000.0,245603000.0,265053000,25163000.0,44890000,43010000.0,0.16342861919725807,-1880000.0,-0.007143589957936415,-547000.0,-27590000.0,-0.1048359824146094,-18791000.0,-8799000.0,-0.033434280872277934,-0.09514489619377163,-0.09514489619377163,92480000,92480000,,,1620597729,18:02:09,20210509
34,2012-09-30,SEAS,USD,2012-09-30,2012-09-30,Q3,522255000,43450000.0,478805000,0.9168030942738701,0.0,58807000.0,0.0,237000.0,294943000.0,338393000,29545000.0,44737000,228599000.0,0.4377152923380341,183862000.0,0.3520540732017884,237000.0,154554000.0,0.29593589338541515,62297000.0,92257000.0,0.1766512527405195,0.997589,0.986157,92480000,93552000,,,1620597729,18:02:09,20210509
35,2012-06-30,SEAS,USD,2012-06-30,2012-06-30,Q2,425882000,36959000.0,388923000,0.9132177457605628,0.0,49028000.0,0.0,733000.0,295837000.0,332796000,28909000.0,41439000,134525000.0,0.31587388055846455,93086000.0,0.2185722805847629,733000.0,64910000.0,0.15241310973462133,25790000.0,39120000.0,0.09185642971527325,0.42301,0.418163,92480000,93552000,,,1620597729,18:02:09,20210509
36,2012-03-31,SEAS,USD,2012-03-31,2012-03-31,Q1,212442000,18700000.0,193742000,0.9119759746189549,0.0,0.0,0.0,1140000.0,242021000.0,260721000,27809000.0,35909000,-12370000.0,-0.058227657431204755,-48279000.0,-0.22725732199847487,1140000.0,-74948000.0,-0.3527927622598168,-29814000.0,-45134000.0,-0.2124532813662082,-0.488041,-0.488041,92480000,93552000,,,1620597729,18:02:09,20210509
37,2011-12-31,SEAS,USD,2011-12-31,2011-12-31,Q4,252040000,22762000.0,229278000,0.9096889382637676,0.0,0.0,0.0,-18000.0,255260000.0,278022000,26137000.0,58730000,32748000.0,0.12993175686398983,-25982000.0,-0.10308681161720362,-18000.0,-52137000.0,-0.20686002221869546,-21291000.0,-30846000.0,-0.12238533566100619,-0.3335423875432526,-0.3335423875432526,92480000,92480000,,,1620597729,18:02:09,20210509
