,date,symbol,reportedCurrency,fillingDate,acceptedDate,period,revenue,costOfRevenue,grossProfit,grossProfitRatio,researchAndDevelopmentExpenses,generalAndAdministrativeExpenses,sellingAndMarketingExpenses,otherExpenses,operatingExpenses,costAndExpenses,interestExpense,depreciationAndAmortization,ebitda,ebitdaratio,operatingIncome,operatingIncomeRatio,totalOtherIncomeExpensesNet,incomeBeforeTax,incomeBeforeTaxRatio,incomeTaxExpense,netIncome,netIncomeRatio,eps,epsdiluted,weightedAverageShsOut,weightedAverageShsOutDil,link,finalLink,timestamp,est_time,est_date
0,2019-06-30,BILN.L,GBP,2019-06-30,2019-06-30,Q2,27089250.0,19360250.0,7729000.0,0.28531613093754904,0.0,905250.0,0.0,0.0,711250.0,25605250.0,10500.0,453500.0,1937500.0,0.07152283654955378,1484000.0,0.05478187842040662,0.0,1482750.0,0.054735734654890775,283750.0,1199000.0,0.044261099882794835,0.0995,0.0995,12052554,12052554,https://find-and-update.company-information.service.gov.uk/search/companies?q=Billington+Holdings+PLC,https://find-and-update.company-information.service.gov.uk/search/companies?q=Billington+Holdings+PLC,1620589381,15:43:01,20210509
1,2019-03-31,BILN.L,GBP,2019-03-31,2019-03-31,Q1,27089250.0,19360250.0,7729000.0,0.28531613093754904,0.0,905250.0,0.0,0.0,711250.0,25605250.0,10500.0,453500.0,1937500.0,0.07152283654955378,1484000.0,0.05478187842040662,0.0,1482750.0,0.054735734654890775,283750.0,1199000.0,0.044261099882794835,0.0995,0.0995,12052554,12052554,https://find-and-update.company-information.service.gov.uk/search/companies?q=Billington+Holdings+PLC,https://find-and-update.company-information.service.gov.uk/search/companies?q=Billington+Holdings+PLC,1620589381,15:43:01,20210509
2,2019-01-31,BILN.L,GBP,2019-01-31,2019-01-31,Q1,27089250.0,19360250.0,7729000.0,0.28531613093754904,0.0,905250.0,0.0,0.0,711250.0,25605250.0,10500.0,453500.0,1937500.0,0.07152283654955378,1484000.0,0.05478187842040662,0.0,1482750.0,0.054735734654890775,283750.0,1199000.0,0.044261099882794835,0.0995,0.0995,12052554,12052554,https://find-and-update.company-information.service.gov.uk/search/companies?q=Billington+Holdings+PLC,https://find-and-update.company-information.service.gov.uk/search/companies?q=Billington+Holdings+PLC,1620589381,15:43:01,20210509
3,2018-06-30,BILN.L,GBP,2018-06-30,2018-06-30,Q2,19115500.0,12255500.0,6860000.0,0.35887107321283773,0.0,824000.0,0.0,0.0,595750.0,17865250.0,11250.0,375500.0,1625750.0,0.08504878240171589,1250250.0,0.06540503779655253,0.0,1235750.0,0.06464649106745834,223500.0,1012250.0,0.05295440872590306,0.084,0.084,12044508,12044508,https://find-and-update.company-information.service.gov.uk/search/companies?q=Billington+Holdings+PLC,https://find-and-update.company-information.service.gov.uk/search/companies?q=Billington+Holdings+PLC,1620589381,15:43:01,20210509
4,2018-03-31,BILN.L,GBP,2018-03-31,2018-03-31,Q1,19115500.0,12255500.0,6860000.0,0.35887107321283773,0.0,824000.0,0.0,0.0,595750.0,17865250.0,11250.0,375500.0,1625750.0,0.08504878240171589,1250250.0,0.06540503779655253,0.0,1235750.0,0.06464649106745834,223500.0,1012250.0,0.05295440872590306,0.084,0.084,12044508,12044508,https://find-and-update.company-information.service.gov.uk/search/companies?q=Billington+Holdings+PLC,https://find-and-update.company-information.service.gov.uk/search/companies?q=Billington+Holdings+PLC,1620589381,15:43:01,20210509
5,2018-01-31,BILN.L,GBP,2018-01-31,2018-01-31,Q1,19115500.0,12255500.0,6860000.0,0.35887107321283773,0.0,824000.0,0.0,0.0,595750.0,17865250.0,11250.0,375500.0,1625750.0,0.08504878240171589,1250250.0,0.06540503779655253,0.0,1235750.0,0.06464649106745834,223500.0,1012250.0,0.05295440872590306,0.084,0.084,12044508,12044508,https://find-and-update.company-information.service.gov.uk/search/companies?q=Billington+Holdings+PLC,https://find-and-update.company-information.service.gov.uk/search/companies?q=Billington+Holdings+PLC,1620589381,15:43:01,20210509
6,2017-06-30,BILN.L,GBP,2017-06-30,2017-06-30,Q2,18039000.0,11490500.0,6548500.0,0.3630190143577804,0.0,803000.0,0.0,0.0,688750.0,16932000.0,12500.0,407750.0,1514750.0,0.08397084095570707,1107000.0,0.061367038084151004,0.0,1102750.0,0.06113143744109984,226750.0,876000.0,0.048561450191252284,0.07275,0.07275,12040608,12040608,https://find-and-update.company-information.service.gov.uk/search/companies?q=Billington+Holdings+PLC,https://find-and-update.company-information.service.gov.uk/search/companies?q=Billington+Holdings+PLC,1620589381,15:43:01,20210509
7,2017-03-31,BILN.L,GBP,2017-03-31,2017-03-31,Q1,18039000.0,11490500.0,6548500.0,0.3630190143577804,0.0,803000.0,0.0,0.0,688750.0,16932000.0,12500.0,407750.0,1514750.0,0.08397084095570707,1107000.0,0.061367038084151004,0.0,1102750.0,0.06113143744109984,226750.0,876000.0,0.048561450191252284,0.07275,0.07275,12040608,12040608,https://find-and-update.company-information.service.gov.uk/search/companies?q=Billington+Holdings+PLC,https://find-and-update.company-information.service.gov.uk/search/companies?q=Billington+Holdings+PLC,1620589381,15:43:01,20210509
8,2017-01-31,BILN.L,GBP,2017-01-31,2017-01-31,Q1,18039000.0,11490500.0,6548500.0,0.3630190143577804,0.0,803000.0,0.0,0.0,688750.0,16932000.0,12500.0,407750.0,1514750.0,0.08397084095570707,1107000.0,0.061367038084151004,0.0,1102750.0,0.06113143744109984,226750.0,876000.0,0.048561450191252284,0.07275,0.07275,12040608,12040608,https://find-and-update.company-information.service.gov.uk/search/companies?q=Billington+Holdings+PLC,https://find-and-update.company-information.service.gov.uk/search/companies?q=Billington+Holdings+PLC,1620589381,15:43:01,20210509
9,2016-06-30,BILN.L,GBP,2016-06-30,2016-06-30,Q2,16072750.0,10106750.0,5966000.0,0.37118725793656965,0.0,1052000.0,0.0,0.0,418500.0,15116500.0,15000.0,313500.0,1269750.0,0.07900017109704313,956250.0,0.05949510817999409,0.0,950750.0,0.05915291409373007,208000.0,742750.0,0.046211755922290834,0.0635,0.0635,11715526,11715526,https://find-and-update.company-information.service.gov.uk/search/companies?q=Billington+Holdings+PLC,https://find-and-update.company-information.service.gov.uk/search/companies?q=Billington+Holdings+PLC,1620589381,15:43:01,20210509
10,2016-03-31,BILN.L,GBP,2016-03-31,2016-03-31,Q1,16072750.0,10106750.0,5966000.0,0.37118725793656965,0.0,1052000.0,0.0,0.0,418500.0,15116500.0,15000.0,313500.0,1269750.0,0.07900017109704313,956250.0,0.05949510817999409,0.0,950750.0,0.05915291409373007,208000.0,742750.0,0.046211755922290834,0.0635,0.0635,11715526,11715526,https://find-and-update.company-information.service.gov.uk/search/companies?q=Billington+Holdings+PLC,https://find-and-update.company-information.service.gov.uk/search/companies?q=Billington+Holdings+PLC,1620589381,15:43:01,20210509
11,2016-01-31,BILN.L,GBP,2016-01-31,2016-01-31,Q1,16072750.0,10106750.0,5966000.0,0.37118725793656965,0.0,1052000.0,0.0,0.0,418500.0,15116500.0,15000.0,313500.0,1269750.0,0.07900017109704313,956250.0,0.05949510817999409,0.0,950750.0,0.05915291409373007,208000.0,742750.0,0.046211755922290834,0.0635,0.0635,11715526,11715526,https://find-and-update.company-information.service.gov.uk/search/companies?q=Billington+Holdings+PLC,https://find-and-update.company-information.service.gov.uk/search/companies?q=Billington+Holdings+PLC,1620589381,15:43:01,20210509
12,2015-09-30,BILN.L,GBP,2015-09-30,2015-09-30,Q3,14187000.0,9043000.0,5144000.0,0.36258546556706844,0.0,0.0,0.0,0.0,1324000.0,13411000.0,1750.0,274250.0,1050250.0,0.07402904067103687,776000.0,0.05469796292380348,0.0,777500.0,0.05480369352223867,166500.0,611000.0,0.0430675970959329,0.05275,0.05275,11585041,11585041,https://find-and-update.company-information.service.gov.uk/search/companies?q=Billington+Holdings+PLC,https://find-and-update.company-information.service.gov.uk/search/companies?q=Billington+Holdings+PLC,1620589381,15:43:01,20210509
13,2015-06-30,BILN.L,GBP,2015-06-30,2015-06-30,Q2,14187000.0,9043000.0,5144000.0,0.36258546556706844,0.0,0.0,0.0,0.0,1324000.0,13411000.0,1750.0,274250.0,1050250.0,0.07402904067103687,776000.0,0.05469796292380348,0.0,777500.0,0.05480369352223867,166500.0,611000.0,0.0430675970959329,0.05275,0.05275,11585041,11585041,https://find-and-update.company-information.service.gov.uk/search/companies?q=Billington+Holdings+PLC,https://find-and-update.company-information.service.gov.uk/search/companies?q=Billington+Holdings+PLC,1620589381,15:43:01,20210509
14,2015-03-31,BILN.L,GBP,2015-03-31,2015-03-31,Q1,14187000.0,9043000.0,5144000.0,0.36258546556706844,0.0,0.0,0.0,0.0,1324000.0,13411000.0,1750.0,274250.0,1050250.0,0.07402904067103687,776000.0,0.05469796292380348,0.0,777500.0,0.05480369352223867,166500.0,611000.0,0.0430675970959329,0.05275,0.05275,11585041,11585041,https://find-and-update.company-information.service.gov.uk/search/companies?q=Billington+Holdings+PLC,https://find-and-update.company-information.service.gov.uk/search/companies?q=Billington+Holdings+PLC,1620589381,15:43:01,20210509
15,2015-01-31,BILN.L,GBP,2015-01-31,2015-01-31,Q1,14187000.0,9043000.0,5144000.0,0.36258546556706844,0.0,0.0,0.0,0.0,1324000.0,13411000.0,1750.0,274250.0,1050250.0,0.07402904067103687,776000.0,0.05469796292380348,0.0,777500.0,0.05480369352223867,166500.0,611000.0,0.0430675970959329,0.05275,0.05275,11585041,11585041,https://find-and-update.company-information.service.gov.uk/search/companies?q=Billington+Holdings+PLC,https://find-and-update.company-information.service.gov.uk/search/companies?q=Billington+Holdings+PLC,1620589381,15:43:01,20210509
16,2014-09-30,BILN.L,GBP,2014-09-30,2014-09-30,Q3,11275750.0,6904750.0,4371000.0,0.3876460545861694,0.0,0.0,0.0,0.0,1109500.0,10796000.0,3000.0,192750.0,672500.0,0.05964126554774627,479750.0,0.04254705895394985,0.0,480500.0,0.0426135733764938,119250.0,361250.0,0.03203778019200497,0.03125,0.03125,11580808,11580808,https://find-and-update.company-information.service.gov.uk/search/companies?q=Billington+Holdings+PLC,https://find-and-update.company-information.service.gov.uk/search/companies?q=Billington+Holdings+PLC,1620589381,15:43:01,20210509
17,2014-06-30,BILN.L,GBP,2014-06-30,2014-06-30,Q2,11275750.0,6904750.0,4371000.0,0.3876460545861694,0.0,0.0,0.0,0.0,1109500.0,10796000.0,3000.0,192750.0,672500.0,0.05964126554774627,479750.0,0.04254705895394985,0.0,480500.0,0.0426135733764938,119250.0,361250.0,0.03203778019200497,0.03125,0.03125,11580808,11580808,https://find-and-update.company-information.service.gov.uk/search/companies?q=Billington+Holdings+PLC,https://find-and-update.company-information.service.gov.uk/search/companies?q=Billington+Holdings+PLC,1620589381,15:43:01,20210509
18,2014-03-31,BILN.L,GBP,2014-03-31,2014-03-31,Q1,11275750.0,6904750.0,4371000.0,0.3876460545861694,0.0,0.0,0.0,0.0,1109500.0,10796000.0,3000.0,192750.0,672500.0,0.05964126554774627,479750.0,0.04254705895394985,0.0,480500.0,0.0426135733764938,119250.0,361250.0,0.03203778019200497,0.03125,0.03125,11580808,11580808,https://find-and-update.company-information.service.gov.uk/search/companies?q=Billington+Holdings+PLC,https://find-and-update.company-information.service.gov.uk/search/companies?q=Billington+Holdings+PLC,1620589381,15:43:01,20210509
19,2014-01-31,BILN.L,GBP,2014-01-31,2014-01-31,Q1,11275750.0,6904750.0,4371000.0,0.3876460545861694,0.0,0.0,0.0,0.0,1109500.0,10796000.0,3000.0,192750.0,672500.0,0.05964126554774627,479750.0,0.04254705895394985,0.0,480500.0,0.0426135733764938,119250.0,361250.0,0.03203778019200497,0.03125,0.03125,11580808,11580808,https://find-and-update.company-information.service.gov.uk/search/companies?q=Billington+Holdings+PLC,https://find-and-update.company-information.service.gov.uk/search/companies?q=Billington+Holdings+PLC,1620589381,15:43:01,20210509
20,2013-09-30,BILN.L,GBP,2013-09-30,2013-09-30,Q3,9392750.0,5288750.0,4104000.0,0.4369327406776503,0.0,0.0,0.0,0.0,1107750.0,9156250.0,4250.0,214250.0,450750.0,0.04798914056053871,236500.0,0.025178994437198902,0.0,180000.0,0.01916371669638817,64000.0,116000.0,0.012349950759894599,0.01,0.01,11600000,11600000,https://find-and-update.company-information.service.gov.uk/search/companies?q=Billington+Holdings+PLC,https://find-and-update.company-information.service.gov.uk/search/companies?q=Billington+Holdings+PLC,1620589381,15:43:01,20210509
21,2013-06-30,BILN.L,GBP,2013-06-30,2013-06-30,Q2,9392750.0,5288750.0,4104000.0,0.4369327406776503,0.0,0.0,0.0,0.0,1107750.0,9156250.0,4250.0,214250.0,450750.0,0.04798914056053871,236500.0,0.025178994437198902,0.0,180000.0,0.01916371669638817,64000.0,116000.0,0.012349950759894599,0.01,0.01,11600000,11600000,https://find-and-update.company-information.service.gov.uk/search/companies?q=Billington+Holdings+PLC,https://find-and-update.company-information.service.gov.uk/search/companies?q=Billington+Holdings+PLC,1620589381,15:43:01,20210509
22,2013-03-31,BILN.L,GBP,2013-03-31,2013-03-31,Q1,9392750.0,5288750.0,4104000.0,0.4369327406776503,0.0,0.0,0.0,0.0,1107750.0,9156250.0,4250.0,214250.0,450750.0,0.04798914056053871,236500.0,0.025178994437198902,0.0,180000.0,0.01916371669638817,64000.0,116000.0,0.012349950759894599,0.01,0.01,11600000,11600000,https://find-and-update.company-information.service.gov.uk/search/companies?q=Billington+Holdings+PLC,https://find-and-update.company-information.service.gov.uk/search/companies?q=Billington+Holdings+PLC,1620589381,15:43:01,20210509
23,2013-01-31,BILN.L,GBP,2013-01-31,2013-01-31,Q1,9392750.0,5288750.0,4104000.0,0.4369327406776503,0.0,0.0,0.0,0.0,1107750.0,9156250.0,4250.0,214250.0,450750.0,0.04798914056053871,236500.0,0.025178994437198902,0.0,180000.0,0.01916371669638817,64000.0,116000.0,0.012349950759894599,0.01,0.01,11600000,11600000,https://find-and-update.company-information.service.gov.uk/search/companies?q=Billington+Holdings+PLC,https://find-and-update.company-information.service.gov.uk/search/companies?q=Billington+Holdings+PLC,1620589381,15:43:01,20210509
24,2012-09-30,BILN.L,GBP,2012-09-30,2012-09-30,Q3,9542750.0,5806500.0,3736250.0,0.39152759948652116,0.0,0.0,736500.0,0.0,988500.0,9571750.0,4000.0,270000.0,241000.0,0.02525477456707972,-29000.0,-0.003038956275706688,0.0,-113750.0,-0.0119200440124702,-10000.0,-103750.0,-0.010872128055329963,-0.009,-0.009,11581358,11581358,https://find-and-update.company-information.service.gov.uk/search/companies?q=Billington+Holdings+PLC,https://find-and-update.company-information.service.gov.uk/search/companies?q=Billington+Holdings+PLC,1620589381,15:43:01,20210509
25,2012-06-30,BILN.L,GBP,2012-06-30,2012-06-30,Q2,9542750.0,5806500.0,3736250.0,0.39152759948652116,0.0,0.0,736500.0,0.0,988500.0,9571750.0,4000.0,270000.0,241000.0,0.02525477456707972,-29000.0,-0.003038956275706688,0.0,-113750.0,-0.0119200440124702,-10000.0,-103750.0,-0.010872128055329963,-0.009,-0.009,11581358,11581358,https://find-and-update.company-information.service.gov.uk/search/companies?q=Billington+Holdings+PLC,https://find-and-update.company-information.service.gov.uk/search/companies?q=Billington+Holdings+PLC,1620589381,15:43:01,20210509
26,2012-03-31,BILN.L,GBP,2012-03-31,2012-03-31,Q1,9542750.0,5806500.0,3736250.0,0.39152759948652116,0.0,0.0,736500.0,0.0,988500.0,9571750.0,4000.0,270000.0,241000.0,0.02525477456707972,-29000.0,-0.003038956275706688,0.0,-113750.0,-0.0119200440124702,-10000.0,-103750.0,-0.010872128055329963,-0.009,-0.009,11581358,11581358,https://find-and-update.company-information.service.gov.uk/search/companies?q=Billington+Holdings+PLC,https://find-and-update.company-information.service.gov.uk/search/companies?q=Billington+Holdings+PLC,1620589381,15:43:01,20210509
27,2012-01-31,BILN.L,GBP,2012-01-31,2012-01-31,Q1,9542750.0,5806500.0,3736250.0,0.39152759948652116,0.0,0.0,736500.0,0.0,988500.0,9571750.0,4000.0,270000.0,241000.0,0.02525477456707972,-29000.0,-0.003038956275706688,0.0,-113750.0,-0.0119200440124702,-10000.0,-103750.0,-0.010872128055329963,-0.009,-0.009,11581358,11581358,https://find-and-update.company-information.service.gov.uk/search/companies?q=Billington+Holdings+PLC,https://find-and-update.company-information.service.gov.uk/search/companies?q=Billington+Holdings+PLC,1620589381,15:43:01,20210509
28,2011-09-30,BILN.L,GBP,2011-09-30,2011-09-30,Q3,13468250.0,9574000.0,3895500.0,0.28923579529634513,0.0,0.0,0.0,0.0,13520000.0,13906250.0,3750.0,316250.0,-121750.0,-0.009039778738885899,-438000.0,-0.03252092885118705,0.0,-539750.0,-0.04007573366992742,-107500.0,-432250.0,-0.03209399884914521,-0.03725,-0.03725,11586616,11586616,https://find-and-update.company-information.service.gov.uk/search/companies?q=Billington+Holdings+PLC,https://find-and-update.company-information.service.gov.uk/search/companies?q=Billington+Holdings+PLC,1620589381,15:43:01,20210509
29,2011-06-30,BILN.L,GBP,2011-06-30,2011-06-30,Q2,13468250.0,9574000.0,3895500.0,0.28923579529634513,0.0,0.0,0.0,0.0,13520000.0,13906250.0,3750.0,316250.0,-121750.0,-0.009039778738885899,-438000.0,-0.03252092885118705,0.0,-539750.0,-0.04007573366992742,-107500.0,-432250.0,-0.03209399884914521,-0.03725,-0.03725,11586616,11586616,https://find-and-update.company-information.service.gov.uk/search/companies?q=Billington+Holdings+PLC,https://find-and-update.company-information.service.gov.uk/search/companies?q=Billington+Holdings+PLC,1620589381,15:43:01,20210509
30,2011-03-31,BILN.L,GBP,2011-03-31,2011-03-31,Q1,13468250.0,9574000.0,3895500.0,0.28923579529634513,0.0,0.0,0.0,0.0,13520000.0,13906250.0,3750.0,316250.0,-121750.0,-0.009039778738885899,-438000.0,-0.03252092885118705,0.0,-539750.0,-0.04007573366992742,-107500.0,-432250.0,-0.03209399884914521,-0.03725,-0.03725,11586616,11586616,https://find-and-update.company-information.service.gov.uk/search/companies?q=Billington+Holdings+PLC,https://find-and-update.company-information.service.gov.uk/search/companies?q=Billington+Holdings+PLC,1620589381,15:43:01,20210509
31,2011-01-31,BILN.L,GBP,2011-01-31,2011-01-31,Q1,13468250.0,9574000.0,3895500.0,0.28923579529634513,0.0,0.0,0.0,0.0,13520000.0,13906250.0,3750.0,316250.0,-121750.0,-0.009039778738885899,-438000.0,-0.03252092885118705,0.0,-539750.0,-0.04007573366992742,-107500.0,-432250.0,-0.03209399884914521,-0.03725,-0.03725,11586616,11586616,https://find-and-update.company-information.service.gov.uk/search/companies?q=Billington+Holdings+PLC,https://find-and-update.company-information.service.gov.uk/search/companies?q=Billington+Holdings+PLC,1620589381,15:43:01,20210509
32,2010-09-30,BILN.L,GBP,2010-09-30,2010-09-30,Q3,10573750.0,6303000.0,4270750.0,0.40390117035110534,0.0,0.0,0.0,0.0,9887750.0,10236250.0,19250.0,287750.0,625250.0,0.05913228514008748,337500.0,0.031918666509043625,0.0,342250.0,0.03236789218583757,103000.0,205500.0,0.01943492138550656,0.01775,0.01775,11586908,11586908,https://find-and-update.company-information.service.gov.uk/search/companies?q=Billington+Holdings+PLC,https://find-and-update.company-information.service.gov.uk/search/companies?q=Billington+Holdings+PLC,1620589381,15:43:01,20210509
33,2010-06-30,BILN.L,GBP,2010-06-30,2010-06-30,Q2,10573750.0,6303000.0,4270750.0,0.40390117035110534,0.0,0.0,0.0,0.0,9887750.0,10236250.0,19250.0,287750.0,625250.0,0.05913228514008748,337500.0,0.031918666509043625,0.0,342250.0,0.03236789218583757,103000.0,205500.0,0.01943492138550656,0.01775,0.01775,11586908,11586908,https://find-and-update.company-information.service.gov.uk/search/companies?q=Billington+Holdings+PLC,https://find-and-update.company-information.service.gov.uk/search/companies?q=Billington+Holdings+PLC,1620589381,15:43:01,20210509
34,2010-03-31,BILN.L,GBP,2010-03-31,2010-03-31,Q1,10573750.0,6303000.0,4270750.0,0.40390117035110534,0.0,0.0,0.0,0.0,9887750.0,10236250.0,19250.0,287750.0,625250.0,0.05913228514008748,337500.0,0.031918666509043625,0.0,342250.0,0.03236789218583757,103000.0,205500.0,0.01943492138550656,0.01775,0.01775,11586908,11586908,https://find-and-update.company-information.service.gov.uk/search/companies?q=Billington+Holdings+PLC,https://find-and-update.company-information.service.gov.uk/search/companies?q=Billington+Holdings+PLC,1620589381,15:43:01,20210509
35,2010-01-31,BILN.L,GBP,2010-01-31,2010-01-31,Q1,10573750.0,6303000.0,4270750.0,0.40390117035110534,0.0,0.0,0.0,0.0,9887750.0,10236250.0,19250.0,287750.0,625250.0,0.05913228514008748,337500.0,0.031918666509043625,0.0,342250.0,0.03236789218583757,103000.0,205500.0,0.01943492138550656,0.01775,0.01775,11586908,11586908,https://find-and-update.company-information.service.gov.uk/search/companies?q=Billington+Holdings+PLC,https://find-and-update.company-information.service.gov.uk/search/companies?q=Billington+Holdings+PLC,1620589381,15:43:01,20210509
36,2009-09-30,BILN.L,GBP,2009-09-30,2009-09-30,Q3,14294250.0,8523250.0,5771000.0,0.40372877205869495,0.0,0.0,0.0,0.0,12620000.0,12979750.0,2500.0,281000.0,1595500.0,0.11161830806093359,1314500.0,0.09196005386781399,0.0,1334750.0,0.09337670741731816,381000.0,391000.0,0.02735365619042622,0.03375,0.03375,11586908,11586908,https://find-and-update.company-information.service.gov.uk/search/companies?q=Billington+Holdings+PLC,https://find-and-update.company-information.service.gov.uk/search/companies?q=Billington+Holdings+PLC,1620589381,15:43:01,20210509
37,2009-06-30,BILN.L,GBP,2009-06-30,2009-06-30,Q2,14294250.0,8523250.0,5771000.0,0.40372877205869495,0.0,0.0,0.0,0.0,12620000.0,12979750.0,2500.0,281000.0,1595500.0,0.11161830806093359,1314500.0,0.09196005386781399,0.0,1334750.0,0.09337670741731816,381000.0,391000.0,0.02735365619042622,0.03375,0.03375,11586908,11586908,https://find-and-update.company-information.service.gov.uk/search/companies?q=Billington+Holdings+PLC,https://find-and-update.company-information.service.gov.uk/search/companies?q=Billington+Holdings+PLC,1620589381,15:43:01,20210509
38,2009-03-31,BILN.L,GBP,2009-03-31,2009-03-31,Q1,14294250.0,8523250.0,5771000.0,0.40372877205869495,0.0,0.0,0.0,0.0,12620000.0,12979750.0,2500.0,281000.0,1595500.0,0.11161830806093359,1314500.0,0.09196005386781399,0.0,1334750.0,0.09337670741731816,381000.0,391000.0,0.02735365619042622,0.03375,0.03375,11586908,11586908,https://find-and-update.company-information.service.gov.uk/search/companies?q=Billington+Holdings+PLC,https://find-and-update.company-information.service.gov.uk/search/companies?q=Billington+Holdings+PLC,1620589381,15:43:01,20210509
39,2009-01-31,BILN.L,GBP,2009-01-31,2009-01-31,Q1,14294250.0,8523250.0,5771000.0,0.40372877205869495,0.0,0.0,0.0,0.0,12620000.0,12979750.0,2500.0,281000.0,1595500.0,0.11161830806093359,1314500.0,0.09196005386781399,0.0,1334750.0,0.09337670741731816,381000.0,391000.0,0.02735365619042622,0.03375,0.03375,11586908,11586908,https://find-and-update.company-information.service.gov.uk/search/companies?q=Billington+Holdings+PLC,https://find-and-update.company-information.service.gov.uk/search/companies?q=Billington+Holdings+PLC,1620589381,15:43:01,20210509
40,2008-09-30,BILN.L,GBP,2008-09-30,2008-09-30,Q3,15257000.0,0.0,0.0,0.0,0.0,0.0,0.0,0.0,13944750.0,14319000.0,250.0,335250.0,1273250.0,0.0834534967555876,938000.0,0.06147997640427345,0.0,1037000.0,0.0679688012060038,390250.0,817250.0,0.0535655764567084,0.0705,0.0705,11588408,11588408,https://find-and-update.company-information.service.gov.uk/search/companies?q=Billington+Holdings+PLC,https://find-and-update.company-information.service.gov.uk/search/companies?q=Billington+Holdings+PLC,1620589381,15:43:01,20210509
41,2008-06-30,BILN.L,GBP,2008-06-30,2008-06-30,Q2,15257000.0,0.0,0.0,0.0,0.0,0.0,0.0,0.0,13944750.0,14319000.0,250.0,335250.0,1273250.0,0.0834534967555876,938000.0,0.06147997640427345,0.0,1037000.0,0.0679688012060038,390250.0,817250.0,0.0535655764567084,0.0705,0.0705,11588408,11588408,https://find-and-update.company-information.service.gov.uk/search/companies?q=Billington+Holdings+PLC,https://find-and-update.company-information.service.gov.uk/search/companies?q=Billington+Holdings+PLC,1620589381,15:43:01,20210509
42,2008-03-31,BILN.L,GBP,2008-03-31,2008-03-31,Q1,15257000.0,0.0,0.0,0.0,0.0,0.0,0.0,0.0,13944750.0,14319000.0,250.0,335250.0,1273250.0,0.0834534967555876,938000.0,0.06147997640427345,0.0,1037000.0,0.0679688012060038,390250.0,817250.0,0.0535655764567084,0.0705,0.0705,11588408,11588408,https://find-and-update.company-information.service.gov.uk/search/companies?q=Billington+Holdings+PLC,https://find-and-update.company-information.service.gov.uk/search/companies?q=Billington+Holdings+PLC,1620589381,15:43:01,20210509
43,2008-01-31,BILN.L,GBP,2008-01-31,2008-01-31,Q1,15257000.0,0.0,0.0,0.0,0.0,0.0,0.0,0.0,13944750.0,14319000.0,250.0,335250.0,1273250.0,0.0834534967555876,938000.0,0.06147997640427345,0.0,1037000.0,0.0679688012060038,390250.0,817250.0,0.0535655764567084,0.0705,0.0705,11588408,11588408,https://find-and-update.company-information.service.gov.uk/search/companies?q=Billington+Holdings+PLC,https://find-and-update.company-information.service.gov.uk/search/companies?q=Billington+Holdings+PLC,1620589381,15:43:01,20210509
44,2007-09-30,BILN.L,GBP,2007-09-30,2007-09-30,Q3,17537000.0,0.0,0.0,0.0,0.0,0.0,0.0,0.0,15895500.0,16312250.0,9750.0,373750.0,1598500.0,0.0911501397046245,1224750.0,0.06983805668016195,0.0,1202500.0,0.06856931060044477,374000.0,-1045000.0,-0.059588299024918745,-0.09,-0.09,11598808,11598808,https://find-and-update.company-information.service.gov.uk/search/companies?q=Billington+Holdings+PLC,https://find-and-update.company-information.service.gov.uk/search/companies?q=Billington+Holdings+PLC,1620589381,15:43:01,20210509
45,2007-06-30,BILN.L,GBP,2007-06-30,2007-06-30,Q2,17537000.0,0.0,0.0,0.0,0.0,0.0,0.0,0.0,15895500.0,16312250.0,9750.0,373750.0,1598500.0,0.0911501397046245,1224750.0,0.06983805668016195,0.0,1202500.0,0.06856931060044477,374000.0,-1045000.0,-0.059588299024918745,-0.09,-0.09,11598808,11598808,https://find-and-update.company-information.service.gov.uk/search/companies?q=Billington+Holdings+PLC,https://find-and-update.company-information.service.gov.uk/search/companies?q=Billington+Holdings+PLC,1620589381,15:43:01,20210509
46,2007-03-31,BILN.L,GBP,2007-03-31,2007-03-31,Q1,17537000.0,0.0,0.0,0.0,0.0,0.0,0.0,0.0,15895500.0,16312250.0,9750.0,373750.0,1598500.0,0.0911501397046245,1224750.0,0.06983805668016195,0.0,1202500.0,0.06856931060044477,374000.0,-1045000.0,-0.059588299024918745,-0.09,-0.09,11598808,11598808,https://find-and-update.company-information.service.gov.uk/search/companies?q=Billington+Holdings+PLC,https://find-and-update.company-information.service.gov.uk/search/companies?q=Billington+Holdings+PLC,1620589381,15:43:01,20210509
47,2007-01-31,BILN.L,GBP,2007-01-31,2007-01-31,Q1,17537000.0,0.0,0.0,0.0,0.0,0.0,0.0,0.0,15895500.0,16312250.0,9750.0,373750.0,1598500.0,0.0911501397046245,1224750.0,0.06983805668016195,0.0,1202500.0,0.06856931060044477,374000.0,-1045000.0,-0.059588299024918745,-0.09,-0.09,11598808,11598808,https://find-and-update.company-information.service.gov.uk/search/companies?q=Billington+Holdings+PLC,https://find-and-update.company-information.service.gov.uk/search/companies?q=Billington+Holdings+PLC,1620589381,15:43:01,20210509
48,2006-09-30,BILN.L,GBP,2006-09-30,2006-09-30,Q3,16635250.0,11241500.0,5393750.0,0.3242361852091192,0.0,0.0,0.0,0.0,15240500.0,15603750.0,1250.0,318500.0,1350000.0,0.08115297335477376,1031500.0,0.062006882974406756,0.0,1162250.0,0.06986669872710058,343750.0,1546500.0,0.09296523947641304,0.1325,0.1325,11674408,11674408,https://find-and-update.company-information.service.gov.uk/search/companies?q=Billington+Holdings+PLC,https://find-and-update.company-information.service.gov.uk/search/companies?q=Billington+Holdings+PLC,1620589381,15:43:01,20210509
49,2006-06-30,BILN.L,GBP,2006-06-30,2006-06-30,Q2,16635250.0,11241500.0,5393750.0,0.3242361852091192,0.0,0.0,0.0,0.0,15240500.0,15603750.0,1250.0,318500.0,1350000.0,0.08115297335477376,1031500.0,0.062006882974406756,0.0,1162250.0,0.06986669872710058,343750.0,1546500.0,0.09296523947641304,0.1325,0.1325,11674408,11674408,https://find-and-update.company-information.service.gov.uk/search/companies?q=Billington+Holdings+PLC,https://find-and-update.company-information.service.gov.uk/search/companies?q=Billington+Holdings+PLC,1620589381,15:43:01,20210509
50,2006-03-31,BILN.L,GBP,2006-03-31,2006-03-31,Q1,16635250.0,11241500.0,5393750.0,0.3242361852091192,0.0,0.0,0.0,0.0,15240500.0,15603750.0,1250.0,318500.0,1350000.0,0.08115297335477376,1031500.0,0.062006882974406756,0.0,1162250.0,0.06986669872710058,343750.0,1546500.0,0.09296523947641304,0.1325,0.1325,11674408,11674408,https://find-and-update.company-information.service.gov.uk/search/companies?q=Billington+Holdings+PLC,https://find-and-update.company-information.service.gov.uk/search/companies?q=Billington+Holdings+PLC,1620589381,15:43:01,20210509
51,2006-01-31,BILN.L,GBP,2006-01-31,2006-01-31,Q1,16635250.0,11241500.0,5393750.0,0.3242361852091192,0.0,0.0,0.0,0.0,15240500.0,15603750.0,1250.0,318500.0,1350000.0,0.08115297335477376,1031500.0,0.062006882974406756,0.0,1162250.0,0.06986669872710058,343750.0,1546500.0,0.09296523947641304,0.1325,0.1325,11674408,11674408,https://find-and-update.company-information.service.gov.uk/search/companies?q=Billington+Holdings+PLC,https://find-and-update.company-information.service.gov.uk/search/companies?q=Billington+Holdings+PLC,1620589381,15:43:01,20210509
52,2005-09-30,BILN.L,GBP,2005-09-30,2005-09-30,Q3,29701500.0,0.0,0.0,0.0,0.0,0.0,0.0,184750.0,26911250.0,28148500.0,104750.0,587250.0,2140250.0,0.07205865023652004,1553000.0,0.05228692153594936,0.0,1737750.0,0.05850714610373214,492750.0,1245000.0,0.04191707489520731,0.10675,0.10675,11654508,11654508,https://find-and-update.company-information.service.gov.uk/search/companies?q=Billington+Holdings+PLC,https://find-and-update.company-information.service.gov.uk/search/companies?q=Billington+Holdings+PLC,1620589381,15:43:01,20210509
53,2005-06-30,BILN.L,GBP,2005-06-30,2005-06-30,Q2,29701500.0,0.0,0.0,0.0,0.0,0.0,0.0,184750.0,26911250.0,28148500.0,104750.0,587250.0,2140250.0,0.07205865023652004,1553000.0,0.05228692153594936,0.0,1737750.0,0.05850714610373214,492750.0,1245000.0,0.04191707489520731,0.10675,0.10675,11654508,11654508,https://find-and-update.company-information.service.gov.uk/search/companies?q=Billington+Holdings+PLC,https://find-and-update.company-information.service.gov.uk/search/companies?q=Billington+Holdings+PLC,1620589381,15:43:01,20210509
54,2005-03-31,BILN.L,GBP,2005-03-31,2005-03-31,Q1,29701500.0,0.0,0.0,0.0,0.0,0.0,0.0,184750.0,26911250.0,28148500.0,104750.0,587250.0,2140250.0,0.07205865023652004,1553000.0,0.05228692153594936,0.0,1737750.0,0.05850714610373214,492750.0,1245000.0,0.04191707489520731,0.10675,0.10675,11654508,11654508,https://find-and-update.company-information.service.gov.uk/search/companies?q=Billington+Holdings+PLC,https://find-and-update.company-information.service.gov.uk/search/companies?q=Billington+Holdings+PLC,1620589381,15:43:01,20210509
55,2005-01-31,BILN.L,GBP,2005-01-31,2005-01-31,Q1,29701500.0,0.0,0.0,0.0,0.0,0.0,0.0,184750.0,26911250.0,28148500.0,104750.0,587250.0,2140250.0,0.07205865023652004,1553000.0,0.05228692153594936,0.0,1737750.0,0.05850714610373214,492750.0,1245000.0,0.04191707489520731,0.10675,0.10675,11654508,11654508,https://find-and-update.company-information.service.gov.uk/search/companies?q=Billington+Holdings+PLC,https://find-and-update.company-information.service.gov.uk/search/companies?q=Billington+Holdings+PLC,1620589381,15:43:01,20210509
56,2004-09-30,BILN.L,GBP,2004-09-30,2004-09-30,Q3,32906250.0,0.0,0.0,0.0,0.0,0.0,0.0,-89000.0,30907750.0,32423500.0,90250.0,634750.0,1117500.0,0.03396011396011396,482750.0,0.014670465337132003,0.0,757750.0,0.023027540360873695,78000.0,679750.0,0.020657169990503325,0.0575,0.0575,11797808,11797808,https://find-and-update.company-information.service.gov.uk/search/companies?q=Billington+Holdings+PLC,https://find-and-update.company-information.service.gov.uk/search/companies?q=Billington+Holdings+PLC,1620589381,15:43:01,20210509
57,2004-06-30,BILN.L,GBP,2004-06-30,2004-06-30,Q2,32906250.0,0.0,0.0,0.0,0.0,0.0,0.0,-89000.0,30907750.0,32423500.0,90250.0,634750.0,1117500.0,0.03396011396011396,482750.0,0.014670465337132003,0.0,757750.0,0.023027540360873695,78000.0,679750.0,0.020657169990503325,0.0575,0.0575,11797808,11797808,https://find-and-update.company-information.service.gov.uk/search/companies?q=Billington+Holdings+PLC,https://find-and-update.company-information.service.gov.uk/search/companies?q=Billington+Holdings+PLC,1620589381,15:43:01,20210509
58,2004-03-31,BILN.L,GBP,2004-03-31,2004-03-31,Q1,32906250.0,0.0,0.0,0.0,0.0,0.0,0.0,-89000.0,30907750.0,32423500.0,90250.0,634750.0,1117500.0,0.03396011396011396,482750.0,0.014670465337132003,0.0,757750.0,0.023027540360873695,78000.0,679750.0,0.020657169990503325,0.0575,0.0575,11797808,11797808,https://find-and-update.company-information.service.gov.uk/search/companies?q=Billington+Holdings+PLC,https://find-and-update.company-information.service.gov.uk/search/companies?q=Billington+Holdings+PLC,1620589381,15:43:01,20210509
59,2004-01-31,BILN.L,GBP,2004-01-31,2004-01-31,Q1,32906250.0,0.0,0.0,0.0,0.0,0.0,0.0,-89000.0,30907750.0,32423500.0,90250.0,634750.0,1117500.0,0.03396011396011396,482750.0,0.014670465337132003,0.0,757750.0,0.023027540360873695,78000.0,679750.0,0.020657169990503325,0.0575,0.0575,11797808,11797808,https://find-and-update.company-information.service.gov.uk/search/companies?q=Billington+Holdings+PLC,https://find-and-update.company-information.service.gov.uk/search/companies?q=Billington+Holdings+PLC,1620589381,15:43:01,20210509
60,2003-09-30,BILN.L,GBP,2003-09-30,2003-09-30,Q3,26335500.0,0.0,0.0,0.0,0.0,0.0,0.0,-133250.0,25813000.0,27554500.0,84750.0,799000.0,-420000.0,-0.015948054906874752,-1219000.0,-0.04628733078923886,0.0,-1107250.0,-0.042044009037231114,-340000.0,-767250.0,-0.02913367887452298,-0.065,-0.065,11816458,11816458,https://find-and-update.company-information.service.gov.uk/search/companies?q=Billington+Holdings+PLC,https://find-and-update.company-information.service.gov.uk/search/companies?q=Billington+Holdings+PLC,1620589381,15:43:01,20210509
61,2003-06-30,BILN.L,GBP,2003-06-30,2003-06-30,Q2,26335500.0,0.0,0.0,0.0,0.0,0.0,0.0,-133250.0,25813000.0,27554500.0,84750.0,799000.0,-420000.0,-0.015948054906874752,-1219000.0,-0.04628733078923886,0.0,-1107250.0,-0.042044009037231114,-340000.0,-767250.0,-0.02913367887452298,-0.065,-0.065,11816458,11816458,https://find-and-update.company-information.service.gov.uk/search/companies?q=Billington+Holdings+PLC,https://find-and-update.company-information.service.gov.uk/search/companies?q=Billington+Holdings+PLC,1620589381,15:43:01,20210509
62,2003-03-31,BILN.L,GBP,2003-03-31,2003-03-31,Q1,26335500.0,0.0,0.0,0.0,0.0,0.0,0.0,-133250.0,25813000.0,27554500.0,84750.0,799000.0,-420000.0,-0.015948054906874752,-1219000.0,-0.04628733078923886,0.0,-1107250.0,-0.042044009037231114,-340000.0,-767250.0,-0.02913367887452298,-0.065,-0.065,11816458,11816458,https://find-and-update.company-information.service.gov.uk/search/companies?q=Billington+Holdings+PLC,https://find-and-update.company-information.service.gov.uk/search/companies?q=Billington+Holdings+PLC,1620589381,15:43:01,20210509
63,2003-01-31,BILN.L,GBP,2003-01-31,2003-01-31,Q1,26335500.0,0.0,0.0,0.0,0.0,0.0,0.0,-133250.0,25813000.0,27554500.0,84750.0,799000.0,-420000.0,-0.015948054906874752,-1219000.0,-0.04628733078923886,0.0,-1107250.0,-0.042044009037231114,-340000.0,-767250.0,-0.02913367887452298,-0.065,-0.065,11816458,11816458,https://find-and-update.company-information.service.gov.uk/search/companies?q=Billington+Holdings+PLC,https://find-and-update.company-information.service.gov.uk/search/companies?q=Billington+Holdings+PLC,1620589381,15:43:01,20210509
64,2002-09-30,BILN.L,GBP,2002-09-30,2002-09-30,Q3,22659000.0,12664250.0,9994750.0,0.44109404651573325,0.0,0.0,0.0,-98750.0,21180500.0,22758000.0,80250.0,736500.0,637500.0,0.028134516086323315,-99000.0,-0.004369124851052562,0.0,395500.0,0.01745443311708372,108000.0,287500.0,0.012688115097753652,0.0245,0.0245,11531658,11531658,https://find-and-update.company-information.service.gov.uk/search/companies?q=Billington+Holdings+PLC,https://find-and-update.company-information.service.gov.uk/search/companies?q=Billington+Holdings+PLC,1620589381,15:43:01,20210509
65,2002-06-30,BILN.L,GBP,2002-06-30,2002-06-30,Q2,22659000.0,12664250.0,9994750.0,0.44109404651573325,0.0,0.0,0.0,-98750.0,21180500.0,22758000.0,80250.0,736500.0,637500.0,0.028134516086323315,-99000.0,-0.004369124851052562,0.0,395500.0,0.01745443311708372,108000.0,287500.0,0.012688115097753652,0.0245,0.0245,11531658,11531658,https://find-and-update.company-information.service.gov.uk/search/companies?q=Billington+Holdings+PLC,https://find-and-update.company-information.service.gov.uk/search/companies?q=Billington+Holdings+PLC,1620589381,15:43:01,20210509
66,2002-03-31,BILN.L,GBP,2002-03-31,2002-03-31,Q1,22659000.0,12664250.0,9994750.0,0.44109404651573325,0.0,0.0,0.0,-98750.0,21180500.0,22758000.0,80250.0,736500.0,637500.0,0.028134516086323315,-99000.0,-0.004369124851052562,0.0,395500.0,0.01745443311708372,108000.0,287500.0,0.012688115097753652,0.0245,0.0245,11531658,11531658,https://find-and-update.company-information.service.gov.uk/search/companies?q=Billington+Holdings+PLC,https://find-and-update.company-information.service.gov.uk/search/companies?q=Billington+Holdings+PLC,1620589381,15:43:01,20210509
67,2002-01-31,BILN.L,GBP,2002-01-31,2002-01-31,Q1,22659000.0,12664250.0,9994750.0,0.44109404651573325,0.0,0.0,0.0,-98750.0,21180500.0,22758000.0,80250.0,736500.0,637500.0,0.028134516086323315,-99000.0,-0.004369124851052562,0.0,395500.0,0.01745443311708372,108000.0,287500.0,0.012688115097753652,0.0245,0.0245,11531658,11531658,https://find-and-update.company-information.service.gov.uk/search/companies?q=Billington+Holdings+PLC,https://find-and-update.company-information.service.gov.uk/search/companies?q=Billington+Holdings+PLC,1620589381,15:43:01,20210509
68,2001-09-30,BILN.L,GBP,2001-09-30,2001-09-30,Q3,22799750.0,0.0,0.0,0.0,0.0,0.0,0.0,0.0,20826000.0,22166250.0,106750.0,659000.0,1292500.0,0.05668921808353162,633500.0,0.027785392383688417,0.0,861500.0,0.037785502034013534,132000.0,728250.0,0.031941139705479224,0.06325,0.06325,11532000,11532000,https://find-and-update.company-information.service.gov.uk/search/companies?q=Billington+Holdings+PLC,https://find-and-update.company-information.service.gov.uk/search/companies?q=Billington+Holdings+PLC,1620589381,15:43:01,20210509
69,2001-06-30,BILN.L,GBP,2001-06-30,2001-06-30,Q2,22799750.0,0.0,0.0,0.0,0.0,0.0,0.0,0.0,20826000.0,22166250.0,106750.0,659000.0,1292500.0,0.05668921808353162,633500.0,0.027785392383688417,0.0,861500.0,0.037785502034013534,132000.0,728250.0,0.031941139705479224,0.06325,0.06325,11532000,11532000,https://find-and-update.company-information.service.gov.uk/search/companies?q=Billington+Holdings+PLC,https://find-and-update.company-information.service.gov.uk/search/companies?q=Billington+Holdings+PLC,1620589381,15:43:01,20210509
70,2001-03-31,BILN.L,GBP,2001-03-31,2001-03-31,Q1,22799750.0,0.0,0.0,0.0,0.0,0.0,0.0,0.0,20826000.0,22166250.0,106750.0,659000.0,1292500.0,0.05668921808353162,633500.0,0.027785392383688417,0.0,861500.0,0.037785502034013534,132000.0,728250.0,0.031941139705479224,0.06325,0.06325,11532000,11532000,https://find-and-update.company-information.service.gov.uk/search/companies?q=Billington+Holdings+PLC,https://find-and-update.company-information.service.gov.uk/search/companies?q=Billington+Holdings+PLC,1620589381,15:43:01,20210509
71,2001-01-31,BILN.L,GBP,2001-01-31,2001-01-31,Q1,22799750.0,0.0,0.0,0.0,0.0,0.0,0.0,0.0,20826000.0,22166250.0,106750.0,659000.0,1292500.0,0.05668921808353162,633500.0,0.027785392383688417,0.0,861500.0,0.037785502034013534,132000.0,728250.0,0.031941139705479224,0.06325,0.06325,11532000,11532000,https://find-and-update.company-information.service.gov.uk/search/companies?q=Billington+Holdings+PLC,https://find-and-update.company-information.service.gov.uk/search/companies?q=Billington+Holdings+PLC,1620589381,15:43:01,20210509
72,2000-09-30,BILN.L,GBP,2000-09-30,2000-09-30,Q3,20314000.0,0.0,0.0,0.0,0.0,0.0,0.0,0.0,18594750.0,20091500.0,122500.0,762250.0,984750.0,0.04847642020281579,222500.0,0.01095303731416757,0.0,-149750.0,-0.007371763315939746,-125000.0,-17000.0,-0.0008368612779363986,-0.00225,-0.00225,11526000,11526000,https://find-and-update.company-information.service.gov.uk/search/companies?q=Billington+Holdings+PLC,https://find-and-update.company-information.service.gov.uk/search/companies?q=Billington+Holdings+PLC,1620589381,15:43:01,20210509
73,2000-06-30,BILN.L,GBP,2000-06-30,2000-06-30,Q2,20314000.0,0.0,0.0,0.0,0.0,0.0,0.0,0.0,18594750.0,20091500.0,122500.0,762250.0,984750.0,0.04847642020281579,222500.0,0.01095303731416757,0.0,-149750.0,-0.007371763315939746,-125000.0,-17000.0,-0.0008368612779363986,-0.00225,-0.00225,11526000,11526000,https://find-and-update.company-information.service.gov.uk/search/companies?q=Billington+Holdings+PLC,https://find-and-update.company-information.service.gov.uk/search/companies?q=Billington+Holdings+PLC,1620589381,15:43:01,20210509
74,2000-03-31,BILN.L,GBP,2000-03-31,2000-03-31,Q1,20314000.0,0.0,0.0,0.0,0.0,0.0,0.0,0.0,18594750.0,20091500.0,122500.0,762250.0,984750.0,0.04847642020281579,222500.0,0.01095303731416757,0.0,-149750.0,-0.007371763315939746,-125000.0,-17000.0,-0.0008368612779363986,-0.00225,-0.00225,11526000,11526000,https://find-and-update.company-information.service.gov.uk/search/companies?q=Billington+Holdings+PLC,https://find-and-update.company-information.service.gov.uk/search/companies?q=Billington+Holdings+PLC,1620589381,15:43:01,20210509
75,2000-01-31,BILN.L,GBP,2000-01-31,2000-01-31,Q1,20314000.0,0.0,0.0,0.0,0.0,0.0,0.0,0.0,18594750.0,20091500.0,122500.0,762250.0,984750.0,0.04847642020281579,222500.0,0.01095303731416757,0.0,-149750.0,-0.007371763315939746,-125000.0,-17000.0,-0.0008368612779363986,-0.00225,-0.00225,11526000,11526000,https://find-and-update.company-information.service.gov.uk/search/companies?q=Billington+Holdings+PLC,https://find-and-update.company-information.service.gov.uk/search/companies?q=Billington+Holdings+PLC,1620589381,15:43:01,20210509
76,1999-09-30,BILN.L,GBP,1999-09-30,1999-09-30,Q3,29608500.0,0.0,0.0,0.0,0.0,0.0,0.0,0.0,28030250.0,29679250.0,127000.0,697250.0,626500.0,0.02115946434300961,-70750.0,-0.0023895165239711568,0.0,-260500.0,-0.008798149180134083,62000.0,-317750.0,-0.010731715554654913,-0.02775,-0.02775,11572000,11572000,https://find-and-update.company-information.service.gov.uk/search/companies?q=Billington+Holdings+PLC,https://find-and-update.company-information.service.gov.uk/search/companies?q=Billington+Holdings+PLC,1620589381,15:43:01,20210509
77,1999-06-30,BILN.L,GBP,1999-06-30,1999-06-30,Q2,29608500.0,0.0,0.0,0.0,0.0,0.0,0.0,0.0,28030250.0,29679250.0,127000.0,697250.0,626500.0,0.02115946434300961,-70750.0,-0.0023895165239711568,0.0,-260500.0,-0.008798149180134083,62000.0,-317750.0,-0.010731715554654913,-0.02775,-0.02775,11572000,11572000,https://find-and-update.company-information.service.gov.uk/search/companies?q=Billington+Holdings+PLC,https://find-and-update.company-information.service.gov.uk/search/companies?q=Billington+Holdings+PLC,1620589381,15:43:01,20210509
78,1999-03-31,BILN.L,GBP,1999-03-31,1999-03-31,Q1,29608500.0,0.0,0.0,0.0,0.0,0.0,0.0,0.0,28030250.0,29679250.0,127000.0,697250.0,626500.0,0.02115946434300961,-70750.0,-0.0023895165239711568,0.0,-260500.0,-0.008798149180134083,62000.0,-317750.0,-0.010731715554654913,-0.02775,-0.02775,11572000,11572000,https://find-and-update.company-information.service.gov.uk/search/companies?q=Billington+Holdings+PLC,https://find-and-update.company-information.service.gov.uk/search/companies?q=Billington+Holdings+PLC,1620589381,15:43:01,20210509
79,1999-01-31,BILN.L,GBP,1999-01-31,1999-01-31,Q1,29608500.0,0.0,0.0,0.0,0.0,0.0,0.0,0.0,28030250.0,29679250.0,127000.0,697250.0,626500.0,0.02115946434300961,-70750.0,-0.0023895165239711568,0.0,-260500.0,-0.008798149180134083,62000.0,-317750.0,-0.010731715554654913,-0.02775,-0.02775,11572000,11572000,https://find-and-update.company-information.service.gov.uk/search/companies?q=Billington+Holdings+PLC,https://find-and-update.company-information.service.gov.uk/search/companies?q=Billington+Holdings+PLC,1620589381,15:43:01,20210509
80,1998-09-30,BILN.L,GBP,1998-09-30,1998-09-30,Q3,37987750.0,0.0,0.0,0.0,0.0,0.0,0.0,0.0,36330250.0,37869000.0,182000.0,605750.0,724500.0,0.019071937664115406,118750.0,0.0031260077261748855,0.0,261500.0,0.006883798066481958,12500.0,249000.0,0.006554744621621444,0.02,0.02,12378000,12378000,https://find-and-update.company-information.service.gov.uk/search/companies?q=Billington+Holdings+PLC,https://find-and-update.company-information.service.gov.uk/search/companies?q=Billington+Holdings+PLC,1620589381,15:43:01,20210509
81,1998-06-30,BILN.L,GBP,1998-06-30,1998-06-30,Q2,37987750.0,0.0,0.0,0.0,0.0,0.0,0.0,0.0,36330250.0,37869000.0,182000.0,605750.0,724500.0,0.019071937664115406,118750.0,0.0031260077261748855,0.0,261500.0,0.006883798066481958,12500.0,249000.0,0.006554744621621444,0.02,0.02,12378000,12378000,https://find-and-update.company-information.service.gov.uk/search/companies?q=Billington+Holdings+PLC,https://find-and-update.company-information.service.gov.uk/search/companies?q=Billington+Holdings+PLC,1620589381,15:43:01,20210509
82,1998-03-31,BILN.L,GBP,1998-03-31,1998-03-31,Q1,37987750.0,0.0,0.0,0.0,0.0,0.0,0.0,0.0,36330250.0,37869000.0,182000.0,605750.0,724500.0,0.019071937664115406,118750.0,0.0031260077261748855,0.0,261500.0,0.006883798066481958,12500.0,249000.0,0.006554744621621444,0.02,0.02,12378000,12378000,https://find-and-update.company-information.service.gov.uk/search/companies?q=Billington+Holdings+PLC,https://find-and-update.company-information.service.gov.uk/search/companies?q=Billington+Holdings+PLC,1620589381,15:43:01,20210509
83,1998-01-31,BILN.L,GBP,1998-01-31,1998-01-31,Q1,37987750.0,0.0,0.0,0.0,0.0,0.0,0.0,0.0,36330250.0,37869000.0,182000.0,605750.0,724500.0,0.019071937664115406,118750.0,0.0031260077261748855,0.0,261500.0,0.006883798066481958,12500.0,249000.0,0.006554744621621444,0.02,0.02,12378000,12378000,https://find-and-update.company-information.service.gov.uk/search/companies?q=Billington+Holdings+PLC,https://find-and-update.company-information.service.gov.uk/search/companies?q=Billington+Holdings+PLC,1620589381,15:43:01,20210509
84,1997-09-30,BILN.L,GBP,1997-09-30,1997-09-30,Q3,37772500.0,0.0,0.0,0.0,0.0,0.0,0.0,0.0,35002000.0,36518250.0,206250.0,536000.0,1790250.0,0.04739559203123966,1254250.0,0.03320537428023033,0.0,911000.0,0.024118075319346084,197500.0,713500.0,0.018889403666688728,0.05525,0.05525,12925000,12925000,https://find-and-update.company-information.service.gov.uk/search/companies?q=Billington+Holdings+PLC,https://find-and-update.company-information.service.gov.uk/search/companies?q=Billington+Holdings+PLC,1620589381,15:43:01,20210509
85,1997-06-30,BILN.L,GBP,1997-06-30,1997-06-30,Q2,37772500.0,0.0,0.0,0.0,0.0,0.0,0.0,0.0,35002000.0,36518250.0,206250.0,536000.0,1790250.0,0.04739559203123966,1254250.0,0.03320537428023033,0.0,911000.0,0.024118075319346084,197500.0,713500.0,0.018889403666688728,0.05525,0.05525,12925000,12925000,https://find-and-update.company-information.service.gov.uk/search/companies?q=Billington+Holdings+PLC,https://find-and-update.company-information.service.gov.uk/search/companies?q=Billington+Holdings+PLC,1620589381,15:43:01,20210509
86,1997-03-31,BILN.L,GBP,1997-03-31,1997-03-31,Q1,37772500.0,0.0,0.0,0.0,0.0,0.0,0.0,0.0,35002000.0,36518250.0,206250.0,536000.0,1790250.0,0.04739559203123966,1254250.0,0.03320537428023033,0.0,911000.0,0.024118075319346084,197500.0,713500.0,0.018889403666688728,0.05525,0.05525,12925000,12925000,https://find-and-update.company-information.service.gov.uk/search/companies?q=Billington+Holdings+PLC,https://find-and-update.company-information.service.gov.uk/search/companies?q=Billington+Holdings+PLC,1620589381,15:43:01,20210509
87,1997-01-31,BILN.L,GBP,1997-01-31,1997-01-31,Q1,37772500.0,0.0,0.0,0.0,0.0,0.0,0.0,0.0,35002000.0,36518250.0,206250.0,536000.0,1790250.0,0.04739559203123966,1254250.0,0.03320537428023033,0.0,911000.0,0.024118075319346084,197500.0,713500.0,0.018889403666688728,0.05525,0.05525,12925000,12925000,https://find-and-update.company-information.service.gov.uk/search/companies?q=Billington+Holdings+PLC,https://find-and-update.company-information.service.gov.uk/search/companies?q=Billington+Holdings+PLC,1620589381,15:43:01,20210509
88,1996-09-30,BILN.L,GBP,1996-09-30,1996-09-30,Q3,37093750.0,0.0,0.0,0.0,0.0,0.0,0.0,0.0,34725750.0,35981500.0,281000.0,440000.0,1552250.0,0.04184667228306656,1112250.0,0.029984835720303287,0.0,937500.0,0.02527379949452401,239000.0,698500.0,0.01883066554338669,0.049,0.049,14254000,14254000,https://find-and-update.company-information.service.gov.uk/search/companies?q=Billington+Holdings+PLC,https://find-and-update.company-information.service.gov.uk/search/companies?q=Billington+Holdings+PLC,1620589381,15:43:01,20210509
89,1996-06-30,BILN.L,GBP,1996-06-30,1996-06-30,Q2,37093750.0,0.0,0.0,0.0,0.0,0.0,0.0,0.0,34725750.0,35981500.0,281000.0,440000.0,1552250.0,0.04184667228306656,1112250.0,0.029984835720303287,0.0,937500.0,0.02527379949452401,239000.0,698500.0,0.01883066554338669,0.049,0.049,14254000,14254000,https://find-and-update.company-information.service.gov.uk/search/companies?q=Billington+Holdings+PLC,https://find-and-update.company-information.service.gov.uk/search/companies?q=Billington+Holdings+PLC,1620589381,15:43:01,20210509
90,1996-03-31,BILN.L,GBP,1996-03-31,1996-03-31,Q1,37093750.0,0.0,0.0,0.0,0.0,0.0,0.0,0.0,34725750.0,35981500.0,281000.0,440000.0,1552250.0,0.04184667228306656,1112250.0,0.029984835720303287,0.0,937500.0,0.02527379949452401,239000.0,698500.0,0.01883066554338669,0.049,0.049,14254000,14254000,https://find-and-update.company-information.service.gov.uk/search/companies?q=Billington+Holdings+PLC,https://find-and-update.company-information.service.gov.uk/search/companies?q=Billington+Holdings+PLC,1620589381,15:43:01,20210509
91,1996-01-31,BILN.L,GBP,1996-01-31,1996-01-31,Q1,37093750.0,0.0,0.0,0.0,0.0,0.0,0.0,0.0,34725750.0,35981500.0,281000.0,440000.0,1552250.0,0.04184667228306656,1112250.0,0.029984835720303287,0.0,937500.0,0.02527379949452401,239000.0,698500.0,0.01883066554338669,0.049,0.049,14254000,14254000,https://find-and-update.company-information.service.gov.uk/search/companies?q=Billington+Holdings+PLC,https://find-and-update.company-information.service.gov.uk/search/companies?q=Billington+Holdings+PLC,1620589381,15:43:01,20210509
92,1995-09-30,BILN.L,GBP,1995-09-30,1995-09-30,Q3,24293250.0,0.0,0.0,0.0,0.0,0.0,0.0,0.0,22978000.0,23841250.0,105250.0,265250.0,717250.0,0.029524662200405463,452000.0,0.018605991376205326,0.0,299000.0,0.012307945622755292,43500.0,255500.0,0.010517324771284205,0.01975,0.01975,12990000,12990000,https://find-and-update.company-information.service.gov.uk/search/companies?q=Billington+Holdings+PLC,https://find-and-update.company-information.service.gov.uk/search/companies?q=Billington+Holdings+PLC,1620589381,15:43:01,20210509
93,1995-06-30,BILN.L,GBP,1995-06-30,1995-06-30,Q2,24293250.0,0.0,0.0,0.0,0.0,0.0,0.0,0.0,22978000.0,23841250.0,105250.0,265250.0,717250.0,0.029524662200405463,452000.0,0.018605991376205326,0.0,299000.0,0.012307945622755292,43500.0,255500.0,0.010517324771284205,0.01975,0.01975,12990000,12990000,https://find-and-update.company-information.service.gov.uk/search/companies?q=Billington+Holdings+PLC,https://find-and-update.company-information.service.gov.uk/search/companies?q=Billington+Holdings+PLC,1620589381,15:43:01,20210509
94,1995-03-31,BILN.L,GBP,1995-03-31,1995-03-31,Q1,24293250.0,0.0,0.0,0.0,0.0,0.0,0.0,0.0,22978000.0,23841250.0,105250.0,265250.0,717250.0,0.029524662200405463,452000.0,0.018605991376205326,0.0,299000.0,0.012307945622755292,43500.0,255500.0,0.010517324771284205,0.01975,0.01975,12990000,12990000,https://find-and-update.company-information.service.gov.uk/search/companies?q=Billington+Holdings+PLC,https://find-and-update.company-information.service.gov.uk/search/companies?q=Billington+Holdings+PLC,1620589381,15:43:01,20210509
95,1995-01-31,BILN.L,GBP,1995-01-31,1995-01-31,Q1,24293250.0,0.0,0.0,0.0,0.0,0.0,0.0,0.0,22978000.0,23841250.0,105250.0,265250.0,717250.0,0.029524662200405463,452000.0,0.018605991376205326,0.0,299000.0,0.012307945622755292,43500.0,255500.0,0.010517324771284205,0.01975,0.01975,12990000,12990000,https://find-and-update.company-information.service.gov.uk/search/companies?q=Billington+Holdings+PLC,https://find-and-update.company-information.service.gov.uk/search/companies?q=Billington+Holdings+PLC,1620589381,15:43:01,20210509
96,1994-09-30,BILN.L,GBP,1994-09-30,1994-09-30,Q3,14202750.0,0.0,0.0,0.0,0.0,0.0,0.0,0.0,13001250.0,13574750.0,26750.0,335750.0,963750.0,0.06785657707134182,628000.0,0.04421678900212987,0.0,509750.0,0.03589093661438806,256750.0,253000.0,0.017813451620284804,0.02275,0.02275,11129000,11129000,https://find-and-update.company-information.service.gov.uk/search/companies?q=Billington+Holdings+PLC,https://find-and-update.company-information.service.gov.uk/search/companies?q=Billington+Holdings+PLC,1620589381,15:43:01,20210509
97,1994-06-30,BILN.L,GBP,1994-06-30,1994-06-30,Q2,14202750.0,0.0,0.0,0.0,0.0,0.0,0.0,0.0,13001250.0,13574750.0,26750.0,335750.0,963750.0,0.06785657707134182,628000.0,0.04421678900212987,0.0,509750.0,0.03589093661438806,256750.0,253000.0,0.017813451620284804,0.02275,0.02275,11129000,11129000,https://find-and-update.company-information.service.gov.uk/search/companies?q=Billington+Holdings+PLC,https://find-and-update.company-information.service.gov.uk/search/companies?q=Billington+Holdings+PLC,1620589381,15:43:01,20210509
98,1994-03-31,BILN.L,GBP,1994-03-31,1994-03-31,Q1,14202750.0,0.0,0.0,0.0,0.0,0.0,0.0,0.0,13001250.0,13574750.0,26750.0,335750.0,963750.0,0.06785657707134182,628000.0,0.04421678900212987,0.0,509750.0,0.03589093661438806,256750.0,253000.0,0.017813451620284804,0.02275,0.02275,11129000,11129000,https://find-and-update.company-information.service.gov.uk/search/companies?q=Billington+Holdings+PLC,https://find-and-update.company-information.service.gov.uk/search/companies?q=Billington+Holdings+PLC,1620589381,15:43:01,20210509
99,1994-01-31,BILN.L,GBP,1994-01-31,1994-01-31,Q1,14202750.0,0.0,0.0,0.0,0.0,0.0,0.0,0.0,13001250.0,13574750.0,26750.0,335750.0,963750.0,0.06785657707134182,628000.0,0.04421678900212987,0.0,509750.0,0.03589093661438806,256750.0,253000.0,0.017813451620284804,0.02275,0.02275,11129000,11129000,https://find-and-update.company-information.service.gov.uk/search/companies?q=Billington+Holdings+PLC,https://find-and-update.company-information.service.gov.uk/search/companies?q=Billington+Holdings+PLC,1620589381,15:43:01,20210509
100,1993-09-30,BILN.L,GBP,1993-09-30,1993-09-30,Q3,12863500.0,0.0,0.0,0.0,0.0,0.0,0.0,0.0,11834000.0,12515250.0,90500.0,436250.0,784500.0,0.060986512224511215,348250.0,0.027072725152563454,0.0,277250.0,0.021553232013060208,128750.0,148500.0,0.011544291988961014,0.01325,0.01325,11129000,11129000,https://find-and-update.company-information.service.gov.uk/search/companies?q=Billington+Holdings+PLC,https://find-and-update.company-information.service.gov.uk/search/companies?q=Billington+Holdings+PLC,1620589381,15:43:01,20210509
101,1993-06-30,BILN.L,GBP,1993-06-30,1993-06-30,Q2,12863500.0,0.0,0.0,0.0,0.0,0.0,0.0,0.0,11834000.0,12515250.0,90500.0,436250.0,784500.0,0.060986512224511215,348250.0,0.027072725152563454,0.0,277250.0,0.021553232013060208,128750.0,148500.0,0.011544291988961014,0.01325,0.01325,11129000,11129000,https://find-and-update.company-information.service.gov.uk/search/companies?q=Billington+Holdings+PLC,https://find-and-update.company-information.service.gov.uk/search/companies?q=Billington+Holdings+PLC,1620589381,15:43:01,20210509
102,1993-03-31,BILN.L,GBP,1993-03-31,1993-03-31,Q1,12863500.0,0.0,0.0,0.0,0.0,0.0,0.0,0.0,11834000.0,12515250.0,90500.0,436250.0,784500.0,0.060986512224511215,348250.0,0.027072725152563454,0.0,277250.0,0.021553232013060208,128750.0,148500.0,0.011544291988961014,0.01325,0.01325,11129000,11129000,https://find-and-update.company-information.service.gov.uk/search/companies?q=Billington+Holdings+PLC,https://find-and-update.company-information.service.gov.uk/search/companies?q=Billington+Holdings+PLC,1620589381,15:43:01,20210509
103,1993-01-31,BILN.L,GBP,1993-01-31,1993-01-31,Q1,12863500.0,0.0,0.0,0.0,0.0,0.0,0.0,0.0,11834000.0,12515250.0,90500.0,436250.0,784500.0,0.060986512224511215,348250.0,0.027072725152563454,0.0,277250.0,0.021553232013060208,128750.0,148500.0,0.011544291988961014,0.01325,0.01325,11129000,11129000,https://find-and-update.company-information.service.gov.uk/search/companies?q=Billington+Holdings+PLC,https://find-and-update.company-information.service.gov.uk/search/companies?q=Billington+Holdings+PLC,1620589381,15:43:01,20210509
104,1992-09-30,BILN.L,GBP,1992-09-30,1992-09-30,Q3,13869250.0,0.0,0.0,0.0,0.0,0.0,0.0,0.0,12834250.0,13812500.0,160750.0,615750.0,672500.0,0.04848856282783856,56750.0,0.004091785785100131,0.0,-518250.0,-0.03736683670710385,-140500.0,-378500.0,-0.02729058889269427,-0.034,-0.034,10957000,10957000,https://find-and-update.company-information.service.gov.uk/search/companies?q=Billington+Holdings+PLC,https://find-and-update.company-information.service.gov.uk/search/companies?q=Billington+Holdings+PLC,1620589381,15:43:01,20210509
105,1992-06-30,BILN.L,GBP,1992-06-30,1992-06-30,Q2,13869250.0,0.0,0.0,0.0,0.0,0.0,0.0,0.0,12834250.0,13812500.0,160750.0,615750.0,672500.0,0.04848856282783856,56750.0,0.004091785785100131,0.0,-518250.0,-0.03736683670710385,-140500.0,-378500.0,-0.02729058889269427,-0.034,-0.034,10957000,10957000,https://find-and-update.company-information.service.gov.uk/search/companies?q=Billington+Holdings+PLC,https://find-and-update.company-information.service.gov.uk/search/companies?q=Billington+Holdings+PLC,1620589381,15:43:01,20210509
106,1992-03-31,BILN.L,GBP,1992-03-31,1992-03-31,Q1,13869250.0,0.0,0.0,0.0,0.0,0.0,0.0,0.0,12834250.0,13812500.0,160750.0,615750.0,672500.0,0.04848856282783856,56750.0,0.004091785785100131,0.0,-518250.0,-0.03736683670710385,-140500.0,-378500.0,-0.02729058889269427,-0.034,-0.034,10957000,10957000,https://find-and-update.company-information.service.gov.uk/search/companies?q=Billington+Holdings+PLC,https://find-and-update.company-information.service.gov.uk/search/companies?q=Billington+Holdings+PLC,1620589381,15:43:01,20210509
107,1992-01-31,BILN.L,GBP,1992-01-31,1992-01-31,Q1,13869250.0,0.0,0.0,0.0,0.0,0.0,0.0,0.0,12834250.0,13812500.0,160750.0,615750.0,672500.0,0.04848856282783856,56750.0,0.004091785785100131,0.0,-518250.0,-0.03736683670710385,-140500.0,-378500.0,-0.02729058889269427,-0.034,-0.034,10957000,10957000,https://find-and-update.company-information.service.gov.uk/search/companies?q=Billington+Holdings+PLC,https://find-and-update.company-information.service.gov.uk/search/companies?q=Billington+Holdings+PLC,1620589381,15:43:01,20210509
108,1991-09-30,BILN.L,GBP,1991-09-30,1991-09-30,Q3,16999000.0,0.0,0.0,0.0,0.0,0.0,0.0,0.0,16009750.0,16999000.0,223750.0,680250.0,1222500.0,13.905112474437628,0.0,0.0,0.0,318500.0,0.018736396258603447,111250.0,135500.0,0.007971057121007118,0.012565,0.012565,10784000,10784000,https://find-and-update.company-information.service.gov.uk/search/companies?q=Billington+Holdings+PLC,https://find-and-update.company-information.service.gov.uk/search/companies?q=Billington+Holdings+PLC,1620589381,15:43:01,20210509
109,1991-06-30,BILN.L,GBP,1991-06-30,1991-06-30,Q2,16999000.0,0.0,0.0,0.0,0.0,0.0,0.0,0.0,16009750.0,16999000.0,223750.0,680250.0,1222500.0,13.905112474437628,0.0,0.0,0.0,318500.0,0.018736396258603447,111250.0,135500.0,0.007971057121007118,0.012565,0.012565,10784000,10784000,https://find-and-update.company-information.service.gov.uk/search/companies?q=Billington+Holdings+PLC,https://find-and-update.company-information.service.gov.uk/search/companies?q=Billington+Holdings+PLC,1620589381,15:43:01,20210509
110,1991-03-31,BILN.L,GBP,1991-03-31,1991-03-31,Q1,16999000.0,0.0,0.0,0.0,0.0,0.0,0.0,0.0,16009750.0,16999000.0,223750.0,680250.0,1222500.0,13.905112474437628,0.0,0.0,0.0,318500.0,0.018736396258603447,111250.0,135500.0,0.007971057121007118,0.012565,0.012565,10784000,10784000,https://find-and-update.company-information.service.gov.uk/search/companies?q=Billington+Holdings+PLC,https://find-and-update.company-information.service.gov.uk/search/companies?q=Billington+Holdings+PLC,1620589381,15:43:01,20210509
111,1991-01-31,BILN.L,GBP,1991-01-31,1991-01-31,Q1,16999000.0,0.0,0.0,0.0,0.0,0.0,0.0,0.0,16009750.0,16999000.0,223750.0,680250.0,1222500.0,13.905112474437628,0.0,0.0,0.0,318500.0,0.018736396258603447,111250.0,135500.0,0.007971057121007118,0.012565,0.012565,10784000,10784000,https://find-and-update.company-information.service.gov.uk/search/companies?q=Billington+Holdings+PLC,https://find-and-update.company-information.service.gov.uk/search/companies?q=Billington+Holdings+PLC,1620589381,15:43:01,20210509
112,1990-09-30,BILN.L,GBP,1990-09-30,1990-09-30,Q3,20164750.0,0.0,0.0,0.0,0.0,0.0,0.0,0.0,19177500.0,20164750.0,450500.0,739000.0,1225250.0,16.45766170169353,0.0,0.0,0.0,35750.0,0.0017728957710856817,11000.0,750.0,3.719361757522409e-05,6.95e-05,6.95e-05,10784000,10784000,https://find-and-update.company-information.service.gov.uk/search/companies?q=Billington+Holdings+PLC,https://find-and-update.company-information.service.gov.uk/search/companies?q=Billington+Holdings+PLC,1620589381,15:43:01,20210509
113,1990-06-30,BILN.L,GBP,1990-06-30,1990-06-30,Q2,20164750.0,0.0,0.0,0.0,0.0,0.0,0.0,0.0,19177500.0,20164750.0,450500.0,739000.0,1225250.0,16.45766170169353,0.0,0.0,0.0,35750.0,0.0017728957710856817,11000.0,750.0,3.719361757522409e-05,6.95e-05,6.95e-05,10784000,10784000,https://find-and-update.company-information.service.gov.uk/search/companies?q=Billington+Holdings+PLC,https://find-and-update.company-information.service.gov.uk/search/companies?q=Billington+Holdings+PLC,1620589381,15:43:01,20210509
114,1990-03-31,BILN.L,GBP,1990-03-31,1990-03-31,Q1,20164750.0,0.0,0.0,0.0,0.0,0.0,0.0,0.0,19177500.0,20164750.0,450500.0,739000.0,1225250.0,16.45766170169353,0.0,0.0,0.0,35750.0,0.0017728957710856817,11000.0,750.0,3.719361757522409e-05,6.95e-05,6.95e-05,10784000,10784000,https://find-and-update.company-information.service.gov.uk/search/companies?q=Billington+Holdings+PLC,https://find-and-update.company-information.service.gov.uk/search/companies?q=Billington+Holdings+PLC,1620589381,15:43:01,20210509
115,1990-01-31,BILN.L,GBP,1990-01-31,1990-01-31,Q1,20164750.0,0.0,0.0,0.0,0.0,0.0,0.0,0.0,19177500.0,20164750.0,450500.0,739000.0,1225250.0,16.45766170169353,0.0,0.0,0.0,35750.0,0.0017728957710856817,11000.0,750.0,3.719361757522409e-05,6.95e-05,6.95e-05,10784000,10784000,https://find-and-update.company-information.service.gov.uk/search/companies?q=Billington+Holdings+PLC,https://find-and-update.company-information.service.gov.uk/search/companies?q=Billington+Holdings+PLC,1620589381,15:43:01,20210509
116,1989-09-30,BILN.L,GBP,1989-09-30,1989-09-30,Q3,21740000.0,0.0,0.0,0.0,0.0,0.0,0.0,0.0,20784000.0,21740000.0,421500.0,649750.0,1943750.0,11.184565916398714,0.0,0.0,0.0,872500.0,0.04013339466421343,308000.0,447250.0,0.020572677092916283,0.0414735,0.0414735,10784000,10784000,https://find-and-update.company-information.service.gov.uk/search/companies?q=Billington+Holdings+PLC,https://find-and-update.company-information.service.gov.uk/search/companies?q=Billington+Holdings+PLC,1620589381,15:43:01,20210509
117,1989-06-30,BILN.L,GBP,1989-06-30,1989-06-30,Q2,21740000.0,0.0,0.0,0.0,0.0,0.0,0.0,0.0,20784000.0,21740000.0,421500.0,649750.0,1943750.0,11.184565916398714,0.0,0.0,0.0,872500.0,0.04013339466421343,308000.0,447250.0,0.020572677092916283,0.0414735,0.0414735,10784000,10784000,https://find-and-update.company-information.service.gov.uk/search/companies?q=Billington+Holdings+PLC,https://find-and-update.company-information.service.gov.uk/search/companies?q=Billington+Holdings+PLC,1620589381,15:43:01,20210509
118,1989-03-31,BILN.L,GBP,1989-03-31,1989-03-31,Q1,21740000.0,0.0,0.0,0.0,0.0,0.0,0.0,0.0,20784000.0,21740000.0,421500.0,649750.0,1943750.0,11.184565916398714,0.0,0.0,0.0,872500.0,0.04013339466421343,308000.0,447250.0,0.020572677092916283,0.0414735,0.0414735,10784000,10784000,https://find-and-update.company-information.service.gov.uk/search/companies?q=Billington+Holdings+PLC,https://find-and-update.company-information.service.gov.uk/search/companies?q=Billington+Holdings+PLC,1620589381,15:43:01,20210509
119,1989-01-31,BILN.L,GBP,1989-01-31,1989-01-31,Q1,21740000.0,0.0,0.0,0.0,0.0,0.0,0.0,0.0,20784000.0,21740000.0,421500.0,649750.0,1943750.0,11.184565916398714,0.0,0.0,0.0,872500.0,0.04013339466421343,308000.0,447250.0,0.020572677092916283,0.0414735,0.0414735,10784000,10784000,https://find-and-update.company-information.service.gov.uk/search/companies?q=Billington+Holdings+PLC,https://find-and-update.company-information.service.gov.uk/search/companies?q=Billington+Holdings+PLC,1620589381,15:43:01,20210509
