,date,symbol,reportedCurrency,fillingDate,acceptedDate,period,revenue,costOfRevenue,grossProfit,grossProfitRatio,researchAndDevelopmentExpenses,generalAndAdministrativeExpenses,sellingAndMarketingExpenses,otherExpenses,operatingExpenses,costAndExpenses,interestExpense,depreciationAndAmortization,ebitda,ebitdaratio,operatingIncome,operatingIncomeRatio,totalOtherIncomeExpensesNet,incomeBeforeTax,incomeBeforeTaxRatio,incomeTaxExpense,netIncome,netIncomeRatio,eps,epsdiluted,weightedAverageShsOut,weightedAverageShsOutDil,link,finalLink,timestamp,est_time,est_date
0,2020-12-31,HR,USD,2021-02-10,2021-02-10 16:47:51,Q4,125880000.0,50209000.0,75671000.0,0.6011360025421036,0.0,7206000.0,0.0,558.992,55310000.0,105519000.0,12652000.0,49076000.0,69437000.0,0.5516126469653638,20361000.0,0.1617492850333651,-23444000.0,-15863000.0,-0.12601684143628852,0.0,-15863000.0,-0.12601684143628852,-0.11810787623328005,-0.11810787623328005,134309417.0,134309417.0,https://www.sec.gov/Archives/edgar/data/899749/000089974921000019/0000899749-21-000019-index.htm,https://www.sec.gov/Archives/edgar/data/899749/000089974921000019/hr-20201231.htm,1620593219,16:46:59,20210509
1,2020-09-30,HR,USD,2020-11-04,2020-11-04 16:46:17,Q3,125252000.0,50171000.0,75081000.0,0.5994395299077061,0.0,7299000.0,0.0,8.0,54442000.0,104613000.0,13226000.0,48042000.0,68681000.0,0.5483425414364641,20639000.0,0.16477980391530675,1737000.0,8230000.0,0.06570753361223773,0.0,8230000.0,0.06570753361223773,0.06127641816805742,0.0612546134194925,134309417.0,134357227.0,https://www.sec.gov/Archives/edgar/data/899749/000089974920000097/0000899749-20-000097-index.htm,https://www.sec.gov/Archives/edgar/data/899749/000089974920000097/hr-20200930.htm,1620593219,16:46:59,20210509
2,2020-06-30,HR,USD,2020-08-05,2020-08-05 16:45:02,Q2,123690000.0,46580000.0,77110000.0,0.6234133721400275,0.0,7434000.0,0.0,0.0,55125000.0,101705000.0,13140000.0,48710000.0,70695000.0,0.571549842347805,21985000.0,0.17774274395666587,67794000.0,75513000.0,0.6105020616056269,0.0,75513000.0,0.6105020616056269,0.5650732597991529,0.564811213499282,133634000.0,133696000.0,https://www.sec.gov/Archives/edgar/data/899749/000089974920000081/0000899749-20-000081-index.htm,https://www.sec.gov/Archives/edgar/data/899749/000089974920000081/hr-2020630singlesource.htm,1620593219,16:46:59,20210509
3,2020-03-31,HR,USD,2020-05-06,2020-05-06 16:33:41,Q1,124807000.0,49552000.0,75255000.0,0.6029709872042434,0.0,8766000.0,0.0,0.0,56263000.0,105815000.0,12992000.0,48988000.0,67980000.0,0.5446809874446145,18992000.0,0.1521709519498105,-841000.0,4315000.0,0.034573381300728324,0.0,4315000.0,0.034573381300728324,0.032434829670164464,0.03240705970709726,133036000.0,133150000.0,https://www.sec.gov/Archives/edgar/data/899749/000089974920000049/0000899749-20-000049-index.htm,https://www.sec.gov/Archives/edgar/data/899749/000089974920000014/hr-20191231singlesourc.htm,1620593219,16:46:59,20210509
4,2019-12-31,HR,USD,2020-02-12,2020-02-12 16:49:28,Q4,121524000.0,46215000.0,75309000.0,0.6197047496790757,0.0,7669000.0,0.0,0.0,53803000.0,100018000.0,12162000.0,46868000.0,68374000.0,0.5626378328560614,21506000.0,0.17696915835555116,19346000.0,27210000.0,0.22390638886145947,0.0,27210000.0,0.22390638886145947,0.2057622504537205,0.20564251003272443,132240000.0,132317000.0,https://www.sec.gov/Archives/edgar/data/899749/000089974920000014/0000899749-20-000014-index.htm,https://www.sec.gov/Archives/edgar/data/899749/000089974920000014/hr-20191231singlesourc.htm,1620593219,16:46:59,20210509
5,2019-09-30,HR,USD,2019-11-04,2019-11-04 17:00:52,Q3,119799000.0,46777000.0,73022000.0,0.6095376422173808,0.0,10802000.0,0.0,0.0,55939000.0,102716000.0,13568000.0,45869000.0,62952000.0,0.5254801793003281,17083000.0,0.14259718361588994,-301000.0,2601000.0,0.021711366538952746,0.0,2601000.0,0.021711366538952746,0.020306023088096585,0.020293568747261227,128090074.0,128168684.0,https://www.sec.gov/Archives/edgar/data/899749/000089974919000092/0000899749-19-000092-index.htm,https://www.sec.gov/Archives/edgar/data/899749/000089974919000092/hr-2019930singlesource.htm,1620593219,16:46:59,20210509
6,2019-06-30,HR,USD,2019-07-30,2019-07-30 16:53:39,Q2,116317000.0,44286000.0,72031000.0,0.6192645958888211,0.0,7845000.0,0.0,0.0,51771000.0,96057000.0,13691000.0,44746000.0,65006000.0,0.5588692968353723,20260000.0,0.17417918275058675,-1225000.0,4484000.0,0.03854982504706964,0.0,4484000.0,0.03854982504706964,0.03518270053119287,0.03516173299353068,127449000.0,127525000.0,https://www.sec.gov/Archives/edgar/data/899749/000089974919000082/0000899749-19-000082-index.htm,https://www.sec.gov/Archives/edgar/data/899749/000089974919000082/hr-2019630singlesource.htm,1620593219,16:46:59,20210509
7,2019-03-31,HR,USD,2019-05-01,2019-05-01 16:57:07,Q1,112657000.0,42725000.0,69932000.0,0.6207514845948321,0.0,8510000.0,0.0,0.0,51172000.0,93897000.0,12886000.0,43389000.0,62149000.0,0.5516656754573618,18760000.0,0.16652316322998126,-332000.0,4891000.0,0.043414967556387976,0.0,4891000.0,0.043414967556387976,0.039402239587529204,0.03936988859553094,124130000.0,124232000.0,https://www.sec.gov/Archives/edgar/data/899749/000089974919000048/0000899749-19-000048-index.htm,https://www.sec.gov/Archives/edgar/data/899749/000089974919000020/hr-20181231singlesourc.htm,1620593219,16:46:59,20210509
8,2018-12-31,HR,USD,2019-02-13,2019-02-13 16:48:24,Q4,113169000.0,42815000.0,70354000.0,0.6216720126536419,0.0,8534000.0,0.0,0.0,50971000.0,93786000.0,10994000.0,43324000.0,62707000.0,0.5541005045551344,19383000.0,0.17127481907589534,10400000.0,16315000.0,0.14416492148910037,0.0,16315000.0,0.14416492148910037,0.130221,0.130221,125279455.0,125279455.0,https://www.sec.gov/Archives/edgar/data/899749/000089974919000020/0000899749-19-000020-index.htm,https://www.sec.gov/Archives/edgar/data/899749/000089974919000020/hr-20181231singlesourc.htm,1620593219,16:46:59,20210509
9,2018-09-30,HR,USD,2018-11-01,2018-11-01 16:54:04,Q3,113462000.0,44135000.0,69327000.0,0.6110151416333222,0.0,8504000.0,0.0,0.0,50565000.0,94700000.0,12803000.0,42830000.0,61592000.0,0.5428425375896776,18762000.0,0.16535932735188874,1167000.0,6548000.0,0.057710951684264336,0.0,6548000.0,0.057710951684264336,0.053106327196338156,0.05308387651347823,123299809.0,123351956.0,https://www.sec.gov/Archives/edgar/data/899749/000089974918000066/0000899749-18-000066-index.htm,https://www.sec.gov/Archives/edgar/data/899749/000089974918000066/hr-2018930xsinglesourc.htm,1620593219,16:46:59,20210509
10,2018-06-30,HR,USD,2018-08-02,2018-08-02 16:59:37,Q2,111634000.0,41737000.0,69897000.0,0.6261264489313292,0.0,8373000.0,0.0,0.0,48503000.0,90240000.0,12417000.0,40890000.0,62284000.0,0.557930379633445,21394000.0,0.19164412275829945,29324000.0,37729000.0,0.3379705107762868,0.0,37729000.0,0.3379705107762868,0.3060307417771829,0.30594140495130595,123285000.0,123321000.0,https://www.sec.gov/Archives/edgar/data/899749/000089974918000057/0000899749-18-000057-index.htm,https://www.sec.gov/Archives/edgar/data/899749/000089974918000057/hr-2018630xsinglesource10q.htm,1620593219,16:46:59,20210509
11,2018-03-31,HR,USD,2018-05-03,2018-05-03 17:01:40,Q1,112124000.0,41818000.0,70306000.0,0.6270379223003104,0.0,9101000.0,0.0,0.0,48674000.0,90492000.0,12022000.0,40157000.0,61789000.0,0.5510773786165317,21632000.0,0.1929292568941529,-319000.0,9180000.0,0.0818736398986836,0.0,9180000.0,0.0818736398986836,0.07447852860283798,0.07442358206051172,123257000.0,123348000.0,https://www.sec.gov/Archives/edgar/data/899749/000089974918000031/0000899749-18-000031-index.htm,https://www.sec.gov/Archives/edgar/data/899749/000089974918000018/hr-20171231singlesource10k.htm,1620593219,16:46:59,20210509
12,2017-12-31,HR,USD,2018-02-14,2018-02-14 17:30:18,Q4,107731000.0,40589000.0,67142000.0,0.6232375082381116,0.0,8272000.0,0.0,0.0,45596000.0,86185000.0,10870000.0,38147000.0,59693000.0,0.5540930651344552,21546000.0,0.1999981435241481,-45444000.0,-37151000.0,-0.34484967186789317,0.0,-37151000.0,-0.34484967186789317,-0.30141087321612564,-0.30141087321612564,123257000.0,123257000.0,https://www.sec.gov/Archives/edgar/data/899749/000089974918000018/0000899749-18-000018-index.htm,https://www.sec.gov/Archives/edgar/data/899749/000089974918000018/hr-20171231singlesource10k.htm,1620593219,16:46:59,20210509
13,2017-09-30,HR,USD,2017-11-01,2017-11-01 17:04:54,Q3,106953000.0,40626000.0,66327000.0,0.6201509074079269,0.0,8021000.0,0.0,0.0,43894000.0,84520000.0,13406000.0,36700000.0,59133000.0,0.5528877170345853,22433000.0,0.2097463371761428,-5629000.0,3165000.0,0.029592437799781213,0.0,3173000.0,0.02966723701064954,0.0266419251372819,0.0266233711749356,119098000.0,119181000.0,https://www.sec.gov/Archives/edgar/data/899749/000089974917000117/0000899749-17-000117-index.htm,https://www.sec.gov/Archives/edgar/data/899749/000089974917000117/hr-2017930xsinglesource10q.htm,1620593219,16:46:59,20210509
14,2017-06-30,HR,USD,2017-08-02,2017-07-31 13:54:16,Q2,105245000.0,38184000.0,67061000.0,0.6371894151741175,0.0,8005000.0,0.0,0.0,42828000.0,81012000.0,14315000.0,35701000.0,59934000.0,0.5694712337878284,24233000.0,0.23025321868022233,15229000.0,25224000.0,0.2396693429616609,0.0,25224000.0,0.2396693429616609,0.21987256038563122,0.21806110275429225,114721000.0,115674000.0,https://www.sec.gov/Archives/edgar/data/899749/000089974917000092/0000899749-17-000092-index.htm,https://www.sec.gov/Archives/edgar/data/899749/000089974917000092/hr-2017630xsinglesource10q.htm,1620593219,16:46:59,20210509
15,2017-03-31,HR,USD,2017-05-03,2017-05-03 16:56:43,Q1,104569000.0,37834000.0,66735000.0,0.6381910508850616,0.0,9280000.0,0.0,0.0,43732000.0,81566000.0,13566000.0,35803000.0,58806000.0,0.5623655194178007,23003000.0,0.21997915252130174,22971000.0,31858000.0,0.30466008090351826,0.0,31845000.0,0.30453576107641844,0.2776978417266187,0.27569757677023904,114675000.0,115507000.0,https://www.sec.gov/Archives/edgar/data/899749/000089974917000064/0000899749-17-000064-index.htm,https://www.sec.gov/Archives/edgar/data/899749/000089974917000031/hr-20161231singlesource10k.htm,1620593219,16:46:59,20210509
16,2016-12-31,HR,USD,2017-02-15,2017-02-15 17:02:18,Q4,105633000.0,37356000.0,68277000.0,0.6463605123398938,0.0,4211000.0,0.0,0.0,38233000.0,75589000.0,10896000.0,34896000.0,64940000.0,0.6147700055853758,30044000.0,0.2844186949154147,36271000.0,52394000.0,0.49600030293563563,0.0,52437000.0,0.49640737269603247,0.4572661870503597,0.4572661870503597,114675000.0,114675000.0,https://www.sec.gov/Archives/edgar/data/899749/000089974917000031/0000899749-17-000031-index.htm,https://www.sec.gov/Archives/edgar/data/899749/000089974917000031/hr-20161231singlesource10k.htm,1620593219,16:46:59,20210509
17,2016-09-30,HR,USD,2016-11-02,2016-11-02 17:01:23,Q3,103659000.0,37504000.0,66155000.0,0.6381983233486721,0.0,8724000.0,0.0,0.0,40709000.0,78213000.0,13002000.0,32865000.0,58311000.0,0.5625271322316442,25446000.0,0.2454779613926432,5000.0,11857000.0,0.11438466510385012,0.0,11834000.0,0.11416278374284915,0.10366879248721003,0.10285783819490317,114152000.0,115052000.0,https://www.sec.gov/Archives/edgar/data/899749/000089974916000100/0000899749-16-000100-index.htm,https://www.sec.gov/Archives/edgar/data/899749/000089974916000100/hr-2016930xsinglesource10q.htm,1620593219,16:46:59,20210509
18,2016-06-30,HR,USD,2016-08-03,2016-08-03 17:01:37,Q2,102642000.0,36263000.0,66379000.0,0.6467040782525671,0.0,8129000.0,0.0,0.0,39419000.0,75682000.0,14082000.0,32069000.0,59029000.0,0.575095964614875,26960000.0,0.2626605093431539,-123000.0,12157000.0,0.11844079421679235,0.0,12145000.0,0.11832388301085325,0.11679232219102204,0.11592058795456715,103988000.0,104770000.0,https://www.sec.gov/Archives/edgar/data/899749/000089974916000087/0000899749-16-000087-index.htm,https://www.sec.gov/Archives/edgar/data/899749/000089974916000087/hr-2016630xsinglesource10q.htm,1620593219,16:46:59,20210509
19,2016-03-31,HR,USD,2016-05-04,2016-05-04 17:00:58,Q1,100021000.0,35406000.0,64615000.0,0.6460143369892323,0.0,10246000.0,0.0,0.0,40639000.0,76045000.0,14185000.0,31211000.0,55187000.0,0.5517541316323572,23976000.0,0.23970966097119606,-3000.0,9163000.0,0.09161076174003459,0.0,9156000.0,0.09154077643694825,0.09026737124378895,0.08961973278520041,101432000.0,102165000.0,https://www.sec.gov/Archives/edgar/data/899749/000089974916000073/0000899749-16-000073-index.htm,https://www.sec.gov/Archives/edgar/data/899749/000089974916000061/hr-20151231singlesource10k.htm,1620593219,16:46:59,20210509
20,2015-12-31,HR,USD,2016-02-16,2016-02-16 16:59:45,Q4,98582000.0,36758000.0,61824000.0,0.62713274228561,0.0,7216000.0,0.0,0.0,36791000.0,73549000.0,11327000.0,30363000.0,55396000.0,0.5619281410399465,25033000.0,0.2539307378628959,9013000.0,19354000.0,0.19632387251222333,0.0,18658000.0,0.18926376011848003,0.1839458947866551,0.1839458947866551,101432000.0,101432000.0,https://www.sec.gov/Archives/edgar/data/899749/000089974916000061/0000899749-16-000061-index.htm,https://www.sec.gov/Archives/edgar/data/899749/000089974916000061/hr-20151231singlesource10k.htm,1620593219,16:46:59,20210509
21,2015-09-30,HR,USD,2015-11-04,2015-10-14 18:45:37,Q3,96725000.0,35247000.0,61478000.0,0.6355957611785992,0.0,6258000.0,0.0,0.0,35215000.0,70462000.0,14365000.0,29750000.0,56013000.0,0.5790953734815197,26263000.0,0.2715223571982424,5584000.0,16848000.0,0.17418454380976997,0.0,27480000.0,0.2841044197467046,0.28,0.27,99337000.0,99997000.0,https://www.sec.gov/Archives/edgar/data/899749/000089974915000046/0000899749-15-000046-index.htm,https://www.sec.gov/Archives/edgar/data/899749/000089974915000046/hr-2015930xsinglesource10q.htm,1620593219,16:46:59,20210509
22,2015-06-30,HR,USD,2015-08-05,2015-08-05 17:00:43,Q2,96708000.0,33927000.0,62781000.0,0.6491810398312445,0.0,6713000.0,0.0,0.0,35739000.0,69666000.0,16256000.0,30036000.0,57078000.0,0.590209703437151,27042000.0,0.27962526368035734,7579000.0,17586000.0,0.18184638292592134,0.0,17916000.0,0.1852587169624023,0.18047203167024267,0.17925859222572416,99273000.0,99945000.0,https://www.sec.gov/Archives/edgar/data/899749/000089974915000034/0000899749-15-000034-index.htm,https://www.sec.gov/Archives/edgar/data/899749/000089974915000034/hr-2015630xsinglesource10q.htm,1620593219,16:46:59,20210509
23,2015-03-31,HR,USD,2015-05-06,2015-05-06 17:00:00,Q1,96456000.0,34263000.0,62193000.0,0.6447810400597164,0.0,6738000.0,0.0,0.0,35792000.0,70055000.0,17203000.0,30214000.0,56615000.0,0.5869515634071494,26401000.0,0.27371029277598075,-3121000.0,5049000.0,0.052345110724060714,0.0,5382000.0,0.05579746205523762,0.05471736478243188,0.054288509839918495,98360000.0,99137000.0,https://www.sec.gov/Archives/edgar/data/899749/000089974915000022/0000899749-15-000022-index.htm,https://www.sec.gov/Archives/edgar/data/899749/000089974915000006/hr-20141231singlesource10k.htm,1620593219,16:46:59,20210509
24,2014-12-31,HR,USD,2015-02-17,2015-02-17 17:07:33,Q4,92359000.0,31980000.0,60379000.0,0.6537424614818264,0.0,5974000.0,0.0,0.0,33580000.0,65560000.0,14151000.0,29700000.0,56499000.0,0.6117324786972574,26799000.0,0.2901612187225934,92000.0,8746000.0,0.09469569830769065,0.0,18073000.0,0.19568206671791596,0.18374339162261083,0.18374339162261083,98360000.0,98360000.0,https://www.sec.gov/Archives/edgar/data/899749/000089974915000006/0000899749-15-000006-index.htm,https://www.sec.gov/Archives/edgar/data/899749/000089974915000006/hr-20141231singlesource10k.htm,1620593219,16:46:59,20210509
25,2014-09-30,HR,USD,2014-11-04,2014-11-04 16:56:20,Q3,94506000.0,34678000.0,59828000.0,0.633060334793558,0.0,5190000.0,0.0,0.0,33506000.0,68184000.0,17178000.0,29474000.0,55796000.0,0.5903963769496117,26322000.0,0.27852199860326327,-3000.0,8537000.0,0.0903328889171058,0.0,3991000.0,0.04223012295515629,0.04163450103277765,0.04100525023374328,95858000.0,97329000.0,https://www.sec.gov/Archives/edgar/data/899749/000089974914000042/0000899749-14-000042-index.htm,https://www.sec.gov/Archives/edgar/data/899749/000089974914000042/hr-2014930xsinglesource10q.htm,1620593219,16:46:59,20210509
26,2014-06-30,HR,USD,2014-07-30,2014-07-30 17:05:27,Q2,92935000.0,34136000.0,58799000.0,0.632689514176575,0.0,5666000.0,0.0,0.0,33352000.0,67488000.0,17020000.0,28826000.0,54273000.0,0.583988809382902,25447000.0,0.27381503201162105,-73000.0,9344000.0,0.10054339054177651,0.0,5971000.0,0.06424920643460483,0.06317983662758708,0.062212173623121966,94508000.0,95978000.0,https://www.sec.gov/Archives/edgar/data/899749/000089974914000033/0000899749-14-000033-index.htm,https://www.sec.gov/Archives/edgar/data/899749/000089974914000033/hr-2014630xsinglesource10q.htm,1620593219,16:46:59,20210509
27,2014-03-31,HR,USD,2014-04-30,2014-04-30 17:02:06,Q1,91899000.0,33431000.0,58468000.0,0.6362201982611345,0.0,5978000.0,0.0,0.0,32871000.0,66302000.0,16919000.0,28049000.0,53646000.0,0.583749551137662,25597000.0,0.27853404280786515,-47000.0,7732000.0,0.0841358447861239,0.0,3852000.0,0.041915581235922046,0.04091256691307673,0.040299210127111997,94152000.0,95585000.0,https://www.sec.gov/Archives/edgar/data/899749/000089974914000023/0000899749-14-000023-index.htm,https://www.sec.gov/Archives/edgar/data/899749/000089974914000008/hr-2013311210k.htm,1620593219,16:46:59,20210509
28,2013-12-31,HR,USD,2014-02-19,2014-02-19 17:12:40,Q4,88773000.0,31654000.0,57119000.0,0.6434276187579557,0.0,5764000.0,0.0,0.0,31868000.0,63522000.0,16766000.0,27590000.0,52841000.0,0.5952372906176427,25251000.0,0.2844445946402622,1426000.0,9165000.0,0.10324085025852456,0.0,12385000.0,0.13951314025660955,0.13154261194663946,0.13154261194663946,94152000.0,94152000.0,https://www.sec.gov/Archives/edgar/data/899749/000089974914000008/0000899749-14-000008-index.htm,https://www.sec.gov/Archives/edgar/data/899749/000089974914000008/hr-2013311210k.htm,1620593219,16:46:59,20210509
29,2013-09-30,HR,USD,2013-10-30,2013-10-03 17:39:59,Q3,84761000.0,32652000.0,52109000.0,0.6147756633357322,0.0,5583000.0,0.0,0.0,30270000.0,62922000.0,16022000.0,26103000.0,47942000.0,0.5656139026203089,21839000.0,0.25765387383348476,-111000.0,4941000.0,0.05829331886126874,0.0,19765000.0,0.23318507332381638,0.21151932193957815,0.20841241722552617,93443000.0,94836000.0,https://www.sec.gov/Archives/edgar/data/899749/000089974913000045/0000899749-13-000045-index.htm,https://www.sec.gov/Archives/edgar/data/899749/000089974913000045/hr-2013930x10q.htm,1620593219,16:46:59,20210509
30,2013-06-30,HR,USD,2013-07-30,2013-07-30 17:04:56,Q2,84054000.0,31732000.0,52322000.0,0.6224807861612772,0.0,5841000.0,0.0,0.0,30481000.0,62213000.0,17853000.0,25757000.0,47598000.0,0.5662788207580841,21841000.0,0.25984486163656695,-29657000.0,-26522000.0,-0.31553525114807146,0.0,-24205000.0,-0.28796963856568397,-0.27,-0.27,89204000.0,89204000.0,https://www.sec.gov/Archives/edgar/data/899749/000089974913000036/0000899749-13-000036-index.htm,https://www.sec.gov/Archives/edgar/data/899749/000089974913000036/hr-2013630x10q.htm,1620593219,16:46:59,20210509
31,2013-03-31,HR,USD,2013-05-01,2013-05-01 17:02:29,Q1,82584000.0,29826000.0,52758000.0,0.6388404533565823,0.0,6541000.0,0.0,0.0,31082000.0,60908000.0,18528000.0,25868000.0,47544000.0,0.5757047369950595,21676000.0,0.2624721495689238,12000.0,2125000.0,0.02573137653782815,0.0,-999000.0,-0.012096774193548387,-0.011496766174879738,-0.011303206535267361,86894000.0,88382000.0,https://www.sec.gov/Archives/edgar/data/899749/000089974913000021/0000899749-13-000021-index.htm,https://www.sec.gov/Archives/edgar/data/899749/000089974913000008/hr-123112x10k.htm,1620593219,16:46:59,20210509
32,2012-12-31,HR,USD,2013-02-20,2013-02-04 13:14:35,Q4,63663000.0,0.0,0.0,0.0,0.0,6394000.0,0.0,0.0,54000000.0,0.0,19239000.0,22024000.0,0.0,0.0,0.0,0.0,0.0,0.0,0.0,0.0,-6392000.0,-0.1004036881705229,-0.0735608902801114,-0.0735608902801114,86894000.0,86894000.0,https://www.sec.gov/Archives/edgar/data/899749/000089974913000008/0000899749-13-000008-index.htm,https://www.sec.gov/Archives/edgar/data/899749/000089974913000008/hr-123112x10k.htm,1620593219,16:46:59,20210509
33,2012-09-30,HR,USD,2012-11-07,2012-11-07 17:01:37,Q3,60371000.0,0.0,0.0,0.0,0.0,4732000.0,0.0,0.0,57000000.0,0.0,18905000.0,21172000.0,0.0,0.0,0.0,0.0,0.0,0.0,0.0,0.0,5815000.0,0.09632108131387587,0.08,0.07,76712594.0,78020971.0,https://www.sec.gov/Archives/edgar/data/899749/000089974912000022/0000899749-12-000022-index.htm,https://www.sec.gov/Archives/edgar/data/899749/000089974912000022/hr-2012930x10q.htm,1620593219,16:46:59,20210509
34,2012-06-30,HR,USD,2012-07-31,2012-07-31 17:04:24,Q2,60409000.0,0.0,0.0,0.0,0.0,4519000.0,0.0,0.0,57000000.0,0.0,18530000.0,21311000.0,0.0,0.0,0.0,0.0,0.0,0.0,0.0,0.0,2908000.0,0.04813852240560181,0.03803183128263554,0.0374199808517274,76462266.0,77712493.0,https://www.sec.gov/Archives/edgar/data/899749/000089974912000009/0000899749-12-000009-index.htm,https://www.sec.gov/Archives/edgar/data/899749/000089974912000009/hr-2012630x10q.htm,1620593219,16:46:59,20210509
35,2012-03-31,HR,USD,2012-05-01,2012-05-01 17:02:42,Q1,60017000.0,0.0,0.0,0.0,0.0,5265000.0,0.0,0.0,57000000.0,0.0,18379000.0,21388000.0,0.0,0.0,0.0,0.0,0.0,0.0,0.0,0.0,3134000.0,0.052218538080877085,0.04100660673482617,0.04036524909080947,76426709.0,77641042.0,https://www.sec.gov/Archives/edgar/data/899749/000119312512201230/0001193125-12-201230-index.htm,https://www.sec.gov/Archives/edgar/data/899749/000119312512072996/d266055d10k.htm,1620593219,16:46:59,20210509
36,2011-12-31,HR,USD,2012-02-22,2012-02-22 17:14:55,Q4,56538000.0,0.0,0.0,0.0,0.0,4522000.0,0.0,0.0,49000000.0,0.0,18492000.0,20160000.0,0.0,0.0,0.0,0.0,0.0,0.0,0.0,0.0,2917000.0,0.05159361845130708,0.03816728520915378,0.03816728520915378,76426709.0,76426709.0,https://www.sec.gov/Archives/edgar/data/899749/000119312512072996/0001193125-12-072996-index.htm,https://www.sec.gov/Archives/edgar/data/899749/000119312512072996/d266055d10k.htm,1620593219,16:46:59,20210509
37,2011-09-30,HR,USD,2011-11-01,2011-11-01 16:49:13,Q3,58356000.0,0.0,0.0,0.0,0.0,5530000.0,0.0,0.0,57000000.0,0.0,17928000.0,19959000.0,0.0,0.0,0.0,0.0,0.0,0.0,0.0,0.0,647000.0,0.011087120433203099,0.008497610063586946,0.008383314255570635,76139055.0,77177114.0,https://www.sec.gov/Archives/edgar/data/899749/000119312511290828/0001193125-11-290828-index.htm,https://www.sec.gov/Archives/edgar/data/899749/000119312511290828/d245424d10q.htm,1620593219,16:46:59,20210509
38,2011-06-30,HR,USD,2011-08-08,2011-08-08 17:09:53,Q2,56131000.0,0.0,0.0,0.0,0.0,5158000.0,0.0,0.0,53000000.0,0.0,17344000.0,19120000.0,0.0,0.0,0.0,0.0,0.0,0.0,0.0,0.0,2011000.0,0.035826904918850544,0.027916925116867244,0.02749174454763927,72035154.0,73149232.0,https://www.sec.gov/Archives/edgar/data/899749/000095012311074487/0000950123-11-074487-index.htm,https://www.sec.gov/Archives/edgar/data/899749/000095012311074487/g26348e10vq.htm,1620593219,16:46:59,20210509
39,2011-03-31,HR,USD,2011-05-09,2011-05-09 17:01:54,Q1,50566000.0,0.0,0.0,0.0,0.0,5781000.0,0.0,1986000.0,54000000.0,0.0,22274000.0,18895000.0,0.0,0.0,0.0,0.0,0.0,0.0,0.0,0.0,-5789000.0,-0.11448404065973183,-0.09,-0.09,66151426.0,66151426.0,https://www.sec.gov/Archives/edgar/data/899749/000095012311047479/0000950123-11-047479-index.htm,https://www.sec.gov/Archives/edgar/data/899749/000095012311016562/g26097e10vk.htm,1620593219,16:46:59,20210509
40,2010-12-31,HR,USD,2011-02-22,2011-02-22 16:45:41,Q4,47738000.0,0.0,0.0,0.0,0.0,4381000.0,0.0,0.0,43000000.0,0.0,17907000.0,17440000.0,0.0,0.0,0.0,0.0,0.0,0.0,0.0,0.0,380000.0,0.007960115631153378,0.005744396197899045,0.005744396197899045,66151426.0,66151426.0,https://www.sec.gov/Archives/edgar/data/899749/000095012311016562/0000950123-11-016562-index.htm,https://www.sec.gov/Archives/edgar/data/899749/000095012311016562/g26097e10vk.htm,1620593219,16:46:59,20210509
41,2010-09-30,HR,USD,2010-11-08,2010-11-08 17:15:11,Q3,49387000.0,0.0,0.0,0.0,0.0,4243000.0,0.0,0.0,50000000.0,0.0,15923000.0,17115000.0,0.0,0.0,0.0,0.0,0.0,0.0,0.0,0.0,-3248000.0,-0.06576629477392835,-0.05207650827909859,-0.051210328038414556,62369773.0,63424706.0,https://www.sec.gov/Archives/edgar/data/899749/000095012310102572/0000950123-10-102572-index.htm,https://www.sec.gov/Archives/edgar/data/899749/000095012310102572/g25118e10vq.htm,1620593219,16:46:59,20210509
42,2010-06-30,HR,USD,2010-08-09,2010-08-09 17:19:10,Q2,51193000.0,0.0,0.0,0.0,0.0,3545000.0,0.0,0.0,45000000.0,0.0,15569000.0,16817000.0,0.0,0.0,0.0,0.0,0.0,0.0,0.0,0.0,6474000.0,0.12646260230890943,0.11,0.1,61340739.0,62382409.0,https://www.sec.gov/Archives/edgar/data/899749/000095012310075181/0000950123-10-075181-index.htm,https://www.sec.gov/Archives/edgar/data/899749/000095012310075181/g24035e10vq.htm,1620593219,16:46:59,20210509
43,2010-03-31,HR,USD,2010-05-10,2010-05-10 17:11:04,Q1,48726000.0,0.0,0.0,0.0,0.0,4731000.0,0.0,0.0,46000000.0,0.0,16310000.0,16591000.0,0.0,0.0,0.0,0.0,0.0,0.0,0.0,0.0,4594000.0,0.09428231334400525,0.07661588598875728,0.07534886574042562,59961455.0,60969730.0,https://www.sec.gov/Archives/edgar/data/899749/000095012310047316/0000950123-10-047316-index.htm,https://www.sec.gov/Archives/edgar/data/899749/000095012310015248/g22138e10vk.htm,1620593219,16:46:59,20210509
44,2009-12-31,HR,USD,2010-02-22,2010-02-22 17:19:16,Q4,48319000.0,0.0,0.0,0.0,0.0,5091000.0,0.0,0.0,42000000.0,0.0,13377000.0,15240000.0,0.0,0.0,0.0,0.0,0.0,0.0,0.0,0.0,4370000.0,0.09044061342329104,0.07288015275813438,0.07288015275813438,59961455.0,59961455.0,https://www.sec.gov/Archives/edgar/data/899749/000095012310015248/0000950123-10-015248-index.htm,https://www.sec.gov/Archives/edgar/data/899749/000095012310015248/g22138e10vk.htm,1620593219,16:46:59,20210509
45,2009-09-30,HR,USD,2009-11-09,2009-11-09 17:12:41,Q3,54761000.0,0.0,0.0,0.0,0.0,5107000.0,0.0,0.0,45000000.0,0.0,9587000.0,15906000.0,0.0,0.0,0.0,0.0,0.0,0.0,0.0,0.0,9104000.0,0.16624970325596683,0.16,0.15,58174482.0,59064066.0,https://www.sec.gov/Archives/edgar/data/899749/000095012309060295/0000950123-09-060295-index.htm,https://www.sec.gov/Archives/edgar/data/899749/000095012309060295/g20775e10vq.htm,1620593219,16:46:59,20210509
46,2009-06-30,HR,USD,2009-08-10,2009-08-10 17:14:43,Q2,55317000.0,0.0,0.0,0.0,0.0,5329000.0,0.0,0.0,46000000.0,0.0,10043000.0,15575000.0,0.0,0.0,0.0,0.0,0.0,0.0,0.0,0.0,16752000.0,0.3028363794132003,0.29,0.28,58128489.0,58899618.0,https://www.sec.gov/Archives/edgar/data/899749/000095012309033052/0000950123-09-033052-index.htm,https://www.sec.gov/Archives/edgar/data/899749/000095012309033052/g20097e10vq.htm,1620593219,16:46:59,20210509
47,2009-03-31,HR,USD,2009-05-11,2009-05-11 17:09:33,Q1,55778000.0,0.0,0.0,0.0,0.0,6967000.0,0.0,0.0,47000000.0,0.0,10074000.0,15753000.0,0.0,0.0,0.0,0.0,0.0,0.0,0.0,0.0,20865000.0,0.37407221485173364,0.36,0.35,58130574.0,58847384.0,https://www.sec.gov/Archives/edgar/data/899749/000095014409004185/0000950144-09-004185-index.htm,https://www.sec.gov/Archives/edgar/data/899749/000095014409001534/g17613e10vk.htm,1620593219,16:46:59,20210509
48,2008-12-31,HR,USD,2009-02-23,2009-02-23 17:15:51,Q4,46285000.0,0.0,0.0,0.0,0.0,0.0,0.0,0.0,39000000.0,0.0,9747000.0,14580000.0,0.0,0.0,0.0,0.0,0.0,0.0,0.0,0.0,15599000.0,0.3370206330344604,0.26834415913388365,0.26834415913388365,58130574.0,58130574.0,https://www.sec.gov/Archives/edgar/data/899749/000095014409001534/0000950144-09-001534-index.htm,https://www.sec.gov/Archives/edgar/data/899749/000095014409001534/g17613e10vk.htm,1620593219,16:46:59,20210509
49,2008-09-30,HR,USD,2008-11-10,2008-11-10 17:13:58,Q3,44037000.0,0.0,0.0,0.0,0.0,6018000.0,0.0,0.0,42000000.0,0.0,10785000.0,13688000.0,0.0,0.0,0.0,0.0,0.0,0.0,0.0,0.0,5527000.0,0.12550809546517702,0.11158710437480604,0.10919866259594917,49530813.0,50614173.0,https://www.sec.gov/Archives/edgar/data/899749/000095014408008422/0000950144-08-008422-index.htm,https://www.sec.gov/Archives/edgar/data/899749/000095014408008422/g16514e10vq.htm,1620593219,16:46:59,20210509
50,2008-06-30,HR,USD,2008-08-04,2008-08-04 17:09:47,Q2,43859000.0,0.0,0.0,0.0,0.0,5863000.0,0.0,0.0,37000000.0,0.0,11209000.0,13361000.0,0.0,0.0,0.0,0.0,0.0,0.0,0.0,0.0,13766000.0,0.31386944526779,0.28,0.27,49431724.0,50474762.0,https://www.sec.gov/Archives/edgar/data/899749/000095014408005979/0000950144-08-005979-index.htm,https://www.sec.gov/Archives/edgar/data/899749/000095014408005979/g14489e10vq.htm,1620593219,16:46:59,20210509
51,2008-03-31,HR,USD,2008-05-05,2008-05-05 17:19:49,Q1,43719000.0,0.0,0.0,0.0,0.0,6045000.0,0.0,0.0,37000000.0,0.0,11286000.0,13119000.0,0.0,0.0,0.0,0.0,0.0,0.0,0.0,0.0,6799000.0,0.15551590841510557,0.14,0.13,49413058.0,50407119.0,https://www.sec.gov/Archives/edgar/data/899749/000095014408003595/0000950144-08-003595-index.htm,https://www.sec.gov/Archives/edgar/data/899749/000095014408001346/g11849e10vk.htm,1620593219,16:46:59,20210509
52,2007-12-31,HR,USD,2008-02-25,2008-02-25 17:10:26,Q4,42283000.0,0.0,0.0,0.0,0.0,4889000.0,0.0,0.0,32000000.0,0.0,11995000.0,13632000.0,0.0,0.0,0.0,0.0,0.0,0.0,0.0,0.0,4588000.0,0.10850696497410307,0.09284995071545663,0.09284995071545663,49413058.0,49413058.0,https://www.sec.gov/Archives/edgar/data/899749/000095014408001346/0000950144-08-001346-index.htm,https://www.sec.gov/Archives/edgar/data/899749/000095014408001346/g11849e10vk.htm,1620593219,16:46:59,20210509
53,2007-09-30,HR,USD,2007-11-05,2007-11-05 17:14:39,Q3,40888000.0,0.0,0.0,0.0,0.0,4335000.0,0.0,0.0,35000000.0,0.0,12611000.0,12896000.0,0.0,0.0,0.0,0.0,0.0,0.0,0.0,0.0,5486000.0,0.13417139503032674,0.11751445405293022,0.11524888065102383,46683619.0,47601330.0,https://www.sec.gov/Archives/edgar/data/899749/000095014407009887/0000950144-07-009887-index.htm,https://www.sec.gov/Archives/edgar/data/899749/000095014407009887/g10227e10vq.htm,1620593219,16:46:59,20210509
54,2007-06-30,HR,USD,2007-08-09,2007-08-09 16:53:42,Q2,39990000.0,0.0,0.0,0.0,0.0,5220000.0,0.0,0.0,36000000.0,0.0,12258000.0,12822000.0,0.0,0.0,0.0,0.0,0.0,0.0,0.0,0.0,13643000.0,0.34116029007251814,0.29274535469255053,0.2867541926582099,46603643.0,47577334.0,https://www.sec.gov/Archives/edgar/data/899749/000095014407007608/0000950144-07-007608-index.htm,https://www.sec.gov/Archives/edgar/data/899749/000095014407007608/g07244e10vq.htm,1620593219,16:46:59,20210509
55,2007-03-31,HR,USD,2007-05-10,2007-05-09 18:01:12,Q1,39517000.0,0.0,0.0,0.0,0.0,6175000.0,0.0,0.0,36000000.0,0.0,13515000.0,14574000.0,0.0,0.0,0.0,0.0,0.0,0.0,0.0,0.0,36344000.0,0.9197054432269656,0.78,0.76,46547152.0,47598736.0,https://www.sec.gov/Archives/edgar/data/899749/000095014407004523/0000950144-07-004523-index.htm,https://www.sec.gov/Archives/edgar/data/899749/000095014407001798/g05685e10vk.htm,1620593219,16:46:59,20210509
56,2006-12-31,HR,USD,2007-03-01,2007-03-01 17:20:42,Q4,51919000.0,0.0,0.0,0.0,0.0,-49547000.0,0.0,0.0,30000000.0,0.0,13901000.0,17687000.0,0.0,0.0,0.0,0.0,0.0,0.0,0.0,0.0,7655000.0,0.1474412064947322,0.16445689308768022,0.16445689308768022,46547152.0,46547152.0,https://www.sec.gov/Archives/edgar/data/899749/000095014407001798/0000950144-07-001798-index.htm,https://www.sec.gov/Archives/edgar/data/899749/000095014407001798/g05685e10vk.htm,1620593219,16:46:59,20210509
57,2006-09-30,HR,USD,2006-11-08,2006-11-08 07:26:45,Q3,54033000.0,0.0,0.0,0.0,0.0,21997000.0,0.0,0.0,37000000.0,0.0,14033000.0,13188000.0,41906000.0,0.775563081820369,0.0,0.1521847759702404,0.0,8223000.0,0.1521847759702404,0.0,8063000.0,0.14922362260100308,0.1732291466257001,0.16977816081800942,46545285.0,47491385.0,https://www.sec.gov/Archives/edgar/data/899749/000095014406010435/0000950144-06-010435-index.htm,https://www.sec.gov/Archives/edgar/data/899749/000095014406010435/g04075e10vq.htm,1620593219,16:46:59,20210509
58,2006-06-30,HR,USD,2006-08-09,2006-08-09 11:29:39,Q2,54474000.0,0.0,0.0,0.0,0.0,4365000.0,0.0,0.0,35000000.0,0.0,12555000.0,16879000.0,0.0,0.0,0.0,0.0,0.0,0.0,0.0,0.0,11506000.0,0.21122003157469618,0.25,0.24,46531031.0,47459976.0,https://www.sec.gov/Archives/edgar/data/899749/000095014406007604/0000950144-06-007604-index.htm,https://www.sec.gov/Archives/edgar/data/899749/000095014406007604/g02726e10vq.htm,1620593219,16:46:59,20210509
59,2006-03-31,HR,USD,2006-05-09,2006-05-09 17:20:58,Q1,50904000.0,0.0,0.0,0.0,0.0,4395000.0,0.0,0.0,36000000.0,0.0,13064000.0,16843000.0,0.0,0.0,0.0,0.0,0.0,0.0,0.0,0.0,12495000.0,0.24546204620462045,0.27,0.26,46491863.0,47467598.0,https://www.sec.gov/Archives/edgar/data/899749/000095014406004695/0000950144-06-004695-index.htm,https://www.sec.gov/Archives/edgar/data/899749/000095014406001925/g99762e10vk.htm,1620593219,16:46:59,20210509
60,2005-12-31,HR,USD,2006-03-07,2006-03-07 17:30:55,Q4,51917000.0,0.0,0.0,0.0,0.0,4084000.0,0.0,0.0,14000000.0,0.0,13049000.0,15489000.0,0.0,0.0,0.0,0.0,0.0,0.0,0.0,0.0,11687000.0,0.22510930908950824,0.2513773216616422,0.2513773216616422,46491863.0,46491863.0,https://www.sec.gov/Archives/edgar/data/899749/000095014406001925/0000950144-06-001925-index.htm,https://www.sec.gov/Archives/edgar/data/899749/000095014406001925/g99762e10vk.htm,1620593219,16:46:59,20210509
61,2005-09-30,HR,USD,2005-11-30,2005-11-30 17:26:09,Q3,54657000.0,0.0,0.0,0.0,0.0,4682000.0,0.0,0.0,46000000.0,0.0,12318000.0,18887000.0,0.0,0.0,0.0,0.0,0.0,0.0,0.0,0.0,8665000.0,0.158534131035366,0.19,0.18,46484410.0,47443704.0,https://www.sec.gov/Archives/edgar/data/899749/000095014405012339/0000950144-05-012339-index.htm,https://www.sec.gov/Archives/edgar/data/899749/000095014405012339/g98572e10vq.htm,1620593219,16:46:59,20210509
62,2005-06-30,HR,USD,2005-11-30,2005-11-30 17:24:02,Q2,50019000.0,0.0,0.0,0.0,0.0,4064000.0,0.0,0.0,41000000.0,0.0,11678000.0,16464000.0,0.0,0.0,0.0,0.0,0.0,0.0,0.0,0.0,11567000.0,0.23125212419280675,0.25,0.24,46476389.0,47403316.0,https://www.sec.gov/Archives/edgar/data/899749/000095014405012338/0000950144-05-012338-index.htm,https://www.sec.gov/Archives/edgar/data/899749/000095014405012338/g98571e10vq.htm,1620593219,16:46:59,20210509
63,2005-03-31,HR,USD,2005-11-30,2005-11-30 17:00:35,Q1,49740000.0,0.0,0.0,0.0,0.0,3260000.0,0.0,0.0,38000000.0,0.0,11924000.0,16366000.0,0.0,0.0,0.0,0.0,0.0,0.0,0.0,0.0,20748000.0,0.41712907117008446,0.45,0.44,46410524.0,47347587.0,https://www.sec.gov/Archives/edgar/data/899749/000095014405012329/0000950144-05-012329-index.htm,https://www.sec.gov/Archives/edgar/data/899749/000095014405012312/g93439be10vk.htm,1620593219,16:46:59,20210509
64,2004-12-31,HR,USD,2005-11-30,2005-11-30 12:48:08,Q4,52047000.0,0.0,0.0,0.0,0.0,4384000.0,0.0,0.0,0.0,0.0,11429000.0,18695000.0,0.0,0.0,0.0,0.0,0.0,0.0,0.0,0.0,8158000.0,0.15674294387764906,0.1757790969996374,0.1757790969996374,46410524.0,46410524.0,https://www.sec.gov/Archives/edgar/data/899749/000095014405012312/0000950144-05-012312-index.htm,https://www.sec.gov/Archives/edgar/data/899749/000095014405012312/g93439be10vk.htm,1620593219,16:46:59,20210509
65,2004-09-30,HR,USD,2004-11-09,2004-11-09 16:42:44,Q3,50135000.0,0.0,0.0,0.0,0.0,3067000.0,0.0,0.0,0.0,0.0,11715000.0,15919000.0,0.0,0.0,0.0,0.0,0.0,0.0,0.0,0.0,13938000.0,0.27800937468834147,0.31122405506053263,0.3050382923948513,44784456.0,45692624.0,https://www.sec.gov/Archives/edgar/data/899749/000095014404010762/0000950144-04-010762-index.htm,https://www.sec.gov/Archives/edgar/data/899749/000095014404010762/g91687e10vq.htm,1620593219,16:46:59,20210509
66,2004-06-30,HR,USD,2004-08-09,2004-08-09 12:49:32,Q2,43500000.0,0.0,0.0,0.0,0.0,2823000.0,0.0,0.0,0.0,0.0,11783000.0,14025000.0,0.0,0.0,0.0,0.0,0.0,0.0,0.0,0.0,15625000.0,0.35919540229885055,0.3743288284106597,0.36839120906584244,41741375.0,42414150.0,https://www.sec.gov/Archives/edgar/data/899749/000095014404007936/0000950144-04-007936-index.htm,https://www.sec.gov/Archives/edgar/data/899749/000095014404007936/g90378e10vq.htm,1620593219,16:46:59,20210509
67,2004-03-31,HR,USD,2004-05-07,2004-05-07 15:11:43,Q1,42691000.0,0.0,0.0,0.0,0.0,3417000.0,0.0,0.0,0.0,0.0,8973000.0,12335000.0,0.0,0.0,0.0,0.0,0.0,0.0,0.0,0.0,17812000.0,0.41723079806048113,0.43,0.42,41668173.0,42379283.0,https://www.sec.gov/Archives/edgar/data/899749/000095014404005047/0000950144-04-005047-index.htm,https://www.sec.gov/Archives/edgar/data/899749/000095014404005047/g88998e10vq.htm,1620593219,16:46:59,20210509
68,2003-12-31,HR,USD,2003-12-31,2003-12-31,Q4,38907000.0,0.0,0.0,0.0,0.0,2887000.0,0.0,0.0,0.0,0.0,8964000.0,12545000.0,0.0,0.0,0.0,0.0,0.0,0.0,0.0,0.0,16855000.0,0.4332125324491737,0.40450537632163525,0.40450537632163525,41668173.0,41668173.0,,,1620593219,16:46:59,20210509
69,2003-09-30,HR,USD,2003-11-14,2003-11-14 12:29:39,Q3,39506000.0,0.0,0.0,0.0,0.0,2701000.0,0.0,0.0,0.0,0.0,8627000.0,12410000.0,0.0,0.0,0.0,0.0,0.0,0.0,0.0,0.0,17449000.0,0.4416797448488837,0.4246808060947452,0.4181110195101303,41087329.0,41732935.0,https://www.sec.gov/Archives/edgar/data/899749/000095014403012922/0000950144-03-012922-index.htm,https://www.sec.gov/Archives/edgar/data/899749/000095014403012922/g85652e10vq.htm,1620593219,16:46:59,20210509
70,2003-06-30,HR,USD,2003-08-14,2003-08-14 09:26:08,Q2,39787000.0,0.0,0.0,0.0,0.0,2865000.0,0.0,0.0,0.0,0.0,8565000.0,9844000.0,0.0,0.0,0.0,0.0,0.0,0.0,0.0,0.0,17634000.0,0.44321009374921455,0.43,0.42,40905717.0,41635351.0,https://www.sec.gov/Archives/edgar/data/899749/000095014403009948/0000950144-03-009948-index.htm,https://www.sec.gov/Archives/edgar/data/899749/000095014403009948/g84393e10vq.htm,1620593219,16:46:59,20210509
71,2003-03-31,HR,USD,2003-05-15,2003-05-15 14:12:08,Q1,39194000.0,0.0,0.0,0.0,0.0,2669000.0,0.0,0.0,0.0,0.0,8446000.0,11363000.0,0.0,0.0,0.0,0.0,0.0,0.0,0.0,0.0,18568000.0,0.47374598152778485,0.45487931807691095,0.4461809489145161,40819618.0,41615403.0,https://www.sec.gov/Archives/edgar/data/899749/000095014403006927/0000950144-03-006927-index.htm,https://www.sec.gov/Archives/edgar/data/899749/000095014403006927/g82725e10vq.htm,1620593219,16:46:59,20210509
72,2002-12-31,HR,USD,2002-12-31,2002-12-31,Q4,39033000.0,0.0,0.0,0.0,0.0,13854000.0,0.0,0.0,0.0,0.0,8229000.0,11441000.0,0.0,0.0,0.0,0.0,0.0,0.0,0.0,0.0,7498000.0,0.19209386929008787,0.18368618736216494,0.18368618736216494,40819618.0,40819618.0,,,1620593219,16:46:59,20210509
73,2002-09-30,HR,USD,2002-11-14,2002-11-13 18:20:32,Q3,41531000.0,0.0,0.0,0.0,0.0,3140000.0,0.0,0.0,0.0,0.0,8529000.0,11665000.0,0.0,0.0,0.0,0.0,0.0,0.0,0.0,0.0,20490000.0,0.4933664010016614,0.45,0.44,40682210.0,41487797.0,https://www.sec.gov/Archives/edgar/data/899749/000095014402011680/0000950144-02-011680-index.htm,https://www.sec.gov/Archives/edgar/data/899749/000095014402011680/g79151e10vq.htm,1620593219,16:46:59,20210509
74,2002-06-30,HR,USD,2002-08-14,2002-08-14 09:55:40,Q2,42770000.0,0.0,0.0,0.0,0.0,2726000.0,0.0,0.0,0.0,0.0,8499000.0,12400000.0,0.0,0.0,0.0,0.0,0.0,0.0,0.0,0.0,22255000.0,0.5203413607668926,0.51,0.5,40652146.0,41512283.0,https://www.sec.gov/Archives/edgar/data/899749/000095014402008594/0000950144-02-008594-index.htm,https://www.sec.gov/Archives/edgar/data/899749/000095014402008594/g77729e10vq.htm,1620593219,16:46:59,20210509
75,2002-03-31,HR,USD,2002-03-31,2002-03-31,Q1,40385000.0,0.0,0.0,0.0,0.0,2508000.0,0.0,0.0,0.0,0.0,8939000.0,11052000.0,0.0,0.0,0.0,0.0,0.0,0.0,0.0,0.0,19848000.0,0.4914696050513805,0.45,0.44,40486486.0,41434098.0,,,1620593219,16:46:59,20210509
76,2001-12-31,HR,USD,2002-03-26,2002-03-26,Q4,40457000.0,0.0,0.0,0.0,0.0,2545000.0,0.0,0.0,0.0,0.0,8750000.0,12844000.0,0.0,0.0,0.0,0.0,0.0,0.0,0.0,0.0,20147000.0,0.4979855154855773,0.4976228364200341,0.4976228364200341,40486486.0,40486486.0,https://www.sec.gov/Archives/edgar/data/899749/000095014402002786/0000950144-02-002786-index.htm,https://www.sec.gov/Archives/edgar/data/899749/000095014402002786/g74893e10-k.htm,1620593219,16:46:59,20210509
77,2001-09-30,HR,USD,2001-11-14 00:00:00,2001-11-14 00:00:00,Q3,39073000.0,0.0,0.0,0.0,0.0,2772000.0,0.0,0.0,0.0,0.0,9161000.0,10878000.0,0.0,0.0,0.0,0.0,0.0,0.0,0.0,0.0,19723000.0,0.5047731169861541,0.49441915262929564,0.48683151963929394,39891254.0,40512989.0,https://www.sec.gov/Archives/edgar/data/899749/000095014401508949/0000950144-01-508949-index.html,https://www.sec.gov/Archives/edgar/data/899749/000095014401508949/g72630e10-q.txt,1620593219,16:46:59,20210509
78,2001-06-30,HR,USD,2001-08-14 00:00:00,2001-08-14 00:00:00,Q2,39045000.0,0.0,0.0,0.0,0.0,2758000.0,0.0,0.0,0.0,0.0,10414000.0,10761000.0,0.0,0.0,0.0,0.0,0.0,0.0,0.0,0.0,19373000.0,0.49617108464592136,0.45,0.44,39721416.0,40566400.0,https://www.sec.gov/Archives/edgar/data/899749/000095014401505855/0000950144-01-505855-index.html,https://www.sec.gov/Archives/edgar/data/899749/000095014401505855/g71127e10-q.txt,1620593219,16:46:59,20210509
79,2001-03-31,HR,USD,2001-03-31,2001-03-31,Q1,39062000.0,0.0,0.0,0.0,0.0,2035000.0,0.0,0.0,0.0,0.0,9785000.0,10646000.0,0.0,0.0,0.0,0.0,0.0,0.0,0.0,0.0,20644000.0,0.5284931647125083,0.48,0.47,39628676.0,40540420.0,,,1620593219,16:46:59,20210509
80,2000-12-31,HR,USD,2000-12-31,2000-12-31,Q4,36728000.0,0.0,0.0,0.0,0.0,2181000.0,0.0,0.0,0.0,0.0,10561000.0,11973000.0,0.0,0.0,0.0,0.0,0.0,0.0,0.0,0.0,17970000.0,0.4892724896536702,0.45345950997706813,0.45345950997706813,39628676.0,39628676.0,,,1620593219,16:46:59,20210509
81,2000-09-30,HR,USD,2000-11-13 00:00:00,2000-11-13 00:00:00,Q3,38658000.0,0.0,0.0,0.0,0.0,2559000.0,0.0,0.0,0.0,0.0,10925000.0,10403000.0,0.0,0.0,0.0,0.0,0.0,0.0,0.0,0.0,20191000.0,0.5222981012985669,0.47,0.46,39537234.0,40290439.0,https://www.sec.gov/Archives/edgar/data/899749/000095014400013314/0000950144-00-013314-index.html,https://www.sec.gov/Archives/edgar/data/899749/000095014400013314/g65250e10-q.txt,1620593219,16:46:59,20210509
82,2000-06-30,HR,USD,2000-08-14 00:00:00,2000-08-14 00:00:00,Q2,38556000.0,0.0,0.0,0.0,0.0,1845000.0,0.0,0.0,0.0,0.0,10983000.0,10521000.0,0.0,0.0,0.0,0.0,0.0,0.0,0.0,0.0,21187000.0,0.5495123975516132,0.5360226200685483,0.5274575946449922,39526317.0,40168158.0,https://www.sec.gov/Archives/edgar/data/899749/000095014400010030/0000950144-00-010030-index.html,https://www.sec.gov/Archives/edgar/data/899749/000095014400010030/e10-q.txt,1620593219,16:46:59,20210509
83,2000-03-31,HR,USD,2000-05-15 00:00:00,2000-05-15 00:00:00,Q1,37733000.0,0.0,0.0,0.0,0.0,2154000.0,0.0,0.0,0.0,0.0,10526000.0,9928000.0,0.0,0.0,0.0,0.0,0.0,0.0,0.0,0.0,20453000.0,0.5420454244295444,0.48,0.47,39439719.0,40114946.0,https://www.sec.gov/Archives/edgar/data/899749/000095014400006575/0000950144-00-006575-index.html,https://www.sec.gov/Archives/edgar/data/899749/0000950144-00-006575.txt,1620593219,16:46:59,20210509
84,1999-12-31,HR,USD,1999-12-31,1999-12-31,Q4,41900000.0,0.0,0.0,0.0,0.0,1800000.0,0.0,0.0,0.0,0.0,10200000.0,10100000.0,0.0,0.0,0.0,0.0,0.0,0.0,0.0,0.0,24400000.0,0.5823389021479713,0.6186656654424947,0.6186656654424947,39439719.0,39439719.0,,,1620593219,16:46:59,20210509
85,1999-09-30,HR,USD,1999-09-30,1999-09-30,Q3,36800000.0,0.0,0.0,0.0,0.0,1700000.0,0.0,0.0,0.0,0.0,9700000.0,10200000.0,0.0,0.0,0.0,0.0,0.0,0.0,0.0,0.0,20200000.0,0.5489130434782609,0.47,0.47,42978723.0,42978723.0,,,1620593219,16:46:59,20210509
86,1999-06-30,HR,USD,1999-06-30,1999-06-30,Q2,37200000.0,0.0,0.0,0.0,0.0,2000000.0,0.0,0.0,0.0,0.0,9400000.0,10000000.0,0.0,0.0,0.0,0.0,0.0,0.0,0.0,0.0,20600000.0,0.553763440860215,0.48,0.48,42916667.0,42916667.0,,,1620593219,16:46:59,20210509
87,1999-03-31,HR,USD,1999-03-31,1999-03-31,Q1,37700000.0,0.0,0.0,0.0,0.0,1800000.0,0.0,0.0,0.0,0.0,9200000.0,10900000.0,0.0,0.0,0.0,0.0,0.0,0.0,0.0,0.0,20700000.0,0.5490716180371353,0.49,0.48,42244898.0,43125000.0,,,1620593219,16:46:59,20210509
88,1998-12-31,HR,USD,1998-12-31,1998-12-31,Q4,32000000.0,0.0,0.0,0.0,0.0,1400000.0,0.0,0.0,0.0,0.0,7700000.0,7200000.0,0.0,0.0,0.0,0.0,0.0,0.0,0.0,0.0,19500000.0,0.609375,0.461594202452566,0.461594202452566,42244898.0,42244898.0,,,1620593219,16:46:59,20210509
89,1998-09-30,HR,USD,1998-11-16,1998-11-16,Q3,16400000.0,0.0,0.0,0.0,0.0,7200000.0,0.0,0.0,0.0,0.0,2000000.0,3400000.0,0.0,0.0,0.0,0.0,0.0,0.0,0.0,0.0,3100000.0,0.18902439024390244,0.15,0.15,20666667.0,20666667.0,https://www.sec.gov/Archives/edgar/data/899749/0000899749-98-000012-index.html,https://www.sec.gov/Archives/edgar/data/899749/,1620593219,16:46:59,20210509
90,1998-06-30,HR,USD,1998-06-30,1998-06-30,Q2,16000000.0,0.0,0.0,0.0,0.0,1200000.0,0.0,0.0,0.0,0.0,1700000.0,3200000.0,0.0,0.0,0.0,0.0,0.0,0.0,0.0,0.0,9400000.0,0.5875,0.46,0.45,20434783.0,20888889.0,,,1620593219,16:46:59,20210509
91,1998-03-31,HR,USD,1998-03-31,1998-03-31,Q1,15500000.0,0.0,0.0,0.0,0.0,1300000.0,0.0,0.0,0.0,0.0,1800000.0,3300000.0,0.0,0.0,0.0,0.0,0.0,0.0,0.0,0.0,8600000.0,0.5548387096774193,0.44,0.43,19545455.0,20000000.0,,,1620593219,16:46:59,20210509
92,1997-12-31,HR,USD,1997-12-31,1997-12-31,Q4,14900000.0,0.0,0.0,0.0,0.0,1400000.0,0.0,0.0,0.0,0.0,1900000.0,3300000.0,0.0,0.0,0.0,0.0,0.0,0.0,0.0,0.0,8400000.0,0.5637583892617449,0.4297674318658737,0.4297674318658737,19545455.0,19545455.0,,,1620593219,16:46:59,20210509
93,1997-09-30,HR,USD,1997-11-18,1997-11-18,Q3,13900000.0,0.0,0.0,0.0,0.0,900000.0,0.0,0.0,0.0,0.0,1900000.0,3000000.0,0.0,0.0,0.0,0.0,0.0,0.0,0.0,0.0,8300000.0,0.5971223021582733,0.44,0.43,18863636.0,19302326.0,https://www.sec.gov/Archives/edgar/data/899749/0000899749-97-000010-index.html,https://www.sec.gov/Archives/edgar/data/899749/,1620593219,16:46:59,20210509
94,1997-06-30,HR,USD,1997-06-30,1997-06-30,Q2,12400000.0,0.0,0.0,0.0,0.0,800000.0,0.0,0.0,0.0,0.0,1800000.0,2900000.0,0.0,0.0,0.0,0.0,0.0,0.0,0.0,0.0,8200000.0,0.6612903225806451,0.43,0.42,19069767.0,19523810.0,,,1620593219,16:46:59,20210509
95,1997-03-31,HR,USD,1997-03-31,1997-03-31,Q1,10500000.0,0.0,0.0,0.0,0.0,700000.0,0.0,0.0,0.0,0.0,2400000.0,2900000.0,0.0,0.0,0.0,0.0,0.0,0.0,0.0,0.0,6300000.0,0.6,0.39,0.38,16153846.0,16578947.0,,,1620593219,16:46:59,20210509
96,1996-12-31,HR,USD,1996-12-31,1996-12-31,Q4,8600000.0,0.0,0.0,0.0,0.0,600000.0,0.0,0.0,0.0,0.0,2400000.0,2500000.0,0.0,0.0,0.0,0.0,0.0,0.0,0.0,0.0,5100000.0,0.5930232558139535,0.3157142887210885,0.3157142887210885,16153846.0,16153846.0,,,1620593219,16:46:59,20210509
97,1996-09-30,HR,USD,1996-09-30,1996-09-30,Q3,7600000.0,0.0,0.0,0.0,0.0,500000.0,0.0,0.0,0.0,0.0,1900000.0,2200000.0,0.0,0.0,0.0,0.0,0.0,0.0,0.0,0.0,4900000.0,0.6447368421052632,0.38,0.37,12894737.0,13243243.0,,,1620593219,16:46:59,20210509
98,1996-06-30,HR,USD,1996-06-30,1996-06-30,Q2,7600000.0,0.0,0.0,0.0,0.0,500000.0,0.0,0.0,0.0,0.0,1500000.0,2100000.0,0.0,0.0,0.0,0.0,0.0,0.0,0.0,0.0,5000000.0,0.6578947368421053,0.38,0.38,13157895.0,13157895.0,,,1620593219,16:46:59,20210509
99,1996-03-31,HR,USD,1996-03-31,1996-03-31,Q1,7400000.0,0.0,0.0,0.0,0.0,500000.0,0.0,0.0,0.0,0.0,1600000.0,2200000.0,0.0,0.0,0.0,0.0,0.0,0.0,0.0,0.0,4800000.0,0.6486486486486487,0.37,0.36,12972973.0,13333333.0,,,1620593219,16:46:59,20210509
100,1995-12-31,HR,USD,1995-12-31,1995-12-31,Q4,7500000.0,0.0,0.0,0.0,0.0,0.0,0.0,0.0,0.0,0.0,1700000.0,2300000.0,0.0,0.0,0.0,0.0,0.0,0.0,0.0,0.0,4700000.0,0.6266666666666667,0.0,0.0,0.0,0.0,,,1620593219,16:46:59,20210509
101,1995-09-30,HR,USD,1995-09-30,1995-09-30,Q3,7100000.0,0.0,0.0,0.0,0.0,0.0,0.0,0.0,0.0,0.0,1300000.0,2000000.0,0.0,0.0,0.0,0.0,0.0,0.0,0.0,0.0,4500000.0,0.6338028169014085,0.35,0.35,12857143.0,12857143.0,,,1620593219,16:46:59,20210509
102,1995-06-30,HR,USD,1995-06-30,1995-06-30,Q2,6900000.0,0.0,0.0,0.0,0.0,0.0,0.0,0.0,0.0,0.0,1100000.0,1900000.0,0.0,0.0,0.0,0.0,0.0,0.0,0.0,0.0,4500000.0,0.6521739130434783,0.35,0.35,12857143.0,12857143.0,,,1620593219,16:46:59,20210509
103,1995-03-31,HR,USD,1995-03-31,1995-03-31,Q1,6900000.0,0.0,0.0,0.0,0.0,0.0,0.0,0.0,0.0,0.0,1000000.0,1900000.0,0.0,0.0,0.0,0.0,0.0,0.0,0.0,0.0,4500000.0,0.6521739130434783,0.35,0.35,12857143.0,12857143.0,,,1620593219,16:46:59,20210509
104,1994-12-31,HR,USD,1994-12-31,1994-12-31,Q4,7100000.0,0.0,0.0,0.0,0.0,600000.0,0.0,0.0,0.0,0.0,600000.0,1600000.0,0.0,0.0,0.0,0.0,0.0,0.0,0.0,0.0,4700000.0,0.6619718309859155,0.3692857063724492,0.3692857063724492,12727273.0,12727273.0,,,1620593219,16:46:59,20210509
105,1994-09-30,HR,USD,1994-09-30,1994-09-30,Q3,6300000.0,0.0,0.0,0.0,0.0,500000.0,0.0,0.0,0.0,0.0,300000.0,1700000.0,0.0,0.0,0.0,0.0,0.0,0.0,0.0,0.0,4200000.0,0.6666666666666666,0.33,0.33,12727273.0,12727273.0,,,1620593219,16:46:59,20210509
106,1994-06-30,HR,USD,1994-06-30,1994-06-30,Q2,5800000.0,0.0,0.0,0.0,0.0,300000.0,0.0,0.0,0.0,0.0,0.0,1100000.0,0.0,0.0,0.0,0.0,0.0,0.0,0.0,0.0,4300000.0,0.7413793103448276,0.34,0.34,12647059.0,12647059.0,,,1620593219,16:46:59,20210509
107,1994-03-31,HR,USD,1994-03-31,1994-03-31,Q1,3900000.0,0.0,0.0,0.0,0.0,400000.0,0.0,0.0,0.0,0.0,300000.0,1000000.0,0.0,0.0,0.0,0.0,0.0,0.0,0.0,0.0,2600000.0,0.6666666666666666,0.28,0.28,9285714.0,9285714.0,,,1620593219,16:46:59,20210509
108,1993-12-31,HR,USD,1993-12-31,1993-12-31,Q4,3800000.0,0.0,0.0,0.0,0.0,400000.0,0.0,0.0,0.0,0.0,0.0,1000000.0,0.0,0.0,0.0,0.0,0.0,0.0,0.0,0.0,1900000.0,0.5,0.3562500222656264,0.3562500222656264,5333333.0,5333333.0,,,1620593219,16:46:59,20210509
109,1993-09-30,HR,USD,1993-09-30,1993-09-30,Q3,2500000.0,0.0,0.0,0.0,0.0,100000.0,0.0,0.0,0.0,0.0,0.0,1000000.0,0.0,0.0,0.0,0.0,0.0,0.0,0.0,0.0,1600000.0,0.64,0.3,0.3,5333333.0,5333333.0,,,1620593219,16:46:59,20210509
110,1993-06-30,HR,USD,1993-06-30,1993-06-30,Q2,400000.0,0.0,0.0,0.0,0.0,100000.0,0.0,0.0,0.0,0.0,0.0,0.0,0.0,0.0,0.0,0.0,0.0,0.0,0.0,0.0,100000.0,0.25,0.02,0.02,5000000.0,5000000.0,,,1620593219,16:46:59,20210509
