,date,symbol,reportedCurrency,fillingDate,acceptedDate,period,revenue,costOfRevenue,grossProfit,grossProfitRatio,researchAndDevelopmentExpenses,generalAndAdministrativeExpenses,sellingAndMarketingExpenses,otherExpenses,operatingExpenses,costAndExpenses,interestExpense,depreciationAndAmortization,ebitda,ebitdaratio,operatingIncome,operatingIncomeRatio,totalOtherIncomeExpensesNet,incomeBeforeTax,incomeBeforeTaxRatio,incomeTaxExpense,netIncome,netIncomeRatio,eps,epsdiluted,weightedAverageShsOut,weightedAverageShsOutDil,link,finalLink,timestamp,est_time,est_date
0,2020-09-30,BGUK.L,GBP,2020-09-30,2020-09-30,Q3,-9293250.0,0.0,0.0,0.0,0.0,115750.0,0.0,0.0,0.0,0.0,14250.0,0.0,0.0,0.0,0.0,0.0,0.0,-9409000.0,1.0124552766793102,0.0,-9409000.0,1.0124552766793102,-0.06250976445172739,-0.06250976445172739,150520484,150520484,https://find-and-update.company-information.service.gov.uk/search/companies?q=Baillie+Gifford+UK+Growth+Fund+PLC,https://find-and-update.company-information.service.gov.uk/search/companies?q=Baillie+Gifford+UK+Growth+Fund+PLC,1620589335,15:42:15,20210509
1,2020-06-30,BGUK.L,GBP,2020-06-30,2020-06-30,Q2,-9293250.0,0.0,0.0,0.0,0.0,115750.0,0.0,0.0,0.0,0.0,14250.0,0.0,0.0,0.0,0.0,0.0,0.0,-9409000.0,1.0124552766793102,0.0,-9409000.0,1.0124552766793102,-0.06250976445172739,-0.06250976445172739,150520484,150520484,https://find-and-update.company-information.service.gov.uk/search/companies?q=Baillie+Gifford+UK+Growth+Fund+PLC,https://find-and-update.company-information.service.gov.uk/search/companies?q=Baillie+Gifford+UK+Growth+Fund+PLC,1620589335,15:42:15,20210509
2,2020-03-31,BGUK.L,GBP,2020-03-31,2020-03-31,Q1,-9293250.0,0.0,0.0,0.0,0.0,115750.0,0.0,0.0,0.0,0.0,14250.0,0.0,0.0,0.0,0.0,0.0,0.0,-9409000.0,1.0124552766793102,0.0,-9409000.0,1.0124552766793102,-0.06250976445172739,-0.06250976445172739,150520484,150520484,https://find-and-update.company-information.service.gov.uk/search/companies?q=Baillie+Gifford+UK+Growth+Fund+PLC,https://find-and-update.company-information.service.gov.uk/search/companies?q=Baillie+Gifford+UK+Growth+Fund+PLC,1620589335,15:42:15,20210509
3,2020-01-31,BGUK.L,GBP,2020-01-31,2020-01-31,Q1,-9293250.0,0.0,0.0,0.0,0.0,115750.0,0.0,0.0,0.0,0.0,14250.0,0.0,0.0,0.0,0.0,0.0,0.0,-9409000.0,1.0124552766793102,0.0,-9409000.0,1.0124552766793102,-0.06250976445172739,-0.06250976445172739,150520484,150520484,https://find-and-update.company-information.service.gov.uk/search/companies?q=Baillie+Gifford+UK+Growth+Fund+PLC,https://find-and-update.company-information.service.gov.uk/search/companies?q=Baillie+Gifford+UK+Growth+Fund+PLC,1620589335,15:42:15,20210509
4,2019-06-30,BGUK.L,GBP,2019-06-30,2019-06-30,Q2,236500.0,0.0,0.0,0.0,0.0,172250.0,0.0,0.0,0.0,0.0,16750.0,0.0,0.0,0.0,0.0,0.0,0.0,64250.0,0.27167019027484146,0.0,64250.0,0.27167019027484146,0.000425,0.000425,150520484,150520484,https://find-and-update.company-information.service.gov.uk/search/companies?q=Baillie+Gifford+UK+Growth+Fund+PLC,https://find-and-update.company-information.service.gov.uk/search/companies?q=Baillie+Gifford+UK+Growth+Fund+PLC,1620589335,15:42:15,20210509
5,2019-03-31,BGUK.L,GBP,2019-03-31,2019-03-31,Q1,236500.0,0.0,0.0,0.0,0.0,172250.0,0.0,0.0,0.0,0.0,16750.0,0.0,0.0,0.0,0.0,0.0,0.0,64250.0,0.27167019027484146,0.0,64250.0,0.27167019027484146,0.000425,0.000425,150520484,150520484,https://find-and-update.company-information.service.gov.uk/search/companies?q=Baillie+Gifford+UK+Growth+Fund+PLC,https://find-and-update.company-information.service.gov.uk/search/companies?q=Baillie+Gifford+UK+Growth+Fund+PLC,1620589335,15:42:15,20210509
6,2019-01-31,BGUK.L,GBP,2019-01-31,2019-01-31,Q1,236500.0,0.0,0.0,0.0,0.0,172250.0,0.0,0.0,0.0,0.0,16750.0,0.0,0.0,0.0,0.0,0.0,0.0,64250.0,0.27167019027484146,0.0,64250.0,0.27167019027484146,0.000425,0.000425,150520484,150520484,https://find-and-update.company-information.service.gov.uk/search/companies?q=Baillie+Gifford+UK+Growth+Fund+PLC,https://find-and-update.company-information.service.gov.uk/search/companies?q=Baillie+Gifford+UK+Growth+Fund+PLC,1620589335,15:42:15,20210509
7,2018-06-30,BGUK.L,GBP,2018-06-30,2018-06-30,Q2,6466750.0,0.0,0.0,0.0,0.0,99750.0,0.0,0.0,0.0,0.0,6500.0,0.0,0.0,0.0,0.0,0.0,0.0,6367000.0,0.9845749410445742,3500.0,6363500.0,0.9840337109057873,0.04145,0.04145,153594108,153594108,https://find-and-update.company-information.service.gov.uk/search/companies?q=Baillie+Gifford+UK+Growth+Fund+PLC,https://find-and-update.company-information.service.gov.uk/search/companies?q=Baillie+Gifford+UK+Growth+Fund+PLC,1620589335,15:42:15,20210509
8,2018-03-31,BGUK.L,GBP,2018-03-31,2018-03-31,Q1,6466750.0,0.0,0.0,0.0,0.0,99750.0,0.0,0.0,0.0,0.0,6500.0,0.0,0.0,0.0,0.0,0.0,0.0,6367000.0,0.9845749410445742,3500.0,6363500.0,0.9840337109057873,0.04145,0.04145,153594108,153594108,https://find-and-update.company-information.service.gov.uk/search/companies?q=Baillie+Gifford+UK+Growth+Fund+PLC,https://find-and-update.company-information.service.gov.uk/search/companies?q=Baillie+Gifford+UK+Growth+Fund+PLC,1620589335,15:42:15,20210509
9,2018-01-31,BGUK.L,GBP,2018-01-31,2018-01-31,Q1,6466750.0,0.0,0.0,0.0,0.0,99750.0,0.0,0.0,0.0,0.0,6500.0,0.0,0.0,0.0,0.0,0.0,0.0,6367000.0,0.9845749410445742,3500.0,6363500.0,0.9840337109057873,0.04145,0.04145,153594108,153594108,https://find-and-update.company-information.service.gov.uk/search/companies?q=Baillie+Gifford+UK+Growth+Fund+PLC,https://find-and-update.company-information.service.gov.uk/search/companies?q=Baillie+Gifford+UK+Growth+Fund+PLC,1620589335,15:42:15,20210509
10,2017-06-30,BGUK.L,GBP,2017-06-30,2017-06-30,Q2,11564500.0,0.0,0.0,0.0,0.0,93750.0,0.0,0.0,0.0,0.0,0.0,0.0,0.0,0.0,0.0,0.0,0.0,11470750.0,0.9918932941329067,750.0,11470000.0,0.99182844048597,0.0723,0.0723,158643285,158643285,https://find-and-update.company-information.service.gov.uk/search/companies?q=Baillie+Gifford+UK+Growth+Fund+PLC,https://find-and-update.company-information.service.gov.uk/search/companies?q=Baillie+Gifford+UK+Growth+Fund+PLC,1620589335,15:42:15,20210509
11,2017-03-31,BGUK.L,GBP,2017-03-31,2017-03-31,Q1,11564500.0,0.0,0.0,0.0,0.0,93750.0,0.0,0.0,0.0,0.0,0.0,0.0,0.0,0.0,0.0,0.0,0.0,11470750.0,0.9918932941329067,750.0,11470000.0,0.99182844048597,0.0723,0.0723,158643285,158643285,https://find-and-update.company-information.service.gov.uk/search/companies?q=Baillie+Gifford+UK+Growth+Fund+PLC,https://find-and-update.company-information.service.gov.uk/search/companies?q=Baillie+Gifford+UK+Growth+Fund+PLC,1620589335,15:42:15,20210509
12,2017-01-31,BGUK.L,GBP,2017-01-31,2017-01-31,Q1,11564500.0,0.0,0.0,0.0,0.0,93750.0,0.0,0.0,0.0,0.0,0.0,0.0,0.0,0.0,0.0,0.0,0.0,11470750.0,0.9918932941329067,750.0,11470000.0,0.99182844048597,0.0723,0.0723,158643285,158643285,https://find-and-update.company-information.service.gov.uk/search/companies?q=Baillie+Gifford+UK+Growth+Fund+PLC,https://find-and-update.company-information.service.gov.uk/search/companies?q=Baillie+Gifford+UK+Growth+Fund+PLC,1620589335,15:42:15,20210509
13,2016-06-30,BGUK.L,GBP,2016-06-30,2016-06-30,Q2,-3213250.0,0.0,0.0,0.0,0.0,107500.0,0.0,0.0,0.0,0.0,0.0,0.0,0.0,0.0,0.0,0.0,0.0,-3320750.0,1.0334552244612152,-1000.0,-3319750.0,1.0331440130708784,-0.020675,-0.020675,160591922,160591922,https://find-and-update.company-information.service.gov.uk/search/companies?q=Baillie+Gifford+UK+Growth+Fund+PLC,https://find-and-update.company-information.service.gov.uk/search/companies?q=Baillie+Gifford+UK+Growth+Fund+PLC,1620589335,15:42:15,20210509
14,2016-03-31,BGUK.L,GBP,2016-03-31,2016-03-31,Q1,-3213250.0,0.0,0.0,0.0,0.0,107500.0,0.0,0.0,0.0,0.0,0.0,0.0,0.0,0.0,0.0,0.0,0.0,-3320750.0,1.0334552244612152,-1000.0,-3319750.0,1.0331440130708784,-0.020675,-0.020675,160591922,160591922,https://find-and-update.company-information.service.gov.uk/search/companies?q=Baillie+Gifford+UK+Growth+Fund+PLC,https://find-and-update.company-information.service.gov.uk/search/companies?q=Baillie+Gifford+UK+Growth+Fund+PLC,1620589335,15:42:15,20210509
15,2016-01-31,BGUK.L,GBP,2016-01-31,2016-01-31,Q1,-3213250.0,0.0,0.0,0.0,0.0,107500.0,0.0,0.0,0.0,0.0,0.0,0.0,0.0,0.0,0.0,0.0,0.0,-3320750.0,1.0334552244612152,-1000.0,-3319750.0,1.0331440130708784,-0.020675,-0.020675,160591922,160591922,https://find-and-update.company-information.service.gov.uk/search/companies?q=Baillie+Gifford+UK+Growth+Fund+PLC,https://find-and-update.company-information.service.gov.uk/search/companies?q=Baillie+Gifford+UK+Growth+Fund+PLC,1620589335,15:42:15,20210509
16,2015-09-30,BGUK.L,GBP,2015-09-30,2015-09-30,Q3,1441500.0,0.0,0.0,0.0,0.0,143000.0,0.0,0.0,0.0,0.0,38500.0,0.0,0.0,0.0,0.0,0.0,0.0,1298500.0,0.9007977800901839,5250.0,1293250.0,0.8971557405480403,0.00805,0.00805,160917184,160917184,https://find-and-update.company-information.service.gov.uk/search/companies?q=Baillie+Gifford+UK+Growth+Fund+PLC,https://find-and-update.company-information.service.gov.uk/search/companies?q=Baillie+Gifford+UK+Growth+Fund+PLC,1620589335,15:42:15,20210509
17,2015-06-30,BGUK.L,GBP,2015-06-30,2015-06-30,Q2,1441500.0,0.0,0.0,0.0,0.0,143000.0,0.0,0.0,0.0,0.0,38500.0,0.0,0.0,0.0,0.0,0.0,0.0,1298500.0,0.9007977800901839,5250.0,1293250.0,0.8971557405480403,0.00805,0.00805,160917184,160917184,https://find-and-update.company-information.service.gov.uk/search/companies?q=Baillie+Gifford+UK+Growth+Fund+PLC,https://find-and-update.company-information.service.gov.uk/search/companies?q=Baillie+Gifford+UK+Growth+Fund+PLC,1620589335,15:42:15,20210509
18,2015-03-31,BGUK.L,GBP,2015-03-31,2015-03-31,Q1,1441500.0,0.0,0.0,0.0,0.0,143000.0,0.0,0.0,0.0,0.0,38500.0,0.0,0.0,0.0,0.0,0.0,0.0,1298500.0,0.9007977800901839,5250.0,1293250.0,0.8971557405480403,0.00805,0.00805,160917184,160917184,https://find-and-update.company-information.service.gov.uk/search/companies?q=Baillie+Gifford+UK+Growth+Fund+PLC,https://find-and-update.company-information.service.gov.uk/search/companies?q=Baillie+Gifford+UK+Growth+Fund+PLC,1620589335,15:42:15,20210509
19,2015-01-31,BGUK.L,GBP,2015-01-31,2015-01-31,Q1,1441500.0,0.0,0.0,0.0,0.0,143000.0,0.0,0.0,0.0,0.0,38500.0,0.0,0.0,0.0,0.0,0.0,0.0,1298500.0,0.9007977800901839,5250.0,1293250.0,0.8971557405480403,0.00805,0.00805,160917184,160917184,https://find-and-update.company-information.service.gov.uk/search/companies?q=Baillie+Gifford+UK+Growth+Fund+PLC,https://find-and-update.company-information.service.gov.uk/search/companies?q=Baillie+Gifford+UK+Growth+Fund+PLC,1620589335,15:42:15,20210509
20,2014-09-30,BGUK.L,GBP,2014-09-30,2014-09-30,Q3,8653000.0,0.0,0.0,0.0,0.0,132000.0,0.0,0.0,0.0,0.0,97500.0,0.0,0.0,0.0,0.0,0.0,0.0,8521000.0,0.984745175083786,-250.0,8521250.0,0.9847740667976425,0.05295,0.05295,160917184,160917184,https://find-and-update.company-information.service.gov.uk/search/companies?q=Baillie+Gifford+UK+Growth+Fund+PLC,https://find-and-update.company-information.service.gov.uk/search/companies?q=Baillie+Gifford+UK+Growth+Fund+PLC,1620589335,15:42:15,20210509
21,2014-06-30,BGUK.L,GBP,2014-06-30,2014-06-30,Q2,8653000.0,0.0,0.0,0.0,0.0,132000.0,0.0,0.0,0.0,0.0,97500.0,0.0,0.0,0.0,0.0,0.0,0.0,8521000.0,0.984745175083786,-250.0,8521250.0,0.9847740667976425,0.05295,0.05295,160917184,160917184,https://find-and-update.company-information.service.gov.uk/search/companies?q=Baillie+Gifford+UK+Growth+Fund+PLC,https://find-and-update.company-information.service.gov.uk/search/companies?q=Baillie+Gifford+UK+Growth+Fund+PLC,1620589335,15:42:15,20210509
22,2014-03-31,BGUK.L,GBP,2014-03-31,2014-03-31,Q1,8653000.0,0.0,0.0,0.0,0.0,132000.0,0.0,0.0,0.0,0.0,97500.0,0.0,0.0,0.0,0.0,0.0,0.0,8521000.0,0.984745175083786,-250.0,8521250.0,0.9847740667976425,0.05295,0.05295,160917184,160917184,https://find-and-update.company-information.service.gov.uk/search/companies?q=Baillie+Gifford+UK+Growth+Fund+PLC,https://find-and-update.company-information.service.gov.uk/search/companies?q=Baillie+Gifford+UK+Growth+Fund+PLC,1620589335,15:42:15,20210509
23,2014-01-31,BGUK.L,GBP,2014-01-31,2014-01-31,Q1,8653000.0,0.0,0.0,0.0,0.0,132000.0,0.0,0.0,0.0,0.0,97500.0,0.0,0.0,0.0,0.0,0.0,0.0,8521000.0,0.984745175083786,-250.0,8521250.0,0.9847740667976425,0.05295,0.05295,160917184,160917184,https://find-and-update.company-information.service.gov.uk/search/companies?q=Baillie+Gifford+UK+Growth+Fund+PLC,https://find-and-update.company-information.service.gov.uk/search/companies?q=Baillie+Gifford+UK+Growth+Fund+PLC,1620589335,15:42:15,20210509
24,2013-09-30,BGUK.L,GBP,2013-09-30,2013-09-30,Q3,14751750.0,0.0,0.0,0.0,0.0,115000.0,0.0,0.0,0.0,0.0,104250.0,0.0,0.0,0.0,0.0,0.0,0.0,14636750.0,0.9922043147423187,1250.0,14635500.0,0.9921195790329961,0.090925,0.090925,160930746,160930746,https://find-and-update.company-information.service.gov.uk/search/companies?q=Baillie+Gifford+UK+Growth+Fund+PLC,https://find-and-update.company-information.service.gov.uk/search/companies?q=Baillie+Gifford+UK+Growth+Fund+PLC,1620589335,15:42:15,20210509
25,2013-06-30,BGUK.L,GBP,2013-06-30,2013-06-30,Q2,14751750.0,0.0,0.0,0.0,0.0,115000.0,0.0,0.0,0.0,0.0,104250.0,0.0,0.0,0.0,0.0,0.0,0.0,14636750.0,0.9922043147423187,1250.0,14635500.0,0.9921195790329961,0.090925,0.090925,160930746,160930746,https://find-and-update.company-information.service.gov.uk/search/companies?q=Baillie+Gifford+UK+Growth+Fund+PLC,https://find-and-update.company-information.service.gov.uk/search/companies?q=Baillie+Gifford+UK+Growth+Fund+PLC,1620589335,15:42:15,20210509
26,2013-03-31,BGUK.L,GBP,2013-03-31,2013-03-31,Q1,14751750.0,0.0,0.0,0.0,0.0,115000.0,0.0,0.0,0.0,0.0,104250.0,0.0,0.0,0.0,0.0,0.0,0.0,14636750.0,0.9922043147423187,1250.0,14635500.0,0.9921195790329961,0.090925,0.090925,160930746,160930746,https://find-and-update.company-information.service.gov.uk/search/companies?q=Baillie+Gifford+UK+Growth+Fund+PLC,https://find-and-update.company-information.service.gov.uk/search/companies?q=Baillie+Gifford+UK+Growth+Fund+PLC,1620589335,15:42:15,20210509
27,2013-01-31,BGUK.L,GBP,2013-01-31,2013-01-31,Q1,14751750.0,0.0,0.0,0.0,0.0,115000.0,0.0,0.0,0.0,0.0,104250.0,0.0,0.0,0.0,0.0,0.0,0.0,14636750.0,0.9922043147423187,1250.0,14635500.0,0.9921195790329961,0.090925,0.090925,160930746,160930746,https://find-and-update.company-information.service.gov.uk/search/companies?q=Baillie+Gifford+UK+Growth+Fund+PLC,https://find-and-update.company-information.service.gov.uk/search/companies?q=Baillie+Gifford+UK+Growth+Fund+PLC,1620589335,15:42:15,20210509
28,2012-09-30,BGUK.L,GBP,2012-09-30,2012-09-30,Q3,-2180750.0,0.0,0.0,0.0,0.0,115250.0,0.0,0.0,0.0,0.0,133000.0,0.0,0.0,0.0,0.0,0.0,0.0,-2296000.0,1.0528487905537085,9500.0,-2305500.0,1.0572050899919752,-0.01435,-0.01435,160680522,160680522,https://find-and-update.company-information.service.gov.uk/search/companies?q=Baillie+Gifford+UK+Growth+Fund+PLC,https://find-and-update.company-information.service.gov.uk/search/companies?q=Baillie+Gifford+UK+Growth+Fund+PLC,1620589335,15:42:15,20210509
29,2012-06-30,BGUK.L,GBP,2012-06-30,2012-06-30,Q2,-2180750.0,0.0,0.0,0.0,0.0,115250.0,0.0,0.0,0.0,0.0,133000.0,0.0,0.0,0.0,0.0,0.0,0.0,-2296000.0,1.0528487905537085,9500.0,-2305500.0,1.0572050899919752,-0.01435,-0.01435,160680522,160680522,https://find-and-update.company-information.service.gov.uk/search/companies?q=Baillie+Gifford+UK+Growth+Fund+PLC,https://find-and-update.company-information.service.gov.uk/search/companies?q=Baillie+Gifford+UK+Growth+Fund+PLC,1620589335,15:42:15,20210509
30,2012-03-31,BGUK.L,GBP,2012-03-31,2012-03-31,Q1,-2180750.0,0.0,0.0,0.0,0.0,115250.0,0.0,0.0,0.0,0.0,133000.0,0.0,0.0,0.0,0.0,0.0,0.0,-2296000.0,1.0528487905537085,9500.0,-2305500.0,1.0572050899919752,-0.01435,-0.01435,160680522,160680522,https://find-and-update.company-information.service.gov.uk/search/companies?q=Baillie+Gifford+UK+Growth+Fund+PLC,https://find-and-update.company-information.service.gov.uk/search/companies?q=Baillie+Gifford+UK+Growth+Fund+PLC,1620589335,15:42:15,20210509
31,2012-01-31,BGUK.L,GBP,2012-01-31,2012-01-31,Q1,-2180750.0,0.0,0.0,0.0,0.0,115250.0,0.0,0.0,0.0,0.0,133000.0,0.0,0.0,0.0,0.0,0.0,0.0,-2296000.0,1.0528487905537085,9500.0,-2305500.0,1.0572050899919752,-0.01435,-0.01435,160680522,160680522,https://find-and-update.company-information.service.gov.uk/search/companies?q=Baillie+Gifford+UK+Growth+Fund+PLC,https://find-and-update.company-information.service.gov.uk/search/companies?q=Baillie+Gifford+UK+Growth+Fund+PLC,1620589335,15:42:15,20210509
32,2011-09-30,BGUK.L,GBP,2011-09-30,2011-09-30,Q3,9264000.0,0.0,0.0,0.0,0.0,133000.0,0.0,0.0,0.0,0.0,127500.0,0.0,0.0,0.0,0.0,0.0,0.0,9131000.0,0.9856433506044905,6000.0,9125000.0,0.9849956822107081,0.059025,0.058625,154605824,155657884,https://find-and-update.company-information.service.gov.uk/search/companies?q=Baillie+Gifford+UK+Growth+Fund+PLC,https://find-and-update.company-information.service.gov.uk/search/companies?q=Baillie+Gifford+UK+Growth+Fund+PLC,1620589335,15:42:15,20210509
33,2011-06-30,BGUK.L,GBP,2011-06-30,2011-06-30,Q2,9264000.0,0.0,0.0,0.0,0.0,133000.0,0.0,0.0,0.0,0.0,127500.0,0.0,0.0,0.0,0.0,0.0,0.0,9131000.0,0.9856433506044905,6000.0,9125000.0,0.9849956822107081,0.059025,0.058625,154605824,155657884,https://find-and-update.company-information.service.gov.uk/search/companies?q=Baillie+Gifford+UK+Growth+Fund+PLC,https://find-and-update.company-information.service.gov.uk/search/companies?q=Baillie+Gifford+UK+Growth+Fund+PLC,1620589335,15:42:15,20210509
34,2011-03-31,BGUK.L,GBP,2011-03-31,2011-03-31,Q1,9264000.0,0.0,0.0,0.0,0.0,133000.0,0.0,0.0,0.0,0.0,127500.0,0.0,0.0,0.0,0.0,0.0,0.0,9131000.0,0.9856433506044905,6000.0,9125000.0,0.9849956822107081,0.059025,0.058625,154605824,155657884,https://find-and-update.company-information.service.gov.uk/search/companies?q=Baillie+Gifford+UK+Growth+Fund+PLC,https://find-and-update.company-information.service.gov.uk/search/companies?q=Baillie+Gifford+UK+Growth+Fund+PLC,1620589335,15:42:15,20210509
35,2011-01-31,BGUK.L,GBP,2011-01-31,2011-01-31,Q1,9264000.0,0.0,0.0,0.0,0.0,133000.0,0.0,0.0,0.0,0.0,127500.0,0.0,0.0,0.0,0.0,0.0,0.0,9131000.0,0.9856433506044905,6000.0,9125000.0,0.9849956822107081,0.059025,0.058625,154605824,155657884,https://find-and-update.company-information.service.gov.uk/search/companies?q=Baillie+Gifford+UK+Growth+Fund+PLC,https://find-and-update.company-information.service.gov.uk/search/companies?q=Baillie+Gifford+UK+Growth+Fund+PLC,1620589335,15:42:15,20210509
36,2010-09-30,BGUK.L,GBP,2010-09-30,2010-09-30,Q3,16360750.0,0.0,0.0,0.0,0.0,166500.0,0.0,0.0,0.0,0.0,190750.0,0.0,0.0,0.0,0.0,0.0,0.0,16328250.0,0.998013538499152,24000.0,16304250.0,0.9965466130831411,0.10415,0.10415,156562761,156562761,https://find-and-update.company-information.service.gov.uk/search/companies?q=Baillie+Gifford+UK+Growth+Fund+PLC,https://find-and-update.company-information.service.gov.uk/search/companies?q=Baillie+Gifford+UK+Growth+Fund+PLC,1620589335,15:42:15,20210509
37,2010-06-30,BGUK.L,GBP,2010-06-30,2010-06-30,Q2,16360750.0,0.0,0.0,0.0,0.0,166500.0,0.0,0.0,0.0,0.0,190750.0,0.0,0.0,0.0,0.0,0.0,0.0,16328250.0,0.998013538499152,24000.0,16304250.0,0.9965466130831411,0.10415,0.10415,156562761,156562761,https://find-and-update.company-information.service.gov.uk/search/companies?q=Baillie+Gifford+UK+Growth+Fund+PLC,https://find-and-update.company-information.service.gov.uk/search/companies?q=Baillie+Gifford+UK+Growth+Fund+PLC,1620589335,15:42:15,20210509
38,2010-03-31,BGUK.L,GBP,2010-03-31,2010-03-31,Q1,16360750.0,0.0,0.0,0.0,0.0,166500.0,0.0,0.0,0.0,0.0,190750.0,0.0,0.0,0.0,0.0,0.0,0.0,16328250.0,0.998013538499152,24000.0,16304250.0,0.9965466130831411,0.10415,0.10415,156562761,156562761,https://find-and-update.company-information.service.gov.uk/search/companies?q=Baillie+Gifford+UK+Growth+Fund+PLC,https://find-and-update.company-information.service.gov.uk/search/companies?q=Baillie+Gifford+UK+Growth+Fund+PLC,1620589335,15:42:15,20210509
39,2010-01-31,BGUK.L,GBP,2010-01-31,2010-01-31,Q1,16360750.0,0.0,0.0,0.0,0.0,166500.0,0.0,0.0,0.0,0.0,190750.0,0.0,0.0,0.0,0.0,0.0,0.0,16328250.0,0.998013538499152,24000.0,16304250.0,0.9965466130831411,0.10415,0.10415,156562761,156562761,https://find-and-update.company-information.service.gov.uk/search/companies?q=Baillie+Gifford+UK+Growth+Fund+PLC,https://find-and-update.company-information.service.gov.uk/search/companies?q=Baillie+Gifford+UK+Growth+Fund+PLC,1620589335,15:42:15,20210509
40,2009-09-30,BGUK.L,GBP,2009-09-30,2009-09-30,Q3,-19361750.0,0.0,0.0,0.0,0.0,81250.0,0.0,0.0,0.0,0.0,525500.0,0.0,0.0,0.0,0.0,0.0,0.0,-19443000.0,1.0041964181956693,1250.0,-19444250.0,1.0042609784756027,-0.12395,-0.12395,156876900,156876900,https://find-and-update.company-information.service.gov.uk/search/companies?q=Baillie+Gifford+UK+Growth+Fund+PLC,https://find-and-update.company-information.service.gov.uk/search/companies?q=Baillie+Gifford+UK+Growth+Fund+PLC,1620589335,15:42:15,20210509
41,2009-06-30,BGUK.L,GBP,2009-06-30,2009-06-30,Q2,-19361750.0,0.0,0.0,0.0,0.0,81250.0,0.0,0.0,0.0,0.0,525500.0,0.0,0.0,0.0,0.0,0.0,0.0,-19443000.0,1.0041964181956693,1250.0,-19444250.0,1.0042609784756027,-0.12395,-0.12395,156876900,156876900,https://find-and-update.company-information.service.gov.uk/search/companies?q=Baillie+Gifford+UK+Growth+Fund+PLC,https://find-and-update.company-information.service.gov.uk/search/companies?q=Baillie+Gifford+UK+Growth+Fund+PLC,1620589335,15:42:15,20210509
42,2009-03-31,BGUK.L,GBP,2009-03-31,2009-03-31,Q1,-19361750.0,0.0,0.0,0.0,0.0,81250.0,0.0,0.0,0.0,0.0,525500.0,0.0,0.0,0.0,0.0,0.0,0.0,-19443000.0,1.0041964181956693,1250.0,-19444250.0,1.0042609784756027,-0.12395,-0.12395,156876900,156876900,https://find-and-update.company-information.service.gov.uk/search/companies?q=Baillie+Gifford+UK+Growth+Fund+PLC,https://find-and-update.company-information.service.gov.uk/search/companies?q=Baillie+Gifford+UK+Growth+Fund+PLC,1620589335,15:42:15,20210509
43,2009-01-31,BGUK.L,GBP,2009-01-31,2009-01-31,Q1,-19361750.0,0.0,0.0,0.0,0.0,81250.0,0.0,0.0,0.0,0.0,525500.0,0.0,0.0,0.0,0.0,0.0,0.0,-19443000.0,1.0041964181956693,1250.0,-19444250.0,1.0042609784756027,-0.12395,-0.12395,156876900,156876900,https://find-and-update.company-information.service.gov.uk/search/companies?q=Baillie+Gifford+UK+Growth+Fund+PLC,https://find-and-update.company-information.service.gov.uk/search/companies?q=Baillie+Gifford+UK+Growth+Fund+PLC,1620589335,15:42:15,20210509
44,2008-09-30,BGUK.L,GBP,2008-09-30,2008-09-30,Q3,-3296250.0,0.0,0.0,0.0,0.0,-107500.0,0.0,0.0,0.0,0.0,653500.0,0.0,0.0,0.0,0.0,0.0,0.0,-3188750.0,0.9673871824042473,1750.0,-3190500.0,0.9679180887372013,-0.02035,-0.02035,156789605,156789605,https://find-and-update.company-information.service.gov.uk/search/companies?q=Baillie+Gifford+UK+Growth+Fund+PLC,https://find-and-update.company-information.service.gov.uk/search/companies?q=Baillie+Gifford+UK+Growth+Fund+PLC,1620589335,15:42:15,20210509
45,2008-06-30,BGUK.L,GBP,2008-06-30,2008-06-30,Q2,-3296250.0,0.0,0.0,0.0,0.0,-107500.0,0.0,0.0,0.0,0.0,653500.0,0.0,0.0,0.0,0.0,0.0,0.0,-3188750.0,0.9673871824042473,1750.0,-3190500.0,0.9679180887372013,-0.02035,-0.02035,156789605,156789605,https://find-and-update.company-information.service.gov.uk/search/companies?q=Baillie+Gifford+UK+Growth+Fund+PLC,https://find-and-update.company-information.service.gov.uk/search/companies?q=Baillie+Gifford+UK+Growth+Fund+PLC,1620589335,15:42:15,20210509
46,2008-03-31,BGUK.L,GBP,2008-03-31,2008-03-31,Q1,-3296250.0,0.0,0.0,0.0,0.0,-107500.0,0.0,0.0,0.0,0.0,653500.0,0.0,0.0,0.0,0.0,0.0,0.0,-3188750.0,0.9673871824042473,1750.0,-3190500.0,0.9679180887372013,-0.02035,-0.02035,156789605,156789605,https://find-and-update.company-information.service.gov.uk/search/companies?q=Baillie+Gifford+UK+Growth+Fund+PLC,https://find-and-update.company-information.service.gov.uk/search/companies?q=Baillie+Gifford+UK+Growth+Fund+PLC,1620589335,15:42:15,20210509
47,2008-01-31,BGUK.L,GBP,2008-01-31,2008-01-31,Q1,-3296250.0,0.0,0.0,0.0,0.0,-107500.0,0.0,0.0,0.0,0.0,653500.0,0.0,0.0,0.0,0.0,0.0,0.0,-3188750.0,0.9673871824042473,1750.0,-3190500.0,0.9679180887372013,-0.02035,-0.02035,156789605,156789605,https://find-and-update.company-information.service.gov.uk/search/companies?q=Baillie+Gifford+UK+Growth+Fund+PLC,https://find-and-update.company-information.service.gov.uk/search/companies?q=Baillie+Gifford+UK+Growth+Fund+PLC,1620589335,15:42:15,20210509
48,2007-09-30,BGUK.L,GBP,2007-09-30,2007-09-30,Q3,8246250.0,0.0,0.0,0.0,0.0,296750.0,0.0,0.0,0.0,0.0,398500.0,0.0,0.0,0.0,0.0,0.0,0.0,7463000.0,0.9050174321661362,0.0,7463000.0,0.9050174321661362,0.046075,0.046075,161955514,161955514,https://find-and-update.company-information.service.gov.uk/search/companies?q=Baillie+Gifford+UK+Growth+Fund+PLC,https://find-and-update.company-information.service.gov.uk/search/companies?q=Baillie+Gifford+UK+Growth+Fund+PLC,1620589335,15:42:15,20210509
49,2007-06-30,BGUK.L,GBP,2007-06-30,2007-06-30,Q2,8246250.0,0.0,0.0,0.0,0.0,296750.0,0.0,0.0,0.0,0.0,398500.0,0.0,0.0,0.0,0.0,0.0,0.0,7463000.0,0.9050174321661362,0.0,7463000.0,0.9050174321661362,0.046075,0.046075,161955514,161955514,https://find-and-update.company-information.service.gov.uk/search/companies?q=Baillie+Gifford+UK+Growth+Fund+PLC,https://find-and-update.company-information.service.gov.uk/search/companies?q=Baillie+Gifford+UK+Growth+Fund+PLC,1620589335,15:42:15,20210509
50,2007-03-31,BGUK.L,GBP,2007-03-31,2007-03-31,Q1,8246250.0,0.0,0.0,0.0,0.0,296750.0,0.0,0.0,0.0,0.0,398500.0,0.0,0.0,0.0,0.0,0.0,0.0,7463000.0,0.9050174321661362,0.0,7463000.0,0.9050174321661362,0.046075,0.046075,161955514,161955514,https://find-and-update.company-information.service.gov.uk/search/companies?q=Baillie+Gifford+UK+Growth+Fund+PLC,https://find-and-update.company-information.service.gov.uk/search/companies?q=Baillie+Gifford+UK+Growth+Fund+PLC,1620589335,15:42:15,20210509
51,2007-01-31,BGUK.L,GBP,2007-01-31,2007-01-31,Q1,8246250.0,0.0,0.0,0.0,0.0,296750.0,0.0,0.0,0.0,0.0,398500.0,0.0,0.0,0.0,0.0,0.0,0.0,7463000.0,0.9050174321661362,0.0,7463000.0,0.9050174321661362,0.046075,0.046075,161955514,161955514,https://find-and-update.company-information.service.gov.uk/search/companies?q=Baillie+Gifford+UK+Growth+Fund+PLC,https://find-and-update.company-information.service.gov.uk/search/companies?q=Baillie+Gifford+UK+Growth+Fund+PLC,1620589335,15:42:15,20210509
52,2006-09-30,BGUK.L,GBP,2006-09-30,2006-09-30,Q3,14574500.0,0.0,0.0,0.0,0.0,265750.0,0.0,0.0,0.0,0.0,320000.0,0.0,0.0,0.0,0.0,0.0,0.0,13913000.0,0.9546125081477924,0.0,13913000.0,0.9546125081477924,0.0845,0.0845,164640421,164640421,https://find-and-update.company-information.service.gov.uk/search/companies?q=Baillie+Gifford+UK+Growth+Fund+PLC,https://find-and-update.company-information.service.gov.uk/search/companies?q=Baillie+Gifford+UK+Growth+Fund+PLC,1620589335,15:42:15,20210509
53,2006-06-30,BGUK.L,GBP,2006-06-30,2006-06-30,Q2,14574500.0,0.0,0.0,0.0,0.0,265750.0,0.0,0.0,0.0,0.0,320000.0,0.0,0.0,0.0,0.0,0.0,0.0,13913000.0,0.9546125081477924,0.0,13913000.0,0.9546125081477924,0.0845,0.0845,164640421,164640421,https://find-and-update.company-information.service.gov.uk/search/companies?q=Baillie+Gifford+UK+Growth+Fund+PLC,https://find-and-update.company-information.service.gov.uk/search/companies?q=Baillie+Gifford+UK+Growth+Fund+PLC,1620589335,15:42:15,20210509
54,2006-03-31,BGUK.L,GBP,2006-03-31,2006-03-31,Q1,14574500.0,0.0,0.0,0.0,0.0,265750.0,0.0,0.0,0.0,0.0,320000.0,0.0,0.0,0.0,0.0,0.0,0.0,13913000.0,0.9546125081477924,0.0,13913000.0,0.9546125081477924,0.0845,0.0845,164640421,164640421,https://find-and-update.company-information.service.gov.uk/search/companies?q=Baillie+Gifford+UK+Growth+Fund+PLC,https://find-and-update.company-information.service.gov.uk/search/companies?q=Baillie+Gifford+UK+Growth+Fund+PLC,1620589335,15:42:15,20210509
55,2006-01-31,BGUK.L,GBP,2006-01-31,2006-01-31,Q1,14574500.0,0.0,0.0,0.0,0.0,265750.0,0.0,0.0,0.0,0.0,320000.0,0.0,0.0,0.0,0.0,0.0,0.0,13913000.0,0.9546125081477924,0.0,13913000.0,0.9546125081477924,0.0845,0.0845,164640421,164640421,https://find-and-update.company-information.service.gov.uk/search/companies?q=Baillie+Gifford+UK+Growth+Fund+PLC,https://find-and-update.company-information.service.gov.uk/search/companies?q=Baillie+Gifford+UK+Growth+Fund+PLC,1620589335,15:42:15,20210509
56,2005-09-30,BGUK.L,GBP,2005-09-30,2005-09-30,Q3,3636000.0,0.0,0.0,0.0,0.0,238750.0,0.0,0.0,0.0,0.0,297250.0,0.0,0.0,0.0,0.0,0.0,0.0,3036750.0,0.8351897689768977,0.0,3036750.0,0.8351897689768977,0.0183,0.0183,166000147,166000147,https://find-and-update.company-information.service.gov.uk/search/companies?q=Baillie+Gifford+UK+Growth+Fund+PLC,https://find-and-update.company-information.service.gov.uk/search/companies?q=Baillie+Gifford+UK+Growth+Fund+PLC,1620589335,15:42:15,20210509
57,2005-06-30,BGUK.L,GBP,2005-06-30,2005-06-30,Q2,3636000.0,0.0,0.0,0.0,0.0,238750.0,0.0,0.0,0.0,0.0,297250.0,0.0,0.0,0.0,0.0,0.0,0.0,3036750.0,0.8351897689768977,0.0,3036750.0,0.8351897689768977,0.0183,0.0183,166000147,166000147,https://find-and-update.company-information.service.gov.uk/search/companies?q=Baillie+Gifford+UK+Growth+Fund+PLC,https://find-and-update.company-information.service.gov.uk/search/companies?q=Baillie+Gifford+UK+Growth+Fund+PLC,1620589335,15:42:15,20210509
58,2005-03-31,BGUK.L,GBP,2005-03-31,2005-03-31,Q1,3636000.0,0.0,0.0,0.0,0.0,238750.0,0.0,0.0,0.0,0.0,297250.0,0.0,0.0,0.0,0.0,0.0,0.0,3036750.0,0.8351897689768977,0.0,3036750.0,0.8351897689768977,0.0183,0.0183,166000147,166000147,https://find-and-update.company-information.service.gov.uk/search/companies?q=Baillie+Gifford+UK+Growth+Fund+PLC,https://find-and-update.company-information.service.gov.uk/search/companies?q=Baillie+Gifford+UK+Growth+Fund+PLC,1620589335,15:42:15,20210509
59,2005-01-31,BGUK.L,GBP,2005-01-31,2005-01-31,Q1,3636000.0,0.0,0.0,0.0,0.0,238750.0,0.0,0.0,0.0,0.0,297250.0,0.0,0.0,0.0,0.0,0.0,0.0,3036750.0,0.8351897689768977,0.0,3036750.0,0.8351897689768977,0.0183,0.0183,166000147,166000147,https://find-and-update.company-information.service.gov.uk/search/companies?q=Baillie+Gifford+UK+Growth+Fund+PLC,https://find-and-update.company-information.service.gov.uk/search/companies?q=Baillie+Gifford+UK+Growth+Fund+PLC,1620589335,15:42:15,20210509
60,2004-09-30,BGUK.L,GBP,2004-09-30,2004-09-30,Q3,9632750.0,0.0,0.0,0.0,0.0,319750.0,0.0,0.0,0.0,0.0,202500.0,0.0,0.0,0.0,0.0,0.0,0.0,9110500.0,0.945783914250863,0.0,9110500.0,0.945783914250863,0.05415,0.05415,168046000,168046000,https://find-and-update.company-information.service.gov.uk/search/companies?q=Baillie+Gifford+UK+Growth+Fund+PLC,https://find-and-update.company-information.service.gov.uk/search/companies?q=Baillie+Gifford+UK+Growth+Fund+PLC,1620589335,15:42:15,20210509
61,2004-06-30,BGUK.L,GBP,2004-06-30,2004-06-30,Q2,9632750.0,0.0,0.0,0.0,0.0,319750.0,0.0,0.0,0.0,0.0,202500.0,0.0,0.0,0.0,0.0,0.0,0.0,9110500.0,0.945783914250863,0.0,9110500.0,0.945783914250863,0.05415,0.05415,168046000,168046000,https://find-and-update.company-information.service.gov.uk/search/companies?q=Baillie+Gifford+UK+Growth+Fund+PLC,https://find-and-update.company-information.service.gov.uk/search/companies?q=Baillie+Gifford+UK+Growth+Fund+PLC,1620589335,15:42:15,20210509
62,2004-03-31,BGUK.L,GBP,2004-03-31,2004-03-31,Q1,9632750.0,0.0,0.0,0.0,0.0,319750.0,0.0,0.0,0.0,0.0,202500.0,0.0,0.0,0.0,0.0,0.0,0.0,9110500.0,0.945783914250863,0.0,9110500.0,0.945783914250863,0.05415,0.05415,168046000,168046000,https://find-and-update.company-information.service.gov.uk/search/companies?q=Baillie+Gifford+UK+Growth+Fund+PLC,https://find-and-update.company-information.service.gov.uk/search/companies?q=Baillie+Gifford+UK+Growth+Fund+PLC,1620589335,15:42:15,20210509
63,2004-01-31,BGUK.L,GBP,2004-01-31,2004-01-31,Q1,9632750.0,0.0,0.0,0.0,0.0,319750.0,0.0,0.0,0.0,0.0,202500.0,0.0,0.0,0.0,0.0,0.0,0.0,9110500.0,0.945783914250863,0.0,9110500.0,0.945783914250863,0.05415,0.05415,168046000,168046000,https://find-and-update.company-information.service.gov.uk/search/companies?q=Baillie+Gifford+UK+Growth+Fund+PLC,https://find-and-update.company-information.service.gov.uk/search/companies?q=Baillie+Gifford+UK+Growth+Fund+PLC,1620589335,15:42:15,20210509
64,2003-09-30,BGUK.L,GBP,2003-09-30,2003-09-30,Q3,0.0,0.0,0.0,0.0,0.0,0.0,0.0,0.0,0.0,0.0,0.0,0.0,0.0,0.0,0.0,0.0,0.0,0.0,0.0,0.0,0.0,0.0,0.0,0.0,168196000,168196000,https://find-and-update.company-information.service.gov.uk/search/companies?q=Baillie+Gifford+UK+Growth+Fund+PLC,https://find-and-update.company-information.service.gov.uk/search/companies?q=Baillie+Gifford+UK+Growth+Fund+PLC,1620589335,15:42:15,20210509
65,2003-06-30,BGUK.L,GBP,2003-06-30,2003-06-30,Q2,0.0,0.0,0.0,0.0,0.0,0.0,0.0,0.0,0.0,0.0,0.0,0.0,0.0,0.0,0.0,0.0,0.0,0.0,0.0,0.0,0.0,0.0,0.0,0.0,168196000,168196000,https://find-and-update.company-information.service.gov.uk/search/companies?q=Baillie+Gifford+UK+Growth+Fund+PLC,https://find-and-update.company-information.service.gov.uk/search/companies?q=Baillie+Gifford+UK+Growth+Fund+PLC,1620589335,15:42:15,20210509
66,2003-03-31,BGUK.L,GBP,2003-03-31,2003-03-31,Q1,0.0,0.0,0.0,0.0,0.0,0.0,0.0,0.0,0.0,0.0,0.0,0.0,0.0,0.0,0.0,0.0,0.0,0.0,0.0,0.0,0.0,0.0,0.0,0.0,168196000,168196000,https://find-and-update.company-information.service.gov.uk/search/companies?q=Baillie+Gifford+UK+Growth+Fund+PLC,https://find-and-update.company-information.service.gov.uk/search/companies?q=Baillie+Gifford+UK+Growth+Fund+PLC,1620589335,15:42:15,20210509
67,2003-01-31,BGUK.L,GBP,2003-01-31,2003-01-31,Q1,0.0,0.0,0.0,0.0,0.0,0.0,0.0,0.0,0.0,0.0,0.0,0.0,0.0,0.0,0.0,0.0,0.0,0.0,0.0,0.0,0.0,0.0,0.0,0.0,168196000,168196000,https://find-and-update.company-information.service.gov.uk/search/companies?q=Baillie+Gifford+UK+Growth+Fund+PLC,https://find-and-update.company-information.service.gov.uk/search/companies?q=Baillie+Gifford+UK+Growth+Fund+PLC,1620589335,15:42:15,20210509
