,date,symbol,reportedCurrency,fillingDate,acceptedDate,period,revenue,costOfRevenue,grossProfit,grossProfitRatio,researchAndDevelopmentExpenses,generalAndAdministrativeExpenses,sellingAndMarketingExpenses,otherExpenses,operatingExpenses,costAndExpenses,interestExpense,depreciationAndAmortization,ebitda,ebitdaratio,operatingIncome,operatingIncomeRatio,totalOtherIncomeExpensesNet,incomeBeforeTax,incomeBeforeTaxRatio,incomeTaxExpense,netIncome,netIncomeRatio,eps,epsdiluted,weightedAverageShsOut,weightedAverageShsOutDil,link,finalLink,timestamp,est_time,est_date
0,2020-12-31,RSI.TO,CAD,2020-12-31,2020-12-31,Q4,223840000.0,185227000.0,38613000.0,0.17250268048606146,0.0,9598000.0,5683000.0,0.0,15281000.0,200508000.0,4400000.0,6229000.0,29561000.0,0.13206308077197998,23332000.0,0.10423516797712652,0.0,18636000.0,0.08325589706933524,4863000.0,13773000.0,0.06153055754110079,0.13,0.13,103536923,121514526,https://www.sedar.com/ModifyCompanyDocumentSearchForm.do?lang=EN&company_search=Rogers Sugar Inc&document_selection=0&industry_group=A&FromDate=13&FromMonth=05&FromYear=2000&ToDate=13&ToMonth=11&ToYear=2020&Variable=Issuer,https://www.sedar.com/ModifyCompanyDocumentSearchForm.do?lang=EN&company_search=Rogers Sugar Inc&document_selection=0&industry_group=A&FromDate=13&FromMonth=05&FromYear=2000&ToDate=13&ToMonth=11&ToYear=2020&Variable=Issuer,1620597426,17:57:06,20210509
1,2020-09-30,RSI.TO,CAD,2020-09-30,2020-09-30,Q3,246212000.0,208322000.0,37890000.0,0.15389176806979352,0.0,10392000.0,4669000.0,0.0,15061000.0,223383000.0,4694000.0,6164000.0,28993000.0,0.11775624258768866,22829000.0,0.09272090718567738,0.0,17838000.0,0.0724497587444966,4886000.0,12952000.0,0.05260507205172778,0.12509498990315762,0.12509498990315762,103537320,103537320,https://www.sedar.com/ModifyCompanyDocumentSearchForm.do?lang=EN&company_search=Rogers Sugar Inc&document_selection=0&industry_group=A&FromDate=13&FromMonth=05&FromYear=2000&ToDate=13&ToMonth=11&ToYear=2020&Variable=Issuer,https://www.sedar.com/ModifyCompanyDocumentSearchForm.do?lang=EN&company_search=Rogers Sugar Inc&document_selection=0&industry_group=A&FromDate=13&FromMonth=05&FromYear=2000&ToDate=13&ToMonth=11&ToYear=2020&Variable=Issuer,1620597426,17:57:06,20210509
2,2020-06-30,RSI.TO,CAD,2020-06-30,2020-06-30,Q2,206147000.0,176274000.0,29873000.0,0.1449111556316609,0.0,11818000.0,5683000.0,0.0,17501000.0,193775000.0,3916000.0,5720000.0,18092000.0,0.0877626159973223,12372000.0,0.060015425885411866,66000.0,8225000.0,0.0398987130542768,2687000.0,5538000.0,0.02686432497198601,0.05,0.05,103537320,103537320,https://www.sedar.com/ModifyCompanyDocumentSearchForm.do?lang=EN&company_search=Rogers Sugar Inc&document_selection=0&industry_group=A&FromDate=13&FromMonth=05&FromYear=2000&ToDate=13&ToMonth=11&ToYear=2020&Variable=Issuer,https://www.sedar.com/ModifyCompanyDocumentSearchForm.do?lang=EN&company_search=Rogers Sugar Inc&document_selection=0&industry_group=A&FromDate=13&FromMonth=05&FromYear=2000&ToDate=13&ToMonth=11&ToYear=2020&Variable=Issuer,1620597426,17:57:06,20210509
3,2020-03-31,RSI.TO,CAD,2020-03-31,2020-03-31,Q1,199126000.0,179736000.0,19390000.0,0.0973755310707793,0.0,8460000.0,4872000.0,0.0,13332000.0,193068000.0,4272000.0,5872000.0,11930000.0,0.05991181462993281,6058000.0,0.030422948284001085,65000.0,1554000.0,0.007804103934192421,589000.0,965000.0,0.004846177796972771,0.01,0.01,104026150,104026150,https://www.sedar.com/ModifyCompanyDocumentSearchForm.do?lang=EN&company_search=Rogers Sugar Inc&document_selection=0&industry_group=A&FromDate=13&FromMonth=05&FromYear=2000&ToDate=13&ToMonth=11&ToYear=2020&Variable=Issuer,https://www.sedar.com/ModifyCompanyDocumentSearchForm.do?lang=EN&company_search=Rogers Sugar Inc&document_selection=0&industry_group=A&FromDate=13&FromMonth=05&FromYear=2000&ToDate=13&ToMonth=11&ToYear=2020&Variable=Issuer,1620597426,17:57:06,20210509
4,2019-12-31,RSI.TO,CAD,2019-12-31,2019-12-31,Q4,209316000.0,170270000.0,39046000.0,0.1865409237707581,0.0,8270000.0,4025000.0,0.0,12295000.0,182565000.0,4651000.0,5722000.0,32473000.0,0.15513864205316363,26751000.0,0.1278019836037379,66000.0,21870000.0,0.10448317376598062,5906000.0,15964000.0,0.07626746163695083,0.15,0.14,104822645,122800248,https://www.sedar.com/ModifyCompanyDocumentSearchForm.do?lang=EN&company_search=Rogers Sugar Inc&document_selection=0&industry_group=A&FromDate=13&FromMonth=05&FromYear=2000&ToDate=13&ToMonth=11&ToYear=2020&Variable=Issuer,https://www.sedar.com/ModifyCompanyDocumentSearchForm.do?lang=EN&company_search=Rogers Sugar Inc&document_selection=0&industry_group=A&FromDate=13&FromMonth=05&FromYear=2000&ToDate=13&ToMonth=11&ToYear=2020&Variable=Issuer,1620597426,17:57:06,20210509
5,2019-09-30,RSI.TO,CAD,2019-09-30,2019-09-30,Q3,207572000.0,178499000.0,29073000.0,0.1400622434625094,0.0,7352000.0,4521000.0,0.0,11873000.0,190372000.0,4617000.0,4931000.0,22131000.0,0.1066184263773534,17200000.0,0.08286281386699555,-49931000.0,-37643000.0,-0.18134912223228566,2378000.0,-40021000.0,-0.19280538800994354,-0.3865369511206201,-0.3865369511206201,103537320,103537320,https://www.sedar.com/ModifyCompanyDocumentSearchForm.do?lang=EN&company_search=Rogers Sugar Inc&document_selection=0&industry_group=A&FromDate=13&FromMonth=05&FromYear=2000&ToDate=13&ToMonth=11&ToYear=2020&Variable=Issuer,https://www.sedar.com/ModifyCompanyDocumentSearchForm.do?lang=EN&company_search=Rogers Sugar Inc&document_selection=0&industry_group=A&FromDate=13&FromMonth=05&FromYear=2000&ToDate=13&ToMonth=11&ToYear=2020&Variable=Issuer,1620597426,17:57:06,20210509
6,2019-06-30,RSI.TO,CAD,2019-06-30,2019-06-30,Q2,191448000.0,160707000.0,30741000.0,0.1605710166729347,0.0,8153000.0,4018000.0,0.0,12171000.0,172878000.0,4094000.0,4731000.0,23301000.0,0.12170928920646859,18570000.0,0.09699761815218753,117000.0,14299000.0,0.074688688312231,3867000.0,10432000.0,0.054489992060507295,0.09934474559907634,0.08480299241405855,105008070,123014527,https://www.sedar.com/ModifyCompanyDocumentSearchForm.do?lang=EN&company_search=Rogers Sugar Inc&document_selection=0&industry_group=A&FromDate=13&FromMonth=05&FromYear=2000&ToDate=13&ToMonth=11&ToYear=2020&Variable=Issuer,https://www.sedar.com/ModifyCompanyDocumentSearchForm.do?lang=EN&company_search=Rogers Sugar Inc&document_selection=0&industry_group=A&FromDate=13&FromMonth=05&FromYear=2000&ToDate=13&ToMonth=11&ToYear=2020&Variable=Issuer,1620597426,17:57:06,20210509
7,2019-03-31,RSI.TO,CAD,2019-03-31,2019-03-31,Q1,189250000.0,161038000.0,28212000.0,0.14907265521796564,0.0,8271000.0,4546000.0,0.0,12817000.0,173855000.0,4156000.0,4778000.0,20173000.0,0.10659445178335535,15395000.0,0.08134742404227213,94000.0,11038000.0,0.05832496697490092,3027000.0,8011000.0,0.04233025099075297,0.08,0.08,105008070,105008070,https://www.sedar.com/ModifyCompanyDocumentSearchForm.do?lang=EN&company_search=Rogers Sugar Inc&document_selection=0&industry_group=A&FromDate=13&FromMonth=05&FromYear=2000&ToDate=13&ToMonth=11&ToYear=2020&Variable=Issuer,https://www.sedar.com/ModifyCompanyDocumentSearchForm.do?lang=EN&company_search=Rogers Sugar Inc&document_selection=0&industry_group=A&FromDate=13&FromMonth=05&FromYear=2000&ToDate=13&ToMonth=11&ToYear=2020&Variable=Issuer,1620597426,17:57:06,20210509
8,2018-12-31,RSI.TO,CAD,2018-12-31,2018-12-31,Q4,206022000.0,171473000.0,34549000.0,0.16769568298531226,0.0,7795000.0,3772000.0,0.0,11567000.0,183040000.0,4446000.0,4781000.0,27763000.0,0.13475745308753434,22982000.0,0.11155119356185261,98000.0,18340000.0,0.0890196192639621,4929000.0,13411000.0,0.06509498985545233,0.13,0.12,105008070,111758333,https://www.sedar.com/ModifyCompanyDocumentSearchForm.do?lang=EN&company_search=Rogers Sugar Inc&document_selection=0&industry_group=A&FromDate=13&FromMonth=05&FromYear=2000&ToDate=13&ToMonth=11&ToYear=2020&Variable=Issuer,https://www.sedar.com/ModifyCompanyDocumentSearchForm.do?lang=EN&company_search=Rogers Sugar Inc&document_selection=0&industry_group=A&FromDate=13&FromMonth=05&FromYear=2000&ToDate=13&ToMonth=11&ToYear=2020&Variable=Issuer,1620597426,17:57:06,20210509
9,2018-09-30,RSI.TO,CAD,2018-09-30,2018-09-30,Q3,211807000.0,182552000.0,29255000.0,0.13812102527300799,0.0,6966000.0,4058000.0,0.0,11024000.0,193576000.0,10153000.0,4596000.0,22827000.0,0.10777264207509667,18231000.0,0.08607364251417564,0.0,13496000.0,0.06371838513363581,3863000.0,9633000.0,0.04548008328336646,0.09303891582281636,0.09303891582281636,103537320,103537320,https://www.sedar.com/ModifyCompanyDocumentSearchForm.do?lang=EN&company_search=Rogers Sugar Inc&document_selection=0&industry_group=A&FromDate=13&FromMonth=05&FromYear=2000&ToDate=13&ToMonth=11&ToYear=2020&Variable=Issuer,https://www.sedar.com/ModifyCompanyDocumentSearchForm.do?lang=EN&company_search=Rogers Sugar Inc&document_selection=0&industry_group=A&FromDate=13&FromMonth=05&FromYear=2000&ToDate=13&ToMonth=11&ToYear=2020&Variable=Issuer,1620597426,17:57:06,20210509
10,2018-06-30,RSI.TO,CAD,2018-06-30,2018-06-30,Q2,199056000.0,167626000.0,31430000.0,0.15789526565388634,0.0,8067000.0,4067000.0,0.0,12134000.0,179760000.0,1951000.0,4946000.0,24242000.0,0.12178482437103126,19296000.0,0.09693754521340728,0.0,15089000.0,0.07580278916485814,3795000.0,11294000.0,0.0567378024274576,0.11,0.1,105678005,116723203,https://www.sedar.com/ModifyCompanyDocumentSearchForm.do?lang=EN&company_search=Rogers Sugar Inc&document_selection=0&industry_group=A&FromDate=13&FromMonth=05&FromYear=2000&ToDate=13&ToMonth=11&ToYear=2020&Variable=Issuer,https://www.sedar.com/ModifyCompanyDocumentSearchForm.do?lang=EN&company_search=Rogers Sugar Inc&document_selection=0&industry_group=A&FromDate=13&FromMonth=05&FromYear=2000&ToDate=13&ToMonth=11&ToYear=2020&Variable=Issuer,1620597426,17:57:06,20210509
11,2018-03-31,RSI.TO,CAD,2018-03-31,2018-03-31,Q1,189455000.0,162400000.0,27055000.0,0.1428043598743765,0.0,8851000.0,3316000.0,0.0,12167000.0,174567000.0,1946000.0,4789000.0,19677000.0,0.10386107518935896,14888000.0,0.078583304742551,0.0,10702000.0,0.056488348156554326,3116000.0,7586000.0,0.04004117072655776,0.07173953709917105,0.06576611020671391,105743643,115348163,https://www.sedar.com/ModifyCompanyDocumentSearchForm.do?lang=EN&company_search=Rogers Sugar Inc&document_selection=0&industry_group=A&FromDate=13&FromMonth=05&FromYear=2000&ToDate=13&ToMonth=11&ToYear=2020&Variable=Issuer,https://www.sedar.com/ModifyCompanyDocumentSearchForm.do?lang=EN&company_search=Rogers Sugar Inc&document_selection=0&industry_group=A&FromDate=13&FromMonth=05&FromYear=2000&ToDate=13&ToMonth=11&ToYear=2020&Variable=Issuer,1620597426,17:57:06,20210509
12,2017-12-31,RSI.TO,CAD,2017-12-31,2017-12-31,Q4,204883000.0,161770000.0,43113000.0,0.21042741467081214,0.0,8187000.0,3241000.0,0.0,11428000.0,173198000.0,3890000.0,4143000.0,35828000.0,0.17487053586681178,31685000.0,0.15464923883387105,-249000.0,27681000.0,0.13510637778634635,7465000.0,20216000.0,0.09867094878540435,0.19,0.18,105743582,121209184,https://www.sedar.com/ModifyCompanyDocumentSearchForm.do?lang=EN&company_search=Rogers Sugar Inc&document_selection=0&industry_group=A&FromDate=13&FromMonth=05&FromYear=2000&ToDate=13&ToMonth=11&ToYear=2020&Variable=Issuer,https://www.sedar.com/ModifyCompanyDocumentSearchForm.do?lang=EN&company_search=Rogers Sugar Inc&document_selection=0&industry_group=A&FromDate=13&FromMonth=05&FromYear=2000&ToDate=13&ToMonth=11&ToYear=2020&Variable=Issuer,1620597426,17:57:06,20210509
13,2017-09-30,RSI.TO,CAD,2017-09-30,2017-09-30,Q3,192984000.0,170353000.0,22631000.0,0.1172687891224143,0.0,9348000.0,3145000.0,0.0,12493000.0,182846000.0,3235000.0,3789000.0,13927000.0,0.07216660448534594,10138000.0,0.05253285246445301,0.0,6778000.0,0.03512208265970236,2764000.0,4014000.0,0.020799651784603905,0.038768629514459134,0.038768629514459134,103537320,103537320,https://www.sedar.com/ModifyCompanyDocumentSearchForm.do?lang=EN&company_search=Rogers Sugar Inc&document_selection=0&industry_group=A&FromDate=13&FromMonth=05&FromYear=2000&ToDate=13&ToMonth=11&ToYear=2020&Variable=Issuer,https://www.sedar.com/ModifyCompanyDocumentSearchForm.do?lang=EN&company_search=Rogers Sugar Inc&document_selection=0&industry_group=A&FromDate=13&FromMonth=05&FromYear=2000&ToDate=13&ToMonth=11&ToYear=2020&Variable=Issuer,1620597426,17:57:06,20210509
14,2017-06-30,RSI.TO,CAD,2017-06-30,2017-06-30,Q2,166363000.0,156477000.0,9886000.0,0.05942427102180172,0.0,5653000.0,2720000.0,0.0,8373000.0,164850000.0,2064000.0,3270000.0,4783000.0,0.028750383198187096,1513000.0,0.009094570307099535,0.0,-626000.0,-0.0037628559234926034,-178000.0,-448000.0,-0.0026929064755985407,-0.004766,-0.004766,93997082,93997082,https://www.sedar.com/ModifyCompanyDocumentSearchForm.do?lang=EN&company_search=Rogers Sugar Inc&document_selection=0&industry_group=A&FromDate=13&FromMonth=05&FromYear=2000&ToDate=13&ToMonth=11&ToYear=2020&Variable=Issuer,https://www.sedar.com/ModifyCompanyDocumentSearchForm.do?lang=EN&company_search=Rogers Sugar Inc&document_selection=0&industry_group=A&FromDate=13&FromMonth=05&FromYear=2000&ToDate=13&ToMonth=11&ToYear=2020&Variable=Issuer,1620597426,17:57:06,20210509
15,2017-03-31,RSI.TO,CAD,2017-03-31,2017-03-31,Q1,163566000.0,146961000.0,16605000.0,0.10151865302079895,0.0,5312000.0,2509000.0,0.0,7821000.0,154782000.0,2295000.0,3272000.0,12056000.0,0.0737072496729149,8784000.0,0.053703092329701774,87000.0,6370000.0,0.038944523923064696,1582000.0,4788000.0,0.029272587212501377,0.05,0.05,93996659,93996659,https://www.sedar.com/ModifyCompanyDocumentSearchForm.do?lang=EN&company_search=Rogers Sugar Inc&document_selection=0&industry_group=A&FromDate=13&FromMonth=05&FromYear=2000&ToDate=13&ToMonth=11&ToYear=2020&Variable=Issuer,https://www.sedar.com/ModifyCompanyDocumentSearchForm.do?lang=EN&company_search=Rogers Sugar Inc&document_selection=0&industry_group=A&FromDate=13&FromMonth=05&FromYear=2000&ToDate=13&ToMonth=11&ToYear=2020&Variable=Issuer,1620597426,17:57:06,20210509
16,2016-12-31,RSI.TO,CAD,2016-12-31,2016-12-31,Q4,159604000.0,131428000.0,28176000.0,0.1765369288990251,0.0,5290000.0,2290000.0,0.0,7580000.0,139008000.0,2214000.0,3265000.0,23861000.0,0.1495012656324403,20596000.0,0.12904438485250996,-206000.0,18291000.0,0.11460239091752086,4739000.0,13552000.0,0.08491015262775368,0.14437273392228717,0.12312845565116909,93868140,110063916,https://www.sedar.com/ModifyCompanyDocumentSearchForm.do?lang=EN&company_search=Rogers Sugar Inc&document_selection=0&industry_group=A&FromDate=13&FromMonth=05&FromYear=2000&ToDate=13&ToMonth=11&ToYear=2020&Variable=Issuer,https://www.sedar.com/ModifyCompanyDocumentSearchForm.do?lang=EN&company_search=Rogers Sugar Inc&document_selection=0&industry_group=A&FromDate=13&FromMonth=05&FromYear=2000&ToDate=13&ToMonth=11&ToYear=2020&Variable=Issuer,1620597426,17:57:06,20210509
17,2016-09-30,RSI.TO,CAD,2016-09-30,2016-09-30,Q3,161733000.0,129315000.0,32418000.0,0.20044146834597762,0.0,5659000.0,2287000.0,0.0,7946000.0,137261000.0,2201000.0,3080000.0,27552000.0,0.17035484409489715,24472000.0,0.1513111115233131,0.0,22245000.0,0.13754150358924894,5792000.0,16453000.0,0.10172939350658183,0.15890888425545494,0.15890888425545494,103537320,103537320,https://www.sedar.com/ModifyCompanyDocumentSearchForm.do?lang=EN&company_search=Rogers Sugar Inc&document_selection=0&industry_group=A&FromDate=13&FromMonth=05&FromYear=2000&ToDate=13&ToMonth=11&ToYear=2020&Variable=Issuer,https://www.sedar.com/ModifyCompanyDocumentSearchForm.do?lang=EN&company_search=Rogers Sugar Inc&document_selection=0&industry_group=A&FromDate=13&FromMonth=05&FromYear=2000&ToDate=13&ToMonth=11&ToYear=2020&Variable=Issuer,1620597426,17:57:06,20210509
18,2016-06-30,RSI.TO,CAD,2016-06-30,2016-06-30,Q2,138600000.0,101879000.0,36721000.0,0.2649422799422799,0.0,5423000.0,2662000.0,0.0,8085000.0,109964000.0,2221000.0,3042000.0,31678000.0,0.22855699855699857,28636000.0,0.2066089466089466,35000.0,26243000.0,0.18934343434343434,6860000.0,19383000.0,0.13984848484848486,0.21,0.19,93850160,109875801,https://www.sedar.com/ModifyCompanyDocumentSearchForm.do?lang=EN&company_search=Rogers Sugar Inc&document_selection=0&industry_group=A&FromDate=13&FromMonth=05&FromYear=2000&ToDate=13&ToMonth=11&ToYear=2020&Variable=Issuer,https://www.sedar.com/ModifyCompanyDocumentSearchForm.do?lang=EN&company_search=Rogers Sugar Inc&document_selection=0&industry_group=A&FromDate=13&FromMonth=05&FromYear=2000&ToDate=13&ToMonth=11&ToYear=2020&Variable=Issuer,1620597426,17:57:06,20210509
19,2016-03-31,RSI.TO,CAD,2016-03-31,2016-03-31,Q1,133988000.0,113468000.0,20520000.0,0.15314804310833807,0.0,4988000.0,2632000.0,0.0,7620000.0,121088000.0,2291000.0,2995000.0,15895000.0,0.11863002656954354,12900000.0,0.0962772785622593,-97000.0,10305000.0,0.07690987252589784,2633000.0,7672000.0,0.05725885900229871,0.08173204434768795,0.07554153691580605,93867712,101560020,https://www.sedar.com/ModifyCompanyDocumentSearchForm.do?lang=EN&company_search=Rogers Sugar Inc&document_selection=0&industry_group=A&FromDate=13&FromMonth=05&FromYear=2000&ToDate=13&ToMonth=11&ToYear=2020&Variable=Issuer,https://www.sedar.com/ModifyCompanyDocumentSearchForm.do?lang=EN&company_search=Rogers Sugar Inc&document_selection=0&industry_group=A&FromDate=13&FromMonth=05&FromYear=2000&ToDate=13&ToMonth=11&ToYear=2020&Variable=Issuer,1620597426,17:57:06,20210509
20,2015-12-31,RSI.TO,CAD,2015-12-31,2015-12-31,Q4,130090000.0,91526000.0,38564000.0,0.2964409255131063,0.0,3566000.0,2408000.0,0.0,5974000.0,97500000.0,2278000.0,3228000.0,35818000.0,0.2753324621415943,32590000.0,0.25051887155046504,87000.0,30193000.0,0.2320931662695057,8122000.0,22071000.0,0.16965946652317626,0.23,0.21,93974296,109999937,https://www.sedar.com/ModifyCompanyDocumentSearchForm.do?lang=EN&company_search=Rogers Sugar Inc&document_selection=0&industry_group=A&FromDate=13&FromMonth=05&FromYear=2000&ToDate=13&ToMonth=11&ToYear=2020&Variable=Issuer,https://www.sedar.com/ModifyCompanyDocumentSearchForm.do?lang=EN&company_search=Rogers Sugar Inc&document_selection=0&industry_group=A&FromDate=13&FromMonth=05&FromYear=2000&ToDate=13&ToMonth=11&ToYear=2020&Variable=Issuer,1620597426,17:57:06,20210509
21,2015-09-30,RSI.TO,CAD,2015-09-30,2015-09-30,Q3,155107000.0,131432000.0,23675000.0,0.15263656701502834,0.0,6982000.0,2940000.0,0.0,9922000.0,141354000.0,2507000.0,3320000.0,17073000.0,0.11007240163242149,13753000.0,0.08866782285776915,-582000.0,10455000.0,0.0674050816533103,2654000.0,7801000.0,0.05029431295815147,0.07534481286554452,0.07534481286554452,103537320,103537320,https://www.sedar.com/ModifyCompanyDocumentSearchForm.do?lang=EN&company_search=Rogers Sugar Inc&document_selection=0&industry_group=A&FromDate=13&FromMonth=05&FromYear=2000&ToDate=13&ToMonth=11&ToYear=2020&Variable=Issuer,https://www.sedar.com/ModifyCompanyDocumentSearchForm.do?lang=EN&company_search=Rogers Sugar Inc&document_selection=0&industry_group=A&FromDate=13&FromMonth=05&FromYear=2000&ToDate=13&ToMonth=11&ToYear=2020&Variable=Issuer,1620597426,17:57:06,20210509
22,2015-06-30,RSI.TO,CAD,2015-06-30,2015-06-30,Q2,130592000.0,119738000.0,10854000.0,0.08311382014212203,0.0,4873000.0,2233000.0,0.0,7106000.0,126844000.0,2521000.0,3536000.0,7284000.0,0.05577677039941191,3748000.0,0.028700073511394267,456000.0,1476000.0,0.011302376868414604,426000.0,1050000.0,0.008040308747855917,0.01,0.01,94058860,94058860,https://www.sedar.com/ModifyCompanyDocumentSearchForm.do?lang=EN&company_search=Rogers Sugar Inc&document_selection=0&industry_group=A&FromDate=13&FromMonth=05&FromYear=2000&ToDate=13&ToMonth=11&ToYear=2020&Variable=Issuer,https://www.sedar.com/ModifyCompanyDocumentSearchForm.do?lang=EN&company_search=Rogers Sugar Inc&document_selection=0&industry_group=A&FromDate=13&FromMonth=05&FromYear=2000&ToDate=13&ToMonth=11&ToYear=2020&Variable=Issuer,1620597426,17:57:06,20210509
23,2015-03-31,RSI.TO,CAD,2015-03-31,2015-03-31,Q1,127120000.0,108718000.0,18402000.0,0.1447608558842039,0.0,5087000.0,2106000.0,0.0,7193000.0,115911000.0,2357000.0,2990000.0,14199000.0,0.11169760855884205,11209000.0,0.08817652611705475,-836000.0,7808000.0,0.06142227816236627,2041000.0,5767000.0,0.0453665827564506,0.06,0.06,94034794,94034794,https://www.sedar.com/ModifyCompanyDocumentSearchForm.do?lang=EN&company_search=Rogers Sugar Inc&document_selection=0&industry_group=A&FromDate=13&FromMonth=05&FromYear=2000&ToDate=13&ToMonth=11&ToYear=2020&Variable=Issuer,https://www.sedar.com/ModifyCompanyDocumentSearchForm.do?lang=EN&company_search=Rogers Sugar Inc&document_selection=0&industry_group=A&FromDate=13&FromMonth=05&FromYear=2000&ToDate=13&ToMonth=11&ToYear=2020&Variable=Issuer,1620597426,17:57:06,20210509
24,2014-12-31,RSI.TO,CAD,2014-12-31,2014-12-31,Q4,128726000.0,105362000.0,23364000.0,0.18150179450926773,0.0,5488000.0,2116000.0,0.0,7604000.0,112966000.0,2546000.0,3072000.0,18832000.0,0.14629523173251713,15760000.0,0.12243058900299862,-206000.0,12800000.0,0.09943601137299381,3385000.0,9415000.0,0.07313984742787005,0.1001288327860191,0.08554852290866323,94028860,110054501,https://www.sedar.com/ModifyCompanyDocumentSearchForm.do?lang=EN&company_search=Rogers Sugar Inc&document_selection=0&industry_group=A&FromDate=13&FromMonth=05&FromYear=2000&ToDate=13&ToMonth=11&ToYear=2020&Variable=Issuer,https://www.sedar.com/ModifyCompanyDocumentSearchForm.do?lang=EN&company_search=Rogers Sugar Inc&document_selection=0&industry_group=A&FromDate=13&FromMonth=05&FromYear=2000&ToDate=13&ToMonth=11&ToYear=2020&Variable=Issuer,1620597426,17:57:06,20210509
25,2014-09-30,RSI.TO,CAD,2014-09-30,2014-09-30,Q3,139688000.0,124611000.0,15077000.0,0.10793339442185441,0.0,9238000.0,2133000.0,0.0,11371000.0,135982000.0,2392000.0,3083000.0,6789000.0,0.04860116831796575,3706000.0,0.026530553805623962,108000.0,1214000.0,0.008690796632495276,340000.0,874000.0,0.006256800870511426,0.00844140064664606,0.00844140064664606,103537320,103537320,https://www.sedar.com/ModifyCompanyDocumentSearchForm.do?lang=EN&company_search=Rogers Sugar Inc&document_selection=0&industry_group=A&FromDate=13&FromMonth=05&FromYear=2000&ToDate=13&ToMonth=11&ToYear=2020&Variable=Issuer,https://www.sedar.com/ModifyCompanyDocumentSearchForm.do?lang=EN&company_search=Rogers Sugar Inc&document_selection=0&industry_group=A&FromDate=13&FromMonth=05&FromYear=2000&ToDate=13&ToMonth=11&ToYear=2020&Variable=Issuer,1620597426,17:57:06,20210509
26,2014-06-30,RSI.TO,CAD,2014-06-30,2014-06-30,Q2,128432000.0,120079000.0,8353000.0,0.06503830820979195,0.0,4852000.0,2024000.0,0.0,6876000.0,126955000.0,2331000.0,3030000.0,4507000.0,0.03509250031144886,1477000.0,0.011500249159088078,-137000.0,-1198000.0,-0.009327893359910303,-312000.0,-886000.0,-0.0068985922511523605,-0.01,-0.01,94028860,94028860,https://www.sedar.com/ModifyCompanyDocumentSearchForm.do?lang=EN&company_search=Rogers Sugar Inc&document_selection=0&industry_group=A&FromDate=13&FromMonth=05&FromYear=2000&ToDate=13&ToMonth=11&ToYear=2020&Variable=Issuer,https://www.sedar.com/ModifyCompanyDocumentSearchForm.do?lang=EN&company_search=Rogers Sugar Inc&document_selection=0&industry_group=A&FromDate=13&FromMonth=05&FromYear=2000&ToDate=13&ToMonth=11&ToYear=2020&Variable=Issuer,1620597426,17:57:06,20210509
27,2014-03-31,RSI.TO,CAD,2014-03-31,2014-03-31,Q1,127299000.0,94093000.0,33206000.0,0.260850438730862,0.0,5482000.0,2498000.0,0.0,7980000.0,102073000.0,2296000.0,3062000.0,28288000.0,0.22221698520805347,25226000.0,0.19816337913102225,-338000.0,22383000.0,0.1758301322084227,5658000.0,16725000.0,0.13138359295831076,0.18,0.16,94067467,110093108,https://www.sedar.com/ModifyCompanyDocumentSearchForm.do?lang=EN&company_search=Rogers Sugar Inc&document_selection=0&industry_group=A&FromDate=13&FromMonth=05&FromYear=2000&ToDate=13&ToMonth=11&ToYear=2020&Variable=Issuer,https://www.sedar.com/ModifyCompanyDocumentSearchForm.do?lang=EN&company_search=Rogers Sugar Inc&document_selection=0&industry_group=A&FromDate=13&FromMonth=05&FromYear=2000&ToDate=13&ToMonth=11&ToYear=2020&Variable=Issuer,1620597426,17:57:06,20210509
28,2013-12-31,RSI.TO,CAD,2013-12-31,2013-12-31,Q4,136876000.0,110573000.0,26303000.0,0.1921666325725474,0.0,4732000.0,2146000.0,0.0,6878000.0,117451000.0,2271000.0,3050000.0,22475000.0,0.16419971360939828,19425000.0,0.14191677138431866,-66000.0,16879000.0,0.12331599403839973,4363000.0,12516000.0,0.09144042783249072,0.1329872858799506,0.11363729117570208,94114260,110139901,https://www.sedar.com/ModifyCompanyDocumentSearchForm.do?lang=EN&company_search=Rogers Sugar Inc&document_selection=0&industry_group=A&FromDate=13&FromMonth=05&FromYear=2000&ToDate=13&ToMonth=11&ToYear=2020&Variable=Issuer,https://www.sedar.com/ModifyCompanyDocumentSearchForm.do?lang=EN&company_search=Rogers Sugar Inc&document_selection=0&industry_group=A&FromDate=13&FromMonth=05&FromYear=2000&ToDate=13&ToMonth=11&ToYear=2020&Variable=Issuer,1620597426,17:57:06,20210509
29,2013-09-30,RSI.TO,CAD,2013-09-30,2013-09-30,Q3,145840000.0,128295000.0,17545000.0,0.12030307185957213,0.0,3379000.0,2166000.0,0.0,5545000.0,133840000.0,2338000.0,3152000.0,15152000.0,0.10389467910038398,12000000.0,0.08228195282501372,-80000.0,9373000.0,0.0642690619857378,2670000.0,6703000.0,0.04596132748217224,0.06473994111495256,0.06473994111495256,103537320,103537320,https://www.sedar.com/ModifyCompanyDocumentSearchForm.do?lang=EN&company_search=Rogers Sugar Inc&document_selection=0&industry_group=A&FromDate=13&FromMonth=05&FromYear=2000&ToDate=13&ToMonth=11&ToYear=2020&Variable=Issuer,https://www.sedar.com/ModifyCompanyDocumentSearchForm.do?lang=EN&company_search=Rogers Sugar Inc&document_selection=0&industry_group=A&FromDate=13&FromMonth=05&FromYear=2000&ToDate=13&ToMonth=11&ToYear=2020&Variable=Issuer,1620597426,17:57:06,20210509
30,2013-06-30,RSI.TO,CAD,2013-06-30,2013-06-30,Q2,138403000.0,123785000.0,14618000.0,0.10561909785192518,0.0,4797000.0,2002000.0,0.0,6799000.0,130584000.0,2669000.0,3138000.0,10957000.0,0.07916735908903709,7819000.0,0.05649444014941873,438000.0,5362000.0,0.03874193478465062,1367000.0,3995000.0,0.028864981250406423,0.04,0.04,94111106,94111106,https://www.sedar.com/ModifyCompanyDocumentSearchForm.do?lang=EN&company_search=Rogers Sugar Inc&document_selection=0&industry_group=A&FromDate=13&FromMonth=05&FromYear=2000&ToDate=13&ToMonth=11&ToYear=2020&Variable=Issuer,https://www.sedar.com/ModifyCompanyDocumentSearchForm.do?lang=EN&company_search=Rogers Sugar Inc&document_selection=0&industry_group=A&FromDate=13&FromMonth=05&FromYear=2000&ToDate=13&ToMonth=11&ToYear=2020&Variable=Issuer,1620597426,17:57:06,20210509
31,2013-03-31,RSI.TO,CAD,2013-03-31,2013-03-31,Q1,131819000.0,108968000.0,22851000.0,0.1733513378192825,0.0,5217000.0,1613000.0,0.0,6830000.0,115798000.0,2565000.0,3174000.0,19195000.0,0.1456163375537669,16021000.0,0.12153786631669183,951000.0,14180000.0,0.10757174610640348,3746000.0,10434000.0,0.07915399145798406,0.1108882670946156,0.09475087335577745,94094716,110120357,https://www.sedar.com/ModifyCompanyDocumentSearchForm.do?lang=EN&company_search=Rogers Sugar Inc&document_selection=0&industry_group=A&FromDate=13&FromMonth=05&FromYear=2000&ToDate=13&ToMonth=11&ToYear=2020&Variable=Issuer,https://www.sedar.com/ModifyCompanyDocumentSearchForm.do?lang=EN&company_search=Rogers Sugar Inc&document_selection=0&industry_group=A&FromDate=13&FromMonth=05&FromYear=2000&ToDate=13&ToMonth=11&ToYear=2020&Variable=Issuer,1620597426,17:57:06,20210509
32,2012-12-31,RSI.TO,CAD,2012-12-31,2012-12-31,Q4,142376000.0,111737000.0,30639000.0,0.21519778614373208,0.0,4435000.0,2329000.0,0.0,6941000.0,118678000.0,2454000.0,119000.0,23817000.0,0.16728240714727202,23698000.0,0.1664465921222678,478000.0,21496000.0,0.15098050233185367,5363000.0,16133000.0,0.11331263696128561,0.17,0.16,94090760,110116401,https://www.sedar.com/ModifyCompanyDocumentSearchForm.do?lang=EN&company_search=Rogers Sugar Inc&document_selection=0&industry_group=A&FromDate=13&FromMonth=05&FromYear=2000&ToDate=13&ToMonth=11&ToYear=2020&Variable=Issuer,https://www.sedar.com/ModifyCompanyDocumentSearchForm.do?lang=EN&company_search=Rogers Sugar Inc&document_selection=0&industry_group=A&FromDate=13&FromMonth=05&FromYear=2000&ToDate=13&ToMonth=11&ToYear=2020&Variable=Issuer,1620597426,17:57:06,20210509
33,2012-09-30,RSI.TO,CAD,2012-09-30,2012-09-30,Q3,150469000.0,132392000.0,18077000.0,0.12013770278263297,0.0,4625000.0,2380000.0,0.0,7005000.0,139397000.0,543000.0,3060000.0,14132000.0,0.0939196778073889,11072000.0,0.07358326299769388,0.0,8621000.0,0.05729419348835973,1677000.0,6944000.0,0.046149040666183735,0.06706760422232293,0.06706760422232293,103537320,103537320,https://www.sedar.com/ModifyCompanyDocumentSearchForm.do?lang=EN&company_search=Rogers Sugar Inc&document_selection=0&industry_group=A&FromDate=13&FromMonth=05&FromYear=2000&ToDate=13&ToMonth=11&ToYear=2020&Variable=Issuer,https://www.sedar.com/ModifyCompanyDocumentSearchForm.do?lang=EN&company_search=Rogers Sugar Inc&document_selection=0&industry_group=A&FromDate=13&FromMonth=05&FromYear=2000&ToDate=13&ToMonth=11&ToYear=2020&Variable=Issuer,1620597426,17:57:06,20210509
34,2012-06-30,RSI.TO,CAD,2012-06-30,2012-06-30,Q2,147687000.0,129480000.0,18207000.0,0.12328099291068273,0.0,5068000.0,1959000.0,0.0,7027000.0,136507000.0,2709000.0,2993000.0,14173000.0,0.0959664696283356,11180000.0,0.07570063715831454,0.0,8920000.0,0.06039800388659801,2011000.0,6909000.0,0.04678136870543785,0.07347844658289755,0.0627787208468078,94027573,110053214,https://www.sedar.com/ModifyCompanyDocumentSearchForm.do?lang=EN&company_search=Rogers Sugar Inc&document_selection=0&industry_group=A&FromDate=13&FromMonth=05&FromYear=2000&ToDate=13&ToMonth=11&ToYear=2020&Variable=Issuer,https://www.sedar.com/ModifyCompanyDocumentSearchForm.do?lang=EN&company_search=Rogers Sugar Inc&document_selection=0&industry_group=A&FromDate=13&FromMonth=05&FromYear=2000&ToDate=13&ToMonth=11&ToYear=2020&Variable=Issuer,1620597426,17:57:06,20210509
35,2012-03-31,RSI.TO,CAD,2012-03-31,2012-03-31,Q1,144132000.0,126209000.0,17923000.0,0.12435128909610635,0.0,4497000.0,1688000.0,0.0,6340000.0,132549000.0,2766000.0,113000.0,11696000.0,0.08114783670524242,11583000.0,0.08036383315294314,0.0,9491000.0,0.065849360308606,2963000.0,6528000.0,0.04529181583548414,0.06944754583671005,0.05933216252289953,93999002,110024643,https://www.sedar.com/ModifyCompanyDocumentSearchForm.do?lang=EN&company_search=Rogers Sugar Inc&document_selection=0&industry_group=A&FromDate=13&FromMonth=05&FromYear=2000&ToDate=13&ToMonth=11&ToYear=2020&Variable=Issuer,https://www.sedar.com/ModifyCompanyDocumentSearchForm.do?lang=EN&company_search=Rogers Sugar Inc&document_selection=0&industry_group=A&FromDate=13&FromMonth=05&FromYear=2000&ToDate=13&ToMonth=11&ToYear=2020&Variable=Issuer,1620597426,17:57:06,20210509
36,2011-12-31,RSI.TO,CAD,2011-12-31,2011-12-31,Q4,175805000.0,152151000.0,23654000.0,0.13454679901026706,0.0,1695000.0,2307000.0,0.0,6885000.0,159036000.0,2892000.0,2883000.0,19652000.0,0.11178294132703848,16769000.0,0.09538409032735133,0.0,13877000.0,0.07893404624441853,3997000.0,9880000.0,0.05619862916299309,0.11,0.1,89758535,110734237,https://www.sedar.com/ModifyCompanyDocumentSearchForm.do?lang=EN&company_search=Rogers Sugar Inc&document_selection=0&industry_group=A&FromDate=13&FromMonth=05&FromYear=2000&ToDate=13&ToMonth=11&ToYear=2020&Variable=Issuer,https://www.sedar.com/ModifyCompanyDocumentSearchForm.do?lang=EN&company_search=Rogers Sugar Inc&document_selection=0&industry_group=A&FromDate=13&FromMonth=05&FromYear=2000&ToDate=13&ToMonth=11&ToYear=2020&Variable=Issuer,1620597426,17:57:06,20210509
37,2011-09-30,RSI.TO,CAD,2011-09-30,2011-09-30,Q3,160866000.0,127467000.0,33399000.0,0.2076200067136623,0.0,5298000.0,2432000.0,0.0,7716000.0,135183000.0,4173000.0,584000.0,26267000.0,0.16328497009933735,25683000.0,0.15965461937264555,0.0,22297000.0,0.1386060447826141,5819000.0,16478000.0,0.10243308094936159,0.15915034308402032,0.15915034308402032,103537320,103537320,https://www.sedar.com/ModifyCompanyDocumentSearchForm.do?lang=EN&company_search=Rogers Sugar Inc&document_selection=0&industry_group=A&FromDate=13&FromMonth=05&FromYear=2000&ToDate=13&ToMonth=11&ToYear=2020&Variable=Issuer,https://www.sedar.com/ModifyCompanyDocumentSearchForm.do?lang=EN&company_search=Rogers Sugar Inc&document_selection=0&industry_group=A&FromDate=13&FromMonth=05&FromYear=2000&ToDate=13&ToMonth=11&ToYear=2020&Variable=Issuer,1620597426,17:57:06,20210509
38,2011-06-30,RSI.TO,CAD,2011-06-30,2011-06-30,Q2,150892000.0,139383000.0,11509000.0,0.07627309598918432,0.0,4463000.0,2150000.0,0.0,6801000.0,146184000.0,3233000.0,3558000.0,8266000.0,0.054780902897436576,4708000.0,0.031201123982716114,0.0,1213000.0,0.008038862232590196,307000.0,906000.0,0.006004294462264401,0.01,0.01,90600000,90600000,https://www.sedar.com/ModifyCompanyDocumentSearchForm.do?lang=EN&company_search=Rogers Sugar Inc&document_selection=0&industry_group=A&FromDate=13&FromMonth=05&FromYear=2000&ToDate=13&ToMonth=11&ToYear=2020&Variable=Issuer,https://www.sedar.com/ModifyCompanyDocumentSearchForm.do?lang=EN&company_search=Rogers Sugar Inc&document_selection=0&industry_group=A&FromDate=13&FromMonth=05&FromYear=2000&ToDate=13&ToMonth=11&ToYear=2020&Variable=Issuer,1620597426,17:57:06,20210509
39,2011-03-31,RSI.TO,CAD,2011-03-31,2011-03-31,Q1,149418000.0,137859000.0,11559000.0,0.07736015741075372,0.0,5489000.0,1723000.0,-275000.0,7399000.0,145258000.0,2320000.0,3509000.0,7669000.0,0.05132581081261963,4160000.0,0.027841357801603555,-275000.0,1565000.0,0.010473972346035953,748000.0,817000.0,0.005467882049016852,0.01,0.01,81700000,81700000,https://www.sedar.com/ModifyCompanyDocumentSearchForm.do?lang=EN&company_search=Rogers Sugar Inc&document_selection=0&industry_group=A&FromDate=13&FromMonth=05&FromYear=2000&ToDate=13&ToMonth=11&ToYear=2020&Variable=Issuer,https://www.sedar.com/ModifyCompanyDocumentSearchForm.do?lang=EN&company_search=Rogers Sugar Inc&document_selection=0&industry_group=A&FromDate=13&FromMonth=05&FromYear=2000&ToDate=13&ToMonth=11&ToYear=2020&Variable=Issuer,1620597426,17:57:06,20210509
40,2010-12-31,RSI.TO,CAD,2010-12-31,2010-12-31,Q4,151438000.0,111546000.0,39892000.0,0.2634213341433458,0.0,4769000.0,1655000.0,-250000.0,6612000.0,118158000.0,1955000.0,3507000.0,36787000.0,0.24291789379151865,33280000.0,0.21975990174196702,-250000.0,31177000.0,0.2058730305471546,5158000.0,26019000.0,0.1718128871221226,0.3,0.25,86730000,104076000,https://www.sedar.com/ModifyCompanyDocumentSearchForm.do?lang=EN&company_search=Rogers Sugar Inc&document_selection=0&industry_group=A&FromDate=13&FromMonth=05&FromYear=2000&ToDate=13&ToMonth=11&ToYear=2020&Variable=Issuer,https://www.sedar.com/ModifyCompanyDocumentSearchForm.do?lang=EN&company_search=Rogers Sugar Inc&document_selection=0&industry_group=A&FromDate=13&FromMonth=05&FromYear=2000&ToDate=13&ToMonth=11&ToYear=2020&Variable=Issuer,1620597426,17:57:06,20210509
41,2010-09-30,RSI.TO,CAD,2010-09-30,2010-09-30,Q3,163264000.0,110027000.0,53237000.0,0.3260792336338691,0.0,6088000.0,2130000.0,0.0,8464000.0,118491000.0,7580000.0,3236000.0,48009000.0,0.2940574774598197,44773000.0,0.27423681889455115,0.0,41415000.0,0.2536689043512348,7705000.0,33710000.0,0.20647540180321441,0.32558308443757283,0.32558308443757283,103537320,103537320,https://www.sedar.com/ModifyCompanyDocumentSearchForm.do?lang=EN&company_search=Rogers Sugar Inc&document_selection=0&industry_group=A&FromDate=13&FromMonth=05&FromYear=2000&ToDate=13&ToMonth=11&ToYear=2020&Variable=Issuer,https://www.sedar.com/ModifyCompanyDocumentSearchForm.do?lang=EN&company_search=Rogers Sugar Inc&document_selection=0&industry_group=A&FromDate=13&FromMonth=05&FromYear=2000&ToDate=13&ToMonth=11&ToYear=2020&Variable=Issuer,1620597426,17:57:06,20210509
42,2010-06-30,RSI.TO,CAD,2010-06-30,2010-06-30,Q2,156302000.0,138967000.0,17335000.0,0.11090709012040793,0.0,4794000.0,2054000.0,-2005000.0,6973000.0,145940000.0,2649000.0,3294000.0,13656000.0,0.08736932348914281,10362000.0,0.0662947371114893,-2005000.0,5708000.0,0.03651904646133767,-1380000.0,7088000.0,0.04534810814960781,0.08,0.08,88600000,88600000,https://www.sedar.com/ModifyCompanyDocumentSearchForm.do?lang=EN&company_search=Rogers Sugar Inc&document_selection=0&industry_group=A&FromDate=13&FromMonth=05&FromYear=2000&ToDate=13&ToMonth=11&ToYear=2020&Variable=Issuer,https://www.sedar.com/ModifyCompanyDocumentSearchForm.do?lang=EN&company_search=Rogers Sugar Inc&document_selection=0&industry_group=A&FromDate=13&FromMonth=05&FromYear=2000&ToDate=13&ToMonth=11&ToYear=2020&Variable=Issuer,1620597426,17:57:06,20210509
43,2010-03-31,RSI.TO,CAD,2010-03-31,2010-03-31,Q1,143851000.0,155247000.0,-11396000.0,-0.07922086047368458,0.0,4428000.0,1672000.0,-882000.0,6242000.0,161489000.0,2541000.0,3393000.0,-14245000.0,-0.09902607559210572,-17638000.0,-0.12261298148778944,-882000.0,-21061000.0,-0.14640843650721927,-8925000.0,-12136000.0,-0.084365072192755,-0.14,-0.14,86685714,86685714,https://www.sedar.com/ModifyCompanyDocumentSearchForm.do?lang=EN&company_search=Rogers Sugar Inc&document_selection=0&industry_group=A&FromDate=13&FromMonth=05&FromYear=2000&ToDate=13&ToMonth=11&ToYear=2020&Variable=Issuer,https://www.sedar.com/ModifyCompanyDocumentSearchForm.do?lang=EN&company_search=Rogers Sugar Inc&document_selection=0&industry_group=A&FromDate=13&FromMonth=05&FromYear=2000&ToDate=13&ToMonth=11&ToYear=2020&Variable=Issuer,1620597426,17:57:06,20210509
44,2009-12-31,RSI.TO,CAD,2009-12-31,2009-12-31,Q4,143456000.0,114993000.0,28463000.0,0.198409268347089,0.0,4746000.0,1867000.0,-267000.0,6756000.0,121749000.0,1993000.0,3459000.0,25166000.0,0.1754266116439884,21707000.0,0.1513146888244479,-267000.0,18928000.0,0.13194289538255632,2376000.0,16552000.0,0.11538032567477136,0.19,0.17,87115789,97364706,https://www.sedar.com/ModifyCompanyDocumentSearchForm.do?lang=EN&company_search=Rogers Sugar Inc&document_selection=0&industry_group=A&FromDate=13&FromMonth=05&FromYear=2000&ToDate=13&ToMonth=11&ToYear=2020&Variable=Issuer,https://www.sedar.com/ModifyCompanyDocumentSearchForm.do?lang=EN&company_search=Rogers Sugar Inc&document_selection=0&industry_group=A&FromDate=13&FromMonth=05&FromYear=2000&ToDate=13&ToMonth=11&ToYear=2020&Variable=Issuer,1620597426,17:57:06,20210509
45,2009-09-30,RSI.TO,CAD,2009-09-30,2009-09-30,Q3,154596000.0,114974000.0,39622000.0,0.2562938239023002,0.0,5244000.0,2660000.0,0.0,7188000.0,122162000.0,10762000.0,3485000.0,35919000.0,0.23234106962663975,32434000.0,0.20979844239178244,0.0,29346000.0,0.18982379880462624,5342000.0,24004000.0,0.15526921783228545,0.23183910883534556,0.23183910883534556,103537320,103537320,https://www.sedar.com/ModifyCompanyDocumentSearchForm.do?lang=EN&company_search=Rogers Sugar Inc&document_selection=0&industry_group=A&FromDate=13&FromMonth=05&FromYear=2000&ToDate=13&ToMonth=11&ToYear=2020&Variable=Issuer,https://www.sedar.com/ModifyCompanyDocumentSearchForm.do?lang=EN&company_search=Rogers Sugar Inc&document_selection=0&industry_group=A&FromDate=13&FromMonth=05&FromYear=2000&ToDate=13&ToMonth=11&ToYear=2020&Variable=Issuer,1620597426,17:57:06,20210509
46,2009-06-30,RSI.TO,CAD,2009-06-30,2009-06-30,Q2,128478000.0,99930000.0,28548000.0,0.22220146639891655,0.0,5306000.0,2381000.0,-267000.0,8101000.0,108031000.0,1992000.0,3332000.0,23779000.0,0.18508227089462786,20447000.0,0.15914786967418545,-267000.0,19363000.0,0.1507106275004281,2411000.0,16952000.0,0.1319447687541836,0.19,0.17,89221053,99717647,https://www.sedar.com/ModifyCompanyDocumentSearchForm.do?lang=EN&company_search=Rogers Sugar Inc&document_selection=0&industry_group=A&FromDate=13&FromMonth=05&FromYear=2000&ToDate=13&ToMonth=11&ToYear=2020&Variable=Issuer,https://www.sedar.com/ModifyCompanyDocumentSearchForm.do?lang=EN&company_search=Rogers Sugar Inc&document_selection=0&industry_group=A&FromDate=13&FromMonth=05&FromYear=2000&ToDate=13&ToMonth=11&ToYear=2020&Variable=Issuer,1620597426,17:57:06,20210509
47,2009-03-31,RSI.TO,CAD,2009-03-31,2009-03-31,Q1,121849000.0,112207000.0,9642000.0,0.0791307273756863,0.0,5011000.0,4337000.0,267000.0,9758000.0,121965000.0,1993000.0,3325000.0,3209000.0,0.02633587473019885,-116000.0,-0.0009519979646940065,267000.0,-3884000.0,-0.03187551805923725,-4611000.0,727000.0,0.005966401037349506,0.01,0.01,72700000,72700000,https://www.sedar.com/ModifyCompanyDocumentSearchForm.do?lang=EN&company_search=Rogers Sugar Inc&document_selection=0&industry_group=A&FromDate=13&FromMonth=05&FromYear=2000&ToDate=13&ToMonth=11&ToYear=2020&Variable=Issuer,https://www.sedar.com/ModifyCompanyDocumentSearchForm.do?lang=EN&company_search=Rogers Sugar Inc&document_selection=0&industry_group=A&FromDate=13&FromMonth=05&FromYear=2000&ToDate=13&ToMonth=11&ToYear=2020&Variable=Issuer,1620597426,17:57:06,20210509
48,2008-12-31,RSI.TO,CAD,2008-12-31,2008-12-31,Q4,138397000.0,123834000.0,14563000.0,0.10522626935554961,0.0,8678000.0,0.0,0.0,9358000.0,133192000.0,0.0,413000.0,5618000.0,0.0405933654631242,5205000.0,0.03760919673114302,0.0,-3992000.0,-0.028844555879101424,-4065000.0,73000.0,0.0005274680809555121,0.0008340199049932509,0.0008340199049932509,87527887,87527887,https://www.sedar.com/ModifyCompanyDocumentSearchForm.do?lang=EN&company_search=Rogers Sugar Inc&document_selection=0&industry_group=A&FromDate=13&FromMonth=05&FromYear=2000&ToDate=13&ToMonth=11&ToYear=2020&Variable=Issuer,https://www.sedar.com/ModifyCompanyDocumentSearchForm.do?lang=EN&company_search=Rogers Sugar Inc&document_selection=0&industry_group=A&FromDate=13&FromMonth=05&FromYear=2000&ToDate=13&ToMonth=11&ToYear=2020&Variable=Issuer,1620597426,17:57:06,20210509
49,2008-09-30,RSI.TO,CAD,2008-09-30,2008-09-30,Q3,130472000.0,106489000.0,23983000.0,0.18381721748727697,0.0,8387000.0,0.0,0.0,10808000.0,117297000.0,0.0,3624000.0,16799000.0,0.12875559507020665,13175000.0,0.10097952051014777,0.0,8017000.0,0.06144613403642161,-3419000.0,11436000.0,0.08765099025078178,0.11045292653895233,0.11045292653895233,103537320,103537320,https://www.sedar.com/ModifyCompanyDocumentSearchForm.do?lang=EN&company_search=Rogers Sugar Inc&document_selection=0&industry_group=A&FromDate=13&FromMonth=05&FromYear=2000&ToDate=13&ToMonth=11&ToYear=2020&Variable=Issuer,https://www.sedar.com/ModifyCompanyDocumentSearchForm.do?lang=EN&company_search=Rogers Sugar Inc&document_selection=0&industry_group=A&FromDate=13&FromMonth=05&FromYear=2000&ToDate=13&ToMonth=11&ToYear=2020&Variable=Issuer,1620597426,17:57:06,20210509
50,2008-06-30,RSI.TO,CAD,2008-06-30,2008-06-30,Q2,115686000.0,89993000.0,25693000.0,0.22209256089760213,0.0,8098000.0,0.0,0.0,11633000.0,101626000.0,0.0,3191000.0,17251000.0,0.14911916740141418,14060000.0,0.12153588161056654,0.0,10702000.0,0.09250903307228187,411000.0,10291000.0,0.08895631277769134,0.12,0.11,85758333,93554545,https://www.sedar.com/ModifyCompanyDocumentSearchForm.do?lang=EN&company_search=Rogers Sugar Inc&document_selection=0&industry_group=A&FromDate=13&FromMonth=05&FromYear=2000&ToDate=13&ToMonth=11&ToYear=2020&Variable=Issuer,https://www.sedar.com/ModifyCompanyDocumentSearchForm.do?lang=EN&company_search=Rogers Sugar Inc&document_selection=0&industry_group=A&FromDate=13&FromMonth=05&FromYear=2000&ToDate=13&ToMonth=11&ToYear=2020&Variable=Issuer,1620597426,17:57:06,20210509
51,2008-03-31,RSI.TO,CAD,2008-03-31,2008-03-31,Q1,101834000.0,78795000.0,23039000.0,0.22624074474144196,0.0,8193000.0,0.0,0.0,11679000.0,90474000.0,0.0,3190000.0,14550000.0,0.1428795883496671,11360000.0,0.11155409784551329,0.0,7863000.0,0.07721389712669639,-1105000.0,8968000.0,0.0880648899188876,0.1,0.1,87786712,87786712,https://www.sedar.com/ModifyCompanyDocumentSearchForm.do?lang=EN&company_search=Rogers Sugar Inc&document_selection=0&industry_group=A&FromDate=13&FromMonth=05&FromYear=2000&ToDate=13&ToMonth=11&ToYear=2020&Variable=Issuer,https://www.sedar.com/ModifyCompanyDocumentSearchForm.do?lang=EN&company_search=Rogers Sugar Inc&document_selection=0&industry_group=A&FromDate=13&FromMonth=05&FromYear=2000&ToDate=13&ToMonth=11&ToYear=2020&Variable=Issuer,1620597426,17:57:06,20210509
52,2007-12-31,RSI.TO,CAD,2007-12-31,2007-12-31,Q4,115116000.0,80721000.0,34395000.0,0.29878557281350987,0.0,7042000.0,0.0,0.0,10529000.0,91250000.0,0.0,3191000.0,27057000.0,0.235041175857396,23866000.0,0.20732131067792486,0.0,20506000.0,0.1781333611313805,3386000.0,17120000.0,0.14871955245144028,0.2,0.17,87622791,87622791,https://www.sedar.com/ModifyCompanyDocumentSearchForm.do?lang=EN&company_search=Rogers Sugar Inc&document_selection=0&industry_group=A&FromDate=13&FromMonth=05&FromYear=2000&ToDate=13&ToMonth=11&ToYear=2020&Variable=Issuer,https://www.sedar.com/ModifyCompanyDocumentSearchForm.do?lang=EN&company_search=Rogers Sugar Inc&document_selection=0&industry_group=A&FromDate=13&FromMonth=05&FromYear=2000&ToDate=13&ToMonth=11&ToYear=2020&Variable=Issuer,1620597426,17:57:06,20210509
53,2007-09-30,RSI.TO,CAD,2007-09-30,2007-09-30,Q3,117669000.0,98127000.0,19542000.0,0.1660760268209979,0.0,8233000.0,0.0,0.0,10274000.0,108401000.0,0.0,3525000.0,12793000.0,0.108720223678284,9268000.0,0.07876331064256516,0.0,4343000.0,0.03690861654301473,-3225000.0,7568000.0,0.06431600506505537,0.07309441658331507,0.07309441658331507,103537320,103537320,https://www.sedar.com/ModifyCompanyDocumentSearchForm.do?lang=EN&company_search=Rogers Sugar Inc&document_selection=0&industry_group=A&FromDate=13&FromMonth=05&FromYear=2000&ToDate=13&ToMonth=11&ToYear=2020&Variable=Issuer,https://www.sedar.com/ModifyCompanyDocumentSearchForm.do?lang=EN&company_search=Rogers Sugar Inc&document_selection=0&industry_group=A&FromDate=13&FromMonth=05&FromYear=2000&ToDate=13&ToMonth=11&ToYear=2020&Variable=Issuer,1620597426,17:57:06,20210509
54,2007-06-30,RSI.TO,CAD,2007-06-30,2007-06-30,Q2,117900000.0,97888000.0,20012000.0,0.1697370653095844,0.0,7416000.0,0.0,0.0,10936000.0,108824000.0,0.0,3140000.0,12216000.0,0.10361323155216284,9076000.0,0.07698049194232401,0.0,5716000.0,0.04848176420695505,-829000.0,6545000.0,0.05551314673452078,0.07,0.07,88788391,88788391,https://www.sedar.com/ModifyCompanyDocumentSearchForm.do?lang=EN&company_search=Rogers Sugar Inc&document_selection=0&industry_group=A&FromDate=13&FromMonth=05&FromYear=2000&ToDate=13&ToMonth=11&ToYear=2020&Variable=Issuer,https://www.sedar.com/ModifyCompanyDocumentSearchForm.do?lang=EN&company_search=Rogers Sugar Inc&document_selection=0&industry_group=A&FromDate=13&FromMonth=05&FromYear=2000&ToDate=13&ToMonth=11&ToYear=2020&Variable=Issuer,1620597426,17:57:06,20210509
55,2007-03-31,RSI.TO,CAD,2007-03-31,2007-03-31,Q1,115448000.0,88152000.0,27296000.0,0.23643545145866537,0.0,6500000.0,0.0,0.0,10008000.0,98160000.0,0.0,3127000.0,20415000.0,0.1768328598156746,17288000.0,0.14974707227496362,0.0,13758000.0,0.11917053565241494,2421000.0,11337000.0,0.09820005543621371,0.13,0.12,87945691,87945691,https://www.sedar.com/ModifyCompanyDocumentSearchForm.do?lang=EN&company_search=Rogers Sugar Inc&document_selection=0&industry_group=A&FromDate=13&FromMonth=05&FromYear=2000&ToDate=13&ToMonth=11&ToYear=2020&Variable=Issuer,https://www.sedar.com/ModifyCompanyDocumentSearchForm.do?lang=EN&company_search=Rogers Sugar Inc&document_selection=0&industry_group=A&FromDate=13&FromMonth=05&FromYear=2000&ToDate=13&ToMonth=11&ToYear=2020&Variable=Issuer,1620597426,17:57:06,20210509
56,2006-12-31,RSI.TO,CAD,2006-12-31,2006-12-31,Q4,134880000.0,94666000.0,40214000.0,0.2981465005931198,0.0,7444000.0,0.0,0.0,10981000.0,105647000.0,0.0,3157000.0,32390000.0,0.2401393831553974,29233000.0,0.21673339264531435,0.0,25646000.0,0.19013938315539738,5969000.0,19677000.0,0.14588523131672598,0.22,0.19,88288391,88288391,https://www.sedar.com/ModifyCompanyDocumentSearchForm.do?lang=EN&company_search=Rogers Sugar Inc&document_selection=0&industry_group=A&FromDate=13&FromMonth=05&FromYear=2000&ToDate=13&ToMonth=11&ToYear=2020&Variable=Issuer,https://www.sedar.com/ModifyCompanyDocumentSearchForm.do?lang=EN&company_search=Rogers Sugar Inc&document_selection=0&industry_group=A&FromDate=13&FromMonth=05&FromYear=2000&ToDate=13&ToMonth=11&ToYear=2020&Variable=Issuer,1620597426,17:57:06,20210509
57,2006-09-30,RSI.TO,CAD,2006-09-30,2006-09-30,Q3,150994000.0,118903000.0,32091000.0,0.21253162377313006,0.0,8483000.0,0.0,0.0,10721000.0,129624000.0,0.0,4071000.0,25441000.0,0.16849013868100718,21370000.0,0.1415288024689723,0.0,20760000.0,0.13748890684398055,4126000.0,16634000.0,0.11016331774772507,0.16065704617426838,0.16065704617426838,103537320,103537320,https://www.sedar.com/ModifyCompanyDocumentSearchForm.do?lang=EN&company_search=Rogers Sugar Inc&document_selection=0&industry_group=A&FromDate=13&FromMonth=05&FromYear=2000&ToDate=13&ToMonth=11&ToYear=2020&Variable=Issuer,https://www.sedar.com/ModifyCompanyDocumentSearchForm.do?lang=EN&company_search=Rogers Sugar Inc&document_selection=0&industry_group=A&FromDate=13&FromMonth=05&FromYear=2000&ToDate=13&ToMonth=11&ToYear=2020&Variable=Issuer,1620597426,17:57:06,20210509
58,2006-06-30,RSI.TO,CAD,2006-06-30,2006-06-30,Q2,134863000.0,109589000.0,25274000.0,0.18740499618130993,0.0,8472000.0,0.0,0.0,11623000.0,121212000.0,0.0,3151000.0,16802000.0,0.12458569066385888,13651000.0,0.10122123933176631,0.0,9238000.0,0.068499143575332,-466000.0,9704000.0,0.07195450197607943,0.11,0.1,88788391,88788391,https://www.sedar.com/ModifyCompanyDocumentSearchForm.do?lang=EN&company_search=Rogers Sugar Inc&document_selection=0&industry_group=A&FromDate=13&FromMonth=05&FromYear=2000&ToDate=13&ToMonth=11&ToYear=2020&Variable=Issuer,https://www.sedar.com/ModifyCompanyDocumentSearchForm.do?lang=EN&company_search=Rogers Sugar Inc&document_selection=0&industry_group=A&FromDate=13&FromMonth=05&FromYear=2000&ToDate=13&ToMonth=11&ToYear=2020&Variable=Issuer,1620597426,17:57:06,20210509
59,2006-03-31,RSI.TO,CAD,2006-03-31,2006-03-31,Q1,128842000.0,109032000.0,19810000.0,0.15375421058350539,0.0,9500000.0,0.0,0.0,13095000.0,122127000.0,0.0,3595000.0,10310000.0,0.0800204902128188,6715000.0,0.05211809813570109,0.0,2950000.0,0.02289626053616057,-474000.0,3424000.0,0.026575185110445352,0.02,0.02,88788391,88788391,https://www.sedar.com/ModifyCompanyDocumentSearchForm.do?lang=EN&company_search=Rogers Sugar Inc&document_selection=0&industry_group=A&FromDate=13&FromMonth=05&FromYear=2000&ToDate=13&ToMonth=11&ToYear=2020&Variable=Issuer,https://www.sedar.com/ModifyCompanyDocumentSearchForm.do?lang=EN&company_search=Rogers Sugar Inc&document_selection=0&industry_group=A&FromDate=13&FromMonth=05&FromYear=2000&ToDate=13&ToMonth=11&ToYear=2020&Variable=Issuer,1620597426,17:57:06,20210509
60,2005-12-31,RSI.TO,CAD,2005-12-31,2005-12-31,Q4,118040000.0,90745000.0,27295000.0,0.23123517451711284,0.0,8605000.0,0.0,0.0,11832000.0,102577000.0,0.0,3227000.0,18690000.0,0.15833615723483566,15463000.0,0.13099796679091832,0.0,12633000.0,0.1070230430362589,1473000.0,11160000.0,0.09454422229752626,0.11,0.1,88779760,88779760,https://www.sedar.com/ModifyCompanyDocumentSearchForm.do?lang=EN&company_search=Rogers Sugar Inc&document_selection=0&industry_group=A&FromDate=13&FromMonth=05&FromYear=2000&ToDate=13&ToMonth=11&ToYear=2020&Variable=Issuer,https://www.sedar.com/ModifyCompanyDocumentSearchForm.do?lang=EN&company_search=Rogers Sugar Inc&document_selection=0&industry_group=A&FromDate=13&FromMonth=05&FromYear=2000&ToDate=13&ToMonth=11&ToYear=2020&Variable=Issuer,1620597426,17:57:06,20210509
61,2005-09-30,RSI.TO,CAD,2005-09-30,2005-09-30,Q3,120631000.0,90153000.0,30478000.0,0.2526547902280508,0.0,9860000.0,0.0,0.0,13041000.0,103194000.0,0.0,3181000.0,20618000.0,0.17091792325355837,17437000.0,0.14454825044971856,0.0,-80661000.0,-0.6686589682585736,1269000.0,-81930000.0,-0.6791786522535667,-0.7913088729744985,-0.7913088729744985,103537320,103537320,https://www.sedar.com/ModifyCompanyDocumentSearchForm.do?lang=EN&company_search=Rogers Sugar Inc&document_selection=0&industry_group=A&FromDate=13&FromMonth=05&FromYear=2000&ToDate=13&ToMonth=11&ToYear=2020&Variable=Issuer,https://www.sedar.com/ModifyCompanyDocumentSearchForm.do?lang=EN&company_search=Rogers Sugar Inc&document_selection=0&industry_group=A&FromDate=13&FromMonth=05&FromYear=2000&ToDate=13&ToMonth=11&ToYear=2020&Variable=Issuer,1620597426,17:57:06,20210509
62,2005-06-30,RSI.TO,CAD,2005-06-30,2005-06-30,Q2,111355000.0,86268000.0,25087000.0,0.22528849176058552,0.0,9644000.0,0.0,0.0,12898000.0,99166000.0,0.0,3254000.0,15443000.0,0.13868259171119393,12189000.0,0.10946073368955143,0.0,7815000.0,0.07018095280858516,2000.0,7813000.0,0.07016299223205065,0.07,0.07,88712000,88712000,https://www.sedar.com/ModifyCompanyDocumentSearchForm.do?lang=EN&company_search=Rogers Sugar Inc&document_selection=0&industry_group=A&FromDate=13&FromMonth=05&FromYear=2000&ToDate=13&ToMonth=11&ToYear=2020&Variable=Issuer,https://www.sedar.com/ModifyCompanyDocumentSearchForm.do?lang=EN&company_search=Rogers Sugar Inc&document_selection=0&industry_group=A&FromDate=13&FromMonth=05&FromYear=2000&ToDate=13&ToMonth=11&ToYear=2020&Variable=Issuer,1620597426,17:57:06,20210509
63,2005-03-31,RSI.TO,CAD,2005-03-31,2005-03-31,Q1,102876000.0,84687000.0,18189000.0,0.17680508573428205,0.0,7280000.0,0.0,0.0,10542000.0,95229000.0,0.0,3262000.0,10909000.0,0.1060402815039465,7647000.0,0.07433220576227692,0.0,4284000.0,0.041642365566312844,-1428000.0,5712000.0,0.055523154088417126,0.05,0.05,88779760,88779760,https://www.sedar.com/ModifyCompanyDocumentSearchForm.do?lang=EN&company_search=Rogers Sugar Inc&document_selection=0&industry_group=A&FromDate=13&FromMonth=05&FromYear=2000&ToDate=13&ToMonth=11&ToYear=2020&Variable=Issuer,https://www.sedar.com/ModifyCompanyDocumentSearchForm.do?lang=EN&company_search=Rogers Sugar Inc&document_selection=0&industry_group=A&FromDate=13&FromMonth=05&FromYear=2000&ToDate=13&ToMonth=11&ToYear=2020&Variable=Issuer,1620597426,17:57:06,20210509
64,2004-12-31,RSI.TO,CAD,2004-12-31,2004-12-31,Q4,106421000.0,79042000.0,27379000.0,0.25727065146916495,0.0,8205000.0,0.0,0.0,11470000.0,90512000.0,0.0,3265000.0,19174000.0,0.18017120681068585,15909000.0,0.14949117185517896,0.0,12533000.0,0.11776810967760122,1377000.0,11156000.0,0.10482893413893875,0.11,0.11,88779760,88779760,https://www.sedar.com/ModifyCompanyDocumentSearchForm.do?lang=EN&company_search=Rogers Sugar Inc&document_selection=0&industry_group=A&FromDate=13&FromMonth=05&FromYear=2000&ToDate=13&ToMonth=11&ToYear=2020&Variable=Issuer,https://www.sedar.com/ModifyCompanyDocumentSearchForm.do?lang=EN&company_search=Rogers Sugar Inc&document_selection=0&industry_group=A&FromDate=13&FromMonth=05&FromYear=2000&ToDate=13&ToMonth=11&ToYear=2020&Variable=Issuer,1620597426,17:57:06,20210509
65,2004-09-30,RSI.TO,CAD,2004-09-30,2004-09-30,Q3,0.0,0.0,0.0,0.0,0.0,34049000.0,0.0,0.0,46309000.0,369234000.0,0.0,12944000.0,71863000.0,0.0,58919000.0,0.0,0.0,0.0,0.0,0.0,15249000.0,0.0,0.14728022707174573,0.14728022707174573,103537320,103537320,https://www.sedar.com/ModifyCompanyDocumentSearchForm.do?lang=EN&company_search=Rogers Sugar Inc&document_selection=0&industry_group=A&FromDate=13&FromMonth=05&FromYear=2000&ToDate=13&ToMonth=11&ToYear=2020&Variable=Issuer,https://www.sedar.com/ModifyCompanyDocumentSearchForm.do?lang=EN&company_search=Rogers Sugar Inc&document_selection=0&industry_group=A&FromDate=13&FromMonth=05&FromYear=2000&ToDate=13&ToMonth=11&ToYear=2020&Variable=Issuer,1620597426,17:57:06,20210509
66,2004-06-30,RSI.TO,CAD,2004-06-30,2004-06-30,Q2,0.0,0.0,0.0,0.0,0.0,131000.0,0.0,0.0,434000.0,434000.0,0.0,-381000.0,-815000.0,0.0,-434000.0,0.0,-523000.0,0.0,0.0,0.0,8940000.0,0.0,0.1,0.1,88712000,88712000,https://www.sedar.com/ModifyCompanyDocumentSearchForm.do?lang=EN&company_search=Rogers Sugar Inc&document_selection=0&industry_group=A&FromDate=13&FromMonth=05&FromYear=2000&ToDate=13&ToMonth=11&ToYear=2020&Variable=Issuer,https://www.sedar.com/ModifyCompanyDocumentSearchForm.do?lang=EN&company_search=Rogers Sugar Inc&document_selection=0&industry_group=A&FromDate=13&FromMonth=05&FromYear=2000&ToDate=13&ToMonth=11&ToYear=2020&Variable=Issuer,1620597426,17:57:06,20210509
67,2004-03-31,RSI.TO,CAD,2004-03-31,2004-03-31,Q1,10383000.0,0.0,0.0,0.0,0.0,247000.0,0.0,0.0,551000.0,551000.0,0.0,532000.0,10364000.0,0.9981700857170375,9832000.0,0.9469324857940865,-3327000.0,0.0,0.0,0.0,5941000.0,0.5721853028989695,0.06,0.06,88712000,88712000,https://www.sedar.com/ModifyCompanyDocumentSearchForm.do?lang=EN&company_search=Rogers Sugar Inc&document_selection=0&industry_group=A&FromDate=13&FromMonth=05&FromYear=2000&ToDate=13&ToMonth=11&ToYear=2020&Variable=Issuer,https://www.sedar.com/ModifyCompanyDocumentSearchForm.do?lang=EN&company_search=Rogers Sugar Inc&document_selection=0&industry_group=A&FromDate=13&FromMonth=05&FromYear=2000&ToDate=13&ToMonth=11&ToYear=2020&Variable=Issuer,1620597426,17:57:06,20210509
68,2003-12-31,RSI.TO,CAD,2003-12-31,2003-12-31,Q4,12846000.0,0.0,0.0,0.0,0.0,170000.0,0.0,0.0,474000.0,474000.0,0.0,76000.0,12448000.0,0.9690175930250662,12372000.0,0.9631013545072397,1240000.0,0.0,0.0,0.0,13014000.0,1.013078000934143,0.15,0.15,88712000,88712000,https://www.sedar.com/ModifyCompanyDocumentSearchForm.do?lang=EN&company_search=Rogers Sugar Inc&document_selection=0&industry_group=A&FromDate=13&FromMonth=05&FromYear=2000&ToDate=13&ToMonth=11&ToYear=2020&Variable=Issuer,https://www.sedar.com/ModifyCompanyDocumentSearchForm.do?lang=EN&company_search=Rogers Sugar Inc&document_selection=0&industry_group=A&FromDate=13&FromMonth=05&FromYear=2000&ToDate=13&ToMonth=11&ToYear=2020&Variable=Issuer,1620597426,17:57:06,20210509
69,2003-09-30,RSI.TO,CAD,2003-09-30,2003-09-30,Q3,0.0,0.0,0.0,0.0,0.0,145000.0,0.0,0.0,448000.0,448000.0,0.0,-84000.0,48692000.0,0.0,48776000.0,0.0,-147000.0,0.0,0.0,0.0,11623000.0,0.0,0.11225903857662145,0.11225903857662145,103537320,103537320,https://www.sedar.com/ModifyCompanyDocumentSearchForm.do?lang=EN&company_search=Rogers Sugar Inc&document_selection=0&industry_group=A&FromDate=13&FromMonth=05&FromYear=2000&ToDate=13&ToMonth=11&ToYear=2020&Variable=Issuer,https://www.sedar.com/ModifyCompanyDocumentSearchForm.do?lang=EN&company_search=Rogers Sugar Inc&document_selection=0&industry_group=A&FromDate=13&FromMonth=05&FromYear=2000&ToDate=13&ToMonth=11&ToYear=2020&Variable=Issuer,1620597426,17:57:06,20210509
70,2003-06-30,RSI.TO,CAD,2003-06-30,2003-06-30,Q2,0.0,0.0,0.0,0.0,0.0,201000.0,0.0,0.0,505000.0,505000.0,0.0,691000.0,186000.0,0.0,-505000.0,0.0,-6941000.0,0.0,0.0,0.0,4654000.0,0.0,0.04,0.04,88712000,88712000,https://www.sedar.com/ModifyCompanyDocumentSearchForm.do?lang=EN&company_search=Rogers Sugar Inc&document_selection=0&industry_group=A&FromDate=13&FromMonth=05&FromYear=2000&ToDate=13&ToMonth=11&ToYear=2020&Variable=Issuer,https://www.sedar.com/ModifyCompanyDocumentSearchForm.do?lang=EN&company_search=Rogers Sugar Inc&document_selection=0&industry_group=A&FromDate=13&FromMonth=05&FromYear=2000&ToDate=13&ToMonth=11&ToYear=2020&Variable=Issuer,1620597426,17:57:06,20210509
71,2003-03-31,RSI.TO,CAD,2003-03-31,2003-03-31,Q1,0.0,0.0,0.0,0.0,0.0,207000.0,0.0,0.0,154000.0,154000.0,0.0,-53000.0,-207000.0,0.0,-154000.0,0.0,-6184000.0,0.0,0.0,0.0,4976000.0,0.0,0.04,0.04,77233000,77233000,https://www.sedar.com/ModifyCompanyDocumentSearchForm.do?lang=EN&company_search=Rogers Sugar Inc&document_selection=0&industry_group=A&FromDate=13&FromMonth=05&FromYear=2000&ToDate=13&ToMonth=11&ToYear=2020&Variable=Issuer,https://www.sedar.com/ModifyCompanyDocumentSearchForm.do?lang=EN&company_search=Rogers Sugar Inc&document_selection=0&industry_group=A&FromDate=13&FromMonth=05&FromYear=2000&ToDate=13&ToMonth=11&ToYear=2020&Variable=Issuer,1620597426,17:57:06,20210509
72,2002-12-31,RSI.TO,CAD,2002-12-31,2002-12-31,Q4,0.0,0.0,0.0,0.0,0.0,157000.0,0.0,0.0,-253000.0,-253000.0,0.0,-410000.0,-157000.0,0.0,253000.0,0.0,493000.0,0.0,0.0,0.0,11646000.0,0.0,0.13,0.13,77233000,77233000,https://www.sedar.com/ModifyCompanyDocumentSearchForm.do?lang=EN&company_search=Rogers Sugar Inc&document_selection=0&industry_group=A&FromDate=13&FromMonth=05&FromYear=2000&ToDate=13&ToMonth=11&ToYear=2020&Variable=Issuer,https://www.sedar.com/ModifyCompanyDocumentSearchForm.do?lang=EN&company_search=Rogers Sugar Inc&document_selection=0&industry_group=A&FromDate=13&FromMonth=05&FromYear=2000&ToDate=13&ToMonth=11&ToYear=2020&Variable=Issuer,1620597426,17:57:06,20210509
73,2002-09-30,RSI.TO,CAD,2002-09-30,2002-09-30,Q3,0.0,0.0,0.0,0.0,0.0,297000.0,0.0,0.0,-936000.0,-936000.0,0.0,0.0,34380000.0,0.0,34380000.0,0.0,2018000.0,0.0,0.0,0.0,13535000.0,0.0,0.13072580978530254,0.13072580978530254,103537320,103537320,https://www.sedar.com/ModifyCompanyDocumentSearchForm.do?lang=EN&company_search=Rogers Sugar Inc&document_selection=0&industry_group=A&FromDate=13&FromMonth=05&FromYear=2000&ToDate=13&ToMonth=11&ToYear=2020&Variable=Issuer,https://www.sedar.com/ModifyCompanyDocumentSearchForm.do?lang=EN&company_search=Rogers Sugar Inc&document_selection=0&industry_group=A&FromDate=13&FromMonth=05&FromYear=2000&ToDate=13&ToMonth=11&ToYear=2020&Variable=Issuer,1620597426,17:57:06,20210509
74,2002-06-30,RSI.TO,CAD,2002-06-30,2002-06-30,Q2,0.0,0.0,0.0,0.0,0.0,94000.0,0.0,0.0,187000.0,187000.0,0.0,0.0,-94000.0,0.0,-187000.0,0.0,-522000.0,0.0,0.0,0.0,10179000.0,0.0,0.13,0.12,41505000,41505000,https://www.sedar.com/ModifyCompanyDocumentSearchForm.do?lang=EN&company_search=Rogers Sugar Inc&document_selection=0&industry_group=A&FromDate=13&FromMonth=05&FromYear=2000&ToDate=13&ToMonth=11&ToYear=2020&Variable=Issuer,https://www.sedar.com/ModifyCompanyDocumentSearchForm.do?lang=EN&company_search=Rogers Sugar Inc&document_selection=0&industry_group=A&FromDate=13&FromMonth=05&FromYear=2000&ToDate=13&ToMonth=11&ToYear=2020&Variable=Issuer,1620597426,17:57:06,20210509
75,2002-03-31,RSI.TO,CAD,2002-03-31,2002-03-31,Q1,0.0,0.0,0.0,0.0,0.0,82000.0,0.0,0.0,113000.0,113000.0,0.0,0.0,-82000.0,0.0,-113000.0,0.0,-3429000.0,0.0,0.0,0.0,1767000.0,0.0,0.03,0.03,41505000,41505000,https://www.sedar.com/ModifyCompanyDocumentSearchForm.do?lang=EN&company_search=Rogers Sugar Inc&document_selection=0&industry_group=A&FromDate=13&FromMonth=05&FromYear=2000&ToDate=13&ToMonth=11&ToYear=2020&Variable=Issuer,https://www.sedar.com/ModifyCompanyDocumentSearchForm.do?lang=EN&company_search=Rogers Sugar Inc&document_selection=0&industry_group=A&FromDate=13&FromMonth=05&FromYear=2000&ToDate=13&ToMonth=11&ToYear=2020&Variable=Issuer,1620597426,17:57:06,20210509
76,2001-12-31,RSI.TO,CAD,2001-12-31,2001-12-31,Q4,0.0,0.0,0.0,0.0,0.0,181000.0,0.0,0.0,181000.0,181000.0,0.0,0.0,-181000.0,0.0,-181000.0,0.0,2269000.0,0.0,0.0,0.0,6388000.0,0.0,0.15,0.15,41505000,41505000,https://www.sedar.com/ModifyCompanyDocumentSearchForm.do?lang=EN&company_search=Rogers Sugar Inc&document_selection=0&industry_group=A&FromDate=13&FromMonth=05&FromYear=2000&ToDate=13&ToMonth=11&ToYear=2020&Variable=Issuer,https://www.sedar.com/ModifyCompanyDocumentSearchForm.do?lang=EN&company_search=Rogers Sugar Inc&document_selection=0&industry_group=A&FromDate=13&FromMonth=05&FromYear=2000&ToDate=13&ToMonth=11&ToYear=2020&Variable=Issuer,1620597426,17:57:06,20210509
77,2001-09-30,RSI.TO,CAD,2001-09-30,2001-09-30,Q3,0.0,0.0,0.0,0.0,0.0,207000.0,0.0,0.0,2363000.0,2363000.0,0.0,0.0,-207000.0,0.0,-2363000.0,0.0,-3360000.0,0.0,0.0,0.0,-1323000.0,0.0,-0.012778001207680478,-0.012778001207680478,103537320,103537320,https://www.sedar.com/ModifyCompanyDocumentSearchForm.do?lang=EN&company_search=Rogers Sugar Inc&document_selection=0&industry_group=A&FromDate=13&FromMonth=05&FromYear=2000&ToDate=13&ToMonth=11&ToYear=2020&Variable=Issuer,https://www.sedar.com/ModifyCompanyDocumentSearchForm.do?lang=EN&company_search=Rogers Sugar Inc&document_selection=0&industry_group=A&FromDate=13&FromMonth=05&FromYear=2000&ToDate=13&ToMonth=11&ToYear=2020&Variable=Issuer,1620597426,17:57:06,20210509
78,2001-06-30,RSI.TO,CAD,2001-06-30,2001-06-30,Q2,1000.0,0.0,0.0,0.0,0.0,83000.0,0.0,0.0,2237000.0,2237000.0,0.0,0.0,-82000.0,-82.0,-2236000.0,-2236.0,-3208000.0,0.0,0.0,0.0,-1245000.0,-1245.0,-0.029996,-0.029996,41505000,41505000,https://www.sedar.com/ModifyCompanyDocumentSearchForm.do?lang=EN&company_search=Rogers Sugar Inc&document_selection=0&industry_group=A&FromDate=13&FromMonth=05&FromYear=2000&ToDate=13&ToMonth=11&ToYear=2020&Variable=Issuer,https://www.sedar.com/ModifyCompanyDocumentSearchForm.do?lang=EN&company_search=Rogers Sugar Inc&document_selection=0&industry_group=A&FromDate=13&FromMonth=05&FromYear=2000&ToDate=13&ToMonth=11&ToYear=2020&Variable=Issuer,1620597426,17:57:06,20210509
79,2001-03-31,RSI.TO,CAD,2001-03-31,2001-03-31,Q1,1000.0,0.0,0.0,0.0,0.0,41000.0,0.0,0.0,2195000.0,2195000.0,0.0,0.0,-40000.0,-40.0,-2194000.0,-2194.0,-4901000.0,0.0,0.0,0.0,-2896000.0,-2896.0,-0.07,-0.07,41505000,41505000,https://www.sedar.com/ModifyCompanyDocumentSearchForm.do?lang=EN&company_search=Rogers Sugar Inc&document_selection=0&industry_group=A&FromDate=13&FromMonth=05&FromYear=2000&ToDate=13&ToMonth=11&ToYear=2020&Variable=Issuer,https://www.sedar.com/ModifyCompanyDocumentSearchForm.do?lang=EN&company_search=Rogers Sugar Inc&document_selection=0&industry_group=A&FromDate=13&FromMonth=05&FromYear=2000&ToDate=13&ToMonth=11&ToYear=2020&Variable=Issuer,1620597426,17:57:06,20210509
80,2000-12-31,RSI.TO,CAD,2000-12-31,2000-12-31,Q4,1000.0,0.0,0.0,0.0,0.0,112000.0,0.0,0.0,112000.0,112000.0,0.0,0.0,-111000.0,-111.0,-111000.0,-111.0,0.0,0.0,0.0,0.0,7888000.0,7888.0,0.19,0.19,41505000,41505000,https://www.sedar.com/ModifyCompanyDocumentSearchForm.do?lang=EN&company_search=Rogers Sugar Inc&document_selection=0&industry_group=A&FromDate=13&FromMonth=05&FromYear=2000&ToDate=13&ToMonth=11&ToYear=2020&Variable=Issuer,https://www.sedar.com/ModifyCompanyDocumentSearchForm.do?lang=EN&company_search=Rogers Sugar Inc&document_selection=0&industry_group=A&FromDate=13&FromMonth=05&FromYear=2000&ToDate=13&ToMonth=11&ToYear=2020&Variable=Issuer,1620597426,17:57:06,20210509
81,2000-09-30,RSI.TO,CAD,2000-09-30,2000-09-30,Q3,-99000.0,0.0,0.0,0.0,0.0,139000.0,0.0,0.0,2304000.0,2304000.0,0.0,0.0,-238000.0,2.404040404040404,-2403000.0,24.272727272727273,-3940000.0,0.0,0.0,0.0,1656000.0,-16.727272727272727,0.01599423280417148,0.01599423280417148,103537320,103537320,https://www.sedar.com/ModifyCompanyDocumentSearchForm.do?lang=EN&company_search=Rogers Sugar Inc&document_selection=0&industry_group=A&FromDate=13&FromMonth=05&FromYear=2000&ToDate=13&ToMonth=11&ToYear=2020&Variable=Issuer,https://www.sedar.com/ModifyCompanyDocumentSearchForm.do?lang=EN&company_search=Rogers Sugar Inc&document_selection=0&industry_group=A&FromDate=13&FromMonth=05&FromYear=2000&ToDate=13&ToMonth=11&ToYear=2020&Variable=Issuer,1620597426,17:57:06,20210509
82,2000-06-30,RSI.TO,CAD,2000-06-30,2000-06-30,Q2,100000.0,0.0,0.0,0.0,0.0,100000.0,0.0,0.0,2300000.0,2300000.0,0.0,2200000.0,0.0,0.0,-2200000.0,-22.0,-3700000.0,0.0,0.0,0.0,2100000.0,21.0,0.05,0.05,42000000,42000000,https://www.sedar.com/ModifyCompanyDocumentSearchForm.do?lang=EN&company_search=Rogers Sugar Inc&document_selection=0&industry_group=A&FromDate=13&FromMonth=05&FromYear=2000&ToDate=13&ToMonth=11&ToYear=2020&Variable=Issuer,https://www.sedar.com/ModifyCompanyDocumentSearchForm.do?lang=EN&company_search=Rogers Sugar Inc&document_selection=0&industry_group=A&FromDate=13&FromMonth=05&FromYear=2000&ToDate=13&ToMonth=11&ToYear=2020&Variable=Issuer,1620597426,17:57:06,20210509
83,2000-03-31,RSI.TO,CAD,2000-03-31,2000-03-31,Q1,100000.0,0.0,0.0,0.0,0.0,100000.0,0.0,0.0,2300000.0,2300000.0,0.0,2100000.0,-100000.0,-1.0,-2200000.0,-22.0,-4100000.0,0.0,0.0,0.0,1600000.0,16.0,0.04,0.04,40000000,40000000,https://www.sedar.com/ModifyCompanyDocumentSearchForm.do?lang=EN&company_search=Rogers Sugar Inc&document_selection=0&industry_group=A&FromDate=13&FromMonth=05&FromYear=2000&ToDate=13&ToMonth=11&ToYear=2020&Variable=Issuer,https://www.sedar.com/ModifyCompanyDocumentSearchForm.do?lang=EN&company_search=Rogers Sugar Inc&document_selection=0&industry_group=A&FromDate=13&FromMonth=05&FromYear=2000&ToDate=13&ToMonth=11&ToYear=2020&Variable=Issuer,1620597426,17:57:06,20210509
84,1999-12-31,RSI.TO,CAD,1999-12-31,1999-12-31,Q4,100000.0,0.0,0.0,0.0,0.0,100000.0,0.0,0.0,2300000.0,2300000.0,0.0,2200000.0,0.0,0.0,-2200000.0,-22.0,10200000.0,0.0,0.0,0.0,7800000.0,78.0,0.19,0.19,41052632,41052632,https://www.sedar.com/ModifyCompanyDocumentSearchForm.do?lang=EN&company_search=Rogers Sugar Inc&document_selection=0&industry_group=A&FromDate=13&FromMonth=05&FromYear=2000&ToDate=13&ToMonth=11&ToYear=2020&Variable=Issuer,https://www.sedar.com/ModifyCompanyDocumentSearchForm.do?lang=EN&company_search=Rogers Sugar Inc&document_selection=0&industry_group=A&FromDate=13&FromMonth=05&FromYear=2000&ToDate=13&ToMonth=11&ToYear=2020&Variable=Issuer,1620597426,17:57:06,20210509
85,1999-09-30,RSI.TO,CAD,1999-09-30,1999-09-30,Q3,100000.0,0.0,0.0,0.0,0.0,100000.0,0.0,0.0,2200000.0,2200000.0,0.0,2100000.0,0.0,0.0,-2100000.0,-21.0,34600000.0,0.0,0.0,0.0,32300000.0,323.0,0.31196480650648484,0.31196480650648484,103537320,103537320,https://www.sedar.com/ModifyCompanyDocumentSearchForm.do?lang=EN&company_search=Rogers Sugar Inc&document_selection=0&industry_group=A&FromDate=13&FromMonth=05&FromYear=2000&ToDate=13&ToMonth=11&ToYear=2020&Variable=Issuer,https://www.sedar.com/ModifyCompanyDocumentSearchForm.do?lang=EN&company_search=Rogers Sugar Inc&document_selection=0&industry_group=A&FromDate=13&FromMonth=05&FromYear=2000&ToDate=13&ToMonth=11&ToYear=2020&Variable=Issuer,1620597426,17:57:06,20210509
86,1999-06-30,RSI.TO,CAD,1999-06-30,1999-06-30,Q2,100000.0,0.0,0.0,0.0,0.0,100000.0,0.0,0.0,2300000.0,2300000.0,0.0,2200000.0,0.0,0.0,-2200000.0,-22.0,1000000.0,0.0,0.0,0.0,-1300000.0,-13.0,-0.03,-0.03,43333333,43333333,https://www.sedar.com/ModifyCompanyDocumentSearchForm.do?lang=EN&company_search=Rogers Sugar Inc&document_selection=0&industry_group=A&FromDate=13&FromMonth=05&FromYear=2000&ToDate=13&ToMonth=11&ToYear=2020&Variable=Issuer,https://www.sedar.com/ModifyCompanyDocumentSearchForm.do?lang=EN&company_search=Rogers Sugar Inc&document_selection=0&industry_group=A&FromDate=13&FromMonth=05&FromYear=2000&ToDate=13&ToMonth=11&ToYear=2020&Variable=Issuer,1620597426,17:57:06,20210509
87,1999-03-31,RSI.TO,CAD,1999-03-31,1999-03-31,Q1,100000.0,0.0,0.0,0.0,0.0,100000.0,0.0,0.0,2200000.0,2200000.0,0.0,2100000.0,0.0,0.0,-2100000.0,-21.0,2700000.0,0.0,0.0,0.0,500000.0,5.0,0.01,0.01,50000000,50000000,https://www.sedar.com/ModifyCompanyDocumentSearchForm.do?lang=EN&company_search=Rogers Sugar Inc&document_selection=0&industry_group=A&FromDate=13&FromMonth=05&FromYear=2000&ToDate=13&ToMonth=11&ToYear=2020&Variable=Issuer,https://www.sedar.com/ModifyCompanyDocumentSearchForm.do?lang=EN&company_search=Rogers Sugar Inc&document_selection=0&industry_group=A&FromDate=13&FromMonth=05&FromYear=2000&ToDate=13&ToMonth=11&ToYear=2020&Variable=Issuer,1620597426,17:57:06,20210509
88,1998-12-31,RSI.TO,CAD,1998-12-31,1998-12-31,Q4,100000.0,0.0,0.0,0.0,0.0,200000.0,0.0,0.0,2400000.0,2400000.0,0.0,2200000.0,-100000.0,-1.0,-2300000.0,-23.0,6500000.0,0.0,0.0,0.0,4200000.0,42.0,0.1,0.1,42000000,42000000,https://www.sedar.com/ModifyCompanyDocumentSearchForm.do?lang=EN&company_search=Rogers Sugar Inc&document_selection=0&industry_group=A&FromDate=13&FromMonth=05&FromYear=2000&ToDate=13&ToMonth=11&ToYear=2020&Variable=Issuer,https://www.sedar.com/ModifyCompanyDocumentSearchForm.do?lang=EN&company_search=Rogers Sugar Inc&document_selection=0&industry_group=A&FromDate=13&FromMonth=05&FromYear=2000&ToDate=13&ToMonth=11&ToYear=2020&Variable=Issuer,1620597426,17:57:06,20210509
89,1998-09-30,RSI.TO,CAD,1998-09-30,1998-09-30,Q3,0.0,0.0,0.0,0.0,0.0,100000.0,0.0,0.0,2300000.0,2300000.0,0.0,2200000.0,-100000.0,0.0,-2300000.0,0.0,7000000.0,0.0,0.0,0.0,4700000.0,0.0,0.04539425977029345,0.04539425977029345,103537320,103537320,https://www.sedar.com/ModifyCompanyDocumentSearchForm.do?lang=EN&company_search=Rogers Sugar Inc&document_selection=0&industry_group=A&FromDate=13&FromMonth=05&FromYear=2000&ToDate=13&ToMonth=11&ToYear=2020&Variable=Issuer,https://www.sedar.com/ModifyCompanyDocumentSearchForm.do?lang=EN&company_search=Rogers Sugar Inc&document_selection=0&industry_group=A&FromDate=13&FromMonth=05&FromYear=2000&ToDate=13&ToMonth=11&ToYear=2020&Variable=Issuer,1620597426,17:57:06,20210509
90,1998-06-30,RSI.TO,CAD,1998-06-30,1998-06-30,Q2,100000.0,0.0,0.0,0.0,0.0,100000.0,0.0,0.0,2300000.0,2300000.0,0.0,2200000.0,0.0,0.0,-2200000.0,-22.0,5700000.0,0.0,0.0,0.0,3500000.0,35.0,0.08,0.08,43750000,43750000,https://www.sedar.com/ModifyCompanyDocumentSearchForm.do?lang=EN&company_search=Rogers Sugar Inc&document_selection=0&industry_group=A&FromDate=13&FromMonth=05&FromYear=2000&ToDate=13&ToMonth=11&ToYear=2020&Variable=Issuer,https://www.sedar.com/ModifyCompanyDocumentSearchForm.do?lang=EN&company_search=Rogers Sugar Inc&document_selection=0&industry_group=A&FromDate=13&FromMonth=05&FromYear=2000&ToDate=13&ToMonth=11&ToYear=2020&Variable=Issuer,1620597426,17:57:06,20210509
91,1998-03-31,RSI.TO,CAD,1998-03-31,1998-03-31,Q1,100000.0,0.0,0.0,0.0,0.0,100000.0,0.0,0.0,2200000.0,2200000.0,0.0,2100000.0,0.0,0.0,-2100000.0,-21.0,5000000.0,0.0,0.0,0.0,2800000.0,28.0,0.07,0.07,40000000,40000000,https://www.sedar.com/ModifyCompanyDocumentSearchForm.do?lang=EN&company_search=Rogers Sugar Inc&document_selection=0&industry_group=A&FromDate=13&FromMonth=05&FromYear=2000&ToDate=13&ToMonth=11&ToYear=2020&Variable=Issuer,https://www.sedar.com/ModifyCompanyDocumentSearchForm.do?lang=EN&company_search=Rogers Sugar Inc&document_selection=0&industry_group=A&FromDate=13&FromMonth=05&FromYear=2000&ToDate=13&ToMonth=11&ToYear=2020&Variable=Issuer,1620597426,17:57:06,20210509
92,1997-12-31,RSI.TO,CAD,1997-12-31,1997-12-31,Q4,100000.0,0.0,0.0,0.0,0.0,0.0,0.0,0.0,2000000.0,2000000.0,0.0,2000000.0,100000.0,1.0,-1900000.0,-19.0,7700000.0,0.0,0.0,0.0,5600000.0,56.0,0.14,0.14,40000000,40000000,https://www.sedar.com/ModifyCompanyDocumentSearchForm.do?lang=EN&company_search=Rogers Sugar Inc&document_selection=0&industry_group=A&FromDate=13&FromMonth=05&FromYear=2000&ToDate=13&ToMonth=11&ToYear=2020&Variable=Issuer,https://www.sedar.com/ModifyCompanyDocumentSearchForm.do?lang=EN&company_search=Rogers Sugar Inc&document_selection=0&industry_group=A&FromDate=13&FromMonth=05&FromYear=2000&ToDate=13&ToMonth=11&ToYear=2020&Variable=Issuer,1620597426,17:57:06,20210509
