,date,symbol,reportedCurrency,fillingDate,acceptedDate,period,revenue,costOfRevenue,grossProfit,grossProfitRatio,researchAndDevelopmentExpenses,generalAndAdministrativeExpenses,sellingAndMarketingExpenses,otherExpenses,operatingExpenses,costAndExpenses,interestExpense,depreciationAndAmortization,ebitda,ebitdaratio,operatingIncome,operatingIncomeRatio,totalOtherIncomeExpensesNet,incomeBeforeTax,incomeBeforeTaxRatio,incomeTaxExpense,netIncome,netIncomeRatio,eps,epsdiluted,weightedAverageShsOut,weightedAverageShsOutDil,link,finalLink,timestamp,est_time,est_date
0,2020-10-31,VSTR,USD,2020-12-15,2020-12-15 11:56:18,Q2,731164.0,283205.0,447959.0,0.6126655579322833,0.0,29680.0,4681.0,-13281.0,393599.0,393599.0,13281.0,0.0,54360.0,0.0743472052781592,54360.0,0.0743472052781592,-13.281,41079.0,0.056183017763456626,0.0,30022.0,0.04106055549780897,3.61157094254744e-05,3.61157094254744e-05,831272609,831272609,https://www.sec.gov/Archives/edgar/data/1414767/000172186820000626/0001721868-20-000626-index.htm,https://www.sec.gov/Archives/edgar/data/1414767/000172186820000626/vstr10q121320.htm,1620599656,18:34:16,20210509
1,2020-07-31,VSTR,USD,2020-09-21,2020-09-21 15:58:59,Q1,1762322.0,431019.0,1331303.0,0.7554255124772885,0.0,37038.0,4101.0,1100221.0,1278808.0,1278808.0,10283.0,0.0,52495.0,0.0297874054798,52495.0,0.029787405479815832,-10283.0,42212.0,0.023952489953595314,11341.0,30871.0,0.017517230108913127,3.713703503010527e-05,3.713703503010527e-05,831272609,831272609,https://www.sec.gov/Archives/edgar/data/1414767/000172186820000420/0001721868-20-000420-index.htm,https://www.sec.gov/Archives/edgar/data/1414767/000172186820000420/f2svstr10q092020.htm,1620599656,18:34:16,20210509
2,2020-04-30,VSTR,USD,2020-04-30,2020-04-30,Q4,160428.0,2895.0,157533.0,0.981954521654574,0.0,31806.0,0.0,3198.0,186714.0,186714.0,4576.0,0.0,-29181.0,-0.181894681726,-29181.0,-0.18189468172638193,-708068.0,-737249.0,-4.595513252050764,180000.0,-557249.0,-3.4735145984491487,-0.00069,-0.00069,804568578,804568578,,,1620599656,18:34:16,20210509
3,2020-01-31,VSTR,USD,2020-03-16 00:00:00,2020-03-16 08:31:03,Q3,757405.0,3362.0,754043.0,0.995561159485348,0.0,7658.0,0.0,3063.0,154180.0,154180.0,4689.0,0.0,599863.0,0.791997676276,599863.0,0.7919976762762326,-4689.0,595174.0,0.7858068008529122,0.0,595174.0,0.7858068008529122,0.00074,0.00074,804568578,804568578,https://www.sec.gov/Archives/edgar/data/1414767/000172186820000140/0001721868-20-000140-index.html,https://www.sec.gov/Archives/edgar/data/1414767/000172186820000140/f2svstr10q031220.htm,1620599656,18:34:16,20210509
4,2019-10-31,VSTR,USD,2019-12-16 00:00:00,2019-12-16 08:34:17,Q2,716993.0,2482.0,714511.0,0.9965383204578009,0.0,29903.0,0.0,3063.0,167179.0,167179.0,4881.0,0.0,547332.0,0.763371469456,547332.0,0.7633714694564661,-4881.0,542451.0,0.7565638716138093,0.0,542451.0,0.7565638716138093,0.00069,0.00069,791529063,791529063,https://www.sec.gov/Archives/edgar/data/1414767/000172186819000585/0001721868-19-000585-index.html,https://www.sec.gov/Archives/edgar/data/1414767/000172186819000585/f2svstr10q121319.htm,1620599656,18:34:16,20210509
5,2019-07-31,VSTR,USD,2019-08-05 00:00:00,2019-08-05 14:57:57,Q1,118732.0,2366.0,116366.0,0.9800727689249739,0.0,3380.0,0.0,3539.0,87158.0,87158.0,4733.0,0.0,29208.0,0.245999393592,29208.0,0.2459993935922919,-4733.0,24475.0,0.20613650911296028,0.0,24475.0,0.20613650911296028,3e-05,3e-05,752549783,752549783,https://www.sec.gov/Archives/edgar/data/1414767/000172186819000369/0001721868-19-000369-index.html,https://www.sec.gov/Archives/edgar/data/1414767/000172186819000369/f2svstr10k080219.htm,1620599656,18:34:16,20210509
6,2019-04-30,VSTR,USD,2019-04-30,2019-04-30,Q4,731617.0,-1139.0,732756.0,1.0015568254974938,0.0,15333.0,0.0,3245.0,103366.0,103366.0,4594.0,0.0,629390.0,0.860272519638,629390.0,0.8602725196380073,-27594.0,601796.0,0.8225560641701875,3745.0,598051.0,0.8174372656731596,0.00081,0.00081,741721963,741721963,,,1620599656,18:34:16,20210509
7,2019-01-31,VSTR,USD,2019-03-18 00:00:00,2019-03-18 09:01:01,Q3,121355.0,13634.0,107721.0,0.887651930287174,0.0,-95006.0,0.0,15273.0,90173.0,90173.0,5157.0,0.0,17548.0,0.144600552099,17548.0,0.14460055209921305,-5157.0,12391.0,0.10210539326768571,0.0,12391.0,0.10210539326768571,2e-05,2e-05,739049963,739049963,https://www.sec.gov/Archives/edgar/data/1414767/000172186819000119/0001721868-19-000119-index.html,https://www.sec.gov/Archives/edgar/data/1414767/000172186819000119/f2svstr10q031519.htm,1620599656,18:34:16,20210509
8,2018-10-31,VSTR,USD,2018-12-17 00:00:00,2018-12-17 13:11:27,Q2,68722.0,8124.0,60598.0,0.8817845813567707,0.0,57892.0,0.0,0.0,78223.0,78223.0,4630.0,0.0,-17625.0,-0.256468088822,-17625.0,-0.2564680888216292,-2730.0,-20355.0,-0.29619335874974534,0.0,-20355.0,-0.29619335874974534,-3e-05,-3e-05,735127838,735127838,https://www.sec.gov/Archives/edgar/data/1414767/000172186818000759/0001721868-18-000759-index.html,https://www.sec.gov/Archives/edgar/data/1414767/000172186818000759/f2svstr10q121418.htm,1620599656,18:34:16,20210509
9,2018-07-31,VSTR,USD,2018-09-10 00:00:00,2018-09-10 15:43:25,Q1,91918.0,4579.0,87339.0,0.9501838595269697,0.0,76003.0,0.0,0.0,92219.0,92219.0,5027.0,0.0,-4880.0,-0.0530907983202,-4880.0,-0.05309079832024195,-2327.0,-7207.0,-0.0784068408799147,0.0,-7207.0,-0.0784068408799147,-1e-05,-1e-05,731937009,731937009,https://www.sec.gov/Archives/edgar/data/1414767/000172186818000599/0001721868-18-000599-index.html,https://www.sec.gov/Archives/edgar/data/1414767/000172186818000599/f2svstr10q091018.htm,1620599656,18:34:16,20210509
10,2018-04-30,VSTR,USD,2018-07-30 00:00:00,2018-07-30 15:24:26,Q4,41051.0,8975.0,32076.0,0.7813695159679424,0.0,43216.0,0.0,0.0,60720.0,60720.0,7281.0,0.0,-28644.0,-0.697766193272,-28644.0,-0.6977661932717839,87928.0,59284.0,1.444154831794597,0.0,59284.0,1.444154831794597,9e-05,9e-05,637660247,637660247,https://www.sec.gov/Archives/edgar/data/1414767/000172186818000523/0001721868-18-000523-index.html,https://www.sec.gov/Archives/edgar/data/1414767/000172186818000523/f2svstr10k072718.htm,1620599656,18:34:16,20210509
11,2018-01-31,VSTR,USD,2018-03-19 00:00:00,2018-03-19 13:29:13,Q3,44068.0,14910.0,29158.0,0.6616592538803667,0.0,24820.0,0.0,0.0,51207.0,51207.0,6163.0,0.0,-22049.0,-0.500340383044,-22049.0,-0.500340383044386,-9613.0,-31662.0,-0.7184805300898611,0.0,-31662.0,-0.7184805300898611,-5e-05,-5e-05,607249652,607249652,https://www.sec.gov/Archives/edgar/data/1414767/000172186818000190/0001721868-18-000190-index.html,https://www.sec.gov/Archives/edgar/data/1414767/000172186818000190/f2svstr10q031618.htm,1620599656,18:34:16,20210509
12,2017-10-31,VSTR,USD,2017-12-14 00:00:00,2017-12-14 14:31:35,Q2,24119.0,0.0,24119.0,1.0,0.0,10920.0,0.0,0.0,10920.0,97232.0,26997.0,0.0,-73113.0,-3.03134458311,-73113.0,-3.0313445831087527,285262.0,212149.0,8.795928521082963,0.0,212149.0,8.795928521082963,0.00038,0.00038,559841092,559841092,https://www.sec.gov/Archives/edgar/data/1414767/000172186817000157/0001721868-17-000157-index.html,https://www.sec.gov/Archives/edgar/data/1414767/000172186817000157/f2vstr10q121317.htm,1620599656,18:34:16,20210509
13,2017-07-31,VSTR,USD,2017-09-08 00:00:00,2017-09-08 15:36:13,Q1,1933.0,0.0,1933.0,1.0,0.0,70181.0,0.0,0.0,70181.0,70181.0,29049.0,0.0,-68248.0,-35.3067770305,-68248.0,-35.306777030522504,-40394.0,-108642.0,-56.20382824624935,0.0,-108642.0,-56.20382824624935,-0.0002,-0.0002,533572308,533572308,https://www.sec.gov/Archives/edgar/data/1414767/000072174817000628/0000721748-17-000628-index.html,https://www.sec.gov/Archives/edgar/data/1414767/000072174817000628/vstr10k090117.htm,1620599656,18:34:16,20210509
14,2017-04-30,VSTR,USD,2017-05-26 00:00:00,2017-05-26 17:09:45,Q4,11099.0,0.0,11099.0,1.0,0.0,61043.0,0.0,0.0,61043.0,156308.0,28567.0,95265.0,36790.0,3.3147130372105593,-58475.0,-5.268492656996126,-120306.0,-337553.0,-30.412920082890352,0.0,-337553.0,-30.412920082890352,-0.00066,-0.00066,512195042,512195042,https://www.sec.gov/Archives/edgar/data/1414767/000072174817000376/0000721748-17-000376-index.html,https://www.sec.gov/Archives/edgar/data/1414767/000072174817000376/vstr10q052517.htm,1620599656,18:34:16,20210509
15,2017-01-31,VSTR,USD,2017-02-14 00:00:00,2017-02-14 17:37:32,Q3,736.0,0.0,736.0,1.0,0.0,46268.0,0.0,0.0,46268.0,138533.0,28541.0,95265.0,-71073.0,-96.56657608695652,-166338.0,-226.00271739130434,0.0,-166338.0,-226.00271739130434,0.0,-166338.0,-226.00271739130434,-0.00033,-0.00033,508507246,508507246,https://www.sec.gov/Archives/edgar/data/1414767/000072174817000099/0000721748-17-000099-index.html,https://www.sec.gov/Archives/edgar/data/1414767/000072174817000099/vstr10q021317.htm,1620599656,18:34:16,20210509
16,2016-10-31,VSTR,USD,2016-10-31,2016-10-31,Q2,5932.0,0.0,5932.0,1.0,0.0,39745.0,0.0,0.0,39745.0,138010.0,29219.0,95265.0,-66032.0,-11.131490222521915,-161297.0,-27.1909979770735,0.0,-161297.0,-27.1909979770735,0.0,-161297.0,-27.1909979770735,-0.00032,-0.00032,508000000,508000000,,,1620599656,18:34:16,20210509
17,2016-07-31,VSTR,USD,2016-07-31,2016-07-31,Q1,3741.0,0.0,3741.0,1.0,0.0,42435.0,0.0,0.0,42435.0,137700.0,28974.0,95265.0,-67668.0,-18.08821170809944,-162933.0,-43.553327987169205,0.0,-162933.0,-43.553327987169205,0.0,-162933.0,-43.553327987169205,-0.00032,-0.00032,508000000,508000000,,,1620599656,18:34:16,20210509
18,2016-04-30,VSTR,USD,2016-04-30,2016-04-30,Q4,2247.0,380.0,1867.0,0.8308856252781487,0.0,47679.0,0.0,0.0,47679.0,143324.0,27961.0,95265.0,-88773.0,-39.50734312416555,-184038.0,-81.90387182910547,0.0,-184038.0,-81.90387182910547,0.0,-184038.0,-81.90387182910547,-0.0003622795275590551,-0.0003636878967686337,508000000,506032787,,,1620599656,18:34:16,20210509
19,2016-01-31,VSTR,USD,2016-01-31,2016-01-31,Q3,3259.0,0.0,3259.0,1.0,0.0,45438.0,0.0,0.0,45438.0,140703.0,28635.0,95265.0,-70814.0,-21.72875115065971,-166079.0,-50.96011046333231,0.0,-166079.0,-50.96011046333231,0.0,-166079.0,-50.96011046333231,-0.00032692716535433073,-0.0003286146767574774,508000000,505391304,,,1620599656,18:34:16,20210509
20,2015-10-31,VSTR,USD,2015-10-31,2015-10-31,Q2,15763.0,109608.0,-93845.0,-5.953498699486138,0.0,57728.0,0.0,0.0,57728.0,262601.0,57040.0,95265.0,-180149.0,-11.428598617014528,-275414.0,-17.472181691302417,0.0,-275414.0,-17.472181691302417,0.0,-275414.0,-17.472181691302417,-0.00054,-0.00054,506000000,506000000,,,1620599656,18:34:16,20210509
21,2015-07-31,VSTR,USD,2015-07-31,2015-07-31,Q1,23609.0,5876.0,17733.0,0.7511118641196154,0.0,104347.0,0.0,0.0,104347.0,205488.0,0.0,95265.0,-115078.0,-4.874327586937185,-210343.0,-8.909441314752849,0.0,-210343.0,-8.909441314752849,0.0,-210343.0,-8.909441314752849,-0.00042,-0.00042,506000000,506000000,,,1620599656,18:34:16,20210509
22,2015-04-30,VSTR,USD,2015-07-24 00:00:00,2015-07-24 16:50:25,Q4,-145657.0,29058.0,-174715.0,1.1994960763986626,0.0,137363.0,0.0,1486.0,138849.0,261686.0,124309.0,95265.0,-355287.0,2.4392030592419176,-450552.0,3.0932395971357365,0.0,-450552.0,3.0932395971357365,0.0,-450552.0,3.0932395971357365,-0.0009,-0.0009,500000000,500000000,https://www.sec.gov/Archives/edgar/data/1414767/000072174815000559/0000721748-15-000559-index.html,https://www.sec.gov/Archives/edgar/data/1414767/000072174815000559/vstr10q072315.htm,1620599656,18:34:16,20210509
23,2015-01-31,VSTR,USD,2015-01-31,2015-01-31,Q3,182845.0,27070.0,155775.0,0.8519511061281413,0.0,226021.0,0.0,0.0,226021.0,348356.0,-35174.0,96738.0,-224306.0,-1.2267549016926906,-321044.0,-1.7558259728185075,0.0,-324044.0,-1.7722333123683995,0.0,-321044.0,-1.7558259728185075,-0.00064,-0.00064,500000000,500000000,,,1620599656,18:34:16,20210509
24,2014-10-31,VSTR,USD,2014-12-22 00:00:00,2014-12-22 17:20:10,Q2,39768.0,10175.0,29593.0,0.7441410179038422,0.0,106497.0,0.0,0.0,106497.0,148427.0,-7090.0,33405.0,165266.0,4.155753369543351,131861.0,3.31575638704486,0.0,134861.0,3.391193924763629,0.0,131861.0,3.31575638704486,0.00026,0.00026,500000000,500000000,https://www.sec.gov/Archives/edgar/data/1414767/000101738614000327/0001017386-14-000327-index.html,https://www.sec.gov/Archives/edgar/data/1414767/000101738614000327/vst_2014oct31-10q.htm,1620599656,18:34:16,20210509
25,2014-07-31,VSTR,USD,2014-08-18 00:00:00,2014-08-18 17:28:18,Q1,16676.0,259.0,16417.0,0.9844686975293836,0.0,186114.0,0.0,0.0,186114.0,186373.0,-5279.0,177.0,154244.0,9.249460302230752,154067.0,9.238846246102183,0.0,154067.0,9.238846246102183,0.0,154067.0,9.238846246102183,0.00031,0.00031,500000000,500000000,https://www.sec.gov/Archives/edgar/data/1414767/000101738614000218/0001017386-14-000218-index.html,https://www.sec.gov/Archives/edgar/data/1414767/000101738614000218/vstr_2014apr30-10k.htm,1620599656,18:34:16,20210509
26,2014-04-30,VSTR,USD,2014-04-30,2014-04-30,Q4,-1155.0,182.0,-1337.0,1.1575757575757575,0.0,-2483.0,0.0,0.0,-2483.0,15939.0,4457.0,0.0,-3311.0,2.86666666667,-3311.0,2.8666666666666667,0.0,-3311.0,2.8666666666666667,0.0,-3311.0,2.8666666666666667,-1e-05,-1e-05,500000000,500000000,,,1620599656,18:34:16,20210509
27,2014-01-31,VSTR,USD,2014-01-31,2014-01-31,Q3,2268.0,263.0,2005.0,0.8840388007054674,0.0,9238.0,0.0,0.0,9238.0,9501.0,4356.0,0.0,-11589.0,-5.10978835979,-11589.0,-5.10978835978836,0.0,-11589.0,-5.10978835978836,0.0,-11589.0,-5.10978835978836,-2e-05,-2e-05,500000000,500000000,,,1620599656,18:34:16,20210509
28,2013-10-31,VSTR,USD,2013-12-23 00:00:00,2013-12-23 12:16:31,Q2,1420.0,148.0,1272.0,0.895774647887324,0.0,1210.0,0.0,0.0,1210.0,1358.0,4945.0,0.0,-4883.0,-3.43873239437,-4883.0,-3.4387323943661974,0.0,-4883.0,-3.4387323943661974,0.0,-4883.0,-3.4387323943661974,-1e-05,-1e-05,500000000,500000000,https://www.sec.gov/Archives/edgar/data/1414767/000101738613000322/0001017386-13-000322-index.html,https://www.sec.gov/Archives/edgar/data/1414767/000101738613000322/vst_2013oct31-10q.htm,1620599656,18:34:16,20210509
29,2013-07-31,VSTR,USD,2013-09-16 00:00:00,2013-09-16 17:06:03,Q1,2146.0,649.0,1497.0,0.6975768872320597,0.0,5217.0,0.0,0.0,5217.0,5866.0,4482.0,0.0,-8202.0,-3.8219944082,-8202.0,-3.821994408201305,0.0,-8202.0,-3.821994408201305,0.0,-8202.0,-3.821994408201305,-2e-05,-2e-05,500000000,500000000,https://www.sec.gov/Archives/edgar/data/1414767/000101738613000233/0001017386-13-000233-index.html,https://www.sec.gov/Archives/edgar/data/1414767/000101738613000233/vst_2013july31-10q.htm,1620599656,18:34:16,20210509
