,date,symbol,reportedCurrency,fillingDate,acceptedDate,period,revenue,costOfRevenue,grossProfit,grossProfitRatio,researchAndDevelopmentExpenses,generalAndAdministrativeExpenses,sellingAndMarketingExpenses,otherExpenses,operatingExpenses,costAndExpenses,interestExpense,depreciationAndAmortization,ebitda,ebitdaratio,operatingIncome,operatingIncomeRatio,totalOtherIncomeExpensesNet,incomeBeforeTax,incomeBeforeTaxRatio,incomeTaxExpense,netIncome,netIncomeRatio,eps,epsdiluted,weightedAverageShsOut,weightedAverageShsOutDil,link,finalLink,timestamp,est_time,est_date
0,2020-03-31,IACID,USD,2020-05-08,2020-05-08 16:10:25,Q1,1228765000,323221000,905544000.0,0.736954584481166,105733000.0,-176676000.0,432697000.0,58464000.0,852915000.0,1406545000,44866000.0,76900000.0,-100880000.0,-0.08209869258971406,-177780000.0,-0.1446818553588359,-49893000.0,-272539000.0,-0.22179912351019113,-89896000.0,-211040000.0,-0.17174968362542878,-2.48754,-2.48754,84839000,84839000,https://www.sec.gov/Archives/edgar/data/891103/000089110320000008/0000891103-20-000008-index.htm,https://www.sec.gov/Archives/edgar/data/891103/000089110320000008/iac-2020331x10q.htm,1620593358,16:49:18,20210509
1,2019-12-31,IACID,USD,2020-02-28,2020-02-27 18:10:39,Q4,1217680000,294575000,923105000.0,0.7580850469745746,91503000.0,-130840000.0,372780000.0,64016000.0,770239000.0,1056382000,43082000.0,52266000.0,213564000.0,0.17538597989619603,161298000.0,0.13246337297155247,18889000.0,137105000.0,0.11259526312331647,12833000.0,100425000.0,0.08247240654359109,1.1918325203830953,1.1153004675543907,84261000,90043000,https://www.sec.gov/Archives/edgar/data/891103/000089110320000004/0000891103-20-000004-index.htm,https://www.sec.gov/Archives/edgar/data/891103/000089110320000004/iac-20191231x10k.htm,1620593358,16:49:18,20210509
2,2019-09-30,IACID,USD,2019-11-07,2019-11-07 16:32:18,Q3,1246874000,296385000,950489000.0,0.7622975537223489,86600000.0,-216001000.0,423881000.0,52263000.0,770624000.0,1061022000,42132000.0,46276000.0,232128000.0,0.18616796885651637,185852000.0,0.14905435513131238,1229000.0,144949000.0,0.11624991779442029,-47319000.0,128544000.0,0.10309301501194186,1.5276123925986667,1.4291241411513576,84147000,89946000,https://www.sec.gov/Archives/edgar/data/891103/000089110319000020/0000891103-19-000020-index.htm,https://www.sec.gov/Archives/edgar/data/891103/000089110319000020/iac-2019930x10q.htm,1620593358,16:49:18,20210509
3,2019-06-30,IACID,USD,2019-08-09,2019-08-08 19:10:10,Q2,1186658000,276389000,910269000.0,0.7670862202926201,78614000.0,-185588000.0,411102000.0,66882000.0,782112000.0,1032348000,37206000.0,40729000.0,195039000.0,0.1643599082465209,154310000.0,0.13003746656576706,45972000.0,163076000.0,0.1374245991684209,16285000.0,113467000.0,0.09561895676766179,1.3504278590385965,1.2575586292503436,84023000,90228000,https://www.sec.gov/Archives/edgar/data/891103/000089110319000015/0000891103-19-000015-index.htm,https://www.sec.gov/Archives/edgar/data/891103/000089110319000015/iac-2019630x10q.htm,1620593358,16:49:18,20210509
4,2019-03-31,IACID,USD,2019-05-09,2019-05-09 16:23:33,Q1,1105843000,260071000,845772000.0,0.7648210460255208,88700000.0,-208244000.0,421860000.0,67444000.0,791620000.0,1025970000,31143000.0,41723000.0,121596000.0,0.10995774264520371,79873000.0,0.07222815535297505,651000.0,49381000.0,0.044654620954330766,-63604000.0,88695000.0,0.08020577966311673,1.0570883737560337,0.9817910117334514,83905000,90340000,https://www.sec.gov/Archives/edgar/data/891103/000089110319000009/0000891103-19-000009-index.htm,https://www.sec.gov/Archives/edgar/data/891103/000089110319000009/iac-2019331x10q.htm,1620593358,16:49:18,20210509
5,2018-12-31,IACID,USD,2019-03-01,2019-03-01 17:10:16,Q4,1104103000,253722000,850381000.0,0.7702007874265354,79207000.0,-149517000.0,360146000.0,132283000.0,782265000.0,970183000,27856000.0,66479000.0,200399000.0,0.18150389954560397,133920000.0,0.12129303153781848,131111000.0,237175000.0,0.21481238616324744,19711000.0,191752000.0,0.17367220268398872,2.298991691344851,2.099735003613587,83407000,91322000,https://www.sec.gov/Archives/edgar/data/891103/000089110319000006/0000891103-19-000006-index.htm,https://www.sec.gov/Archives/edgar/data/891103/000089110319000006/iac-20181231x10k.htm,1620593358,16:49:18,20210509
6,2018-09-30,IACID,USD,2018-11-09,2018-11-09 08:25:56,Q3,1104592000,237238000,867354000.0,0.7852256760867361,77740000.0,-195899000.0,386802000.0,110214000.0,765659000.0,931760000,27610000.0,39077000.0,211909000.0,0.19184368527021742,172832000.0,0.15646682213885307,8113000.0,153335000.0,0.13881596100641685,2355000.0,145774000.0,0.1319708996624998,1.7491060929663316,1.5945874991795927,83342000,91418000,https://www.sec.gov/Archives/edgar/data/891103/000089110318000016/0000891103-18-000016-index.htm,https://www.sec.gov/Archives/edgar/data/891103/000089110318000016/iac-2018930x10q.htm,1620593358,16:49:18,20210509
7,2018-06-30,IACID,USD,2018-08-09,2018-08-09 16:27:42,Q2,1059122000,218224000,840898000.0,0.793957636608436,75445000.0,-181297000.0,369660000.0,172779000.0,806247000.0,890685000,27356000.0,38993000.0,207430000.0,0.19585090291769974,168437000.0,0.15903455881380993,171141000.0,312222000.0,0.2947932343960375,31368000.0,218353000.0,0.20616416239111263,2.621410391855551,2.4065179535785926,83296000,90734000,https://www.sec.gov/Archives/edgar/data/891103/000089110318000013/0000891103-18-000013-index.htm,https://www.sec.gov/Archives/edgar/data/891103/000089110318000013/iac-2018630x10q.htm,1620593358,16:49:18,20210509
8,2018-03-31,IACID,USD,2018-05-10,2018-05-10 16:31:08,Q1,995075000,201962000,793113000.0,0.7970384141898852,76937000.0,-218648000.0,402832000.0,59082000.0,723035000.0,905125000,26505000.0,39210000.0,129160000.0,0.12979926136220887,89950000.0,0.09039519634198427,-4619000.0,58826000.0,0.05911715197346934,-29013000.0,71082000.0,0.07143381152174459,0.8565850836918405,0.7980554401643669,82983000,89069000,https://www.sec.gov/Archives/edgar/data/891103/000089110318000006/0000891103-18-000006-index.htm,https://www.sec.gov/Archives/edgar/data/891103/000089110318000006/iac-2018331x10q.htm,1620593358,16:49:18,20210509
9,2017-12-31,IACID,USD,2018-03-01,2018-03-01 16:31:10,Q4,950585000,199727000,750858000.0,0.7898904358894786,70044000.0,-167967000.0,357827000.0,114020000.0,731751000.0,856225000,30739000.0,38767000.0,133127000.0,0.1400474444684063,94360000.0,0.09926518933078052,-8513000.0,55108000.0,0.05797272206062583,31759000.0,32804000.0,0.03450927586696613,0.40959432631197795,0.384527019106787,80089000,85310000,https://www.sec.gov/Archives/edgar/data/891103/000089110318000003/0000891103-18-000003-index.htm,https://www.sec.gov/Archives/edgar/data/891103/000089110318000003/iac-20171231x10k.htm,1620593358,16:49:18,20210509
10,2017-09-30,IACID,USD,2017-11-09,2017-11-09 16:19:29,Q3,828434000,166290000,662144000.0,0.7992718792323831,70645000.0,-117299000.0,352879000.0,268530000.0,927634000.0,847023000,25036000.0,21629000.0,3040000.0,0.003669574160403846,-18589000.0,-0.022438721732811546,-10216000.0,-53841000.0,-0.06499129683233668,322809000.0,179643000.0,0.21684648384783822,2.2633899885345663,2.1259023455066153,79369000,84502000,https://www.sec.gov/Archives/edgar/data/891103/000089110317000022/0000891103-17-000022-index.htm,https://www.sec.gov/Archives/edgar/data/891103/000089110317000022/iac-2017930x10q.htm,1620593358,16:49:18,20210509
11,2017-06-30,IACID,USD,2017-08-04,2017-08-04 16:24:55,Q2,767387000,139033000,628354000.0,0.8188228364567031,55430000.0,-169882000.0,320104000.0,110830000.0,636586000.0,691752000,24728000.0,26963000.0,102598000.0,0.1336978604015966,75635000.0,0.09856174264093606,10230000.0,61137000.0,0.07966905876695853,-23909000.0,66268000.0,0.08635538522284063,0.8427504991542991,0.7970364312088811,78633000,83143000,https://www.sec.gov/Archives/edgar/data/891103/000089110317000018/0000891103-17-000018-index.htm,https://www.sec.gov/Archives/edgar/data/891103/000089110317000018/iac-2017630x10q.htm,1620593358,16:49:18,20210509
12,2017-03-31,IACID,USD,2017-05-08,2017-05-08 16:43:01,Q1,760833000,145958000,614875000.0,0.8081602664448045,54760000.0,-206816000.0,350411000.0,33975000.0,582741000.0,723773000,24792000.0,29049000.0,66109000.0,0.08689028998479298,37060000.0,0.048709769423776306,-7714000.0,4554000.0,0.005985544791038243,23909000.0,26209000.0,0.03444776974710613,0.3351834563196194,0.3176694463298749,78193000,82504000,https://www.sec.gov/Archives/edgar/data/891103/000089110317000007/0000891103-17-000007-index.htm,https://www.sec.gov/Archives/edgar/data/891103/000089110317000007/iac-2017331x10q.htm,1620593358,16:49:18,20210509
13,2016-12-31,IACID,USD,2017-02-28,2017-02-28 17:04:54,Q4,811162000,212468000,598694000.0,0.7380695841274616,46197000.0,-145050000.0,275004000.0,293384000.0,400807000.0,698342000,26488000.0,34719000.0,147539000.0,0.1818859857833577,112820000.0,0.13908442456623954,40056000.0,126388000.0,0.15581104637544657,12460000.0,102051000.0,0.12580840818480155,1.27492,1.27492,80045000,80045000,https://www.sec.gov/Archives/edgar/data/891103/000089110317000003/0000891103-17-000003-index.htm,https://www.sec.gov/Archives/edgar/data/891103/000089110317000003/iac-20161231x10k.htm,1620593358,16:49:18,20210509
14,2016-09-30,IACID,USD,2016-11-09,2016-11-09 16:12:54,Q3,764102000,179131000,584971000.0,0.7655666390089281,45947000.0,-163564000.0,292393000.0,46725000.0,513894000.0,678518000,27118000.0,32218000.0,117802000.0,0.1541705165017236,85584000.0,0.11200598872925342,11700000.0,70166000.0,0.09182805436970456,17826000.0,43162000.0,0.05648722291003034,0.53713,0.53713,80357000,80357000,https://www.sec.gov/Archives/edgar/data/891103/000089110316000034/0000891103-16-000034-index.htm,https://www.sec.gov/Archives/edgar/data/891103/000089110316000034/iac-2016930x10q.htm,1620593358,16:49:18,20210509
15,2016-06-30,IACID,USD,2016-08-09,2016-08-09 16:12:18,Q2,745439000,170397000,575042000.0,0.7714138916799362,49911000.0,-143390000.0,295525000.0,85406000.0,582977000.0,997885000,27644000.0,54550000.0,-197896000.0,-0.2654757800437058,-252446000.0,-0.33865413534843225,-7192000.0,-287282000.0,-0.3853863293978448,1520000.0,-288802000.0,-0.38742539631009376,-3.57539,-3.57539,80775000,80775000,https://www.sec.gov/Archives/edgar/data/891103/000089110316000031/0000891103-16-000031-index.htm,https://www.sec.gov/Archives/edgar/data/891103/000089110316000031/iac-2016630x10q.htm,1620593358,16:49:18,20210509
16,2016-03-31,IACID,USD,2016-05-10,2016-05-10 16:46:14,Q1,819179000,193734000,625445000.0,0.7635022382165558,55830000.0,-246099000.0,382341000.0,31185000.0,605598000.0,797762000,27860000.0,29615000.0,51032000.0,0.0622965188316595,21417000.0,0.026144469035461113,15897000.0,9454000.0,0.011540823190047596,1520000.0,8282000.0,0.010110122451869494,0.10096675484901313,0.09763631005010315,82027000,84825000,https://www.sec.gov/Archives/edgar/data/891103/000089110316000026/0000891103-16-000026-index.htm,https://www.sec.gov/Archives/edgar/data/891103/000089110316000026/iac-2016331x10q.htm,1620593358,16:49:18,20210509
17,2015-12-31,IACID,USD,2016-02-29,2016-02-29 16:42:21,Q4,848728000,198071000,650657000.0,0.7666260568757011,47220000.0,-183923000.0,331287000.0,66798000.0,592669000.0,854158000,28366000.0,116160000.0,110730000.0,0.1304658265074323,-5430000.0,-0.006397809427755418,-3677000.0,-36623000.0,-0.04315045574082627,5206000.0,-41829000.0,-0.049284340801764526,-0.5043041087962963,-0.4738917149104422,82944000,88267000,https://www.sec.gov/Archives/edgar/data/891103/000089110316000023/0000891103-16-000023-index.htm,https://www.sec.gov/Archives/edgar/data/891103/000089110316000023/iac-20151231x10k.htm,1620593358,16:49:18,20210509
18,2015-09-30,IACID,USD,2015-11-09,2015-11-09 16:16:05,Q3,838561000,205261000,633300000.0,0.7552223392215951,46859000.0,-203104000.0,337226000.0,53711000.0,571918000.0,751431000,15992000.0,27963000.0,115093000.0,0.13725059953897212,87130000.0,0.10390418824629336,34476000.0,105536000.0,0.12585369460301635,40510000.0,65611000.0,0.07824236996473721,0.791218465100574,0.7434926966355797,82924000,88247000,https://www.sec.gov/Archives/edgar/data/891103/000089110315000016/0000891103-15-000016-index.htm,https://www.sec.gov/Archives/edgar/data/891103/000089110315000016/iaci-2015930x10q.htm,1620593358,16:49:18,20210509
19,2015-06-30,IACID,USD,2015-07-31,2015-07-31 16:19:18,Q2,771132000,183276000,587856000.0,0.7623286285616471,46430000.0,-190048000.0,319397000.0,51604000.0,546780000.0,708363000,15214000.0,29911000.0,92680000.0,0.12018694594440381,62769000.0,0.08139851542926503,-1638000.0,45917000.0,0.05954492875409139,11968000.0,59305000.0,0.07690641809703137,0.7151039405778228,0.6745259949272643,82932000,87921000,https://www.sec.gov/Archives/edgar/data/891103/000089110315000013/0000891103-15-000013-index.htm,https://www.sec.gov/Archives/edgar/data/891103/000089110315000013/iaci-2015630x10q.htm,1620593358,16:49:18,20210509
20,2015-03-31,IACID,USD,2015-05-01,2015-05-01 16:42:47,Q1,772512000,191553000,580959000.0,0.7520388032807257,45257000.0,-242872000.0,357666000.0,37577000.0,555294000.0,737393000,14064000.0,28123000.0,63242000.0,0.0818653949712108,35119000.0,0.04546078248622675,6988000.0,28043000.0,0.03630105422310592,6180000.0,26405000.0,0.034180698811151156,0.31640564149880773,0.2974943103720228,83453000,88758000,https://www.sec.gov/Archives/edgar/data/891103/000089110315000007/0000891103-15-000007-index.htm,https://www.sec.gov/Archives/edgar/data/891103/000089110315000007/iaci-2015331x10q.htm,1620593358,16:49:18,20210509
21,2014-12-31,IACID,USD,2015-02-27,2015-02-27 16:34:28,Q4,830754000,883176000,-52422000.0,-0.06310171242028326,43456000.0,-145434000.0,276316000.0,32229000.0,482883000.0,720382000,14195000.0,33038000.0,143410000.0,0.1726263129638858,110372000.0,0.13285762090823516,16023000.0,111900000.0,0.13469691388786573,43914000.0,70172000.0,0.08446784487345231,0.84248187100802,0.7923846518665734,83292000,88558000,https://www.sec.gov/Archives/edgar/data/891103/000089110315000004/0000891103-15-000004-index.htm,https://www.sec.gov/Archives/edgar/data/891103/000089110315000004/iaci-20141231x10k.htm,1620593358,16:49:18,20210509
22,2014-09-30,IACID,USD,2014-11-03,2014-11-03 16:41:35,Q3,782231000,226645000,555586000.0,0.7102582229546004,39686000.0,-168430000.0,276623000.0,34211000.0,458713000.0,681278000,14009000.0,30584000.0,131537000.0,0.168156209610716,100953000.0,0.1290577847208817,4113000.0,90445000.0,0.11562441273741389,59816000.0,326812000.0,0.4177947434964863,3.933323704987483,3.703042320548411,83088000,88255000,https://www.sec.gov/Archives/edgar/data/891103/000089110314000020/0000891103-14-000020-index.htm,https://www.sec.gov/Archives/edgar/data/891103/000089110314000020/iaci-2014930x10q.htm,1620593358,16:49:18,20210509
23,2014-06-30,IACID,USD,2014-07-31,2014-07-31 16:42:05,Q2,756315000,211543000,544772000.0,0.7202977595314122,38357000.0,-163067000.0,272786000.0,32645000.0,453507000.0,660625000,14046000.0,28663000.0,124353000.0,0.16441958707681323,95690000.0,0.12652135684205654,-62900000.0,11894000.0,0.01572625162795925,29889000.0,41783000.0,0.055245499560368366,0.5044245650887931,0.4748985599490811,82833000,87983000,https://www.sec.gov/Archives/edgar/data/891103/000089110314000017/0000891103-14-000017-index.htm,https://www.sec.gov/Archives/edgar/data/891103/000089110314000017/iaci-2014630x10q.htm,1620593358,16:49:18,20210509
24,2014-03-31,IACID,USD,2014-05-02,2014-05-02 16:19:09,Q1,740247000,209202000,531045000.0,0.7173889255883509,39016000.0,-203896000.0,298712000.0,19234000.0,451778000.0,668535000,14064000.0,26797000.0,98509000.0,0.1330758517089566,71712000.0,0.09687577254619066,-23000.0,55690000.0,0.07523164565341028,21385000.0,35885000.0,0.04847706238593334,0.43505407109257554,0.41150635291959087,82484000,87204000,https://www.sec.gov/Archives/edgar/data/891103/000089110314000008/0000891103-14-000008-index.htm,https://www.sec.gov/Archives/edgar/data/891103/000089110314000008/iaci-2014331x10q.htm,1620593358,16:49:18,20210509
25,2013-12-31,IACID,USD,2014-02-26,2014-02-26 17:20:11,Q4,724455000,116371000,608084000.0,0.8393675245529398,36929000.0,-128528000.0,225782000.0,27452000.0,387417000.0,611503000,10652000.0,28964000.0,141916000.0,0.19589346474246158,112952000.0,0.1559130656838589,11936000.0,112043000.0,0.15465832936483287,33214000.0,76917000.0,0.10617222601817919,0.9213823670340201,0.8867330704848863,83480000,86742000,https://www.sec.gov/Archives/edgar/data/891103/000089110314000003/0000891103-14-000003-index.htm,https://www.sec.gov/Archives/edgar/data/891103/000089110314000003/iaci-20131231x10k.htm,1620593358,16:49:18,20210509
26,2013-09-30,IACID,USD,2013-11-08,2013-11-08 08:28:36,Q3,756872000,247555000,509317000.0,0.6729235590694331,35232000.0,-172305000.0,248282000.0,28030000.0,387521000.0,634868000,7623000.0,26521000.0,148525000.0,0.1962352947394011,122004000.0,0.16119502372924352,16719000.0,127847000.0,0.1689149552368168,36126000.0,96940000.0,0.12807978099335157,1.1590702568272035,1.1185212535191766,83636000,86668000,https://www.sec.gov/Archives/edgar/data/891103/000089110313000020/0000891103-13-000020-index.htm,https://www.sec.gov/Archives/edgar/data/891103/000089110313000020/iaci-2013930x10q.htm,1620593358,16:49:18,20210509
27,2013-06-30,IACID,USD,2013-08-08,2013-08-08 16:42:50,Q2,799411000,274270000,525141000.0,0.6569098999138115,35587000.0,-145940000.0,247153000.0,22959000.0,406912000.0,692715000,7658000.0,35173000.0,141869000.0,0.1774669100124967,106696000.0,0.1334682660108505,-4000.0,97956000.0,0.12253521655318729,39416000.0,58290000.0,0.07291618454086822,0.6946563066069216,0.6702311141773025,83912000,86970000,https://www.sec.gov/Archives/edgar/data/891103/000089110313000017/0000891103-13-000017-index.htm,https://www.sec.gov/Archives/edgar/data/891103/000089110313000017/iaci-2013630x10q.htm,1620593358,16:49:18,20210509
28,2013-03-31,IACID,USD,2013-05-08,2013-05-08 17:05:53,Q1,742249000,255702000,486547000.0,0.6555037460474854,33582000.0,-144888000.0,242914000.0,24706000.0,399228000.0,657698000,7663000.0,28094000.0,112645000.0,0.15176174033242215,84551000.0,0.11391190826798016,1658000.0,78455000.0,0.10569903091819592,25746000.0,53637000.0,0.0722628120751931,0.6368828516469164,0.6138361181048295,84218000,87380000,https://www.sec.gov/Archives/edgar/data/891103/000089110313000010/0000891103-13-000010-index.htm,https://www.sec.gov/Archives/edgar/data/891103/000089110313000010/iaci-2013331x10q.htm,1620593358,16:49:18,20210509
29,2012-12-31,IACID,USD,2013-03-01,2013-03-01 08:16:02,Q4,765251000,155357000,609894000.0,0.7969855642135718,30768000.0,-111972000.0,229090000.0,39290000.0,416266000.0,679957000,2047000.0,32704000.0,117998000.0,0.15419515949668802,85294000.0,0.1114588546764395,-7894000.0,80263000.0,0.1048845411505506,35855000.0,40739000.0,0.053236127754161706,0.47235266154185074,0.4376349514980288,86247000,93089000,https://www.sec.gov/Archives/edgar/data/891103/000144530513000404/0001445305-13-000404-index.htm,https://www.sec.gov/Archives/edgar/data/891103/000144530513000404/iaci-20121231x10k.htm,1620593358,16:49:18,20210509
30,2012-09-30,IACID,USD,2012-11-08,2012-11-08 17:18:09,Q3,714470000,263482000,450988000.0,0.631220345150951,24504000.0,-141887000.0,236763000.0,45152000.0,401295000.0,636437000,1391000.0,18362000.0,96395000.0,0.13491819110669448,78033000.0,0.1092180217503884,-944000.0,73791000.0,0.10328075356558009,27606000.0,40717000.0,0.05698909681302224,0.474745237040319,0.43879860332787307,85766000,92792000,https://www.sec.gov/Archives/edgar/data/891103/000144530512003592/0001445305-12-003592-index.htm,https://www.sec.gov/Archives/edgar/data/891103/000144530512003592/iaci-2012930x10q.htm,1620593358,16:49:18,20210509
31,2012-06-30,IACID,USD,2012-08-02,2012-08-02 08:27:59,Q2,680612000,238191000,442421000.0,0.650034086968787,23115000.0,-120839000.0,213070000.0,39381000.0,367797000.0,583136000,1364000.0,18030000.0,115506000.0,0.16970902658195858,97476000.0,0.14321816247729985,-1732000.0,76735000.0,0.11274411852861836,28634000.0,43332000.0,0.06366622980494026,0.5128836389030265,0.4718770758692788,84487000,91829000,https://www.sec.gov/Archives/edgar/data/891103/000104746912007663/0001047469-12-007663-index.htm,https://www.sec.gov/Archives/edgar/data/891103/000104746912007663/a2210425z10-q.htm,1620593358,16:49:18,20210509
32,2012-03-31,IACID,USD,2012-05-09,2012-05-09 08:34:50,Q1,640600000,225295000,415305000.0,0.6483062753668436,23482000.0,-128050000.0,219838000.0,41208000.0,376316000.0,577835000,1347000.0,19156000.0,81921000.0,0.12788167343115828,62765000.0,0.09797845769591008,1409000.0,58273000.0,0.0909662816109897,27120000.0,34478000.0,0.05382141742116765,0.4163959372471347,0.3759131250136287,82801000,91718000,https://www.sec.gov/Archives/edgar/data/891103/000104746912005592/0001047469-12-005592-index.htm,https://www.sec.gov/Archives/edgar/data/891103/000104746912005592/a2209235z10-q.htm,1620593358,16:49:18,20210509
33,2011-12-31,IACID,USD,2012-02-29,2012-02-29 16:11:26,Q4,596943000,220089000,376854000.0,0.6313065066513889,22202000.0,-100154000.0,187410000.0,43393000.0,340261000.0,541488000,1295000.0,26208000.0,81663000.0,0.13680200622169955,55455000.0,0.09289831692473151,10060000.0,44195000.0,0.07403554443221547,2397000.0,48766000.0,0.08169289195115781,0.5621116938504985,0.5170216600756989,86755000,94321000,https://www.sec.gov/Archives/edgar/data/891103/000104746912001904/0001047469-12-001904-index.htm,https://www.sec.gov/Archives/edgar/data/891103/000104746912001904/a2207251z10-k.htm,1620593358,16:49:18,20210509
34,2011-09-30,IACID,USD,2011-11-09,2011-11-09 16:07:34,Q3,516884000,188642000,328242000.0,0.6350399702834678,21556000.0,-68668000.0,153296000.0,44321000.0,303801000.0,470144000,1425000.0,22022000.0,68762000.0,0.13303178275976815,46740000.0,0.0904264786683279,4308000.0,35970000.0,0.06959008210739741,32003000.0,64973000.0,0.1257013178972458,0.7391863296093198,0.6847191484877226,87898000,94890000,https://www.sec.gov/Archives/edgar/data/891103/000104746911009304/0001047469-11-009304-index.htm,https://www.sec.gov/Archives/edgar/data/891103/000104746911009304/a2206079z10-q.htm,1620593358,16:49:18,20210509
35,2011-06-30,IACID,USD,2011-08-05,2011-08-05 08:47:02,Q2,485404000,181472000,303932000.0,0.6261423474054602,17280000.0,-52665000.0,133218000.0,44863000.0,275914000.0,427173000,2710000.0,14650000.0,72881000.0,0.15014503382749214,58231000.0,0.11996398875987838,5637000.0,55148000.0,0.1136125783883116,9518000.0,42424000.0,0.08739936218078137,0.4736513040371561,0.4442722350797457,89568000,95491000,https://www.sec.gov/Archives/edgar/data/891103/000104746911006979/0001047469-11-006979-index.htm,https://www.sec.gov/Archives/edgar/data/891103/000104746911006979/a2204953z10-q.htm,1620593358,16:49:18,20210509
36,2011-03-31,IACID,USD,2011-05-06,2011-05-06 08:35:58,Q1,460213000,172718000,287495000.0,0.6246998672353888,17722000.0,-63959000.0,140250000.0,39240000.0,273503000.0,422877000,0.0,15896000.0,53232000.0,0.11566817973416657,37336000.0,0.08112765176124968,752000.0,36209000.0,0.07867878569271185,16041000.0,18070000.0,0.03926442755854354,0.20174615934262236,0.18923249311453436,89568000,95491000,https://www.sec.gov/Archives/edgar/data/891103/000104746911004675/0001047469-11-004675-index.htm,https://www.sec.gov/Archives/edgar/data/891103/000104746911004675/a2203680z10-q.htm,1620593358,16:49:18,20210509
37,2010-12-31,IACID,USD,2011-03-01,2011-03-01 16:10:49,Q4,426379000,171112000,255267000.0,0.5986856763583572,17123000.0,-32940000.0,113053000.0,98770000.0,309059000.0,439771000,1437000.0,30338000.0,16946000.0,0.03974398363896909,-13392000.0,-0.0314086763184866,-11794000.0,-19482000.0,-0.045691743730343196,8294000.0,86964000.0,0.2039593882437925,0.9709271168274384,0.9107036265197768,89568000,95491000,https://www.sec.gov/Archives/edgar/data/891103/000104746911001622/0001047469-11-001622-index.htm,https://www.sec.gov/Archives/edgar/data/891103/000104746911001622/a2201970z10-k.htm,1620593358,16:49:18,20210509
38,2010-09-30,IACID,USD,2010-10-29,2010-10-29 08:45:25,Q3,421652000,142220000,279432000.0,0.6627076356806086,16012000.0,-46172000.0,127992000.0,18759000.0,244583000.0,385718000,1321000.0,17674000.0,53608000.0,0.12713801902991093,35934000.0,0.08522193657328793,268000.0,36202000.0,0.08585753180347774,14820000.0,17509000.0,0.04152476449773747,0.19548276170060735,0.18335759390937365,89568000,95491000,https://www.sec.gov/Archives/edgar/data/891103/000104746910008981/0001047469-10-008981-index.htm,https://www.sec.gov/Archives/edgar/data/891103/000104746910008981/a2200601z10-q.htm,1620593358,16:49:18,20210509
39,2010-06-30,IACID,USD,2010-07-29,2010-07-29 16:21:16,Q2,402858000,145340000,257518000.0,0.63922771795521,31962000.0,-238994000.0,251161000.0,46521000.0,341811000.0,379132000,-53054000.0,-47043000.0,-23317000.0,-0.05787895486747191,23726000.0,0.05889420093432425,3742000.0,19820000.0,0.0491984768826733,-4956000.0,34255000.0,0.08502996092916114,0.38244685602000716,0.3587249060120849,89568000,95491000,https://www.sec.gov/Archives/edgar/data/891103/000104746910006743/0001047469-10-006743-index.htm,https://www.sec.gov/Archives/edgar/data/891103/000104746910006743/a2199490z10-q.htm,1620593358,16:49:18,20210509
40,2010-03-31,IACID,USD,2010-04-30,2010-04-30 16:09:40,Q1,385926000,137096000,248830000.0,0.6447609127138363,0.0,-53921000.0,131152000.0,-17381000.0,208383000.0,382399000,1323000.0,17895000.0,21422000.0,0.055508050766209065,3527000.0,0.00913905774682193,931000.0,-13854000.0,-0.03589807372397817,-4009000.0,-19324000.0,-0.05007177541808533,-0.15,-0.15,128826666,128826666,https://www.sec.gov/Archives/edgar/data/891103/000104746910004566/0001047469-10-004566-index.htm,https://www.sec.gov/Archives/edgar/data/891103/000104746910004566/a2198275z10-q.htm,1620593358,16:49:18,20210509
41,2009-12-31,IACID,USD,2010-02-26,2010-02-26 16:27:43,Q4,367156000,123837000,243319000.0,0.6627128523025635,0.0,-39378000.0,116102000.0,-18520000.0,192826000.0,1403566000,1753000.0,16253000.0,-930667000.0,-2.534799921559228,-946920000.0,-2.5790672084890347,-18520000.0,-1057787000.0,-2.8810287725108674,52248000.0,-1123901000.0,-3.0610993692054604,-8.00565,-8.00565,140388538,140388538,https://www.sec.gov/Archives/edgar/data/891103/000104746910001538/0001047469-10-001538-index.htm,https://www.sec.gov/Archives/edgar/data/891103/000104746910001538/a2196498z10-k.htm,1620593358,16:49:18,20210509
42,2009-09-30,IACID,USD,2009-10-29,2009-10-29 12:47:50,Q3,336577000,108117000,228460000.0,0.6787748420123776,0.0,-36601000.0,106735000.0,16017000.0,176869000.0,329456000,1345000.0,15289000.0,22410000.0,0.06658208968527261,7121000.0,0.021157120064650883,16017000.0,58081000.0,0.17256378183892543,-34269000.0,92350000.0,0.27438000814078206,0.16676,0.16676,553803846,553803846,https://www.sec.gov/Archives/edgar/data/891103/000104746909009281/0001047469-09-009281-index.htm,https://www.sec.gov/Archives/edgar/data/891103/000104746909009281/a2195093z10-q.htm,1620593358,16:49:18,20210509
43,2009-06-30,IACID,USD,2009-08-07,2009-08-07 12:18:57,Q2,548446000,96539000,451907000.0,0.8239772010371121,0.0,-60619000.0,129589000.0,74262000.0,198559000.0,336138000,1261000.0,16877000.0,17542000.0,0.0319849173847562,665000.0,0.0012125168202521306,74116000.0,64736000.0,0.1180353216178074,-22143000.0,86879000.0,0.15840939673185692,0.15142,0.15142,573766666,573766666,https://www.sec.gov/Archives/edgar/data/891103/000104746909007368/0001047469-09-007368-index.htm,https://www.sec.gov/Archives/edgar/data/891103/000104746909007368/a2193923z10-q.htm,1620593358,16:49:18,20210509
44,2009-03-31,IACID,USD,2009-05-07,2009-05-06 17:52:15,Q1,123609000,124433000,-824000.0,-0.006666181265118236,0.0,-48579000.0,122213000.0,0.0,195847000.0,365134000,1464000.0,16214000.0,-13668000.0,-0.11057447273256801,-29882000.0,-0.24174615117022225,146000.0,-32561000.0,-0.2634193303076637,2679000.0,-35240000.0,-0.2850925094451051,-0.2,-0.2,176200000,176200000,https://www.sec.gov/Archives/edgar/data/891103/000104746909005132/0001047469-09-005132-index.htm,https://www.sec.gov/Archives/edgar/data/891103/000104746909005132/a2192726z10-q.htm,1620593358,16:49:18,20210509
45,2008-12-31,IACID,USD,2009-03-02,2009-02-27 21:45:15,Q4,350995000,120020000,230975000.0,0.6580578070912692,0.0,-40410000.0,105574000.0,-276612000.0,734914000.0,854934000,1498000.0,-5032000.0,172177000.0,0.49053975127850824,177209000.0,0.5048761378367214,-77109000.0,286412000.0,0.8160002279234747,-65876000.0,352288000.0,1.0036838131597317,6.188689721922668,5.999239979561359,56924489,58722105,https://www.sec.gov/Archives/edgar/data/891103/000104746909002040/0001047469-09-002040-index.htm,https://www.sec.gov/Archives/edgar/data/891103/000104746909002040/a2190666z10-k.htm,1620593358,16:49:18,20210509
46,2008-09-30,IACID,USD,2008-11-10,2008-11-10 16:15:29,Q3,1094100000,398172000,695928000.0,0.6360734850562105,0.0,-49418000.0,327758000.0,41922000.0,41922000.0,440094000,30866000.0,-180370000.0,-220550000.0,-0.2015812082990586,-40180000.0,-0.03672424824056302,-157581000.0,-192929000.0,-0.17633580111507174,103573000.0,-296502000.0,-0.2710008225939128,-0.63,-0.63,470638095,470638095,https://www.sec.gov/Archives/edgar/data/891103/000104746908011911/0001047469-08-011911-index.htm,https://www.sec.gov/Archives/edgar/data/891103/000104746908011911/a2188892z10-q.htm,1620593358,16:49:18,20210509
47,2008-06-30,IACID,USD,2008-08-06,2008-08-06 16:38:53,Q2,1574599000,864893000,709706000.0,0.4507217393126758,0.0,-85263000.0,302587000.0,28051000.0,28051000.0,892944000,14526000.0,184029000.0,-195878000.0,-0.12439865641982499,-379907000.0,-0.24127222232454104,-99064000.0,-480515000.0,-0.3051665852702815,44325000.0,-524840000.0,-0.33331660949867237,-1.80222,-1.80222,291218840,291218840,https://www.sec.gov/Archives/edgar/data/891103/000104746908008816/0001047469-08-008816-index.htm,https://www.sec.gov/Archives/edgar/data/891103/000104746908008816/a2187174z10-q.htm,1620593358,16:49:18,20210509
48,2008-03-31,IACID,USD,2008-05-07,2008-05-07 16:08:09,Q1,1602349000,862414000,739935000.0,0.4617814221496066,0.0,-117319000.0,337197000.0,33913000.0,33913000.0,896327000,12851000.0,72424000.0,142436000.0,0.08889199543919583,70012000.0,0.043693352696572346,12052000.0,86149000.0,0.05376419244496673,-36809000.0,122958000.0,0.07673609182518915,0.18,0.18,683100000,683100000,https://www.sec.gov/Archives/edgar/data/891103/000104746908006147/0001047469-08-006147-index.htm,https://www.sec.gov/Archives/edgar/data/891103/000104746908006147/a2185430z10-q.htm,1620593358,16:49:18,20210509
49,2007-12-31,IACID,USD,2008-02-29,2008-02-29 14:45:34,Q4,4857577000,2572867000,2284710000.0,0.47033943054325233,0.0,-406135000.0,1040406000.0,91509000.0,91509000.0,2664376000,45623000.0,96297000.0,-167404000.0,-0.03446244907697809,-263701000.0,-0.05428653009514826,24948000.0,-192291000.0,-0.03958578525878231,-89892000.0,-102399000.0,-0.0210802628553289,1.11752,1.11752,-91630555,-91630555,https://www.sec.gov/Archives/edgar/data/891103/000104746908002034/0001047469-08-002034-index.htm,https://www.sec.gov/Archives/edgar/data/891103/000104746908002034/a2182953z10-k.htm,1620593358,16:49:18,20210509
50,2007-09-30,IACID,USD,2007-11-09,2007-11-09 13:06:27,Q3,1515833000,801589000,714244000.0,0.47118910856275065,0.0,-94469000.0,303136000.0,14820000.0,14820000.0,816409000,15446000.0,70420000.0,174557000.0,0.11515582521293573,104137000.0,0.06869952032974609,10769000.0,120213000.0,0.0793049102374734,-48160000.0,168373000.0,0.11107622013770646,0.2600000002161867,0.25,647588461,673492000,https://www.sec.gov/Archives/edgar/data/891103/000104746907008848/0001047469-07-008848-index.htm,https://www.sec.gov/Archives/edgar/data/891103/000104746907008848/a2180747z10-q.htm,1620593358,16:49:18,20210509
51,2007-06-30,IACID,USD,2007-08-09,2007-08-09 14:30:51,Q2,1410107000,718091000,692016000.0,0.49075424772730014,0.0,75955000.0,332989000.0,21408000.0,21408000.0,739499000,15546000.0,67747000.0,116734000.0,0.08278378874794608,48987000.0,0.034739916899923194,6782000.0,64769000.0,0.04593197537491836,-21608000.0,86377000.0,0.06125563521066132,0.14062430663748632,0.13322302737502248,614239473,648363888,https://www.sec.gov/Archives/edgar/data/891103/000110465907060769/0001104659-07-060769-index.htm,https://www.sec.gov/Archives/edgar/data/891103/000110465907060769/a07-19310_110q.htm,1620593358,16:49:18,20210509
52,2007-03-31,IACID,USD,2007-05-10,2007-05-10 14:29:51,Q1,1594968000,838460000,756508000.0,0.47430920244167907,0.0,0.0,344680000.0,36975000.0,36975000.0,875435000,15069000.0,69369000.0,162336000.0,0.10178009840949787,92967000.0,0.05828768978437185,800000.0,106502000.0,0.06677375345461477,-40532000.0,147034000.0,0.09218617552201674,0.2300000003128528,0.22000000020947535,639278260,668336363,https://www.sec.gov/Archives/edgar/data/891103/000110465907038166/0001104659-07-038166-index.htm,https://www.sec.gov/Archives/edgar/data/891103/000110465907038166/a07-13419_110q.htm,1620593358,16:49:18,20210509
53,2006-12-31,IACID,USD,2007-03-01,2007-03-01 16:58:45,Q4,4674667000,2367653000,2307014000.0,0.49351408346305736,0.0,-430229000.0,1007242000.0,101003000.0,101003000.0,2468656000,45557000.0,82263000.0,226088000.0,0.04836451452049954,143825000.0,0.03076689740680994,-4157000.0,176122000.0,0.03767583872819176,-70957000.0,247079000.0,0.052854887845487177,0.33175513272604057,0.32011460159484206,744763157,771845454,https://www.sec.gov/Archives/edgar/data/891103/000104746907001535/0001047469-07-001535-index.htm,https://www.sec.gov/Archives/edgar/data/891103/000104746907001535/a2176367z10-k.htm,1620593358,16:49:18,20210509
54,2006-09-30,IACID,USD,2006-11-07,2006-11-07 17:15:04,Q3,1602971000,853577000,749394000.0,0.4675031550789128,0.0,-94817000.0,304668000.0,37840000.0,37840000.0,891417000,14731000.0,72860000.0,182406000.0,0.11379245164135846,109546000.0,0.0683393523650771,3541000.0,123256000.0,0.07689222075758077,-54180000.0,177436000.0,0.11069195886887535,0.23000000016851146,0.2200000001983814,771460869,806527272,https://www.sec.gov/Archives/edgar/data/891103/000104746906013654/0001047469-06-013654-index.htm,https://www.sec.gov/Archives/edgar/data/891103/000104746906013654/a2174267z10-q.htm,1620593358,16:49:18,20210509
55,2006-06-30,IACID,USD,2006-08-09,2006-08-09 16:27:02,Q2,61744000,34425000,27319000.0,0.4424559471365639,0.0,3269000.0,12353000.0,-1585000.0,-1585000.0,32840000,695000.0,88195000.0,95705000.0,1.550029152630215,7510000.0,0.12163125161959057,12466000.0,18763000.0,0.30388377818087586,-8512000.0,27275000.0,0.4417433272868619,0.035970361672207685,0.03407718473972617,758263157,800388888,https://www.sec.gov/Archives/edgar/data/891103/000104746906010653/0001047469-06-010653-index.htm,https://www.sec.gov/Archives/edgar/data/891103/000104746906010653/a2172421z10-q.htm,1620593358,16:49:18,20210509
56,2006-03-31,IACID,USD,2006-05-10,2006-05-10 16:35:12,Q1,1550578000,821818000,728760000.0,0.46999248022350376,0.0,-130629000.0,322253000.0,36816000.0,36816000.0,858634000,15156000.0,95892000.0,169603000.0,0.10938050198055177,73711000.0,0.04753775688807658,-4265000.0,82419000.0,0.0531537271907637,-34376000.0,116795000.0,0.07532352451795395,0.15000000006421507,0.1400000001678154,778633333,834249999,https://www.sec.gov/Archives/edgar/data/891103/000104746906006818/0001047469-06-006818-index.htm,https://www.sec.gov/Archives/edgar/data/891103/000104746906006818/a2170190z10-q.htm,1620593358,16:49:18,20210509
57,2005-12-31,IACID,USD,2006-03-13,2006-03-13 14:42:58,Q4,4270374000,2324021000,1946353000.0,0.45578045388998717,0.0,-186574000.0,684384000.0,87717000.0,87717000.0,2411738000,66566000.0,93602000.0,416514000.0,0.09753571935385519,322912000.0,0.07561679609326959,24316000.0,947151000.0,0.2217957958717433,-383434000.0,1330585000.0,0.3115851211158554,1.7224662886401272,1.616616404933913,772488268,823067857,https://www.sec.gov/Archives/edgar/data/891103/000104746906003277/0001047469-06-003277-index.htm,https://www.sec.gov/Archives/edgar/data/891103/000104746906003277/a2168042z10-k.htm,1620593358,16:49:18,20210509
58,2005-09-30,IACID,USD,2005-11-09,2005-11-09 17:15:15,Q3,1483297000,804150000,679147000.0,0.4578631251866619,0.0,-96144000.0,264378000.0,35134000.0,35134000.0,839284000,11108000.0,6879000.0,28196000.0,0.019009004939671555,21317000.0,0.014371363253616773,14263000.0,44534000.0,0.030023656759232978,-7635000.0,52169000.0,0.035170973850820166,0.11000000008434127,0.1,474263636,521690000,https://www.sec.gov/Archives/edgar/data/891103/000091205705000256/0000912057-05-000256-index.htm,https://www.sec.gov/Archives/edgar/data/891103/000091205705000256/a2164849z10-q.htm,1620593358,16:49:18,20210509
59,2005-06-30,IACID,USD,2005-08-08,2005-08-08 16:51:32,Q2,313119000,156069000,157050000.0,0.5015664970825788,0.0,-64927000.0,83808000.0,64000.0,64000.0,156133000,-2717000.0,115669000.0,160582000.0,0.5128465535467346,44913000.0,0.14343747904151458,14160000.0,641297000.0,2.048093536323251,-230360000.0,871657000.0,2.7837882721904452,0.5921115401937804,0.5441024964941782,1472116216,1602008823,https://www.sec.gov/Archives/edgar/data/891103/000104746905021015/0001047469-05-021015-index.htm,https://www.sec.gov/Archives/edgar/data/891103/000104746905021015/a2161833z10-q.htm,1620593358,16:49:18,20210509
60,2005-03-31,IACID,USD,2005-05-10,2005-05-10 13:19:27,Q1,1647097000,749354000,897743000.0,0.5450456166212433,0.0,-123218000.0,339284000.0,27542000.0,27542000.0,776896000,21663000.0,119526000.0,247164000.0,0.15006037895764487,127638000.0,0.07749270382982909,4920000.0,143742000.0,0.0872699057796839,-73967000.0,217709000.0,0.1321774006023932,0.09,0.09,2418988888,2418988888,https://www.sec.gov/Archives/edgar/data/891103/000104746905014128/0001047469-05-014128-index.htm,https://www.sec.gov/Archives/edgar/data/891103/000104746905014128/a2157788z10-q.htm,1620593358,16:49:18,20210509
61,2004-12-31,IACID,USD,2005-03-16,2005-03-16 15:46:56,Q4,1715710000,796445000,919265000.0,0.5357927621800888,0.0,-78882000.0,286158000.0,38917000.0,38917000.0,835362000,23795000.0,157392000.0,125217000.0,0.07298261361185748,-32175000.0,-0.018753169241888197,8798000.0,7888000.0,0.004597513565812404,-45988000.0,53876000.0,0.03140157718961829,0.02414,0.02414,2231448000,2231448000,https://www.sec.gov/Archives/edgar/data/891103/000104746905006738/0001047469-05-006738-index.htm,https://www.sec.gov/Archives/edgar/data/891103/000104746905006738/a2153253z10-k.htm,1620593358,16:49:18,20210509
62,2004-09-30,IACID,USD,2004-11-09,2004-11-09 15:59:19,Q3,2975818000,1353526000,1622292000.0,0.5451583396565247,0.0,-258057000.0,616432000.0,68673000.0,68673000.0,1422199000,42809000.0,124348000.0,154691348000.0,51.9827986792203,154567000000.0,51.941012521599106,11686000000.0,216827000000.0,72.86299094904325,-73672000000.0,290499000000.0,97.61988132338739,0.17868490394580835,0.16715684562673055,1625761290322,1737882758620,https://www.sec.gov/Archives/edgar/data/891103/000110465904034720/0001104659-04-034720-index.htm,https://www.sec.gov/Archives/edgar/data/891103/000110465904034720/a04-12872_110q.htm,1620593358,16:49:18,20210509
63,2004-06-30,IACID,USD,2004-08-09,2004-08-09 16:27:03,Q2,30415000,22437000,7978000.0,0.26230478382377115,0.0,15458000.0,-8640000.0,27242000.0,-449034000.0,-471471000,29000.0,123003000.0,190538000.0,6.264606279796153,67535000.0,2.220450435640309,-2321000.0,79552000.0,2.6155515370705245,-30303000.0,109855000.0,3.611869143514713,0.06689470554495491,0.06174895896457376,1642207692,1779058333,https://www.sec.gov/Archives/edgar/data/891103/000104746904025839/0001047469-04-025839-index.htm,https://www.sec.gov/Archives/edgar/data/891103/000104746904025839/a2141440z10-q.htm,1620593358,16:49:18,20210509
64,2004-03-31,IACID,USD,2004-05-10,2004-05-10 16:41:59,Q1,1470737000,696418000,774319000.0,0.526483660912862,0.0,-135036000.0,309420000.0,7528000.0,483804000.0,1180222000,20755000.0,122228000.0,164807000.0,0.11205742427096076,42579000.0,0.028950791337948253,7528000.0,74409000.0,0.05059300201191647,-29223000.0,103632000.0,0.07046263200014687,0.06,0.05,1727200000,2072640000,https://www.sec.gov/Archives/edgar/data/891103/000104746904016666/0001047469-04-016666-index.htm,https://www.sec.gov/Archives/edgar/data/891103/000104746904016666/a2135979z10-q.htm,1620593358,16:49:18,20210509
65,2003-12-31,IACID,USD,2004-03-15,2004-03-15 19:59:52,Q4,4717848000,2585464000,2132384000.0,0.4519823444926585,0.0,-156445000.0,682485000.0,-132943000.0,1208525000.0,3793989000,72272000.0,121980000.0,478458000.0,0.1014144584564827,356478000.0,0.07555944998651928,-32842000.0,218686000.0,0.04635291344697837,-57575000.0,276261000.0,0.058556570707661626,0.15759,0.15759,1753063157,1753063157,https://www.sec.gov/Archives/edgar/data/891103/000104746904008077/0001047469-04-008077-index.htm,https://www.sec.gov/Archives/edgar/data/891103/000104746904008077/a2131189z10-k.htm,1620593358,16:49:18,20210509
66,2003-09-30,IACID,USD,2003-11-14,2003-11-14 17:11:42,Q3,83759000,43919000,39840000.0,0.4756503778698409,0.0,-11264000.0,28708000.0,-4678000.0,46152000.0,90071000,-1699000.0,127404000.0,33082000.0,0.3949665110614979,-94322000.0,-1.1261118208192553,6569000.0,-94322000.0,-1.1261118208192553,38567000.0,-132889000.0,-1.5865638319464177,-0.07016191198151421,-0.04677460797944422,1894033333,2841050000,https://www.sec.gov/Archives/edgar/data/891103/000104746903037550/0001047469-03-037550-index.htm,https://www.sec.gov/Archives/edgar/data/891103/000104746903037550/a2122483z10-q.htm,1620593358,16:49:18,20210509
67,2003-06-30,IACID,USD,2003-08-12,2003-08-12 17:22:32,Q2,134445000,46050000,88395000.0,0.6574807542117594,0.0,-23600000.0,21584000.0,1707000.0,19568000.0,65618000,-2058000.0,96864000.0,371180000.0,2.7608315668117074,274316000.0,2.0403585109152442,26273000.0,274316000.0,2.0403585109152442,-106560000.0,380876000.0,2.832950277064971,0.20076748721733173,0.18069073857179516,1897100000,2107888888,https://www.sec.gov/Archives/edgar/data/891103/000104746903027252/0001047469-03-027252-index.htm,https://www.sec.gov/Archives/edgar/data/891103/000104746903027252/a2116082z10-q.htm,1620593358,16:49:18,20210509
68,2003-03-31,IACID,USD,2003-05-15,2003-05-15 17:20:14,Q1,1392066000,793606000,598460000.0,0.42990777736113084,0.0,-32730000.0,203043000.0,-1878000.0,373356000.0,1166962000,24398000.0,94709000.0,-41580000.0,-0.029869273439621397,-136289000.0,-0.09790412236201444,0.0,-136289000.0,-0.09790412236201444,54877000.0,-191166000.0,-0.1373253854343113,0.03634,0.03634,-5260000000,-5260000000,https://www.sec.gov/Archives/edgar/data/891103/000104746903018927/0001047469-03-018927-index.htm,https://www.sec.gov/Archives/edgar/data/891103/000104746903018927/a2110971z10-q.htm,1620593358,16:49:18,20210509
69,2002-12-31,IACID,USD,2003-03-31,2003-03-28 20:14:49,Q4,3428728000,2105286000,1323442000.0,0.3859862899594252,0.0,-36451000.0,427074000.0,-942982000.0,-85560000.0,2732883000,34482000.0,295917000.0,327306000.0,0.09545989066499297,31389000.0,0.009154706935049967,-49601000.0,31389000.0,0.009154706935049967,26277000.0,85965000.0,0.025071980046244554,-0.01634,-0.01634,-5260000000,-5260000000,https://www.sec.gov/Archives/edgar/data/891103/000104746903011015/0001047469-03-011015-index.htm,https://www.sec.gov/Archives/edgar/data/891103/000104746903011015/a2104835z10-k.htm,1620593358,16:49:18,20210509
70,2002-09-30,IACID,USD,2002-11-14,2002-11-14 19:11:26,Q1,1192496000,713157000,479339000.0,0.4019627738793254,0.0,-22722000.0,153099000.0,903257000.0,1186733000.0,1186733000,10273000.0,27485000.0,43124000.0,0.03616280473896768,15639000.0,0.013114509398773665,9876000.0,15639000.0,0.013114509398773665,-31849000.0,-33365000.0,-0.027979129489742523,-0.08,-0.08,417062500,417062500,https://www.sec.gov/Archives/edgar/data/891103/000091205702042572/0000912057-02-042572-index.htm,https://www.sec.gov/Archives/edgar/data/891103/000091205702042572/a2093485z10-q.htm,1620593358,16:49:18,20210509
