,date,symbol,reportedCurrency,fillingDate,acceptedDate,period,revenue,costOfRevenue,grossProfit,grossProfitRatio,researchAndDevelopmentExpenses,generalAndAdministrativeExpenses,sellingAndMarketingExpenses,otherExpenses,operatingExpenses,costAndExpenses,interestExpense,depreciationAndAmortization,ebitda,ebitdaratio,operatingIncome,operatingIncomeRatio,totalOtherIncomeExpensesNet,incomeBeforeTax,incomeBeforeTaxRatio,incomeTaxExpense,netIncome,netIncomeRatio,eps,epsdiluted,weightedAverageShsOut,weightedAverageShsOutDil,link,finalLink,timestamp,est_time,est_date
0,2020-12-31,GSV,CAD,2020-12-31,2020-12-31,Q4,0.0,78137.0,-78137.0,0.0,0.0,4360197.0,0.0,0.0,4401223.0,4479360.0,10777.0,78137.0,-4392014.0,0.0,-4479360.0,0.0,-479154.0,-4960082.0,0.0,0.0,-4960082.0,0.0,-0.016421587953949955,-0.016421587953949955,302046429.0,302046429.0,,,1620592832,16:40:32,20210509
1,2020-09-30,GSV,CAD,2020-09-30,2020-09-30,Q3,0.0,78136.0,-78136.0,0.0,0.0,2099039.0,0.0,0.0,2103622.0,2181758.0,11724.0,78136.0,-2103622.0,0.0,-2181758.0,0.0,90228.0,-2099504.0,0.0,0.0,-2099504.0,0.0,-0.01,-0.01,302046429.0,302046429.0,,,1620592832,16:40:32,20210509
2,2020-06-30,GSV,CAD,2020-07-16 00:00:00,2020-07-16 11:50:32,Q2,0.0,0.0,0.0,0.0,0.0,1447843.0,0.0,2320.0,1450159.0,1689880.0,2470.0,81520.0,-1608360.0,0.0,-1689880.0,0.0,0.0,-1687410.0,0.0,0.0,-1687410.0,0.0,-0.00595,-0.00595,283517050.0,283517050.0,https://www.sec.gov/Archives/edgar/data/1321847/000117625620000263/0001176256-20-000263-index.htm,https://www.sec.gov/Archives/edgar/data/1321847/000117625620000263/gsv6knr.htm,1620592832,16:40:32,20210509
3,2020-03-31,GSV,CAD,2020-04-01 00:00:00,2020-04-01 17:21:30,Q1,0.0,0.0,0.0,0.0,3700.0,2020743.0,0.0,2250.0,2026688.0,2002860.0,9270.0,88290.0,-1914570.0,0.0,-2002860.0,0.0,0.0,-1993600.0,0.0,0.0,-1993600.0,0.0,-0.00717,-0.00717,278184050.0,278184050.0,https://www.sec.gov/Archives/edgar/data/1321847/000117625620000120/0001176256-20-000120-index.html,https://www.sec.gov/Archives/edgar/data/1321847/000117625620000120/gsv6ktrnr.htm,1620592832,16:40:32,20210509
4,2019-12-31,GSV,CAD,2020-02-18 00:00:00,2020-02-18 16:24:42,Q4,0.0,0.0,0.0,0.0,30010.0,2378276.0,0.0,2200.0,2410483.0,2547570.0,39130.0,90530.0,-2457040.0,0.0,-2547570.0,0.0,0.0,-2508440.0,0.0,0.0,-2508440.0,0.0,-0.00904,-0.00904,277602150.0,277602150.0,https://www.sec.gov/Archives/edgar/data/1321847/000117625620000033/0001176256-20-000033-index.html,https://www.sec.gov/Archives/edgar/data/1321847/000117625620000033/gsv6knr200218.htm,1620592832,16:40:32,20210509
5,2019-09-30,GSV,CAD,2019-10-09 00:00:00,2019-10-09 16:30:18,Q3,0.0,0.0,0.0,0.0,6320.0,2107804.0,0.0,2190.0,2116317.0,2302010.0,13190.0,90530.0,-2211480.0,0.0,-2302010.0,0.0,0.0,-2288830.0,0.0,0.0,-2288830.0,0.0,-0.00842,-0.00842,271777400.0,271777400.0,https://www.sec.gov/Archives/edgar/data/1321847/000117625619000283/0001176256-19-000283-index.html,https://www.sec.gov/Archives/edgar/data/1321847/000117625619000283/gsv6knr191009.htm,1620592832,16:40:32,20210509
6,2019-06-30,GSV,CAD,2019-07-31 00:00:00,2019-07-31 16:41:55,Q2,0.0,0.0,0.0,0.0,30290.0,2020499.0,0.0,2220.0,2053006.0,2152980.0,16190.0,90519.99999999999,-2062460.0,0.0,-2152980.0,0.0,0.0,-2136800.0,0.0,0.0,-2136800.0,0.0,-0.00822,-0.00822,260042890.0,260042890.0,https://www.sec.gov/Archives/edgar/data/1574291/000157429119000020/0001574291-19-000020-index.html,https://www.sec.gov/Archives/edgar/data/1574291/000157429119000020/gsvq2201910-q.htm,1620592832,16:40:32,20210509
7,2019-03-31,GSV,CAD,2019-04-15 00:00:00,2019-04-12 21:05:18,Q1,0.0,0.0,0.0,0.0,30240.0,2534082.0,0.0,2200.0,2566518.0,2835740.0,50750.0,90530.0,-2745210.0,0.0,-2835740.0,0.0,0.0,-2784990.0,0.0,0.0,-2784990.0,0.0,-0.01072,-0.01072,259909810.0,259909810.0,https://www.sec.gov/Archives/edgar/data/1321847/000117625619000109/0001176256-19-000109-index.html,https://www.sec.gov/Archives/edgar/data/1321847/000117625619000109/gsv6knomrd.htm,1620592832,16:40:32,20210509
8,2018-12-31,GSV,CAD,2019-01-22 00:00:00,2019-01-22 14:43:00,Q4,0.0,0.0,0.0,0.0,36570.0,2672196.0,0.0,2140.0,2710906.0,2432110.0,83640.0,44539.99999999999,-2387570.0,0.0,-2432110.0,0.0,0.0,-2348460.0,0.0,0.0,-2348460.0,0.0,-0.00904,-0.00904,259882170.0,259882170.0,https://www.sec.gov/Archives/edgar/data/1321847/000117625619000009/0001176256-19-000009-index.html,https://www.sec.gov/Archives/edgar/data/1321847/000117625619000009/gsv6knr190122.htm,1620592832,16:40:32,20210509
9,2018-09-30,GSV,CAD,2018-10-11 00:00:00,2018-10-11 13:20:09,Q3,0.0,0.0,0.0,0.0,29730.0,2532163.0,0.0,0.0,2561891.0,2805300.0,105260.0,43640.00000000001,-2761660.0,0.0,-2805300.0,0.0,0.0,-2700040.0,0.0,0.0,-2700040.0,0.0,-0.01054,-0.01054,256057080.0,256057080.0,https://www.sec.gov/Archives/edgar/data/1321847/000091228218000134/0000912282-18-000134-index.html,https://www.sec.gov/Archives/edgar/data/1321847/000091228218000134/gsv6k_101118.htm,1620592832,16:40:32,20210509
10,2018-06-30,GSV,CAD,2018-07-09 00:00:00,2018-07-09 14:27:13,Q2,0.0,0.0,0.0,0.0,10000.0,2866182.0,0.0,0.0,2873076.0,2690000.0,130000.0,49999.99999999999,-2640000.0,0.0,-2690000.0,0.0,0.0,-2560000.0,0.0,0.0,-2560000.0,0.0,-0.01006,-0.01006,254460000.0,254460000.0,https://www.sec.gov/Archives/edgar/data/1321847/000091228218000098/0000912282-18-000098-index.html,https://www.sec.gov/Archives/edgar/data/1321847/000091228218000098/goldstandard6k_070918.htm,1620592832,16:40:32,20210509
11,2018-03-31,GSV,CAD,2018-04-11 00:00:00,2018-04-11 14:07:14,Q1,0.0,0.0,0.0,0.0,0.0,2944532.0,0.0,0.0,2944532.0,2620000.0,-10000.0,40000.0,-2580000.0,0.0,-2620000.0,0.0,0.0,-2630000.0,0.0,0.0,-2630000.0,0.0,-0.01085,-0.01085,242300000.0,242300000.0,https://www.sec.gov/Archives/edgar/data/1321847/000091066218000018/0000910662-18-000018-index.html,https://www.sec.gov/Archives/edgar/data/1321847/000091066218000018/gsv6k.htm,1620592832,16:40:32,20210509
12,2017-12-31,GSV,CAD,2018-01-11 00:00:00,2018-01-11 14:20:48,Q4,0.0,0.0,0.0,0.0,0.0,2990980.0,0.0,-10000.0,2985947.0,2770000.0,-80000.0,20000.000000000004,-2750000.0,0.0,-2770000.0,0.0,0.0,-2860000.0,0.0,0.0,-2860000.0,0.0,-0.01334,-0.01334,214440000.0,214440000.0,https://www.sec.gov/Archives/edgar/data/1321847/000091066218000002/0000910662-18-000002-index.html,https://www.sec.gov/Archives/edgar/data/1321847/000091066218000002/gsv6k.htm,1620592832,16:40:32,20210509
13,2017-09-30,GSV,CAD,2017-10-10 00:00:00,2017-10-10 12:19:13,Q3,0.0,0.0,0.0,0.0,0.0,3907483.0,0.0,0.0,3907483.0,4410000.0,20000.0,9999.999999999998,-4400000.0,0.0,-4410000.0,0.0,0.0,-4400000.0,0.0,0.0,-4400000.0,0.0,-0.01941,-0.01941,226650000.0,226650000.0,https://www.sec.gov/Archives/edgar/data/1321847/000091066217000081/0000910662-17-000081-index.html,https://www.sec.gov/Archives/edgar/data/1321847/000091066217000081/gsv6k.htm,1620592832,16:40:32,20210509
14,2017-06-30,GSV,CAD,2017-08-04 00:00:00,2017-08-04 15:37:09,Q2,0.0,0.0,0.0,0.0,60000.0,1597052.0,0.0,0.0,1655224.0,1970000.0,-740000.0,10000.0,-1960000.0,0.0,-1970000.0,0.0,0.0,-2710000.0,0.0,0.0,-2710000.0,0.0,-0.01207,-0.01207,224540000.0,224540000.0,https://www.sec.gov/Archives/edgar/data/1321847/000119380517001399/0001193805-17-001399-index.html,https://www.sec.gov/Archives/edgar/data/1321847/000119380517001399/e616440_6k-gsv.htm,1620592832,16:40:32,20210509
15,2017-03-31,GSV,CAD,2017-04-03 00:00:00,2017-04-03 16:41:36,Q1,0.0,0.0,0.0,0.0,90000.0,1505626.0,0.0,0.0,1596623.0,1780000.0,310000.0,10000.0,-1770000.0,0.0,-1780000.0,0.0,0.0,-1470000.0,0.0,0.0,-1470000.0,0.0,-0.00661,-0.00661,222280000.0,222280000.0,https://www.sec.gov/Archives/edgar/data/1321847/000119380517000564/0001193805-17-000564-index.html,https://www.sec.gov/Archives/edgar/data/1321847/000119380517000564/e615975_6k-gsv.htm,1620592832,16:40:32,20210509
16,2016-12-31,GSV,CAD,2017-01-23 00:00:00,2017-01-23 13:53:37,Q4,0.0,0.0,0.0,0.0,110000.0,2771078.0,0.0,0.0,2876298.0,2700000.0,-70000.0,10000.0,-2690000.0,0.0,-2700000.0,0.0,-180000.0,-2950000.0,0.0,0.0,-2950000.0,0.0,-0.01354,-0.01354,217920000.0,217920000.0,https://www.sec.gov/Archives/edgar/data/1321847/000091066217000019/0000910662-17-000019-index.html,https://www.sec.gov/Archives/edgar/data/1321847/000091066217000019/gsv6k.htm,1620592832,16:40:32,20210509
17,2016-09-30,GSV,CAD,2016-10-20 00:00:00,2016-10-20 14:59:36,Q3,0.0,0.0,0.0,0.0,130000.0,2410195.0,0.0,0.0,2542316.0,2400000.0,-190000.0,0.0,-2780000.0,0.0,-2400000.0,0.0,0.0,-2590000.0,0.0,0.0,-2590000.0,0.0,-0.01245,-0.01245,208110000.0,208110000.0,https://www.sec.gov/Archives/edgar/data/1321847/000091066216000284/0000910662-16-000284-index.html,https://www.sec.gov/Archives/edgar/data/1321847/000091066216000284/gsv6k.htm,1620592832,16:40:32,20210509
18,2016-06-30,GSV,CAD,2016-08-04 00:00:00,2016-08-04 16:26:28,Q2,0.0,0.0,0.0,0.0,250000.0,1465044.0,0.0,0.0,1717988.0,1930000.0,20000.0,0.0,-1890000.0,0.0,-1930000.0,0.0,0.0,-1910000.0,0.0,0.0,-1910000.0,0.0,-0.00924,-0.00924,206610000.0,206610000.0,https://www.sec.gov/Archives/edgar/data/1574291/000157429116000037/0001574291-16-000037-index.html,https://www.sec.gov/Archives/edgar/data/1574291/000157429116000037/gsvq2201610-q.htm,1620592832,16:40:32,20210509
19,2016-03-31,GSV,CAD,2016-04-21 00:00:00,2016-04-21 10:14:22,Q1,0.0,0.0,0.0,0.0,10000.0,1539132.0,0.0,0.0,1550655.0,2030000.0,20000.0,0.0,-2000000.0,0.0,-2030000.0,0.0,0.0,-2020000.0,0.0,0.0,-2020000.0,0.0,-0.01078,-0.01078,187310000.0,187310000.0,https://www.sec.gov/Archives/edgar/data/1321847/000091066216000204/0000910662-16-000204-index.html,https://www.sec.gov/Archives/edgar/data/1321847/000091066216000204/gsv6k.htm,1620592832,16:40:32,20210509
20,2015-12-31,GSV,CAD,2016-01-13 00:00:00,2016-01-13 14:46:34,Q4,0.0,0.0,0.0,0.0,0.0,2717789.0,0.0,0.0,2727966.0,2600000.0,10000.0,0.0,-2570000.0,0.0,-2600000.0,0.0,0.0,-2580000.0,0.0,0.0,-2580000.0,0.0,-0.01537,-0.01537,167890000.0,167890000.0,https://www.sec.gov/Archives/edgar/data/1321847/000091066216000170/0000910662-16-000170-index.html,https://www.sec.gov/Archives/edgar/data/1321847/000091066216000170/gsv6k.htm,1620592832,16:40:32,20210509
21,2015-09-30,GSV,CAD,2015-11-04 00:00:00,2015-11-04 15:34:05,Q3,0.0,0.0,0.0,0.0,0.0,876161.0,0.0,0.0,876161.0,700000.0,10000.0,0.0,-680000.0,0.0,-700000.0,0.0,0.0,-690000.0,0.0,0.0,-690000.0,0.0,-0.00411,-0.00411,167770000.0,167770000.0,https://www.sec.gov/Archives/edgar/data/1321847/000119380515001810/0001193805-15-001810-index.html,https://www.sec.gov/Archives/edgar/data/1321847/000119380515001810/e614241_6k-goldstandard.htm,1620592832,16:40:32,20210509
22,2015-06-30,GSV,CAD,2015-07-28 00:00:00,2015-07-28 15:02:53,Q2,0.0,0.0,0.0,0.0,0.0,908446.0,0.0,0.0,917623.0,1040000.0,0.0,10000.0,-1030000.0,0.0,-1040000.0,0.0,0.0,-1030000.0,0.0,0.0,-1030000.0,0.0,-0.00667,-0.00667,154310000.0,154310000.0,https://www.sec.gov/Archives/edgar/data/1321847/000091066215000116/0000910662-15-000116-index.html,https://www.sec.gov/Archives/edgar/data/1321847/000091066215000116/gsv6k.htm,1620592832,16:40:32,20210509
23,2015-03-31,GSV,CAD,2015-04-02 00:00:00,2015-04-02 15:09:15,Q1,0.0,0.0,0.0,0.0,0.0,1122726.0,0.0,0.0,1122726.0,1990000.0,0.0,0.0,-1990000.0,0.0,-1990000.0,0.0,0.0,-1990000.0,0.0,0.0,-1990000.0,0.0,-0.01465,-0.01465,135790000.0,135790000.0,https://www.sec.gov/Archives/edgar/data/1321847/000119380515000478/0001193805-15-000478-index.html,https://www.sec.gov/Archives/edgar/data/1321847/000119380515000478/e613501_6k-goldstandard.htm,1620592832,16:40:32,20210509
24,2014-12-31,GSV,CAD,2015-04-02 00:00:00,2015-04-02 15:09:15,Q4,0.0,0.0,0.0,0.0,0.0,442347.0,0.0,0.0,445994.0,5080000.0,0.0,10000.0,-5070000.0,0.0,-5080000.0,0.0,10000.0,-5060000.0,0.0,0.0,-5060000.0,0.0,-0.04101,-0.04101,123390000.0,123390000.0,https://www.sec.gov/Archives/edgar/data/1321847/000119380515000478/0001193805-15-000478-index.html,https://www.sec.gov/Archives/edgar/data/1321847/000119380515000478/e613501_6k-goldstandard.htm,1620592832,16:40:32,20210509
25,2014-09-30,GSV,CAD,2014-10-15 00:00:00,2014-10-15 17:15:39,Q3,0.0,0.0,0.0,0.0,0.0,1648074.0,0.0,0.0,1653906.0,1380000.0,0.0,0.0,-1380000.0,0.0,-1380000.0,0.0,0.0,-1380000.0,0.0,0.0,-1380000.0,0.0,-0.01179,-0.01179,117050000.0,117050000.0,https://www.sec.gov/Archives/edgar/data/1321847/000091066214000177/0000910662-14-000177-index.html,https://www.sec.gov/Archives/edgar/data/1321847/000091066214000177/gsv6k.htm,1620592832,16:40:32,20210509
26,2014-06-30,GSV,CAD,2014-07-16 00:00:00,2014-07-16 16:53:33,Q2,0.0,0.0,0.0,0.0,0.0,1396440.0,0.0,-200000.0,1396440.0,1180000.0,0.0,10000.0,-1170000.0,0.0,-1180000.0,0.0,-200000.0,-1180000.0,0.0,0.0,-1180000.0,0.0,-0.01049,-0.01049,112450000.0,112450000.0,https://www.sec.gov/Archives/edgar/data/1321847/000091066214000112/0000910662-14-000112-index.html,https://www.sec.gov/Archives/edgar/data/1321847/000091066214000112/gsv6k.htm,1620592832,16:40:32,20210509
27,2014-03-31,GSV,CAD,2014-04-01 00:00:00,2014-04-01 17:23:31,Q1,0.0,0.0,0.0,0.0,0.0,2314112.0,0.0,0.0,2314112.0,3310000.0,0.0,0.0,-3310000.0,0.0,-3310000.0,0.0,0.0,-3310000.0,0.0,0.0,-3310000.0,0.0,-0.03371,-0.03371,98190000.0,98190000.0,https://www.sec.gov/Archives/edgar/data/1321847/000091066214000057/0000910662-14-000057-index.html,https://www.sec.gov/Archives/edgar/data/1321847/000091066214000057/gsv6kapril1.htm,1620592832,16:40:32,20210509
28,2013-12-31,GSV,CAD,2014-04-01 00:00:00,2014-04-01 17:23:31,Q4,0.0,0.0,0.0,0.0,0.0,1180293.0,0.0,0.0,1189718.0,1270000.0,10000.0,10000.0,-1260000.0,0.0,-1270000.0,0.0,0.0,-1270000.0,0.0,0.0,-1270000.0,0.0,-0.01383,-0.01383,91810000.0,91810000.0,https://www.sec.gov/Archives/edgar/data/1321847/000091066214000057/0000910662-14-000057-index.html,https://www.sec.gov/Archives/edgar/data/1321847/000091066214000057/gsv6kapril1.htm,1620592832,16:40:32,20210509
29,2013-09-30,GSV,CAD,2013-10-02 00:00:00,2013-10-02 15:42:04,Q3,0.0,0.0,0.0,0.0,0.0,555709.0,0.0,0.0,576989.0,680000.0,10000.0,0.0,-660000.0,0.0,-680000.0,0.0,0.0,-670000.0,0.0,0.0,-670000.0,0.0,-0.0073,-0.0073,91760000.0,91760000.0,https://www.sec.gov/Archives/edgar/data/1321847/000091066213000195/0000910662-13-000195-index.html,https://www.sec.gov/Archives/edgar/data/1321847/000091066213000195/gvs6k.htm,1620592832,16:40:32,20210509
30,2013-06-30,GSV,CAD,2013-07-23 00:00:00,2013-07-23 12:00:27,Q2,0.0,0.0,0.0,0.0,0.0,1700516.0,0.0,0.0,1702818.0,1740000.0,10000.0,10000.0,-1730000.0,0.0,-1740000.0,0.0,0.0,-1730000.0,0.0,0.0,-1730000.0,0.0,-0.02064,-0.02064,83820000.0,83820000.0,https://www.sec.gov/Archives/edgar/data/1321847/000091066213000163/0000910662-13-000163-index.html,https://www.sec.gov/Archives/edgar/data/1321847/000091066213000163/gsv6k.htm,1620592832,16:40:32,20210509
31,2013-03-31,GSV,CAD,2013-04-01 00:00:00,2013-04-01 16:00:43,Q1,0.0,0.0,0.0,0.0,0.0,717901.0,0.0,0.0,718666.0,710000.0,20000.0,0.0,-670000.0,0.0,-710000.0,0.0,0.0,-690000.0,0.0,0.0,-690000.0,0.0,-0.00823,-0.00823,83820000.0,83820000.0,https://www.sec.gov/Archives/edgar/data/1321847/000119380513000738/0001193805-13-000738-index.html,https://www.sec.gov/Archives/edgar/data/1321847/000119380513000738/e610752_40f-goldstandard.htm,1620592832,16:40:32,20210509
32,2012-12-31,GSV,CAD,2013-01-22 00:00:00,2013-01-22 16:55:16,Q4,0.0,0.0,0.0,0.0,0.0,907545.0,0.0,0.0,903637.0,840000.0,30000.0,10000.0,-830000.0,0.0,-840000.0,0.0,0.0,-820000.0,0.0,0.0,-820000.0,0.0,-0.00977,-0.00977,83930000.0,83930000.0,https://www.sec.gov/Archives/edgar/data/1321847/000091066213000010/0000910662-13-000010-index.html,https://www.sec.gov/Archives/edgar/data/1321847/000091066213000010/gsv6k.htm,1620592832,16:40:32,20210509
33,2012-09-30,GSV,CAD,2012-11-05 00:00:00,2012-11-05 15:27:18,Q3,0.0,0.0,0.0,0.0,0.0,1101125.0,0.0,10000.0,1121866.0,1620000.0,20000.0,0.0,-1580000.0,0.0,-1620000.0,0.0,10000.0,-1600000.0,0.0,0.0,-1600000.0,0.0,-0.01917,-0.01917,83470000.0,83470000.0,https://www.sec.gov/Archives/edgar/data/1321847/000091066212000307/0000910662-12-000307-index.html,https://www.sec.gov/Archives/edgar/data/1321847/000091066212000307/gsv6k.htm,1620592832,16:40:32,20210509
34,2012-06-30,GSV,CAD,2012-07-17 00:00:00,2012-07-17 17:20:55,Q2,0.0,0.0,0.0,0.0,0.0,914200.0,0.0,0.0,968676.0,1110000.0,20000.0,10000.0,-1100000.0,0.0,-1110000.0,0.0,0.0,-1100000.0,0.0,0.0,-1100000.0,0.0,-0.01561,-0.01561,70450000.0,70450000.0,https://www.sec.gov/Archives/edgar/data/1321847/000091066212000251/0000910662-12-000251-index.html,https://www.sec.gov/Archives/edgar/data/1321847/000091066212000251/form6k.htm,1620592832,16:40:32,20210509
35,2012-03-12,GSV,CAD,2012-03-28 00:00:00,2012-03-28 11:33:15,Q1,0.0,0.0,0.0,0.0,0.0,1650000.0,0.0,0.0,1700000.0,1700000.0,20000.0,0.0,-1660000.0,0.0,-1700000.0,0.0,0.0,-1680000.0,0.0,0.0,-1680000.0,0.0,-0.02694,-0.02694,62350000.0,62350000.0,https://www.sec.gov/Archives/edgar/data/1321847/000091066212000092/0000910662-12-000092-index.html,https://www.sec.gov/Archives/edgar/data/1321847/000091066212000092/form6k.htm,1620592832,16:40:32,20210509
36,2011-12-31,GSV,CAD,2012-02-02 00:00:00,2012-02-02 14:48:31,Q4,0.0,0.0,0.0,0.0,0.0,826815.0,0.0,0.0,838014.0,870000.0,30000.0,10000.0,-860000.0,0.0,-870000.0,0.0,0.0,-830000.0,0.0,0.0,-830000.0,0.0,-0.01368,-0.01368,60660000.0,60660000.0,https://www.sec.gov/Archives/edgar/data/1321847/000091066212000032/0000910662-12-000032-index.html,https://www.sec.gov/Archives/edgar/data/1321847/000091066212000032/form6k.htm,1620592832,16:40:32,20210509
37,2011-09-30,GSV,CAD,2011-10-04 00:00:00,2011-10-04 15:26:22,Q3,0.0,0.0,0.0,0.0,0.0,640198.0,0.0,0.0,669802.0,690000.0,30000.0,0.0,-630000.0,0.0,-690000.0,0.0,0.0,-660000.0,0.0,0.0,-660000.0,0.0,-0.01103,-0.01103,59820000.0,59820000.0,https://www.sec.gov/Archives/edgar/data/1321847/000091066211000329/0000910662-11-000329-index.html,https://www.sec.gov/Archives/edgar/data/1321847/000091066211000329/form6k.htm,1620592832,16:40:32,20210509
38,2011-06-30,GSV,CAD,2011-06-30,2011-06-30,Q2,0.0,0.0,0.0,0.0,0.0,1132212.0,0.0,0.0,1152278.0,1160000.0,30000.0,10000.0,-1150000.0,0.0,-1160000.0,0.0,0.0,-1130000.0,0.0,0.0,-1130000.0,0.0,-0.01934,-0.01934,58420000.0,58420000.0,,,1620592832,16:40:32,20210509
39,2011-03-31,GSV,CAD,2011-03-31,2011-03-31,Q1,0.0,0.0,0.0,0.0,20000.0,1240436.0,0.0,0.0,1264813.0,1520000.0,0.0,0.0,-1520000.0,0.0,-1520000.0,0.0,0.0,-1520000.0,0.0,0.0,-1520000.0,0.0,-0.03211,-0.03211,47340000.0,47340000.0,,,1620592832,16:40:32,20210509
40,2010-12-31,GSV,CAD,2010-12-31,2010-12-31,Q4,0.0,0.0,0.0,0.0,0.0,966012.0,0.0,-110000.0,1032520.0,20000.0,0.0,0.0,-20000.0,0.0,-20000.0,0.0,0.0,-20000.0,0.0,0.0,-20000.0,0.0,-0.00039,-0.00039,50790000.0,50790000.0,,,1620592832,16:40:32,20210509
41,2010-09-30,GSV,CAD,2010-09-30,2010-09-30,Q3,0.0,0.0,0.0,0.0,0.0,1558008.0,0.0,0.0,1582594.0,1600000.0,0.0,10000.0,-1590000.0,0.0,-1600000.0,0.0,0.0,-1600000.0,0.0,0.0,-1600000.0,0.0,-0.04538,-0.04538,35260000.0,35260000.0,,,1620592832,16:40:32,20210509
42,2010-06-30,GSV,CAD,2010-06-30,2010-06-30,Q2,0.0,0.0,0.0,0.0,0.0,110000.0,0.0,110000.0,220000.0,220000.0,0.0,0.0,-220000.0,0.0,-220000.0,0.0,0.0,-220000.0,0.0,0.0,-220000.0,0.0,-0.06667,-0.06667,3300000.0,3300000.0,,,1620592832,16:40:32,20210509
43,2010-03-31,GSV,CAD,2010-03-31,2010-03-31,Q1,0.0,0.0,0.0,0.0,0.0,50000.0,0.0,0.0,50000.0,50000.0,0.0,0.0,-50000.0,0.0,-50000.0,0.0,0.0,-50000.0,0.0,0.0,-50000.0,0.0,-0.01592,-0.01592,3140000.0,3140000.0,,,1620592832,16:40:32,20210509
44,2009-12-31,GSV,CAD,2009-12-31,2009-12-31,Q4,0.0,0.0,0.0,0.0,0.0,70000.0,0.0,0.0,70000.0,70000.0,0.0,0.0,-70000.0,0.0,-70000.0,0.0,0.0,-70000.0,0.0,0.0,-70000.0,0.0,-0.02518,-0.02518,2780000.0,2780000.0,,,1620592832,16:40:32,20210509
45,2009-09-30,GSV,CAD,2009-09-30,2009-09-30,Q3,0.0,0.0,0.0,0.0,0.0,60000.0,0.0,0.0,60000.0,60000.0,0.0,0.0,-60000.0,0.0,-60000.0,0.0,0.0,-60000.0,0.0,0.0,-60000.0,0.0,-0.02449,-0.02449,2450000.0,2450000.0,,,1620592832,16:40:32,20210509
46,2009-06-30,GSV,CAD,2009-06-30,2009-06-30,Q2,0.0,0.0,0.0,0.0,0.0,30000.0,0.0,60000.0,5410000.0,5410000.0,0.0,0.0,-5410000.0,0.0,-5410000.0,0.0,10000.0,-5410000.0,0.0,0.0,-5410000.0,0.0,-3.49032,-3.49032,1550000.0,1550000.0,,,1620592832,16:40:32,20210509
47,2009-03-31,GSV,CAD,2009-03-31,2009-03-31,Q1,0.0,0.0,0.0,0.0,0.0,30000.0,0.0,0.0,30000.0,30000.0,0.0,0.0,-30000.0,0.0,-30000.0,0.0,0.0,-30000.0,0.0,0.0,-30000.0,0.0,-0.01935,-0.01935,1550000.0,1550000.0,,,1620592832,16:40:32,20210509
48,2008-12-31,GSV,CAD,2008-12-31,2008-12-31,Q4,0.0,0.0,0.0,0.0,0.0,50000.0,0.0,0.0,50000.0,50000.0,0.0,0.0,-50000.0,0.0,-50000.0,0.0,0.0,-50000.0,0.0,0.0,-50000.0,0.0,-0.03226,-0.03226,1550000.0,1550000.0,,,1620592832,16:40:32,20210509
49,2008-09-30,GSV,CAD,2008-11-04 00:00:00,2008-11-03 18:13:10,Q3,0.0,0.0,0.0,0.0,0.0,0.0,0.0,0.0,32557.0,30000.0,0.0,0.0,-30000.0,0.0,-30000.0,0.0,0.0,-30000.0,0.0,0.0,-30000.0,0.0,-0.01935,-0.01935,1550000.0,1550000.0,https://www.sec.gov/Archives/edgar/data/1321847/000106299308004811/0001062993-08-004811-index.html,https://www.sec.gov/Archives/edgar/data/1321847/000106299308004811/form6k.htm,1620592832,16:40:32,20210509
50,2008-06-30,GSV,CAD,2008-07-15 00:00:00,2008-07-14 21:42:43,Q2,0.0,0.0,0.0,0.0,0.0,0.0,0.0,0.0,93083.0,90000.0,0.0,0.0,-90000.0,0.0,-90000.0,0.0,0.0,-90000.0,0.0,0.0,-90000.0,0.0,-0.05844,-0.05844,1540000.0,1540000.0,https://www.sec.gov/Archives/edgar/data/1321847/000127956908000823/0001279569-08-000823-index.html,https://www.sec.gov/Archives/edgar/data/1321847/000127956908000823/devonshire6k.htm,1620592832,16:40:32,20210509
51,2008-03-31,GSV,CAD,2008-04-18 00:00:00,2008-04-18 11:09:41,Q1,0.0,0.0,0.0,0.0,0.0,0.0,0.0,0.0,95259.0,100000.0,0.0,0.0,-100000.0,0.0,-100000.0,0.0,0.0,-100000.0,0.0,0.0,-100000.0,0.0,-0.06452,-0.06452,1550000.0,1550000.0,https://www.sec.gov/Archives/edgar/data/1321847/000127956908000490/0001279569-08-000490-index.html,https://www.sec.gov/Archives/edgar/data/1321847/000127956908000490/devonshire6k.htm,1620592832,16:40:32,20210509
52,2007-12-31,GSV,CAD,2007-12-31,2007-12-31,Q4,0.0,0.0,0.0,0.0,0.0,0.0,0.0,0.0,89606.0,90000.0,0.0,0.0,-90000.0,0.0,-90000.0,0.0,0.0,-90000.0,0.0,0.0,-90000.0,0.0,-0.09,-0.09,1000000.0,1000000.0,,,1620592832,16:40:32,20210509
53,2007-09-30,GSV,CAD,2007-10-02 00:00:00,2007-10-01 18:50:28,Q3,0.0,0.0,0.0,0.0,0.0,0.0,0.0,0.0,37408.0,40000.0,0.0,0.0,-40000.0,0.0,-40000.0,0.0,0.0,-40000.0,0.0,0.0,-40000.0,0.0,-0.04396,-0.04396,910000.0,910000.0,https://www.sec.gov/Archives/edgar/data/1321847/000106299307003819/0001062993-07-003819-index.html,https://www.sec.gov/Archives/edgar/data/1321847/000106299307003819/form6k.htm,1620592832,16:40:32,20210509
54,2007-06-30,GSV,CAD,2007-07-25 00:00:00,2007-07-24 18:04:39,Q2,0.0,0.0,0.0,0.0,0.0,0.0,0.0,10000.0,39766.0,50000.0,0.0,0.0,-50000.0,0.0,-50000.0,0.0,0.0,-50000.0,0.0,0.0,-50000.0,0.0,-0.05376,-0.05376,930000.0,930000.0,https://www.sec.gov/Archives/edgar/data/1321847/000106299307002833/0001062993-07-002833-index.html,https://www.sec.gov/Archives/edgar/data/1321847/000106299307002833/form6k.htm,1620592832,16:40:32,20210509
55,2007-03-31,GSV,CAD,2007-04-23 00:00:00,2007-04-23 11:59:56,Q1,0.0,0.0,0.0,0.0,0.0,0.0,0.0,0.0,83723.0,80000.0,0.0,0.0,-80000.0,0.0,-80000.0,0.0,0.0,-80000.0,0.0,0.0,-80000.0,0.0,-0.08889,-0.08889,900000.0,900000.0,https://www.sec.gov/Archives/edgar/data/1321847/000106299307001447/0001062993-07-001447-index.html,https://www.sec.gov/Archives/edgar/data/1321847/000106299307001447/form6k.htm,1620592832,16:40:32,20210509
56,2006-12-31,GSV,CAD,2006-12-31,2006-12-31,Q4,0.0,0.0,0.0,0.0,0.0,0.0,0.0,0.0,85848.0,90000.0,0.0,0.0,-80000.0,0.0,-90000.0,0.0,0.0,-80000.0,0.0,0.0,-80000.0,0.0,-0.08889,-0.08889,900000.0,900000.0,,,1620592832,16:40:32,20210509
57,2006-09-30,GSV,CAD,2006-09-30,2006-09-30,Q3,0.0,0.0,0.0,0.0,0.0,0.0,0.0,0.0,71433.0,70000.0,0.0,0.0,-70000.0,0.0,-70000.0,0.0,0.0,-70000.0,0.0,0.0,-70000.0,0.0,-0.07778,-0.07778,900000.0,900000.0,,,1620592832,16:40:32,20210509
58,2006-06-30,GSV,CAD,2006-06-30,2006-06-30,Q2,1151.0,0.0,0.0,0.0,0.0,0.0,0.0,0.0,175253.0,175253.0,861.0,0.0,-174102.0,-151.26151172893137,-174102.0,-151.26151172893137,-318.0,-175281.0,-152.2858384013901,91611.0,-266892.0,-231.87836663770634,-0.3595391187322936,-0.3595391187322936,742317.0,742317.0,,,1620592832,16:40:32,20210509
59,2006-03-31,GSV,CAD,2006-03-31,2006-03-31,Q1,570.0,0.0,0.0,0.0,0.0,0.0,0.0,0.0,202543.0,202543.0,105.0,67.0,-201906.0,-354.22105263157897,-201973.0,-354.3385964912281,0.0,-202078.0,-354.52280701754387,-113000.0,-89078.0,-156.27719298245614,-0.12,-0.12,742317.0,742317.0,,,1620592832,16:40:32,20210509
60,2005-12-31,GSV,CAD,2005-12-31,2005-12-31,Q4,47.0,0.0,0.0,0.0,0.0,0.0,0.0,0.0,66436.0,66436.0,-114.0,67.0,-66322.0,-1411.1063829787233,-66389.0,-1412.531914893617,318.0,-66071.0,-1405.7659574468084,0.0,-66071.0,-1405.7659574468084,-0.12,-0.12,550592.0,550592.0,,,1620592832,16:40:32,20210509
61,2005-09-30,GSV,CAD,2005-09-30,2005-09-30,Q3,221.0,0.0,0.0,0.0,0.0,0.0,0.0,0.0,145177.0,145177.0,0.0,162.0,-144794.0,-655.1764705882352,-144956.0,-655.9095022624434,0.0,-145370.0,-657.7828054298642,-99775.0,-45595.0,-206.31221719457014,-0.08,-0.08,569938.0,569938.0,,,1620592832,16:40:32,20210509
62,2005-06-30,GSV,CAD,2005-06-30,2005-06-30,Q2,572.0,0.0,0.0,0.0,0.0,0.0,0.0,0.0,378269.0,378269.0,243.0,0.0,-377697.0,-660.3094405594405,-377697.0,-660.3094405594405,0.0,0.0,0.0,0.0,-377940.0,-660.7342657342657,-0.9183152799848381,-0.9183152799848381,411558.0,411558.0,,,1620592832,16:40:32,20210509
63,2005-03-31,GSV,CAD,2005-03-31,2005-03-31,Q1,1426.0,0.0,0.0,0.0,0.0,0.0,0.0,0.0,490114.0,490114.0,94.0,0.0,-488688.0,-342.6984572230014,-488688.0,-342.6984572230014,0.0,0.0,0.0,0.0,-488782.0,-342.76437587657784,-0.8,-0.8,411558.0,411558.0,,,1620592832,16:40:32,20210509
64,2004-12-31,GSV,CAD,2004-12-31,2004-12-31,Q4,233.0,0.0,0.0,0.0,0.0,0.0,0.0,0.0,39452.0,39452.0,417.0,0.0,-39219.0,-168.32188841201716,-39219.0,-168.32188841201716,0.0,0.0,0.0,0.0,-39636.0,-170.11158798283262,-0.096307,-0.096307,411558.0,411558.0,,,1620592832,16:40:32,20210509
65,2004-09-30,GSV,CAD,2004-09-30,2004-09-30,Q3,25.0,0.0,0.0,0.0,0.0,0.0,0.0,0.0,77106.0,77106.0,0.0,0.0,-77081.0,-3083.24,-77081.0,-3083.24,0.0,0.0,0.0,0.0,-77682.0,-3107.28,-0.188751,-0.188751,411558.0,411558.0,,,1620592832,16:40:32,20210509
