,date,symbol,reportedCurrency,fillingDate,acceptedDate,period,revenue,costOfRevenue,grossProfit,grossProfitRatio,researchAndDevelopmentExpenses,generalAndAdministrativeExpenses,sellingAndMarketingExpenses,otherExpenses,operatingExpenses,costAndExpenses,interestExpense,depreciationAndAmortization,ebitda,ebitdaratio,operatingIncome,operatingIncomeRatio,totalOtherIncomeExpensesNet,incomeBeforeTax,incomeBeforeTaxRatio,incomeTaxExpense,netIncome,netIncomeRatio,eps,epsdiluted,weightedAverageShsOut,weightedAverageShsOutDil,link,finalLink,timestamp,est_time,est_date
0,2020-12-31,RNWK,USD,2021-03-15,2021-03-15 09:02:09,Q4,17601000.0,4036000.0,13565000.0,0.7706948468836998,5944000.0,4268000.0,5073000.0,8373000.0,15285000.0,19321000.0,8000.0,247000.0,-1473000.0,-0.08368842679393217,-1720000.0,-0.09772172035679791,7142000.0,5421000.0,0.30799386398500084,-551000.0,8140000.0,0.4624737230839157,0.21269924222628692,0.21269924222628692,38270000.0,38270000.0,https://www.sec.gov/Archives/edgar/data/1046327/000104632721000018/0001046327-21-000018-index.htm,https://www.sec.gov/Archives/edgar/data/1046327/000104632721000018/rnwk-20201231.htm,1620597358,17:55:58,20210509
1,2020-09-30,RNWK,USD,2020-11-04,2020-11-04 16:17:01,Q3,16554000.0,4062000.0,12492000.0,0.7546212395795578,5781000.0,4124000.0,5130000.0,-104000.0,15035000.0,19097000.0,7000.0,-2135000.0,-4678000.0,-0.28259031049897304,-2543000.0,-0.15361846079497402,-448000.0,-2992000.0,-0.18074181466714995,316000.0,-3238000.0,-0.19560227135435546,-0.08,-0.08,38270000.0,38270000.0,https://www.sec.gov/Archives/edgar/data/1046327/000104632720000075/0001046327-20-000075-index.htm,https://www.sec.gov/Archives/edgar/data/1046327/000104632720000075/rnwk-20200930.htm,1620597358,17:55:58,20210509
2,2020-06-30,RNWK,USD,2020-08-06,2020-08-06 08:54:55,Q2,40424000.0,23033000.0,17391000.0,0.4302147239263804,7802000.0,6680000.0,6927000.0,-134000.0,21409000.0,44442000.0,278000.0,1396000.0,-2622000.0,-0.06486245794577479,-4018000.0,-0.09939639817929942,-1068000.0,-5341000.0,-0.13212448050662973,213000.0,-5112000.0,-0.12645952899267762,-0.13,-0.13,38243000.0,38243000.0,https://www.sec.gov/Archives/edgar/data/1046327/000104632720000055/0001046327-20-000055-index.htm,https://www.sec.gov/Archives/edgar/data/1046327/000104632720000055/rnwk-20200630.htm,1620597358,17:55:58,20210509
3,2020-03-31,RNWK,USD,2020-05-07 00:00:00,2020-05-07 08:53:21,Q1,43145000.0,24176000.0,18969000.0,0.4396569706802642,8618000.0,7113000.0,8117000.0,795000.0,23848000.0,48024000.0,262000.0,1436000.0,-3443000.0,-0.07980067215204543,-4879000.0,-0.11308378722911114,586000.0,-4550000.0,-0.10545833816201182,139000.0,-4642000.0,-0.10759068258199096,-0.12,-0.12,38229000.0,38229000.0,https://www.sec.gov/Archives/edgar/data/1046327/000104632720000039/0001046327-20-000039-index.html,https://www.sec.gov/Archives/edgar/data/1046327/000104632720000039/rnwk-20200331.htm,1620597358,17:55:58,20210509
4,2019-12-31,RNWK,USD,2020-03-30,2020-03-30 16:22:04,Q4,43400000.0,24697000.0,18703000.0,0.4309447004608295,8452000.0,7417000.0,7806000.0,-431000.0,23675000.0,48372000.0,207000.0,1437000.0,-3535000.0,-0.0814516129032258,-4972000.0,-0.11456221198156682,-1342000.0,-6507000.0,-0.14993087557603688,256000.0,-6364000.0,-0.14663594470046082,-0.17,-0.17,38142000.0,38142000.0,https://www.sec.gov/Archives/edgar/data/1046327/000104632720000024/0001046327-20-000024-index.htm,https://www.sec.gov/Archives/edgar/data/1046327/000104632720000024/rnwk-20191231.htm,1620597358,17:55:58,20210509
5,2019-09-30,RNWK,USD,2019-10-31,2019-10-31 09:12:59,Q3,44993000.0,26278000.0,18715000.0,0.4159535927810993,8687000.0,7132000.0,8470000.0,541000.0,24289000.0,50567000.0,220000.0,1438000.0,-4136000.0,-0.09192541061942969,-5574000.0,-0.12388593781254861,-150000.0,-5944000.0,-0.13210943924610494,310000.0,-5968000.0,-0.1326428555553086,-0.16,-0.16,38062000.0,38062000.0,https://www.sec.gov/Archives/edgar/data/1046327/000104632719000041/0001046327-19-000041-index.htm,https://www.sec.gov/Archives/edgar/data/1046327/000104632719000041/q310q2019.htm,1620597358,17:55:58,20210509
6,2019-06-30,RNWK,USD,2019-08-06,2019-08-05 18:09:54,Q2,44248000.0,27282000.0,16966000.0,0.38342975953715425,8876000.0,8392000.0,8360000.0,183000.0,25628000.0,52910000.0,43000.0,1477000.0,-7185000.0,-0.16238022057494125,-8662000.0,-0.1957602603507503,-546000.0,-9211000.0,-0.2081676007955162,244000.0,-9202000.0,-0.2079642017718315,-0.24,-0.24,37948000.0,37948000.0,https://www.sec.gov/Archives/edgar/data/1046327/000104632719000034/0001046327-19-000034-index.htm,https://www.sec.gov/Archives/edgar/data/1046327/000104632719000034/q210q2019.htm,1620597358,17:55:58,20210509
7,2019-03-31,RNWK,USD,2019-05-09,2019-05-08 17:58:20,Q1,39472000.0,24870000.0,14602000.0,0.3699331171463316,8833000.0,8364000.0,8142000.0,127000.0,25339000.0,50209000.0,166000.0,1482000.0,-9255000.0,-0.2344700040535063,-10737000.0,-0.2720156059991893,12298000.0,1472000.0,0.03729225780299959,258000.0,1533000.0,0.03883765707336846,0.04053410893707033,0.04043574593796159,37820000.0,37912000.0,https://www.sec.gov/Archives/edgar/data/1046327/000104632719000025/0001046327-19-000025-index.htm,https://www.sec.gov/Archives/edgar/data/1046327/000104632719000010/a10-k2018.htm,1620597358,17:55:58,20210509
8,2018-12-31,RNWK,USD,2019-03-08,2019-03-08 08:22:18,Q4,16557000.0,3727000.0,12830000.0,0.7748988343298907,7391000.0,5180000.0,5262000.0,92000.0,17833000.0,21560000.0,0.0,397000.0,-4606000.0,-0.27819049344688046,-5003000.0,-0.3021682671981639,-481000.0,-5410000.0,-0.32675001509935375,1494000.0,-6904000.0,-0.4169837530953675,-0.18,-0.18,37680000.0,37680000.0,https://www.sec.gov/Archives/edgar/data/1046327/000104632719000010/0001046327-19-000010-index.htm,https://www.sec.gov/Archives/edgar/data/1046327/000104632719000010/a10-k2018.htm,1620597358,17:55:58,20210509
9,2018-09-30,RNWK,USD,2018-11-08,2018-11-08 08:44:34,Q3,17579000.0,4239000.0,13340000.0,0.7588600034131634,8052000.0,4586000.0,4998000.0,-112000.0,17636000.0,21875000.0,0.0,507000.0,-3789000.0,-0.21554127083451846,-4296000.0,-0.24438250184879687,-1481000.0,-5705000.0,-0.32453495648216624,272000.0,-5977000.0,-0.3400079640480118,-0.16,-0.16,37618000.0,37618000.0,https://www.sec.gov/Archives/edgar/data/1046327/000104632718000042/0001046327-18-000042-index.htm,https://www.sec.gov/Archives/edgar/data/1046327/000104632718000042/q310q2018.htm,1620597358,17:55:58,20210509
10,2018-06-30,RNWK,USD,2018-08-02,2018-08-02 08:07:26,Q2,15724000.0,4625000.0,11099000.0,0.7058636479267362,7652000.0,5339000.0,4883000.0,-42000.0,17745000.0,22370000.0,0.0,611000.0,-6035000.0,-0.38380819129992366,-6646000.0,-0.42266598829814295,-229000.0,-6764000.0,-0.43017044009157973,166000.0,-6930000.0,-0.44072755024166876,-0.18,-0.18,37577000.0,37577000.0,https://www.sec.gov/Archives/edgar/data/1046327/000104632718000035/0001046327-18-000035-index.htm,https://www.sec.gov/Archives/edgar/data/1046327/000104632718000035/q210q2018.htm,1620597358,17:55:58,20210509
11,2018-03-31,RNWK,USD,2018-05-04,2018-05-04 07:22:01,Q1,19650000.0,5136000.0,14514000.0,0.7386259541984733,7694000.0,5601000.0,5997000.0,-41000.0,18967000.0,24103000.0,0.0,620000.0,-3833000.0,-0.19506361323155216,-4453000.0,-0.22661577608142494,-542000.0,-4908000.0,-0.2497709923664122,270000.0,-5178000.0,-0.2635114503816794,-0.14,-0.14,37449000.0,37449000.0,https://www.sec.gov/Archives/edgar/data/1046327/000104632718000028/0001046327-18-000028-index.htm,https://www.sec.gov/Archives/edgar/data/1046327/000104632718000010/a10-k2017.htm,1620597358,17:55:58,20210509
12,2017-12-31,RNWK,USD,2018-02-27,2018-02-27 16:03:33,Q4,-14972000.0,-27953000.0,12981000.0,-0.8670184344109003,7625000.0,5358000.0,5419000.0,-218000.0,18402000.0,-9551000.0,0.0,534000.0,-4887000.0,0.3264092973550628,-5421000.0,0.3620758749666043,1133000.0,-4204000.0,0.28079080951108737,-3934000.0,839000.0,-0.056037937483302165,0.022484255661262227,0.02244335660594388,37315000.0,37383000.0,https://www.sec.gov/Archives/edgar/data/1046327/000104632718000010/0001046327-18-000010-index.htm,https://www.sec.gov/Archives/edgar/data/1046327/000104632718000010/a10-k2017.htm,1620597358,17:55:58,20210509
13,2017-09-30,RNWK,USD,2017-11-02,2017-11-02 08:07:18,Q3,30002000.0,16534000.0,13468000.0,0.4489034064395707,7152000.0,5081000.0,4883000.0,-50000.0,17116000.0,33650000.0,0.0,645000.0,-3003000.0,-0.1000933271115259,-3648000.0,-0.12159189387374175,-607000.0,-4139000.0,-0.1379574695020332,195000.0,-4334000.0,-0.14445703619758682,-0.12,-0.12,37200000.0,37200000.0,https://www.sec.gov/Archives/edgar/data/1046327/000104632717000041/0001046327-17-000041-index.htm,https://www.sec.gov/Archives/edgar/data/1046327/000104632717000041/q310q2017.htm,1620597358,17:55:58,20210509
14,2017-06-30,RNWK,USD,2017-08-04,2017-08-04 07:19:52,Q2,33112000.0,17290000.0,15822000.0,0.47783280985745347,7584000.0,5254000.0,5496000.0,-13000.0,18334000.0,35624000.0,0.0,836000.0,-1676000.0,-0.05061609084319884,-2512000.0,-0.07586373520173956,-512000.0,-2915000.0,-0.08803454940806958,471000.0,-3386000.0,-0.10225899975839575,-0.09,-0.09,37103000.0,37103000.0,https://www.sec.gov/Archives/edgar/data/1046327/000104632717000031/0001046327-17-000031-index.htm,https://www.sec.gov/Archives/edgar/data/1046327/000104632717000031/q210q2017.htm,1620597358,17:55:58,20210509
15,2017-03-31,RNWK,USD,2017-05-04,2017-05-04 07:59:39,Q1,30576000.0,17293000.0,13283000.0,0.4344256933542648,7349000.0,5303000.0,7155000.0,-226000.0,19807000.0,37100000.0,0.0,921000.0,-5603000.0,-0.1832482993197279,-6524000.0,-0.21336996336996336,-2538000.0,-8934000.0,-0.2921899529042386,490000.0,-9424000.0,-0.3082155939298796,-0.25,-0.25,37030000.0,37030000.0,https://www.sec.gov/Archives/edgar/data/1046327/000104632717000025/0001046327-17-000025-index.htm,https://www.sec.gov/Archives/edgar/data/1046327/000104632717000009/a10-k2016.htm,1620597358,17:55:58,20210509
16,2016-12-31,RNWK,USD,2017-02-27,2017-02-27 15:00:13,Q4,31453000.0,17358000.0,14095000.0,0.44812895431278416,6738000.0,6035000.0,7451000.0,-128000.0,20272000.0,37630000.0,0.0,1160000.0,-5017000.0,-0.15950783709026167,-6177000.0,-0.1963882618510158,-3729000.0,-9773000.0,-0.3107175786093536,203000.0,-9976000.0,-0.3171716529424856,-0.27,-0.27,37042000.0,37042000.0,https://www.sec.gov/Archives/edgar/data/1046327/000104632717000009/0001046327-17-000009-index.htm,https://www.sec.gov/Archives/edgar/data/1046327/000104632717000009/a10-k2016.htm,1620597358,17:55:58,20210509
17,2016-09-30,RNWK,USD,2016-11-04,2016-11-04 11:46:40,Q3,31051000.0,16740000.0,14311000.0,0.46088692795723163,6699000.0,7086000.0,7183000.0,-243000.0,22201000.0,38941000.0,0.0,1673000.0,-6217000.0,-0.20021899455734116,-7890000.0,-0.25409809667965605,5046000.0,-2725000.0,-0.08775884834626904,331000.0,-3056000.0,-0.09841873047566906,-0.08,-0.08,36805000.0,36805000.0,https://www.sec.gov/Archives/edgar/data/1046327/000104632716000118/0001046327-16-000118-index.htm,https://www.sec.gov/Archives/edgar/data/1046327/000104632716000118/q310q2016.htm,1620597358,17:55:58,20210509
18,2016-06-30,RNWK,USD,2016-08-04,2016-08-04 12:51:46,Q2,29734000.0,15698000.0,14036000.0,0.47205219613910004,7167000.0,6217000.0,7749000.0,15000.0,21260000.0,36958000.0,0.0,1626000.0,-5598000.0,-0.18826932131566557,-7224000.0,-0.24295419385215578,-840000.0,-7984000.0,-0.26851415887536156,363000.0,-8347000.0,-0.2807224053272348,-0.23,-0.23,36755000.0,36755000.0,https://www.sec.gov/Archives/edgar/data/1046327/000104632716000105/0001046327-16-000105-index.htm,https://www.sec.gov/Archives/edgar/data/1046327/000104632716000105/q210q2016.htm,1620597358,17:55:58,20210509
19,2016-03-31,RNWK,USD,2016-05-06,2016-05-06 11:13:05,Q1,28230000.0,15172000.0,13058000.0,0.4625575628763727,9319000.0,8077000.0,9225000.0,-287000.0,27452000.0,42624000.0,0.0,2598000.0,-11796000.0,-0.41785334750265674,-14394000.0,-0.5098831030818278,-669000.0,-14946000.0,-0.5294367693942614,225000.0,-15171000.0,-0.5374070138150904,-0.42,-0.42,36520000.0,36520000.0,https://www.sec.gov/Archives/edgar/data/1046327/000104632716000096/0001046327-16-000096-index.htm,https://www.sec.gov/Archives/edgar/data/1046327/000104632716000072/a10k2015.htm,1620597358,17:55:58,20210509
20,2015-12-31,RNWK,USD,2016-02-29,2016-02-29 17:25:23,Q4,29922000.0,15828000.0,14094000.0,0.4710246641267295,8945000.0,3237000.0,9409000.0,-122000.0,21884000.0,37712000.0,0.0,2458000.0,-5332000.0,-0.17819664460931756,-7790000.0,-0.26034355992246505,-465000.0,-8172000.0,-0.27311008622418287,241000.0,-8413000.0,-0.28116436067107814,-0.23,-0.23,36257000.0,36257000.0,https://www.sec.gov/Archives/edgar/data/1046327/000104632716000072/0001046327-16-000072-index.htm,https://www.sec.gov/Archives/edgar/data/1046327/000104632716000072/a10k2015.htm,1620597358,17:55:58,20210509
21,2015-09-30,RNWK,USD,2015-11-09,2015-11-09 17:04:57,Q3,30823000.0,18090000.0,12733000.0,0.4131006066898096,10501000.0,7021000.0,11938000.0,297000.0,31581000.0,49671000.0,0.0,3058000.0,-15790000.0,-0.5122797910651137,-18848000.0,-0.6114914187457419,-4167000.0,-22868000.0,-0.7419135061480063,-1684000.0,-21184000.0,-0.6872789799824807,-0.59,-0.59,36191000.0,36191000.0,https://www.sec.gov/Archives/edgar/data/1046327/000104632715000061/0001046327-15-000061-index.htm,https://www.sec.gov/Archives/edgar/data/1046327/000104632715000061/q310q2015.htm,1620597358,17:55:58,20210509
22,2015-06-30,RNWK,USD,2015-08-06,2015-08-06 10:50:21,Q2,33954000.0,19832000.0,14122000.0,0.41591565058608704,11801000.0,7008000.0,14047000.0,-112000.0,32865000.0,52697000.0,0.0,2391000.0,-16352000.0,-0.48159274312304884,-18743000.0,-0.5520115450315132,-8898000.0,-27391000.0,-0.8067090769865112,390000.0,-27781000.0,-0.8181952052777287,-0.77,-0.77,36106000.0,36106000.0,https://www.sec.gov/Archives/edgar/data/1046327/000104632715000041/0001046327-15-000041-index.htm,https://www.sec.gov/Archives/edgar/data/1046327/000104632715000041/q210q2015.htm,1620597358,17:55:58,20210509
23,2015-03-31,RNWK,USD,2015-05-07,2015-05-07 14:58:08,Q1,30597000.0,16547000.0,14050000.0,0.45919534594894923,12379000.0,7283000.0,12837000.0,443000.0,32577000.0,49124000.0,0.0,2503000.0,-16024000.0,-0.5237114749812073,-18527000.0,-0.6055168807399418,-5923000.0,-24250000.0,-0.7925613622250547,219000.0,-24469000.0,-0.7997189266921594,-0.68,-0.68,36104000.0,36104000.0,https://www.sec.gov/Archives/edgar/data/1046327/000104632715000033/0001046327-15-000033-index.htm,https://www.sec.gov/Archives/edgar/data/1046327/000104632715000016/a10k2014.htm,1620597358,17:55:58,20210509
24,2014-12-31,RNWK,USD,2015-02-26,2015-02-25 17:35:16,Q4,35506000.0,17881000.0,17625000.0,0.4963949754970991,12655000.0,8384000.0,15904000.0,-10000.0,37120000.0,55001000.0,0.0,3083000.0,-16412000.0,-0.4622317354813271,-19495000.0,-0.5490621303441672,-1479000.0,-20814000.0,-0.586210781276404,24000.0,-20838000.0,-0.5868867233706979,-0.58,-0.58,36052000.0,36052000.0,https://www.sec.gov/Archives/edgar/data/1046327/000104632715000016/0001046327-15-000016-index.htm,https://www.sec.gov/Archives/edgar/data/1046327/000104632715000016/a10k2014.htm,1620597358,17:55:58,20210509
25,2014-09-30,RNWK,USD,2014-11-06,2014-11-05 18:43:14,Q3,34157000.0,18928000.0,15229000.0,0.4458529730362737,12784000.0,7723000.0,13283000.0,325000.0,33944000.0,52872000.0,0.0,2731000.0,-15984000.0,-0.46795678777410193,-18715000.0,-0.5479111163158357,-3253000.0,-21888000.0,-0.6408056913663378,290000.0,-22178000.0,-0.6492958983517287,-0.62,-0.62,36003000.0,36003000.0,https://www.sec.gov/Archives/edgar/data/1046327/000104632714000047/0001046327-14-000047-index.htm,https://www.sec.gov/Archives/edgar/data/1046327/000104632714000047/q310q2014.htm,1620597358,17:55:58,20210509
26,2014-06-30,RNWK,USD,2014-08-07,2014-08-07 11:06:58,Q2,40825000.0,20786000.0,20039000.0,0.4908511941212492,13267000.0,8577000.0,16016000.0,-95000.0,38330000.0,59116000.0,0.0,3162000.0,-15129000.0,-0.3705817513778322,-18291000.0,-0.44803429271279854,-2438000.0,-20549000.0,-0.5033435394978567,480000.0,-21029000.0,-0.5151010410287814,-0.59,-0.59,35890000.0,35890000.0,https://www.sec.gov/Archives/edgar/data/1046327/000104632714000038/0001046327-14-000038-index.htm,https://www.sec.gov/Archives/edgar/data/1046327/000104632714000038/q210q2014.htm,1620597358,17:55:58,20210509
27,2014-03-31,RNWK,USD,2014-05-08,2014-05-08 10:05:21,Q1,45724000.0,18786000.0,26938000.0,0.5891435569941388,14059000.0,9317000.0,21723000.0,-77000.0,45178000.0,63964000.0,0.0,2983000.0,-15257000.0,-0.333675968856618,-18240000.0,-0.39891523051351585,10820000.0,-7284000.0,-0.15930364797480534,486000.0,-7770000.0,-0.16993263931414573,-0.22,-0.22,35840000.0,35840000.0,https://www.sec.gov/Archives/edgar/data/1046327/000104632714000027/0001046327-14-000027-index.htm,https://www.sec.gov/Archives/edgar/data/1046327/000104632714000014/a10k2013.htm,1620597358,17:55:58,20210509
28,2013-12-31,RNWK,USD,2014-03-06,2014-03-06 16:04:26,Q4,50595000.0,20076000.0,30519000.0,0.6032018974206937,14929000.0,8137000.0,20181000.0,613000.0,43270000.0,63346000.0,0.0,3703000.0,-9048000.0,-0.17883190038541358,-12751000.0,-0.2520209506868268,20253000.0,7643000.0,0.15106235794050796,5113000.0,2530000.0,0.05000494119972329,0.07079299345234764,0.07046176126552665,35738000.0,35906000.0,https://www.sec.gov/Archives/edgar/data/1046327/000104632714000014/0001046327-14-000014-index.htm,https://www.sec.gov/Archives/edgar/data/1046327/000104632714000014/a10k2013.htm,1620597358,17:55:58,20210509
29,2013-09-30,RNWK,USD,2013-11-07,2013-11-07 11:08:19,Q3,48958000.0,18990000.0,29968000.0,0.6121165080272887,15707000.0,9869000.0,19427000.0,-118000.0,45003000.0,63993000.0,0.0,5171000.0,-9864000.0,-0.20147881857919034,-15035000.0,-0.30709996323379224,-16149000.0,-31018000.0,-0.633563462559745,357000.0,-31375000.0,-0.6408554271007803,-0.88,-0.88,35670000.0,35670000.0,https://www.sec.gov/Archives/edgar/data/1046327/000104632713000039/0001046327-13-000039-index.htm,https://www.sec.gov/Archives/edgar/data/1046327/000104632713000039/a10q2013q3.htm,1620597358,17:55:58,20210509
30,2013-06-30,RNWK,USD,2013-08-08,2013-08-08 09:57:22,Q2,49850000.0,19519000.0,30331000.0,0.6084453360080241,14993000.0,8691000.0,19269000.0,-137000.0,46019000.0,65538000.0,0.0,4986000.0,-10702000.0,-0.2146840521564694,-15688000.0,-0.314704112337011,-2300000.0,-17809000.0,-0.3572517552657974,662000.0,-18471000.0,-0.37053159478435305,-0.52,-0.52,35455000.0,35455000.0,https://www.sec.gov/Archives/edgar/data/1046327/000104632713000031/0001046327-13-000031-index.htm,https://www.sec.gov/Archives/edgar/data/1046327/000104632713000031/a10q2013q2.htm,1620597358,17:55:58,20210509
31,2013-03-31,RNWK,USD,2013-05-08,2013-05-08 09:28:45,Q1,56793000.0,20506000.0,36287000.0,0.6389343757153171,15251000.0,9946000.0,21134000.0,109000.0,46331000.0,66837000.0,0.0,4888000.0,-5156000.0,-0.09078583628264046,-10044000.0,-0.17685278115260683,-3506000.0,-12903000.0,-0.2271934921557234,-1229000.0,-11674000.0,-0.20555350131178138,-0.33,-0.33,35343000.0,35343000.0,https://www.sec.gov/Archives/edgar/data/1046327/000104632713000025/0001046327-13-000025-index.htm,https://www.sec.gov/Archives/edgar/data/1046327/000104632713000008/a10k.htm,1620597358,17:55:58,20210509
32,2012-12-31,RNWK,USD,2013-03-18,2013-03-18 15:15:29,Q4,67264000.0,25098000.0,42166000.0,0.6268732159847764,14027000.0,8788000.0,21839000.0,-433000.0,47701000.0,72799000.0,0.0,4481000.0,-1054000.0,-0.015669600380589916,-5535000.0,-0.082287702188392,112737000.0,-8992000.0,-0.13368220742150333,-12065000.0,3073000.0,0.045685656517602286,0.087177304964539,0.0866854724964739,35250000.0,35450000.0,https://www.sec.gov/Archives/edgar/data/1046327/000104632713000008/0001046327-13-000008-index.htm,https://www.sec.gov/Archives/edgar/data/1046327/000104632713000008/a10k.htm,1620597358,17:55:58,20210509
33,2012-09-30,RNWK,USD,2012-11-08,2012-11-07 21:25:56,Q3,59088000.0,25244000.0,33844000.0,0.5727728134308151,15321000.0,8759000.0,21972000.0,0.0,46295000.0,71539000.0,0.0,4316000.0,-8135000.0,-0.13767600866504198,-12451000.0,-0.21071960465746006,-9879000.0,-22166000.0,-0.37513539128080153,48000.0,-22214000.0,-0.3759477389656106,-0.63,-0.63,34998000.0,34998000.0,https://www.sec.gov/Archives/edgar/data/1046327/000144530512003542/0001445305-12-003542-index.htm,https://www.sec.gov/Archives/edgar/data/1046327/000144530512003542/rnwk-2012930x10q.htm,1620597358,17:55:58,20210509
34,2012-06-30,RNWK,USD,2012-08-09,2012-08-09 14:57:15,Q2,65526000.0,25962000.0,39564000.0,0.6037908616427067,16028000.0,13068000.0,22694000.0,0.0,51790000.0,77752000.0,0.0,4044000.0,-8182000.0,-0.12486646521991271,-12226000.0,-0.18658242529682875,117309000.0,105308000.0,1.6071177853065959,24311000.0,80997000.0,1.2361047523120594,2.33,2.32,34752000.0,34900000.0,https://www.sec.gov/Archives/edgar/data/1046327/000119312512347196/0001193125-12-347196-index.htm,https://www.sec.gov/Archives/edgar/data/1046327/000119312512347196/d357271d10q.htm,1620597358,17:55:58,20210509
35,2012-03-31,RNWK,USD,2012-05-08,2012-05-08 15:01:41,Q1,66964000.0,27427000.0,39537000.0,0.5904217191326683,17818000.0,13276000.0,23796000.0,0.0,54890000.0,82317000.0,0.0,4118000.0,-11235000.0,-0.16777671584732096,-15353000.0,-0.2292724448957649,-2082000.0,-16791000.0,-0.250746669852458,224000.0,-17015000.0,-0.25409175079147006,-0.49,-0.49,34488000.0,34488000.0,https://www.sec.gov/Archives/edgar/data/1046327/000119312512218098/0001193125-12-218098-index.htm,https://www.sec.gov/Archives/edgar/data/1046327/000119312512090235/d278602d10k.htm,1620597358,17:55:58,20210509
36,2011-12-31,RNWK,USD,2012-03-01,2012-02-29 21:28:32,Q4,80219000.0,52051000.0,28168000.0,0.35113875765093056,16012000.0,10163000.0,25342000.0,0.0,51045000.0,103096000.0,0.0,4376000.0,-18501000.0,-0.2306311472344457,-22877000.0,-0.2851818147820342,-2771000.0,-25458000.0,-0.3173562373003902,-22694000.0,-2764000.0,-0.03445567758261758,-0.08,-0.08,34258000.0,34258000.0,https://www.sec.gov/Archives/edgar/data/1046327/000119312512090235/0001193125-12-090235-index.htm,https://www.sec.gov/Archives/edgar/data/1046327/000119312512090235/d278602d10k.htm,1620597358,17:55:58,20210509
37,2011-09-30,RNWK,USD,2011-11-08,2011-11-08 16:06:16,Q3,84414000.0,31816000.0,52598000.0,0.6230956950268913,16496000.0,10522000.0,28625000.0,0.0,55643000.0,87459000.0,0.0,4403000.0,1358000.0,0.016087378870803422,-3045000.0,-0.03607221550927571,-2106000.0,-4479000.0,-0.05305991897078684,703000.0,-5182000.0,-0.061387921434833084,-0.15,-0.15,34199000.0,34199000.0,https://www.sec.gov/Archives/edgar/data/1046327/000119312511302116/0001193125-11-302116-index.htm,https://www.sec.gov/Archives/edgar/data/1046327/000119312511302116/d239796d10q.htm,1620597358,17:55:58,20210509
38,2011-06-30,RNWK,USD,2011-08-09,2011-08-08 20:24:31,Q2,83752000.0,30666000.0,53086000.0,0.6338475499092558,17809000.0,10874000.0,28853000.0,0.0,57362000.0,88028000.0,0.0,4297000.0,21000.0,0.0002507402808291145,-4276000.0,-0.05105549718215684,-1837000.0,-5802000.0,-0.0692759575890725,1047000.0,-6849000.0,-0.08177715159040978,-0.2,-0.2,34134750.0,34134750.0,https://www.sec.gov/Archives/edgar/data/1046327/000119312511214737/0001193125-11-214737-index.htm,https://www.sec.gov/Archives/edgar/data/1046327/000119312511214737/d10q.htm,1620597358,17:55:58,20210509
39,2011-03-31,RNWK,USD,2011-05-10,2011-05-10 15:59:33,Q1,87301000.0,32066000.0,55235000.0,0.6326960745008648,19895000.0,5622000.0,28480000.0,0.0,53997000.0,86063000.0,0.0,3819000.0,5057000.0,0.057926026047811593,1238000.0,0.014180822670988878,-10307000.0,-8690000.0,-0.0995406696372321,3615000.0,-12305000.0,-0.14094913002142015,-0.36,-0.36,34066000.0,34066000.0,https://www.sec.gov/Archives/edgar/data/1046327/000119312511134158/0001193125-11-134158-index.htm,https://www.sec.gov/Archives/edgar/data/1046327/000119312511068695/d10k.htm,1620597358,17:55:58,20210509
40,2010-12-31,RNWK,USD,2011-03-16,2011-03-16 16:18:08,Q4,97817000.0,35705000.0,62112000.0,0.6349816494065449,19180000.0,9066000.0,27013000.0,0.0,55259000.0,90964000.0,0.0,4354000.0,11207000.0,0.11457108682539845,6853000.0,0.07005939662839793,-3284000.0,3981000.0,0.04069844710019731,787000.0,3194000.0,0.03265281086109777,0.09375917336934186,0.09375917336934186,34066000.0,34066000.0,https://www.sec.gov/Archives/edgar/data/1046327/000119312511068695/0001193125-11-068695-index.htm,https://www.sec.gov/Archives/edgar/data/1046327/000119312511068695/d10k.htm,1620597358,17:55:58,20210509
41,2010-09-30,RNWK,USD,2010-11-09,2010-11-09 16:25:01,Q3,86432000.0,30710000.0,55722000.0,0.6446917808219178,19517000.0,12640000.0,26321000.0,0.0,58792000.0,89502000.0,0.0,5074000.0,2004000.0,0.02318585708996668,-3070000.0,-0.03551925212884117,-7428000.0,-9424000.0,-0.10903369122547205,-33947000.0,24523000.0,0.28372593483894853,0.7232909843016097,0.7120034260247226,33904750.0,34442250.0,https://www.sec.gov/Archives/edgar/data/1046327/000119312510254197/0001193125-10-254197-index.htm,https://www.sec.gov/Archives/edgar/data/1046327/000119312510254197/d10q.htm,1620597358,17:55:58,20210509
42,2010-06-30,RNWK,USD,2010-08-09,2010-08-09 06:01:47,Q2,88884000.0,29149000.0,59735000.0,0.6720557130642185,27583000.0,14590000.0,27382000.0,0.0,76637000.0,105786000.0,0.0,6659000.0,-10243000.0,-0.11524008820485127,-16902000.0,-0.19015795868772783,-9275000.0,-25626000.0,-0.2883083569596328,281000.0,-25907000.0,-0.2914697808379461,-0.76,-0.76,33819250.0,33819250.0,https://www.sec.gov/Archives/edgar/data/1046327/000095012310074579/0000950123-10-074579-index.htm,https://www.sec.gov/Archives/edgar/data/1046327/000095012310074579/v56554e10vq.htm,1620597358,17:55:58,20210509
43,2010-03-31,RNWK,USD,2010-05-07,2010-05-07 16:59:01,Q1,128600000.0,49159000.0,79441000.0,0.6177371695178849,34675000.0,14921000.0,38892000.0,0.0,88488000.0,137647000.0,0.0,7314000.0,-1733000.0,-0.013475894245723173,-9047000.0,-0.07034992223950233,5413000.0,-3254000.0,-0.02530326594090202,-3572000.0,3228000.0,0.02510108864696734,0.09555243099237772,0.09251072915248651,33782500.0,34893250.0,https://www.sec.gov/Archives/edgar/data/1046327/000095012310046502/0000950123-10-046502-index.htm,https://www.sec.gov/Archives/edgar/data/1046327/000095012310023158/v55083e10vk.htm,1620597358,17:55:58,20210509
44,2009-12-31,RNWK,USD,2010-03-10,2010-03-10 17:23:52,Q4,145502000.0,56821000.0,88681000.0,0.6094830311610837,32541000.0,23956000.0,51388000.0,0.0,107885000.0,164706000.0,0.0,8573000.0,-10631000.0,-0.07306428777611304,-19204000.0,-0.13198444007642507,-7915000.0,-26340000.0,-0.1810284394716224,-124000.0,-17819000.0,-0.12246567057497491,-0.5274624435728558,-0.5274624435728558,33782500.0,33782500.0,https://www.sec.gov/Archives/edgar/data/1046327/000095012310023158/0000950123-10-023158-index.htm,https://www.sec.gov/Archives/edgar/data/1046327/000095012310023158/v55083e10vk.htm,1620597358,17:55:58,20210509
45,2009-09-30,RNWK,USD,2009-11-02,2009-11-02 06:03:54,Q3,140264000.0,53686000.0,86578000.0,0.6172503279530029,29425000.0,13039000.0,47514000.0,0.0,89978000.0,143664000.0,0.0,7359000.0,3959000.0,0.028225346489476985,-3400000.0,-0.024240004562824387,-1434000.0,-3581000.0,-0.025530428335139452,686000.0,1520000.0,0.010836707922203844,0.045106199876848205,0.04504437760227593,33698250.0,33744500.0,https://www.sec.gov/Archives/edgar/data/1046327/000095012309055883/0000950123-09-055883-index.htm,https://www.sec.gov/Archives/edgar/data/1046327/000095012309055883/v53896e10vq.htm,1620597358,17:55:58,20210509
46,2009-06-30,RNWK,USD,2009-08-07,2009-08-07 06:07:35,Q2,135725000.0,55614000.0,80111000.0,0.5902449806594217,28923000.0,19338000.0,49138000.0,0.0,97399000.0,153013000.0,0.0,7746000.0,-9542000.0,-0.07030392337447043,-17288000.0,-0.1273752072204826,-176233000.0,-192767000.0,-1.4202762939767912,1210000.0,-188329000.0,-1.387577822803463,-5.6,-5.6,33605000.0,33605000.0,https://www.sec.gov/Archives/edgar/data/1046327/000095012309031516/0000950123-09-031516-index.htm,https://www.sec.gov/Archives/edgar/data/1046327/000095012309031516/v53222e10vq.htm,1620597358,17:55:58,20210509
47,2009-03-31,RNWK,USD,2009-05-11,2009-05-11 16:28:15,Q1,140773000.0,56021000.0,84752000.0,0.6020472675868241,28559000.0,22831000.0,51108000.0,0.0,102498000.0,158519000.0,0.0,7776000.0,-9970000.0,-0.07082324025203697,-17746000.0,-0.1260611054676678,-457000.0,-17020000.0,-0.1209038665084924,1549000.0,-18569000.0,-0.1319073970150526,-0.4,-0.4,33595000.0,33595000.0,https://www.sec.gov/Archives/edgar/data/1046327/000095013409010288/0000950134-09-010288-index.htm,https://www.sec.gov/Archives/edgar/data/1046327/000095013409004088/v51166e10vk.htm,1620597358,17:55:58,20210509
48,2008-12-31,RNWK,USD,2009-03-02,2009-03-02 06:08:39,Q4,152644000.0,60042000.0,92602000.0,0.6066533895862267,28533000.0,69299000.0,12480000.0,0.0,302302000.0,362344000.0,0.0,7936000.0,-201764000.0,-1.3217945022405073,-209700000.0,-1.3737847540682897,-220078000.0,-223107000.0,-1.46161657189277,17392000.0,-240499000.0,-1.5755548858782527,-7.1587736270278315,-7.1587736270278315,33595000.0,33595000.0,https://www.sec.gov/Archives/edgar/data/1046327/000095013409004088/0000950134-09-004088-index.htm,https://www.sec.gov/Archives/edgar/data/1046327/000095013409004088/v51166e10vk.htm,1620597358,17:55:58,20210509
49,2008-09-30,RNWK,USD,2008-11-10,2008-11-07 20:06:23,Q3,151955000.0,62164000.0,89791000.0,0.5909052021980191,31076000.0,70533000.0,15153000.0,0.0,116762000.0,178926000.0,0.0,12331000.0,-14640000.0,-0.09634431246092594,-26971000.0,-0.17749333684314436,7997000.0,-3772000.0,-0.024823138429140208,728000.0,-4500000.0,-0.029614030469546904,-0.12,-0.12,35493750.0,35493750.0,https://www.sec.gov/Archives/edgar/data/1046327/000095013408019923/0000950134-08-019923-index.htm,https://www.sec.gov/Archives/edgar/data/1046327/000095013408019923/v50432e10vq.htm,1620597358,17:55:58,20210509
50,2008-06-30,RNWK,USD,2008-08-11,2008-08-08 19:01:10,Q2,152648000.0,55645000.0,97003000.0,0.6354685289030974,29065000.0,80631000.0,0.0,0.0,109696000.0,165341000.0,0.0,12730000.0,37000.0,0.00024238771552853624,-12693000.0,-0.08315208846496515,3536000.0,2395000.0,0.015689691315968764,3700000.0,-1305000.0,-0.00854908023688486,-0.04,-0.04,35726250.0,35726250.0,https://www.sec.gov/Archives/edgar/data/1046327/000095013408014802/0000950134-08-014802-index.htm,https://www.sec.gov/Archives/edgar/data/1046327/000095013408014802/v42681e10vq.htm,1620597358,17:55:58,20210509
51,2008-03-31,RNWK,USD,2008-05-12,2008-05-09 18:29:58,Q1,147563000.0,55393000.0,92170000.0,0.6246145714034006,25006000.0,70680000.0,7340000.0,0.0,103026000.0,158419000.0,0.0,12971000.0,2115000.0,0.014332861218598157,-10856000.0,-0.07356857748893693,3717000.0,6434000.0,0.04360171587728631,4008000.0,2426000.0,0.01644043561055278,0.06810254682751893,0.06271326646675628,35622750.0,38684000.0,https://www.sec.gov/Archives/edgar/data/1046327/000095013408009125/0000950134-08-009125-index.htm,https://www.sec.gov/Archives/edgar/data/1046327/000095013408003764/v38405e10vk.htm,1620597358,17:55:58,20210509
52,2007-12-31,RNWK,USD,2008-02-29,2008-02-29 06:01:49,Q4,156882000.0,61705000.0,95177000.0,0.606678905164391,27719000.0,72978000.0,16613000.0,0.0,117310000.0,179015000.0,0.0,12360000.0,-9773000.0,-0.06229522826073099,-22133000.0,-0.14108055736158387,5130000.0,2732000.0,0.017414362387016994,47000.0,2685000.0,0.01711477416147168,0.07537318146409247,0.07537318146409247,35622750.0,35622750.0,https://www.sec.gov/Archives/edgar/data/1046327/000095013408003764/0000950134-08-003764-index.htm,https://www.sec.gov/Archives/edgar/data/1046327/000095013408003764/v38405e10vk.htm,1620597358,17:55:58,20210509
53,2007-09-30,RNWK,USD,2007-11-09,2007-11-09 06:02:22,Q3,145095000.0,56644000.0,88451000.0,0.6096074985354423,26528000.0,69562000.0,7747000.0,0.0,103837000.0,160481000.0,0.0,11960000.0,-3426000.0,-0.02361211619973121,-15386000.0,-0.10604086977497501,7984000.0,6354000.0,0.0437919983459113,2012000.0,4342000.0,0.0299252214066646,0.11604428497932076,0.10649073540412278,37416750.0,40773500.0,https://www.sec.gov/Archives/edgar/data/1046327/000095013407023409/0000950134-07-023409-index.htm,https://www.sec.gov/Archives/edgar/data/1046327/000095013407023409/v35397e10vq.htm,1620597358,17:55:58,20210509
54,2007-06-30,RNWK,USD,2007-08-08,2007-08-08 16:10:59,Q2,136171000.0,49199000.0,86972000.0,0.6386969325333588,25005000.0,67144000.0,0.0,0.0,92149000.0,141348000.0,0.0,10972000.0,5795000.0,0.042556785218585455,-5177000.0,-0.03801837395627557,617000.0,3505000.0,0.025739694942388616,2178000.0,1327000.0,0.009745099911141138,0.0344944112295295,0.03140215224246153,38470000.0,42258250.0,https://www.sec.gov/Archives/edgar/data/1046327/000089102007000225/0000891020-07-000225-index.htm,https://www.sec.gov/Archives/edgar/data/1046327/000089102007000225/v32592e10vq.htm,1620597358,17:55:58,20210509
55,2007-03-31,RNWK,USD,2007-05-09,2007-05-09 15:58:19,Q1,129472000.0,45943000.0,83529000.0,0.6451510751359367,23479000.0,67054000.0,0.0,0.0,29786000.0,75729000.0,0.0,9933000.0,63676000.0,0.49181290163124075,53743000.0,0.41509361097380126,61082000.0,63180000.0,0.4879819574888779,23219000.0,39961000.0,0.30864588482451805,1.0,0.88,40337500.0,44513250.0,https://www.sec.gov/Archives/edgar/data/1046327/000095013407010870/0000950134-07-010870-index.htm,https://www.sec.gov/Archives/edgar/data/1046327/000095013407004459/v26978e10vk.htm,1620597358,17:55:58,20210509
56,2006-12-31,RNWK,USD,2007-03-01,2007-03-01 06:04:30,Q4,125574000.0,42320000.0,83254000.0,0.66298756111934,22259000.0,69744000.0,0.0,0.0,31147000.0,73467000.0,0.0,8500000.0,60607000.0,0.4826397184130473,52107000.0,0.41495054708777296,57764000.0,58659000.0,0.4671269530316785,19357000.0,39302000.0,0.3129788013442273,0.9743290982336535,0.9743290982336535,40337500.0,40337500.0,https://www.sec.gov/Archives/edgar/data/1046327/000095013407004459/0000950134-07-004459-index.htm,https://www.sec.gov/Archives/edgar/data/1046327/000095013407004459/v26978e10vk.htm,1620597358,17:55:58,20210509
57,2006-09-30,RNWK,USD,2006-11-09,2006-11-09 06:09:50,Q3,93676000.0,28389000.0,65287000.0,0.6969447884196592,18344000.0,51603000.0,0.0,0.0,8086000.0,36475000.0,0.0,4261000.0,61462000.0,0.6561125581792562,57201000.0,0.6106259874460908,62103000.0,68061000.0,0.7265574960502157,25908000.0,42153000.0,0.449987189888552,1.04,0.96,40144500.0,44728250.0,https://www.sec.gov/Archives/edgar/data/1046327/000095012406006620/0000950124-06-006620-index.htm,https://www.sec.gov/Archives/edgar/data/1046327/000095012406006620/v24915e10vq.htm,1620597358,17:55:58,20210509
58,2006-06-30,RNWK,USD,2006-08-09,2006-08-09 06:01:38,Q2,89409000.0,26646000.0,62763000.0,0.7019763111096199,18684000.0,52278000.0,0.0,0.0,13104000.0,39750000.0,0.0,3967000.0,53626000.0,0.5997830196065274,49659000.0,0.555413884508271,60217000.0,61399000.0,0.6867205762283439,22521000.0,38878000.0,0.4348331823418224,0.96,0.88,39984500.0,44334250.0,https://www.sec.gov/Archives/edgar/data/1046327/000095012406004333/0000950124-06-004333-index.htm,https://www.sec.gov/Archives/edgar/data/1046327/000095012406004333/v22849e10vq.htm,1620597358,17:55:58,20210509
59,2006-03-31,RNWK,USD,2006-05-10,2006-05-10 12:13:43,Q1,86602000.0,26753000.0,59849000.0,0.6910810373894367,18099000.0,49309000.0,0.0,0.0,28311000.0,55064000.0,0.0,4252000.0,35790000.0,0.4132699013879587,31538000.0,0.3641717281356089,39214000.0,39634000.0,0.4576568670469504,14751000.0,24883000.0,0.28732592780767185,0.6,0.56,40221750.0,44230750.0,https://www.sec.gov/Archives/edgar/data/1046327/000095012406002631/0000950124-06-002631-index.htm,https://www.sec.gov/Archives/edgar/data/1046327/000089102006000064/v17789e10vk.htm,1620597358,17:55:58,20210509
60,2005-12-31,RNWK,USD,2006-03-16,2006-03-16 06:20:54,Q4,83568000.0,23976000.0,59592000.0,0.7130959218839747,25335000.0,66298000.0,0.0,0.0,-342792000.0,-318816000.0,0.0,4502000.0,406886000.0,4.868921118131342,402384000.0,4.815048822515796,434104000.0,409075000.0,4.89511535515987,113435000.0,295640000.0,3.537717786712617,7.350252040251854,7.350252040251854,40221750.0,40221750.0,https://www.sec.gov/Archives/edgar/data/1046327/000089102006000064/0000891020-06-000064-index.htm,https://www.sec.gov/Archives/edgar/data/1046327/000089102006000064/v17789e10vk.htm,1620597358,17:55:58,20210509
61,2005-09-30,RNWK,USD,2005-11-09,2005-11-09 13:06:04,Q3,82233000.0,24695000.0,57538000.0,0.6996947697396423,16334000.0,37802000.0,0.0,0.0,57667000.0,82362000.0,0.0,4195000.0,4066000.0,0.049444870064329405,-129000.0,-0.0015687132902849222,8333000.0,14639000.0,0.1780185570269843,3457000.0,11182000.0,0.13597947296097673,0.28,0.24,42699250.0,46045000.0,https://www.sec.gov/Archives/edgar/data/1046327/000089102005000303/0000891020-05-000303-index.htm,https://www.sec.gov/Archives/edgar/data/1046327/000089102005000303/v13868e10vq.htm,1620597358,17:55:58,20210509
62,2005-06-30,RNWK,USD,2005-08-09,2005-08-09 14:30:56,Q2,82686000.0,24841000.0,57845000.0,0.6995742931088696,15292000.0,42990000.0,0.0,0.0,62932000.0,87773000.0,0.0,4044000.0,-1043000.0,-0.012613985438889292,-5087000.0,-0.061521902135790826,2729000.0,4871000.0,0.05890960984930944,162000.0,4709000.0,0.05695039063444839,0.10989947080685909,0.10191758289325599,42848250.0,46204000.0,https://www.sec.gov/Archives/edgar/data/1046327/000095012405004817/0000950124-05-004817-index.htm,https://www.sec.gov/Archives/edgar/data/1046327/000095012405004817/v11277e10vq.htm,1620597358,17:55:58,20210509
63,2005-03-31,RNWK,USD,2005-05-10,2005-05-09 21:57:31,Q1,76572000.0,24737000.0,51835000.0,0.6769445750404848,13670000.0,34222000.0,0.0,0.0,51636000.0,76373000.0,0.0,3630000.0,3829000.0,0.05000522384161312,199000.0,0.002598861202528339,-5001000.0,958000.0,0.012511100663427885,144000.0,814000.0,0.010630517682703861,0.019046839078778802,0.01762992322103462,42736750.0,46171500.0,https://www.sec.gov/Archives/edgar/data/1046327/000095012405003135/0000950124-05-003135-index.htm,https://www.sec.gov/Archives/edgar/data/1046327/000095012405001417/v06100e10vk.htm,1620597358,17:55:58,20210509
64,2004-12-31,RNWK,USD,2005-03-10,2005-03-10 13:50:54,Q4,72546000.0,23925000.0,48621000.0,0.6702092465470184,13091000.0,34593000.0,0.0,0.0,50681000.0,74606000.0,0.0,4415000.0,2355000.0,0.03246216193863204,-2060000.0,-0.0283957764728586,-3346000.0,-807000.0,-0.011123976511454801,165000.0,-972000.0,-0.013398395500785708,-0.022743891381539306,-0.022743891381539306,42736750.0,42736750.0,https://www.sec.gov/Archives/edgar/data/1046327/000095012405001417/0000950124-05-001417-index.htm,https://www.sec.gov/Archives/edgar/data/1046327/000095012405001417/v06100e10vk.htm,1620597358,17:55:58,20210509
65,2004-09-30,RNWK,USD,2004-11-09,2004-11-08 21:46:17,Q3,68310000.0,24786000.0,43524000.0,0.6371541501976284,13046000.0,32834000.0,0.0,0.0,49720000.0,74506000.0,0.0,3944000.0,-2252000.0,-0.03296735470648514,-6196000.0,-0.09070414287805592,-5661000.0,-6827000.0,-0.09994144341970429,142000.0,-6969000.0,-0.10202020202020202,-0.16,-0.16,42397000.0,42397000.0,https://www.sec.gov/Archives/edgar/data/1046327/000095012404005433/0000950124-04-005433-index.htm,https://www.sec.gov/Archives/edgar/data/1046327/000095012404005433/v02962e10vq.htm,1620597358,17:55:58,20210509
66,2004-06-30,RNWK,USD,2004-08-06,2004-08-06 17:16:58,Q2,65473000.0,21735000.0,43738000.0,0.6680310967879889,13219000.0,32059000.0,0.0,0.0,48034000.0,69769000.0,0.0,3597000.0,-699000.0,-0.010676156583629894,-4296000.0,-0.06561483359552793,-3765000.0,-4505000.0,-0.06880698914056176,113000.0,-4618000.0,-0.07053289142089106,-0.12,-0.12,42211500.0,42211500.0,https://www.sec.gov/Archives/edgar/data/1046327/000089102004000515/0000891020-04-000515-index.htm,https://www.sec.gov/Archives/edgar/data/1046327/000089102004000515/v00814e10vq.htm,1620597358,17:55:58,20210509
67,2004-03-31,RNWK,USD,2004-05-10,2004-05-10 11:19:13,Q1,60390000.0,21761000.0,38629000.0,0.639658883921179,12251000.0,29290000.0,0.0,0.0,43862000.0,65623000.0,0.0,3382000.0,-1851000.0,-0.03065076999503229,-5233000.0,-0.08665341944030469,-8284000.0,-10336000.0,-0.17115416459678756,102000.0,-10438000.0,-0.17284318595794004,-0.24,-0.24,41740250.0,41740250.0,https://www.sec.gov/Archives/edgar/data/1046327/000089102004000412/0000891020-04-000412-index.htm,https://www.sec.gov/Archives/edgar/data/1046327/000095012404000919/v96101e10vk.htm,1620597358,17:55:58,20210509
68,2003-12-31,RNWK,USD,2004-03-15,2004-03-15 09:31:43,Q4,54056000.0,20780000.0,33276000.0,0.6155838389817967,10278000.0,25608000.0,0.0,0.0,38580000.0,59360000.0,0.0,3967000.0,-1337000.0,-0.02473360959005476,-5304000.0,-0.09812046766316412,-2459000.0,-5311000.0,-0.09824996300133196,16000.0,-5327000.0,-0.09854595234571556,-0.12762261845580705,-0.12762261845580705,41740250.0,41740250.0,https://www.sec.gov/Archives/edgar/data/1046327/000095012404000919/0000950124-04-000919-index.htm,https://www.sec.gov/Archives/edgar/data/1046327/000095012404000919/v96101e10vk.htm,1620597358,17:55:58,20210509
69,2003-09-30,RNWK,USD,2003-11-14,2003-11-14 14:26:53,Q3,51809000.0,18859000.0,32950000.0,0.6359898859271556,12773000.0,24259000.0,0.0,0.0,37032000.0,55891000.0,0.0,2993000.0,-1089000.0,-0.021019513984056826,-4082000.0,-0.07878939952517902,-526000.0,-3686000.0,-0.0711459398946129,-32000.0,-3654000.0,-0.07052828659113282,-0.08,-0.08,40421000.0,40421000.0,https://www.sec.gov/Archives/edgar/data/1046327/000089102003002749/0000891020-03-002749-index.htm,https://www.sec.gov/Archives/edgar/data/1046327/000089102003002749/v93881e10vq.htm,1620597358,17:55:58,20210509
70,2003-06-30,RNWK,USD,2003-08-14,2003-08-13 21:44:26,Q2,49646000.0,14920000.0,34726000.0,0.6994722636264754,12275000.0,24904000.0,0.0,0.0,44277000.0,59197000.0,0.0,2713000.0,-6838000.0,-0.13773516496797325,-9551000.0,-0.19238206502034402,-8283000.0,-9550000.0,-0.19236192241066752,82000.0,-9632000.0,-0.19401361640414133,-0.24,-0.24,39539500.0,39539500.0,https://www.sec.gov/Archives/edgar/data/1046327/000089102003002171/0000891020-03-002171-index.htm,https://www.sec.gov/Archives/edgar/data/1046327/000089102003002171/v91804e10vq.htm,1620597358,17:55:58,20210509
71,2003-03-31,RNWK,USD,2003-05-05,2003-05-02 20:10:41,Q1,46866000.0,13784000.0,33082000.0,0.7058848632270729,11437000.0,23571000.0,0.0,0.0,35008000.0,48792000.0,0.0,2697000.0,771000.0,0.01645115862245551,-1926000.0,-0.0410958904109589,-2099000.0,-2760000.0,-0.05889130713096915,78000.0,-2838000.0,-0.06055562668032262,-0.08,-0.08,39357750.0,39357750.0,https://www.sec.gov/Archives/edgar/data/1046327/000089102003001419/0000891020-03-001419-index.htm,https://www.sec.gov/Archives/edgar/data/1046327/000089102003000987/v88043e10vk.htm,1620597358,17:55:58,20210509
72,2002-12-31,RNWK,USD,2003-03-28,2003-03-28 17:21:53,Q4,46211000.0,13375000.0,32836000.0,0.710566748176841,11340000.0,23690000.0,0.0,0.0,35428000.0,48803000.0,0.0,3442000.0,850000.0,0.018393888900911037,-2592000.0,-0.056090541213131076,-1356000.0,-2440000.0,-0.052801281080262275,17000.0,-2457000.0,-0.053169158858280496,-0.0624273491243783,-0.0624273491243783,39357750.0,39357750.0,https://www.sec.gov/Archives/edgar/data/1046327/000089102003000987/0000891020-03-000987-index.htm,https://www.sec.gov/Archives/edgar/data/1046327/000089102003000987/v88043e10vk.htm,1620597358,17:55:58,20210509
73,2002-09-30,RNWK,USD,2002-11-14,2002-11-14 09:13:22,Q3,45418000.0,13667000.0,31751000.0,0.699084063587124,12252000.0,23379000.0,0.0,0.0,56831000.0,70498000.0,0.0,3253000.0,-21827000.0,-0.48058038663085123,-25080000.0,-0.5522039719934828,-26705000.0,-29432000.0,-0.6480250121097362,5957000.0,-35389000.0,-0.7791844643093047,-0.8849407042966723,-0.8537344398340249,39990250.0,41452000.0,https://www.sec.gov/Archives/edgar/data/1046327/000089102002001768/0000891020-02-001768-index.htm,https://www.sec.gov/Archives/edgar/data/1046327/000089102002001768/v85731e10vq.htm,1620597358,17:55:58,20210509
74,2002-06-30,RNWK,USD,2002-07-25,2002-07-25 13:01:36,Q2,43758000.0,11015000.0,32743000.0,0.7482746012157777,12750000.0,24567000.0,0.0,0.0,37685000.0,48700000.0,0.0,3271000.0,-1671000.0,-0.03818730289318525,-4942000.0,-0.11293934823346588,502000.0,-2633000.0,-0.06017185428950135,-1078000.0,-1555000.0,-0.03553635906577083,-0.0386950679341064,-0.03751326835858342,40186000.0,41452000.0,https://www.sec.gov/Archives/edgar/data/1046327/000089102002001062/0000891020-02-001062-index.htm,https://www.sec.gov/Archives/edgar/data/1046327/000089102002001062/v82955e10vq.htm,1620597358,17:55:58,20210509
75,2002-03-31,RNWK,USD,2002-04-16,2002-04-16 00:00:00,Q1,47292000.0,12212000.0,35080000.0,0.7417745073162479,11844000.0,22112000.0,0.0,0.0,34120000.0,46332000.0,0.0,3122000.0,4082000.0,0.08631481011587583,960000.0,0.020299416391778735,-1453000.0,2124000.0,0.04491245876681045,1076000.0,1048000.0,0.022160196227691786,0.0263558288380047,0.02528225417350188,39763500.0,41452000.0,https://www.sec.gov/Archives/edgar/data/1046327/000089102002000489/0000891020-02-000489-index.htm,https://www.sec.gov/Archives/edgar/data/1046327/000089102002000225/v79646e10-k.htm,1620597358,17:55:58,20210509
76,2001-12-31,RNWK,USD,2002-03-07,2002-03-07 00:00:00,Q4,45438000.0,15194000.0,30244000.0,0.6656102821426999,12348000.0,16878000.0,0.0,0.0,46743000.0,61937000.0,0.0,16058000.0,-441000.0,-0.009705532813944276,-16499000.0,-0.36311017210264535,-1885000.0,-10195000.0,-0.22437167128834895,1625000.0,-11820000.0,-0.26013468902680575,-0.2972575351767324,-0.2972575351767324,39763500.0,39763500.0,https://www.sec.gov/Archives/edgar/data/1046327/000089102002000225/0000891020-02-000225-index.htm,https://www.sec.gov/Archives/edgar/data/1046327/000089102002000225/v79646e10-k.htm,1620597358,17:55:58,20210509
77,2001-09-30,RNWK,USD,2001-11-14 00:00:00,2001-11-14 00:00:00,Q3,45228000.0,7749000.0,37479000.0,0.828668081719289,12500000.0,22654000.0,1418000.0,0.0,57518000.0,65267000.0,0.0,16035000.0,-4004000.0,-0.08852922968072875,-20039000.0,-0.44306624215088,-13771000.0,-21543000.0,-0.4763199787742107,-2163000.0,-19380000.0,-0.42849562218094983,-0.48,-0.48,40300750.0,40300750.0,https://www.sec.gov/Archives/edgar/data/1046327/000089102001500279/0000891020-01-500279-index.html,https://www.sec.gov/Archives/edgar/data/1046327/000089102001500279/v77181e10-q.htm,1620597358,17:55:58,20210509
78,2001-06-30,RNWK,USD,2001-08-13 00:00:00,2001-08-13 00:00:00,Q2,47860000.0,9852000.0,38008000.0,0.7941496030087756,14435000.0,23499000.0,0.0,0.0,41994000.0,51846000.0,0.0,-9240000.0,-13226000.0,-0.2763476807354785,-3986000.0,-0.08328458002507313,-28638000.0,-23944000.0,-0.5002925198495612,-4754000.0,-19190000.0,-0.4009611366485583,-0.48,-0.48,40052750.0,40052750.0,https://www.sec.gov/Archives/edgar/data/1046327/000109581101503986/0001095811-01-503986-index.html,https://www.sec.gov/Archives/edgar/data/1046327/000109581101503986/v74670e10-q.htm,1620597358,17:55:58,20210509
79,2001-03-31,RNWK,USD,2001-05-15 00:00:00,2001-05-15 00:00:00,Q1,50379000.0,5974000.0,44405000.0,0.8814188451537347,16621000.0,25699000.0,0.0,0.0,69786000.0,75760000.0,0.0,2954000.0,-22427000.0,-0.4451656444153318,-25381000.0,-0.5038011870025209,5196000.0,-23139000.0,-0.4592985172393259,1234000.0,-24373000.0,-0.483792850195518,-0.6,-0.6,39679750.0,39679750.0,https://www.sec.gov/Archives/edgar/data/1046327/000109581101502233/0001095811-01-502233-index.html,https://www.sec.gov/Archives/edgar/data/1046327/000109581101502233/v72562e10-q.txt,1620597358,17:55:58,20210509
80,2000-12-31,RNWK,USD,2000-12-31,2000-12-31,Q4,58230000.0,5067000.0,53163000.0,0.9129829984544049,16800000.0,30670000.0,0.0,0.0,91106000.0,96173000.0,0.0,43636000.0,5693000.0,0.09776747381075047,-37943000.0,-0.6516057015284218,-18266000.0,-34405000.0,-0.5908466426240769,-1059000.0,-33346000.0,-0.5726601408208827,-0.8403782785929851,-0.8403782785929851,39679750.0,39679750.0,,,1620597358,17:55:58,20210509
81,2000-09-30,RNWK,USD,2000-11-14 00:00:00,2000-11-14 00:00:00,Q3,67124000.0,8425000.0,58699000.0,0.8744860258625827,16095000.0,34497000.0,0.0,0.0,90537000.0,98962000.0,0.0,39945000.0,8107000.0,0.12077647339252727,-31838000.0,-0.4743161909302187,5108000.0,-26730000.0,-0.39821822299028664,4025000.0,-30755000.0,-0.4581818723556403,-0.8,-0.8,38748000.0,38748000.0,https://www.sec.gov/Archives/edgar/data/1046327/000089102000002002/0000891020-00-002002-index.html,https://www.sec.gov/Archives/edgar/data/1046327/000089102000002002/v67002e10-q.txt,1620597358,17:55:58,20210509
82,2000-06-30,RNWK,USD,2000-08-11 00:00:00,2000-08-11 00:00:00,Q2,62656000.0,9757000.0,52899000.0,0.8442766853932584,13304000.0,34304000.0,0.0,0.0,85423000.0,95180000.0,0.0,0.0,-34000.0,-0.0005426455566905005,-32524000.0,-0.51908835546476,5325000.0,0.0,0.0,0.0,-27199000.0,-0.4341004851889683,-0.72,-0.72,38357000.0,38357000.0,https://www.sec.gov/Archives/edgar/data/1046327/000089102000001466/0000891020-00-001466-index.html,https://www.sec.gov/Archives/edgar/data/1046327/000089102000001466/e10-q.txt,1620597358,17:55:58,20210509
83,2000-03-31,RNWK,USD,2000-05-15 00:00:00,2000-05-15 00:00:00,Q1,53528000.0,36096000.0,17432000.0,0.3256613361231505,11620000.0,29533000.0,0.0,0.0,41153000.0,77249000.0,0.0,0.0,-28621000.0,-0.5346921237483186,-23721000.0,-0.44315124794500077,4900000.0,0.0,0.0,0.0,-18821000.0,-0.35161037214168284,-0.48,-0.48,37897250.0,37897250.0,https://www.sec.gov/Archives/edgar/data/1046327/000089102000001051/0000891020-00-001051-index.html,https://www.sec.gov/Archives/edgar/data/1046327/0000891020-00-001051.txt,1620597358,17:55:58,20210509
84,1999-12-31,RNWK,USD,1999-12-31,1999-12-31,Q4,43400000.0,1300000.0,42100000.0,0.9700460829493087,12500000.0,21900000.0,0.0,0.0,40600000.0,41900000.0,0.0,6200000.0,7700000.0,0.1774193548387097,1500000.0,0.03456221198156682,-7100000.0,0.0,0.0,0.0,6000000.0,0.1382488479262673,0.158322833450976,0.158322833450976,37897250.0,37897250.0,,,1620597358,17:55:58,20210509
85,1999-09-30,RNWK,USD,1999-11-15 00:00:00,1999-11-15 00:00:00,Q3,34900000.0,5900000.0,29000000.0,0.830945558739255,10000000.0,17900000.0,0.0,0.0,28400000.0,34300000.0,0.0,500000.0,1100000.0,0.03151862464183381,600000.0,0.017191977077363897,2500000.0,0.0,0.0,0.0,3000000.0,0.08595988538681948,0.04,0.04,36980500.0,36980500.0,https://www.sec.gov/Archives/edgar/data/1046327/000089102099001945/0000891020-99-001945-index.html,https://www.sec.gov/Archives/edgar/data/1046327/0000891020-99-001945.txt,1620597358,17:55:58,20210509
86,1999-06-30,RNWK,USD,1999-08-13 00:00:00,1999-08-13 00:00:00,Q2,28000000.0,5100000.0,22900000.0,0.8178571428571428,8000000.0,16000000.0,0.0,0.0,24500000.0,29600000.0,0.0,600000.0,-1000000.0,-0.03571428571428571,-1600000.0,-0.05714285714285714,1300000.0,0.0,0.0,0.0,-300000.0,-0.010714285714285714,-0.008243,-0.008243,36395000.0,36395000.0,https://www.sec.gov/Archives/edgar/data/1046327/000089102099001404/0000891020-99-001404-index.html,https://www.sec.gov/Archives/edgar/data/1046327/0000891020-99-001404.txt,1620597358,17:55:58,20210509
87,1999-03-31,RNWK,USD,1999-05-17 00:00:00,1999-05-17 00:00:00,Q1,23500000.0,4300000.0,19200000.0,0.8170212765957446,7300000.0,13100000.0,0.0,0.0,20900000.0,25200000.0,0.0,500000.0,-1200000.0,-0.05106382978723404,-1700000.0,-0.07234042553191489,1000000.0,0.0,0.0,0.0,-700000.0,-0.029787234042553193,-0.01,-0.01,33552000.0,33552000.0,https://www.sec.gov/Archives/edgar/data/1046327/000103221099000800/0001032210-99-000800-index.html,https://www.sec.gov/Archives/edgar/data/1046327/0001032210-99-000800.txt,1620597358,17:55:58,20210509
88,1998-12-31,RNWK,USD,1998-12-31,1998-12-31,Q4,20000000.0,200000.0,19800000.0,0.99,5900000.0,11900000.0,0.0,0.0,22900000.0,23100000.0,0.0,0.0,-13400000.0,-0.67,-3100000.0,-0.155,10300000.0,0.0,0.0,0.0,7200000.0,0.36,0.2145922746781116,0.2145922746781116,33552000.0,33552000.0,,,1620597358,17:55:58,20210509
89,1998-09-30,RNWK,USD,1998-11-13 00:00:00,1998-11-13 00:00:00,Q3,17200000.0,3300000.0,13900000.0,0.8081395348837209,5700000.0,10900000.0,0.0,0.0,16600000.0,19900000.0,0.0,0.0,-3900000.0,-0.22674418604651161,-2700000.0,-0.1569767441860465,1200000.0,0.0,0.0,0.0,-1400000.0,-0.08139534883720931,-0.01,-0.01,32958000.0,32958000.0,https://www.sec.gov/Archives/edgar/data/1046327/000089102098001631/0000891020-98-001631-index.html,https://www.sec.gov/Archives/edgar/data/1046327/0000891020-98-001631.txt,1620597358,17:55:58,20210509
90,1998-06-30,RNWK,USD,1998-08-14 00:00:00,1998-08-14 00:00:00,Q2,15100000.0,3000000.0,12100000.0,0.8013245033112583,4800000.0,10600000.0,0.0,0.0,15400000.0,18400000.0,0.0,0.0,-4500000.0,-0.2980132450331126,-3300000.0,-0.2185430463576159,1200000.0,0.0,0.0,0.0,-2100000.0,-0.1390728476821192,-0.02,-0.02,32570000.0,32570000.0,https://www.sec.gov/Archives/edgar/data/1046327/000089102098001314/0000891020-98-001314-index.html,https://www.sec.gov/Archives/edgar/data/1046327/0000891020-98-001314.txt,1620597358,17:55:58,20210509
91,1998-03-31,RNWK,USD,1998-05-14 00:00:00,1998-05-14 00:00:00,Q1,12500000.0,2400000.0,10100000.0,0.808,4400000.0,8900000.0,0.0,0.0,13300000.0,15700000.0,0.0,0.0,13600000.0,1.088,-3200000.0,-0.256,-16800000.0,0.0,0.0,0.0,-20100000.0,-1.608,-0.17,-0.17,32104000.0,32104000.0,https://www.sec.gov/Archives/edgar/data/1046327/000089102098000814/0000891020-98-000814-index.html,https://www.sec.gov/Archives/edgar/data/1046327/0000891020-98-000814.txt,1620597358,17:55:58,20210509
92,1997-12-31,RNWK,USD,1998-03-30,1998-03-30,Q4,10300000.0,0.0,0.0,0.0,0.0,0.0,0.0,0.0,0.0,0.0,0.0,0.0,-35500000.0,-3.4466019417475726,-35500000.0,-3.4466019417475726,0.0,0.0,0.0,0.0,-2600000.0,-0.2524271844660194,0.0,0.0,0.0,0.0,https://www.sec.gov/Archives/edgar/data/1046327/0000891020-98-000455-index.html,https://www.sec.gov/Archives/edgar/data/1046327/,1620597358,17:55:58,20210509
93,1997-09-30,RNWK,USD,1997-09-30,1997-09-30,Q3,7500000.0,0.0,0.0,0.0,0.0,0.0,0.0,0.0,0.0,0.0,0.0,0.0,7500000.0,1.0,7500000.0,1.0,0.0,0.0,0.0,0.0,-2900000.0,-0.38666666666666666,-0.03,-0.03,96666667.0,96666667.0,,,1620597358,17:55:58,20210509
94,1997-06-30,RNWK,USD,1997-06-30,1997-06-30,Q2,7500000.0,0.0,0.0,0.0,0.0,0.0,0.0,0.0,0.0,0.0,0.0,0.0,7500000.0,1.0,7500000.0,1.0,0.0,0.0,0.0,0.0,-2900000.0,-0.38666666666666666,-0.03,-0.03,96666667.0,96666667.0,,,1620597358,17:55:58,20210509
95,1997-03-31,RNWK,USD,1997-03-31,1997-03-31,Q1,7500000.0,0.0,0.0,0.0,0.0,0.0,0.0,0.0,0.0,0.0,0.0,0.0,7500000.0,1.0,7500000.0,1.0,0.0,0.0,0.0,0.0,-2900000.0,-0.38666666666666666,-0.03,-0.03,96666667.0,96666667.0,,,1620597358,17:55:58,20210509
