,date,symbol,reportedCurrency,fillingDate,acceptedDate,period,revenue,costOfRevenue,grossProfit,grossProfitRatio,researchAndDevelopmentExpenses,generalAndAdministrativeExpenses,sellingAndMarketingExpenses,otherExpenses,operatingExpenses,costAndExpenses,interestExpense,depreciationAndAmortization,ebitda,ebitdaratio,operatingIncome,operatingIncomeRatio,totalOtherIncomeExpensesNet,incomeBeforeTax,incomeBeforeTaxRatio,incomeTaxExpense,netIncome,netIncomeRatio,eps,epsdiluted,weightedAverageShsOut,weightedAverageShsOutDil,link,finalLink,timestamp,est_time,est_date
0,2020-12-31,UCOBANK.NS,INR,2020-12-31,2020-12-31,Q4,22715300000,0.0,0.0,0.0,0.0,0.0,0.0,0.0,18430300000,0.0,21954300000,0.0,0.0,0.0,0.0,0.015601819038269361,0.0,354400000,0.015601819038269361,0.0,354400000,0.015601819038269361,0.035732,0.035732,9918340622,9918340622,,,1620599217,18:26:57,20210509
1,2020-09-30,UCOBANK.NS,INR,2020-09-30,2020-09-30,Q3,21046700000,0.0,0.0,0.0,0.0,0.0,0.0,0.0,10424300000,0.0,22214500000,343223250.0,0.0,0.0,0.0,0.014311032133303559,0.0,301200000,0.014311032133303559,0.0,301200000,0.014311032133303559,0.03,0.03,10040000000,10040000000,https://www.nseindia.com/companies-listing/corporate-filings-annual-reports,https://www.nseindia.com/companies-listing/corporate-filings-annual-reports,1620599217,18:26:57,20210509
2,2020-06-30,UCOBANK.NS,INR,2020-06-30,2020-06-30,Q2,20407100000,0.0,0.0,0.0,0.0,0.0,0.0,0.0,14329300000,0.0,23958600000,343223250.0,0.0,0.0,0.0,0.0210710978041956,0.0,430000000,0.0210710978041956,215400000.0,214600000,0.010515947880884594,0.02,0.02,10730000000,10730000000,https://www.nseindia.com/companies-listing/corporate-filings-annual-reports,https://www.nseindia.com/companies-listing/corporate-filings-annual-reports,1620599217,18:26:57,20210509
3,2020-03-31,UCOBANK.NS,INR,2020-03-31,2020-03-31,Q1,9608972000,0.0,0.0,0.0,0.0,0.0,0.0,0.0,21336575000,0.0,24879101000,343223250.0,0.0,0.0,0.0,-1.3101624190392063,0.0,-12589314000,-1.3101624190392063,-12757100000.0,167711000,0.017453584004615687,0.016704282868525898,0.016704282868525898,10040000000,10040000000,https://www.nseindia.com/companies-listing/corporate-filings-annual-reports,https://www.nseindia.com/companies-listing/corporate-filings-annual-reports,1620599217,18:26:57,20210509
4,2019-12-31,UCOBANK.NS,INR,2019-12-31,2019-12-31,Q4,19800600000,0.0,0.0,0.0,0.0,0.0,0.0,0.0,12947300000,0.0,25341500000,0.0,0.0,0.0,0.0,-0.4849246992515378,0.0,-9601800000,-0.4849246992515378,0.0,-9601700000,-0.4849196488995283,-1.18,-1.18,8137033898,8137033898,https://www.nseindia.com/companies-listing/corporate-filings-annual-reports,https://www.nseindia.com/companies-listing/corporate-filings-annual-reports,1620599217,18:26:57,20210509
5,2019-09-30,UCOBANK.NS,INR,2019-09-30,2019-09-30,Q3,19950800000,0.0,0.0,0.0,0.0,0.0,0.0,0.0,7880400000,0.0,25384400000,0.0,0.0,0.0,0.0,-0.4470898410088818,0.0,-8919800000,-0.4470898410088818,0.0,-8919800000,-0.4470898410088818,-1.21,-1.21,7371735537,7371735537,https://www.nseindia.com/companies-listing/corporate-filings-annual-reports,https://www.nseindia.com/companies-listing/corporate-filings-annual-reports,1620599217,18:26:57,20210509
6,2019-06-30,UCOBANK.NS,INR,2019-06-30,2019-06-30,Q2,19650500000,0.0,0.0,0.0,0.0,0.0,0.0,0.0,11915300000,0.0,24815600000,342202750.0,0.0,0.0,0.0,-0.30607363680313476,0.0,-6014500000,-0.30607363680313476,0.0,-6014500000,-0.30607363680313476,-0.87,-0.87,6913218391,6913218391,https://www.nseindia.com/companies-listing/corporate-filings-annual-reports,https://www.nseindia.com/companies-listing/corporate-filings-annual-reports,1620599217,18:26:57,20210509
7,2019-03-31,UCOBANK.NS,INR,2019-03-31,2019-03-31,Q1,16491879000,0.0,0.0,0.0,0.0,0.0,0.0,0.0,18119243000,0.0,24898485000,342202750.0,0.0,0.0,0.0,-0.9346739082914688,0.0,-15414529000,-0.9346739082914688,0.0,-15520229000,-0.941083123396673,-1.5458395418326694,-1.5458395418326694,10040000000,10040000000,https://www.nseindia.com/companies-listing/corporate-filings-annual-reports,https://www.nseindia.com/companies-listing/corporate-filings-annual-reports,1620599217,18:26:57,20210509
8,2018-12-31,UCOBANK.NS,INR,2018-12-31,2018-12-31,Q4,10748400000,0.0,0.0,0.0,0.0,0.0,0.0,0.0,-1508600000,0.0,25107200000,0.0,0.0,0.0,0.0,-0.9472572661977596,0.0,-10181500000,-0.9472572661977596,-194100000.0,-9987400000,-0.9291987644672696,-2.53,-2.53,3947588933,3947588933,https://www.nseindia.com/companies-listing/corporate-filings-annual-reports,https://www.nseindia.com/companies-listing/corporate-filings-annual-reports,1620599217,18:26:57,20210509
9,2018-09-30,UCOBANK.NS,INR,2018-09-30,2018-09-30,Q3,12339700000,0.0,0.0,0.0,0.0,0.0,0.0,0.0,9595500000,0.0,25151300000,0.0,0.0,0.0,0.0,-0.9210272534988695,0.0,-11365200000,-0.9210272534988695,0.0,-11364400000,-0.9209624221010235,-2.87,-2.87,3959721254,3959721254,https://www.nseindia.com/companies-listing/corporate-filings-annual-reports,https://www.nseindia.com/companies-listing/corporate-filings-annual-reports,1620599217,18:26:57,20210509
10,2018-06-30,UCOBANK.NS,INR,2018-06-30,2018-06-30,Q2,18571000000,0.0,0.0,0.0,0.0,0.0,0.0,0.0,4438100000,0.0,25037800000,379604000.0,0.0,0.0,0.0,-0.336567766948468,0.0,-6250400000,-0.336567766948468,88400000.0,-6338800000,-0.34132787679715687,-2.08,-2.08,3047500000,3047500000,https://www.nseindia.com/companies-listing/corporate-filings-annual-reports,https://www.nseindia.com/companies-listing/corporate-filings-annual-reports,1620599217,18:26:57,20210509
11,2018-03-31,UCOBANK.NS,INR,2018-03-31,2018-03-31,Q1,8747600000,0.0,0.0,0.0,0.0,0.0,0.0,0.0,-1321700000,0.0,25498900000,379604000.0,0.0,0.0,0.0,-2.431055375188623,0.0,-21265900000,-2.431055375188623,77700000.0,-21343600000,-2.439937811514015,-11.4,-11.4,1872245614,1872245614,https://www.nseindia.com/companies-listing/corporate-filings-annual-reports,https://www.nseindia.com/companies-listing/corporate-filings-annual-reports,1620599217,18:26:57,20210509
12,2017-12-31,UCOBANK.NS,INR,2017-12-31,2017-12-31,Q4,10922900000,0.0,0.0,0.0,0.0,0.0,0.0,0.0,4263200000,0.0,26296400000,0.0,0.0,0.0,0.0,-0.9305495793241721,0.0,-10164300000,-0.9305495793241721,0.0,-10164300000,-0.9305495793241721,-5.44,-5.44,1868437500,1868437500,https://www.nseindia.com/companies-listing/corporate-filings-annual-reports,https://www.nseindia.com/companies-listing/corporate-filings-annual-reports,1620599217,18:26:57,20210509
13,2017-09-30,UCOBANK.NS,INR,2017-09-30,2017-09-30,Q3,9667500000,0.0,0.0,0.0,0.0,0.0,0.0,0.0,2643000000,0.0,27907600000,0.0,0.0,0.0,0.0,-0.6422653219550039,0.0,-6209100000,-0.6422653219550039,16500000.0,-6225600000,-0.6439720713731575,-3.58,-3.58,1738994413,1738994413,https://www.nseindia.com/companies-listing/corporate-filings-annual-reports,https://www.nseindia.com/companies-listing/corporate-filings-annual-reports,1620599217,18:26:57,20210509
14,2017-06-30,UCOBANK.NS,INR,2017-06-30,2017-06-30,Q2,13119300000,0.0,0.0,0.0,0.0,0.0,0.0,0.0,7028500000,0.0,29251100000,382850250.0,0.0,0.0,0.0,-0.505377573498586,0.0,-6630200000,-0.505377573498586,0.0,-6630200000,-0.505377573498586,-4.25,-4.25,1560047059,1560047059,https://www.nseindia.com/companies-listing/corporate-filings-annual-reports,https://www.nseindia.com/companies-listing/corporate-filings-annual-reports,1620599217,18:26:57,20210509
15,2017-03-31,UCOBANK.NS,INR,2017-03-31,2017-03-31,Q1,9018000000,0.0,0.0,0.0,0.0,0.0,0.0,0.0,7828600000,0.0,30049400000,382850250.0,0.0,0.0,0.0,-0.6454646263029497,0.0,-5820800000,-0.6454646263029497,61100000.0,-5881900000,-0.6522399645154137,-3.77,-3.77,1560185676,1560185676,https://www.nseindia.com/companies-listing/corporate-filings-annual-reports,https://www.nseindia.com/companies-listing/corporate-filings-annual-reports,1620599217,18:26:57,20210509
16,2016-12-31,UCOBANK.NS,INR,2016-12-31,2016-12-31,Q4,16475000000,0.0,0.0,0.0,0.0,0.0,0.0,0.0,7585400000,0.0,32167100000,0.0,0.0,0.0,0.0,-0.2653050075872534,0.0,-4370900000,-0.2653050075872534,0.0,-4370900000,-0.2653050075872534,-2.9,-2.9,1507206897,1507206897,https://www.nseindia.com/companies-listing/corporate-filings-annual-reports,https://www.nseindia.com/companies-listing/corporate-filings-annual-reports,1620599217,18:26:57,20210509
17,2016-09-30,UCOBANK.NS,INR,2016-09-30,2016-09-30,Q3,18582300000,0.0,0.0,0.0,0.0,0.0,0.0,0.0,7502100000,0.0,30831800000,0.0,0.0,0.0,0.0,-0.2046678828777923,0.0,-3803200000,-0.2046678828777923,45100000.0,-3848300000,-0.20709492366391674,-2.96,-2.96,1300101351,1300101351,https://www.nseindia.com/companies-listing/corporate-filings-annual-reports,https://www.nseindia.com/companies-listing/corporate-filings-annual-reports,1620599217,18:26:57,20210509
18,2016-06-30,UCOBANK.NS,INR,2016-06-30,2016-06-30,Q2,15237400000,0.0,0.0,0.0,0.0,0.0,0.0,0.0,7135800000,0.0,32041900000,341453500.0,0.0,0.0,0.0,-0.28898631000039376,0.0,-4403400000,-0.28898631000039376,2200000.0,-4405600000,-0.2891306915878037,-3.66,-3.66,1203715847,1203715847,https://www.nseindia.com/companies-listing/corporate-filings-annual-reports,https://www.nseindia.com/companies-listing/corporate-filings-annual-reports,1620599217,18:26:57,20210509
19,2016-03-31,UCOBANK.NS,INR,2016-03-31,2016-03-31,Q1,13209100000,0.0,0.0,0.0,0.0,0.0,0.0,0.0,7532500000,0.0,34245700000,341453500.0,0.0,0.0,0.0,-1.3454512419468396,0.0,-17772200000,-1.3454512419468396,-620700000.0,-17151500000,-1.2984609095244946,-15.95,-15.95,1075329154,1075329154,https://www.nseindia.com/companies-listing/corporate-filings-annual-reports,https://www.nseindia.com/companies-listing/corporate-filings-annual-reports,1620599217,18:26:57,20210509
20,2015-12-31,UCOBANK.NS,INR,2015-12-31,2015-12-31,Q4,14852500000,0.0,0.0,0.0,0.0,0.0,0.0,0.0,7399700000,0.0,34493800000,0.0,0.0,0.0,0.0,-1.0877360713684565,0.0,-16155600000,-1.0877360713684565,-1185600000.0,-14970100000,-1.0079178589463054,-13.92,-13.92,1075438218,1075438218,https://www.nseindia.com/companies-listing/corporate-filings-annual-reports,https://www.nseindia.com/companies-listing/corporate-filings-annual-reports,1620599217,18:26:57,20210509
21,2015-09-30,UCOBANK.NS,INR,2015-09-30,2015-09-30,Q3,18274400000,0.0,0.0,0.0,0.0,0.0,0.0,0.0,6984400000,0.0,34806500000,338761500.0,0.0,0.0,0.0,0.1180503874272206,0.0,2157300000,0.1180503874272206,595200000.0,1562000000,0.08547476250930264,1.45,1.45,1077241379,1077241379,https://www.nseindia.com/companies-listing/corporate-filings-annual-reports,https://www.nseindia.com/companies-listing/corporate-filings-annual-reports,1620599217,18:26:57,20210509
22,2015-06-30,UCOBANK.NS,INR,2015-06-30,2015-06-30,Q2,18107400000,0.0,0.0,0.0,0.0,0.0,0.0,0.0,6492800000,0.0,33583500000,338761500.0,0.0,0.0,0.0,0.21974441388603555,0.0,3979000000,0.21974441388603555,1412000000.0,2567000000,0.14176524514839237,2.39,2.39,1074058577,1074058577,https://www.nseindia.com/companies-listing/corporate-filings-annual-reports,https://www.nseindia.com/companies-listing/corporate-filings-annual-reports,1620599217,18:26:57,20210509
23,2015-03-31,UCOBANK.NS,INR,2015-03-31,2015-03-31,Q1,19224718000,0.0,0.0,0.0,0.0,0.0,0.0,0.0,21879284000,0.0,33251490000,338761500.0,0.0,0.0,0.0,0.1346647061350913,0.0,2588891000,0.1346647061350913,496100000.0,2092791000,0.10885938612987717,0.2084453187250996,0.2084453187250996,10040000000,10040000000,https://www.nseindia.com/companies-listing/corporate-filings-annual-reports,https://www.nseindia.com/companies-listing/corporate-filings-annual-reports,1620599217,18:26:57,20210509
24,2014-12-31,UCOBANK.NS,INR,2014-12-31,2014-12-31,Q4,20804600000,0.0,0.0,0.0,0.0,0.0,0.0,0.0,6553200000,0.0,33669300000,0.0,0.0,0.0,0.0,0.24879113273026157,0.0,5176000000,0.24879113273026157,2140000000.0,3035900000,0.14592445901387194,2.99,2.99,1015351171,1015351171,https://www.nseindia.com/companies-listing/corporate-filings-annual-reports,https://www.nseindia.com/companies-listing/corporate-filings-annual-reports,1620599217,18:26:57,20210509
25,2014-09-30,UCOBANK.NS,INR,2014-09-30,2014-09-30,Q3,17419700000,0.0,0.0,0.0,0.0,0.0,0.0,0.0,6862000000,0.0,35146500000,274083750.0,0.0,0.0,0.0,0.06915733336395001,0.0,1204700000,0.06915733336395001,169300000.0,1035300000,0.05943271124072171,1.02,1.02,1015000000,1015000000,https://www.nseindia.com/companies-listing/corporate-filings-annual-reports,https://www.nseindia.com/companies-listing/corporate-filings-annual-reports,1620599217,18:26:57,20210509
26,2014-06-30,UCOBANK.NS,INR,2014-06-30,2014-06-30,Q2,18053600000,0.0,0.0,0.0,0.0,0.0,0.0,0.0,6033100000,0.0,35898100000,274083750.0,0.0,0.0,0.0,0.37937585855452655,0.0,6849100000,0.37937585855452655,1635200000.0,5214000000,0.2888066645987504,5.14,5.14,1014396887,1014396887,https://www.nseindia.com/companies-listing/corporate-filings-annual-reports,https://www.nseindia.com/companies-listing/corporate-filings-annual-reports,1620599217,18:26:57,20210509
27,2014-03-31,UCOBANK.NS,INR,2014-03-31,2014-03-31,Q1,19478428000,0.0,0.0,0.0,0.0,0.0,0.0,0.0,23715883000,0.0,32904475000,274083750.0,0.0,0.0,0.0,0.24057203178819153,0.0,4685965000,0.24057203178819153,1838900000.0,2847065000,0.14616502933398937,0.2835722111553785,0.2835722111553785,10040000000,10040000000,https://www.nseindia.com/companies-listing/corporate-filings-annual-reports,https://www.nseindia.com/companies-listing/corporate-filings-annual-reports,1620599217,18:26:57,20210509
28,2013-12-31,UCOBANK.NS,INR,2013-12-31,2013-12-31,Q4,17562200000,0.0,0.0,0.0,0.0,0.0,0.0,0.0,6197000000,0.0,31628200000,0.0,0.0,0.0,0.0,0.18496543713202218,0.0,3248400000,0.18496543713202218,103100000.0,3145300000,0.179094874218492,4.18,4.18,752464115,752464115,https://www.nseindia.com/companies-listing/corporate-filings-annual-reports,https://www.nseindia.com/companies-listing/corporate-filings-annual-reports,1620599217,18:26:57,20210509
29,2013-09-30,UCOBANK.NS,INR,2013-09-30,2013-09-30,Q3,17786200000,0.0,0.0,0.0,0.0,0.0,0.0,0.0,6124100000,0.0,28746800000,217866750.0,0.0,0.0,0.0,0.2291270760477224,0.0,4075300000,0.2291270760477224,73300000.0,4002000000,0.22500590345323904,5.32,5.32,752255639,752255639,https://www.nseindia.com/companies-listing/corporate-filings-annual-reports,https://www.nseindia.com/companies-listing/corporate-filings-annual-reports,1620599217,18:26:57,20210509
30,2013-06-30,UCOBANK.NS,INR,2013-06-30,2013-06-30,Q2,18259300000,0.0,0.0,0.0,0.0,0.0,0.0,0.0,5615000000,0.0,28428800000,217866750.0,0.0,0.0,0.0,0.28650057778775745,0.0,5231300000,0.28650057778775745,120200000.0,5111100000,0.27991763101542777,6.79,6.79,752739323,752739323,https://www.nseindia.com/companies-listing/corporate-filings-annual-reports,https://www.nseindia.com/companies-listing/corporate-filings-annual-reports,1620599217,18:26:57,20210509
31,2013-03-31,UCOBANK.NS,INR,2013-03-31,2013-03-31,Q1,17848703000,0.0,0.0,0.0,0.0,0.0,0.0,0.0,-494327000,0.0,28624058000,217866750.0,0.0,0.0,0.0,0.03118999739084683,0.0,556701000,0.03118999739084683,61100000.0,-1476000000,-0.08269508434310326,-0.14701195219123506,-0.14701195219123506,10040000000,10040000000,https://www.nseindia.com/companies-listing/corporate-filings-annual-reports,https://www.nseindia.com/companies-listing/corporate-filings-annual-reports,1620599217,18:26:57,20210509
32,2012-12-31,UCOBANK.NS,INR,2012-12-31,2012-12-31,Q4,13671900000,0.0,0.0,0.0,0.0,0.0,0.0,0.0,12640900000,0.0,29936900000,0.0,0.0,0.0,0.0,0.07541014782144398,0.0,1031000000,0.07541014782144398,6300000.0,1024700000,0.07494934866404816,1.54,1.54,665389610,665389610,https://www.nseindia.com/companies-listing/corporate-filings-annual-reports,https://www.nseindia.com/companies-listing/corporate-filings-annual-reports,1620599217,18:26:57,20210509
33,2012-09-30,UCOBANK.NS,INR,2012-09-30,2012-09-30,Q3,12257200000,0.0,0.0,0.0,0.0,0.0,0.0,0.0,5121200000,0.0,31828300000,835032000.0,0.0,0.0,0.0,0.09501354306040531,0.0,1164600000,0.09501354306040531,127500000.0,1037100000,0.08461149365271024,1.56,1.56,664807692,664807692,https://www.nseindia.com/companies-listing/corporate-filings-annual-reports,https://www.nseindia.com/companies-listing/corporate-filings-annual-reports,1620599217,18:26:57,20210509
34,2012-06-30,UCOBANK.NS,INR,2012-06-30,2012-06-30,Q2,12761400000,0.0,0.0,0.0,0.0,0.0,0.0,0.0,4957200000,0.0,31312500000,835032000.0,0.0,0.0,0.0,0.29115144106446,0.0,3715500000,0.29115144106446,90900000.0,3624600000,0.2840283981381353,5.45,5.45,665064220,665064220,https://www.nseindia.com/companies-listing/corporate-filings-annual-reports,https://www.nseindia.com/companies-listing/corporate-filings-annual-reports,1620599217,18:26:57,20210509
35,2012-03-31,UCOBANK.NS,INR,2012-03-31,2012-03-31,Q1,13016754000,0.0,0.0,0.0,0.0,0.0,0.0,0.0,-6306052000,0.0,29140503000,835032000.0,0.0,0.0,0.0,0.17703630259894287,0.0,2304438000,0.17703630259894287,0.0,2528438000,0.194244893926704,0.25183645418326694,0.25183645418326694,10040000000,10040000000,https://www.nseindia.com/companies-listing/corporate-filings-annual-reports,https://www.nseindia.com/companies-listing/corporate-filings-annual-reports,1620599217,18:26:57,20210509
36,2011-12-31,UCOBANK.NS,INR,2011-12-31,2011-12-31,Q4,12680900000,0.0,0.0,0.0,0.0,0.0,0.0,0.0,9275600000,0.0,27055300000,0.0,0.0,0.0,0.0,0.2685377220859718,0.0,3405300000,0.2685377220859718,79800000.0,3325500000,0.26224479335062967,5.3,5.3,627452830,627452830,https://www.nseindia.com/companies-listing/corporate-filings-annual-reports,https://www.nseindia.com/companies-listing/corporate-filings-annual-reports,1620599217,18:26:57,20210509
37,2011-09-30,UCOBANK.NS,INR,2011-09-30,2011-09-30,Q3,12129100000,0.0,0.0,0.0,0.0,0.0,0.0,0.0,5023500000,0.0,25178800000,678301500.0,0.0,0.0,0.0,0.19430955305834727,0.0,2356800000,0.19430955305834727,49300000.0,2307500000,0.1902449481000239,3.68,3.68,627038043,627038043,https://www.nseindia.com/companies-listing/corporate-filings-annual-reports,https://www.nseindia.com/companies-listing/corporate-filings-annual-reports,1620599217,18:26:57,20210509
38,2011-06-30,UCOBANK.NS,INR,2011-06-30,2011-06-30,Q2,10840700000,0.0,0.0,0.0,0.0,0.0,0.0,0.0,4723100000,0.0,25928100000,678301500.0,0.0,0.0,0.0,0.2785982455007518,0.0,3020200000,0.2785982455007518,94900000.0,2925300000,0.26984419825288036,13.51,13.51,627517479,627517479,https://www.nseindia.com/companies-listing/corporate-filings-annual-reports,https://www.nseindia.com/companies-listing/corporate-filings-annual-reports,1620599217,18:26:57,20210509
