,date,symbol,reportedCurrency,fillingDate,acceptedDate,period,revenue,costOfRevenue,grossProfit,grossProfitRatio,researchAndDevelopmentExpenses,generalAndAdministrativeExpenses,sellingAndMarketingExpenses,otherExpenses,operatingExpenses,costAndExpenses,interestExpense,depreciationAndAmortization,ebitda,ebitdaratio,operatingIncome,operatingIncomeRatio,totalOtherIncomeExpensesNet,incomeBeforeTax,incomeBeforeTaxRatio,incomeTaxExpense,netIncome,netIncomeRatio,eps,epsdiluted,weightedAverageShsOut,weightedAverageShsOutDil,link,finalLink,timestamp,est_time,est_date
0,2020-12-31,VOLTAS.NS,INR,2020-12-31,2020-12-31,Q4,19704000000,15041200000,4662800000,0.23664230613073486,0.0,0.0,0.0,516200000,3288000000,18329200000,32000000,84100000,1458900000,0.07404080389768575,1374800000,0.06977263499796996,0.0,1658400000,0.08416565164433618,372000000,1279100000,0.06491575314656922,3.87,3.87,330516796,330516796,https://www.nseindia.com/companies-listing/corporate-filings-annual-reports,https://www.nseindia.com/companies-listing/corporate-filings-annual-reports,1620599598,18:33:18,20210509
1,2020-09-30,VOLTAS.NS,INR,2020-09-30,2020-09-30,Q3,16125400000,11926000000,4199400000,0.2604214469098441,0.0,0.0,0.0,382600000,3053500000,15229400000,58100000,83900000,979900000,0.06076748483758542,896000000,0.05556451312835651,0.0,1149900000,0.07130985898024235,353300000,783500000,0.04858794200453942,2.37,2.37,330590717,330590717,https://www.nseindia.com/companies-listing/corporate-filings-annual-reports,https://www.nseindia.com/companies-listing/corporate-filings-annual-reports,1620599598,18:33:18,20210509
2,2020-06-30,VOLTAS.NS,INR,2020-06-30,2020-06-30,Q2,12969400000,9082300000,3887100000,0.2997131710025136,0.0,0.0,0.0,674000000,3040000000,12384100000,67200000,82200000,667500000,0.051467299952195164,585300000,0.045129304362576526,0.0,1075300000,0.0829105432787947,257600000,811500000,0.0625703579194103,2.45,2.45,331224490,331224490,https://www.nseindia.com/companies-listing/corporate-filings-annual-reports,https://www.nseindia.com/companies-listing/corporate-filings-annual-reports,1620599598,18:33:18,20210509
3,2020-03-31,VOLTAS.NS,INR,2020-03-31,2020-03-31,Q1,20587000000,14966300000,5620700000,0.2730218098800214,0.0,0.0,0.0,-1066200000,3979400000,18748800000,60500000,46900000,1885100000,0.09156749404964298,1838200000,0.08928935736144168,0.0,2167400000,0.10528003108757954,572400000,1586600000,0.07706805265458784,4.799287815453088,4.799287815453088,330590717,330590717,https://www.nseindia.com/companies-listing/corporate-filings-annual-reports,https://www.nseindia.com/companies-listing/corporate-filings-annual-reports,1620599598,18:33:18,20210509
4,2019-12-31,VOLTAS.NS,INR,2019-12-31,2019-12-31,Q4,14925100000,10654900000,4270200000,0.2861086357880349,0.0,0.0,0.0,542500000,3320500000,14029800000,57300000,80200000,975500000,0.06535969608243831,895300000,0.05998619774741878,0.0,1193200000,0.07994586300929307,313700000,869100000,0.058230765623010904,2.63,2.63,330456274,330456274,https://www.nseindia.com/companies-listing/corporate-filings-annual-reports,https://www.nseindia.com/companies-listing/corporate-filings-annual-reports,1620599598,18:33:18,20210509
5,2019-09-30,VOLTAS.NS,INR,2019-09-30,2019-09-30,Q3,14219400000,10180500000,4038900000,0.2840415207392717,0.0,0.0,0.0,726200000,2991100000,13240800000,49400000,80200000,1058800000,0.07446165098386712,978600000,0.06882146926030634,0.0,1502500000,0.10566549924750693,429700000,1064300000,0.07484844648860008,3.22,3.22,330527950,330527950,https://www.nseindia.com/companies-listing/corporate-filings-annual-reports,https://www.nseindia.com/companies-listing/corporate-filings-annual-reports,1620599598,18:33:18,20210509
6,2019-06-30,VOLTAS.NS,INR,2019-06-30,2019-06-30,Q2,26540000000,19801700000,6738300000,0.2538922381311228,0.0,0.0,0.0,432700000,3830100000,23705100000,43800000,77200000,2912100000,0.1097249434815373,2834900000,0.10681612660135645,0.0,2580000000,0.09721175584024115,916800000,1651800000,0.06223813112283346,4.99,4.99,331022044,331022044,https://www.nseindia.com/companies-listing/corporate-filings-annual-reports,https://www.nseindia.com/companies-listing/corporate-filings-annual-reports,1620599598,18:33:18,20210509
7,2019-03-31,VOLTAS.NS,INR,2019-03-31,2019-03-31,Q1,20233600000,15835000000,4398600000,0.21739087458484896,0.0,0.0,0.0,-723500000,3178500000,18730800000,106300000,20600000,1523400000,0.07529060572513048,1502800000,0.07427249723232643,0.0,1656000000,0.08184406136327693,238600000,1396100000,0.0689990906215404,4.223046589659685,4.223046589659685,330590717,330590717,https://www.nseindia.com/companies-listing/corporate-filings-annual-reports,https://www.nseindia.com/companies-listing/corporate-filings-annual-reports,1620599598,18:33:18,20210509
8,2018-12-31,VOLTAS.NS,INR,2018-12-31,2018-12-31,Q4,14917800000,10906000000,4011800000,0.26892705358699004,0.0,0.0,0.0,547800000,2837400000,13822700000,132300000,61600000,1156700000,0.07753824290444972,1095100000,0.07340894770006301,0.0,1085100000,0.07273860756948075,304300000,809200000,0.054243923366716275,2.45,2.45,330285714,330285714,https://www.nseindia.com/companies-listing/corporate-filings-annual-reports,https://www.nseindia.com/companies-listing/corporate-filings-annual-reports,1620599598,18:33:18,20210509
9,2018-09-30,VOLTAS.NS,INR,2018-09-30,2018-09-30,Q3,14213600000,10299800000,3913800000,0.27535599707322567,0.0,0.0,0.0,460800000,2821300000,13187700000,63900000,59500000,1085400000,0.07636348286148477,1025900000,0.07217735126920696,0.0,1400700000,0.09854646254291664,330700000,1034600000,0.07278944109866607,3.13,3.13,330543131,330543131,https://www.nseindia.com/companies-listing/corporate-filings-annual-reports,https://www.nseindia.com/companies-listing/corporate-filings-annual-reports,1620599598,18:33:18,20210509
10,2018-06-30,VOLTAS.NS,INR,2018-06-30,2018-06-30,Q2,21480900000,15626400000,5854500000,0.2725444464617404,0.0,0.0,0.0,282100000,3345200000,19108400000,27300000,59400000,2431900000,0.11321220246823922,2372500000,0.11044695520206323,0.0,2632300000,0.12254142051776229,761700000,1839200000,0.08562024868604202,5.56,5.56,330791367,330791367,https://www.nseindia.com/companies-listing/corporate-filings-annual-reports,https://www.nseindia.com/companies-listing/corporate-filings-annual-reports,1620599598,18:33:18,20210509
11,2018-03-31,VOLTAS.NS,INR,2018-03-31,2018-03-31,Q1,20483800000,15011400000,5472400000,0.26715746101797516,0.0,0.0,0.0,437900000,2730700000,18012900000,43400000,60700000,2531600000,0.12359034944687998,2470900000,0.1206270320936545,0.0,2841600000,0.13872426014704303,899700000,1926500000,0.09404993214149718,5.82,5.82,331013746,331013746,https://www.nseindia.com/companies-listing/corporate-filings-annual-reports,https://www.nseindia.com/companies-listing/corporate-filings-annual-reports,1620599598,18:33:18,20210509
12,2017-12-31,VOLTAS.NS,INR,2017-12-31,2017-12-31,Q4,13746700000,9675000000,4071700000,0.2961947230971797,0.0,0.0,0.0,170400000,2849100000,12621300000,18900000,60700000,1186100000,0.08628252598805532,1125400000,0.08186692078826191,0.0,1305600000,0.09497552139786276,301200000,994800000,0.07236645885921712,3.01,3.01,330498339,330498339,https://www.nseindia.com/companies-listing/corporate-filings-annual-reports,https://www.nseindia.com/companies-listing/corporate-filings-annual-reports,1620599598,18:33:18,20210509
13,2017-09-30,VOLTAS.NS,INR,2017-09-30,2017-09-30,Q3,10367100000,7042100000,3325000000,0.32072614328018445,0.0,0.0,0.0,512100000,2478600000,9571200000,21500000,60900000,856800000,0.08264606302630437,795900000,0.07677171050727784,0.0,1296200000,0.12503014343451882,342600000,946300000,0.09127914267249279,2.86,2.86,330874126,330874126,https://www.nseindia.com/companies-listing/corporate-filings-annual-reports,https://www.nseindia.com/companies-listing/corporate-filings-annual-reports,1620599598,18:33:18,20210509
14,2017-06-30,VOLTAS.NS,INR,2017-06-30,2017-06-30,Q2,19446200000,13946700000,5499500000,0.2828058952391727,0.0,0.0,0.0,549900000,3380400000,17384500000,35400000,61200000,2122900000,0.10916785798767882,2061700000,0.10602071355843301,0.0,2605700000,0.13399533070728473,726600000,1856400000,0.09546338102045644,5.61,5.61,330909091,330909091,https://www.nseindia.com/companies-listing/corporate-filings-annual-reports,https://www.nseindia.com/companies-listing/corporate-filings-annual-reports,1620599598,18:33:18,20210509
15,2017-03-31,VOLTAS.NS,INR,2017-03-31,2017-03-31,Q1,20350600000,14851600000,5499000000,0.27021316324825806,0.0,0.0,0.0,386000000,2968500000,18187600000,57700000,56200000,2219200000,0.10904838186589093,2163000000,0.10628679252700166,0.0,2500300000,0.1228612424203709,495600000,1990700000,0.09782021168909025,6.02,6.02,330681063,330681063,https://www.nseindia.com/companies-listing/corporate-filings-annual-reports,https://www.nseindia.com/companies-listing/corporate-filings-annual-reports,1620599598,18:33:18,20210509
16,2016-12-31,VOLTAS.NS,INR,2016-12-31,2016-12-31,Q4,11804800000,8175400000,3629400000,0.3074512062889672,0.0,0.0,0.0,596600000,2739900000,10974800000,21700000,59600000,889600000,0.07535917592843588,830000000,0.07031038221740309,0.0,1252700000,0.10611785036595284,437100000,801900000,0.06792999457847655,2.42,2.42,331363636,331363636,https://www.nseindia.com/companies-listing/corporate-filings-annual-reports,https://www.nseindia.com/companies-listing/corporate-filings-annual-reports,1620599598,18:33:18,20210509
17,2016-09-30,VOLTAS.NS,INR,2016-09-30,2016-09-30,Q3,9580500000,6161400000,3419100000,0.35688116486613436,0.0,0.0,0.0,750100000,2887300000,9048700000,32600000,63200000,595000000,0.062105318094045195,531800000,0.055508585146913,0.0,1249300000,0.13040029226032043,505300000,721100000,0.07526747038254789,2.18,2.18,330779817,330779817,https://www.nseindia.com/companies-listing/corporate-filings-annual-reports,https://www.nseindia.com/companies-listing/corporate-filings-annual-reports,1620599598,18:33:18,20210509
18,2016-06-30,VOLTAS.NS,INR,2016-06-30,2016-06-30,Q2,18396700000,13170500000,5226200000,0.2840835584642898,0.0,0.0,0.0,460900000,3400000000,16570500000,48400000,65500000,1891700000,0.10282822462724293,1826200000,0.09926780346475184,0.0,2248100000,0.1222012643571945,650500000,1576200000,0.08567840971478581,4.76,4.76,331134454,331134454,https://www.nseindia.com/companies-listing/corporate-filings-annual-reports,https://www.nseindia.com/companies-listing/corporate-filings-annual-reports,1620599598,18:33:18,20210509
19,2016-03-31,VOLTAS.NS,INR,2016-03-31,2016-03-31,Q1,18553600000,13407700000,5145900000,0.27735318213176957,0.0,0.0,0.0,392600000,3273200000,16820400000,54300000,75200000,1808400000,0.09746895481200414,1733200000,0.09341583304587789,0.0,2312900000,0.12466044325629527,670600000,1594800000,0.08595636426353916,4.82,4.82,330871369,330871369,https://www.nseindia.com/companies-listing/corporate-filings-annual-reports,https://www.nseindia.com/companies-listing/corporate-filings-annual-reports,1620599598,18:33:18,20210509
20,2015-12-31,VOLTAS.NS,INR,2015-12-31,2015-12-31,Q4,13011400000,9276000000,3735400000,0.28708670857863106,0.0,0.0,0.0,249600000,3286700000,12562700000,33300000,68500000,517200000,0.039749757904606726,448700000,0.034485143796978035,0.0,686800000,0.05278448130101296,125900000,541900000,0.04164809321056919,1.64,1.64,330426829,330426829,https://www.nseindia.com/companies-listing/corporate-filings-annual-reports,https://www.nseindia.com/companies-listing/corporate-filings-annual-reports,1620599598,18:33:18,20210509
21,2015-09-30,VOLTAS.NS,INR,2015-09-30,2015-09-30,Q3,10597700000,7147000000,3450700000,0.32560838672542153,0.0,0.0,0.0,330500000,2923700000,10070700000,36100000,67500000,594500000,0.05609707766779584,527000000,0.049727771120148714,0.0,821400000,0.07750738367759043,375600000,444300000,0.04192419109806845,1.34,1.34,331567164,331567164,https://www.nseindia.com/companies-listing/corporate-filings-annual-reports,https://www.nseindia.com/companies-listing/corporate-filings-annual-reports,1620599598,18:33:18,20210509
22,2015-06-30,VOLTAS.NS,INR,2015-06-30,2015-06-30,Q2,15952000000,11320600000,4631400000,0.2903335005015045,0.0,0.0,0.0,243500000,3414000000,14734600000,24600000,61900000,1279300000,0.0801968405215647,1217400000,0.07631644934804413,0.0,1542000000,0.09666499498495486,434500000,1105400000,0.06929538615847543,3.34,3.34,330958084,330958084,https://www.nseindia.com/companies-listing/corporate-filings-annual-reports,https://www.nseindia.com/companies-listing/corporate-filings-annual-reports,1620599598,18:33:18,20210509
23,2015-03-31,VOLTAS.NS,INR,2015-03-31,2015-03-31,Q1,14840852000,10368217000,4472635000,0.3013731960941326,0.0,0.0,0.0,1224928000,2739167000,13107384000,58175000,39586000,1773054000,0.119471173218357,1733468000,0.11680380614266621,0.0,1606014000,0.1082157547289064,412663000,1180469000,0.07954186188232319,3.5707868953864184,3.5707868953864184,330590717,330590717,https://www.nseindia.com/companies-listing/corporate-filings-annual-reports,https://www.nseindia.com/companies-listing/corporate-filings-annual-reports,1620599598,18:33:18,20210509
24,2014-12-31,VOLTAS.NS,INR,2014-12-31,2014-12-31,Q4,9389700000,6380000000,3009700000,0.32053207237717923,0.0,0.0,0.0,-1471200000,2627000000,9007000000,43500000,69700000,452400000,0.048180453049618197,382700000,0.04075742568985165,0.0,1209700000,0.12883265706039596,146900000,1073700000,0.11434870123646122,3.25,3.25,330369231,330369231,https://www.nseindia.com/companies-listing/corporate-filings-annual-reports,https://www.nseindia.com/companies-listing/corporate-filings-annual-reports,1620599598,18:33:18,20210509
25,2014-09-30,VOLTAS.NS,INR,2014-09-30,2014-09-30,Q3,9689200000,6421100000,3268100000,0.3372930685711927,0.0,0.0,0.0,345600000,2717000000,9138100000,43900000,69000000,620100000,0.06399909177228254,551100000,0.05687776080584568,0.0,852800000,0.08801552243735293,351300000,499300000,0.051531602196259754,1.51,1.51,330662252,330662252,https://www.nseindia.com/companies-listing/corporate-filings-annual-reports,https://www.nseindia.com/companies-listing/corporate-filings-annual-reports,1620599598,18:33:18,20210509
26,2014-06-30,VOLTAS.NS,INR,2014-06-30,2014-06-30,Q2,17523100000,12853200000,4669900000,0.26649964903470275,0.0,0.0,0.0,342400000,3461900000,16315100000,87000000,60600000,1268600000,0.07239586602827125,1208000000,0.06893757383111436,0.0,1468000000,0.08377513111264559,365300000,1089900000,0.06219789877361882,3.29,3.29,331276596,331276596,https://www.nseindia.com/companies-listing/corporate-filings-annual-reports,https://www.nseindia.com/companies-listing/corporate-filings-annual-reports,1620599598,18:33:18,20210509
27,2014-03-31,VOLTAS.NS,INR,2014-03-31,2014-03-31,Q1,14503635000,10916900000,3586735000,0.24729903917190416,0.0,0.0,0.0,-388084000,2598177000,13515077000,-63543000,28124000,1016682000,0.07009842704949483,988558000,0.06815932695493233,0.0,1401817000,0.09665280462449585,392034000,1004071000,0.06922892088776365,3.037202644743349,3.037202644743349,330590717,330590717,https://www.nseindia.com/companies-listing/corporate-filings-annual-reports,https://www.nseindia.com/companies-listing/corporate-filings-annual-reports,1620599598,18:33:18,20210509
28,2013-12-31,VOLTAS.NS,INR,2013-12-31,2013-12-31,Q4,11149900000,7727200000,3422700000,0.3069713629718652,0.0,0.0,0.0,214500000,2842700000,10569900000,54300000,59600000,639600000,0.05736374317258451,580000000,0.052018403752500025,0.0,782700000,0.07019793899496857,163500000,619200000,0.05553413035094485,1.87,1.87,331122995,331122995,https://www.nseindia.com/companies-listing/corporate-filings-annual-reports,https://www.nseindia.com/companies-listing/corporate-filings-annual-reports,1620599598,18:33:18,20210509
29,2013-09-30,VOLTAS.NS,INR,2013-09-30,2013-09-30,Q3,10765300000,7711400000,3053900000,0.28367997176112136,0.0,0.0,0.0,342500000,2721000000,10432400000,55300000,59500000,392400000,0.03645044727039655,332900000,0.030923429909059663,0.0,620100000,0.05760173892042024,196300000,422800000,0.0392743351323233,1.28,1.28,330312500,330312500,https://www.nseindia.com/companies-listing/corporate-filings-annual-reports,https://www.nseindia.com/companies-listing/corporate-filings-annual-reports,1620599598,18:33:18,20210509
30,2013-06-30,VOLTAS.NS,INR,2013-06-30,2013-06-30,Q2,16017800000,12234400000,3783400000,0.23619972780281936,0.0,0.0,0.0,236300000,3244700000,15479100000,179400000,60500000,599200000,0.03740838317371924,538700000,0.03363133513965713,0.0,594800000,0.03713368877124199,189500000,407500000,0.025440447502153855,1.23,1.23,331300813,331300813,https://www.nseindia.com/companies-listing/corporate-filings-annual-reports,https://www.nseindia.com/companies-listing/corporate-filings-annual-reports,1620599598,18:33:18,20210509
31,2013-03-31,VOLTAS.NS,INR,2013-03-31,2013-03-31,Q1,15802141000,12362699000,3439442000,0.21765670867004666,0.0,0.0,0.0,-388342000,2770686000,15013285000,119776000,14026000,802882000,0.05080843159164318,788856000,0.04992083034824205,0.0,143918000,0.00910750005331556,54018000,89172000,0.005643032801694404,0.2697353416611514,0.2697353416611514,330590717,330590717,https://www.nseindia.com/companies-listing/corporate-filings-annual-reports,https://www.nseindia.com/companies-listing/corporate-filings-annual-reports,1620599598,18:33:18,20210509
32,2012-12-31,VOLTAS.NS,INR,2012-12-31,2012-12-31,Q4,11525400000,8812600000,2712800000,0.23537577871483853,0.0,0.0,0.0,243000000,2516000000,11352300000,71500000,69500000,242600000,0.021049160983566732,173100000,0.01501900150970899,0.0,942100000,0.08174119770246586,180700000,768100000,0.06664410779669253,2.32,2.32,330884740,330884740,https://www.nseindia.com/companies-listing/corporate-filings-annual-reports,https://www.nseindia.com/companies-listing/corporate-filings-annual-reports,1620599598,18:33:18,20210509
33,2012-09-30,VOLTAS.NS,INR,2012-09-30,2012-09-30,Q3,11601000000,8484600000,3116400000,0.2686320144815102,0.0,0.0,0.0,226500000,2796400000,11281000000,85300000,75900000,395900000,0.03412636841651582,320000000,0.027583828980260322,0.0,606600000,0.052288595810705975,176900000,429300000,0.03700543056633049,1.3,1.3,330230769,330230769,https://www.nseindia.com/companies-listing/corporate-filings-annual-reports,https://www.nseindia.com/companies-listing/corporate-filings-annual-reports,1620599598,18:33:18,20210509
34,2012-06-30,VOLTAS.NS,INR,2012-06-30,2012-06-30,Q2,16115700000,12049100000,4066600000,0.2523377824109409,0.0,0.0,0.0,401900000,3253000000,15302100000,120900000,73000000,886600000,0.05501467513046284,813600000,0.05048493084383551,0.0,1105700000,0.06861011311950459,316000000,791200000,0.0490949819120485,2.39,2.39,331046025,331046025,https://www.nseindia.com/companies-listing/corporate-filings-annual-reports,https://www.nseindia.com/companies-listing/corporate-filings-annual-reports,1620599598,18:33:18,20210509
35,2012-03-31,VOLTAS.NS,INR,2012-03-31,2012-03-31,Q1,15744263000,11720103000,4024160000,0.2555953238331956,0.0,0.0,0.0,2380718000,2503242000,14125845000,95194000,63882000,1682300000,0.1068516195391299,1618418000,0.10279414158668462,0.0,1406298000,0.08932129754184111,359580000,1037118000,0.06587275631765044,3.1371661291989636,3.1371661291989636,330590717,330590717,https://www.nseindia.com/companies-listing/corporate-filings-annual-reports,https://www.nseindia.com/companies-listing/corporate-filings-annual-reports,1620599598,18:33:18,20210509
36,2011-12-31,VOLTAS.NS,INR,2011-12-31,2011-12-31,Q4,11580400000,7983400000,3597000000,0.3106110324341128,0.0,0.0,0.0,-2535900000,2832400000,10857400000,63500000,83700000,806700000,0.06966080618976891,723000000,0.06243307657766571,0.0,-1704600000,-0.14719698801423095,-544700000,-1154100000,-0.09965976995613278,-3.49,-3.49,330884740,330884740,https://www.nseindia.com/companies-listing/corporate-filings-annual-reports,https://www.nseindia.com/companies-listing/corporate-filings-annual-reports,1620599598,18:33:18,20210509
