,date,symbol,reportedCurrency,fillingDate,acceptedDate,period,revenue,costOfRevenue,grossProfit,grossProfitRatio,researchAndDevelopmentExpenses,generalAndAdministrativeExpenses,sellingAndMarketingExpenses,otherExpenses,operatingExpenses,costAndExpenses,interestExpense,depreciationAndAmortization,ebitda,ebitdaratio,operatingIncome,operatingIncomeRatio,totalOtherIncomeExpensesNet,incomeBeforeTax,incomeBeforeTaxRatio,incomeTaxExpense,netIncome,netIncomeRatio,eps,epsdiluted,weightedAverageShsOut,weightedAverageShsOutDil,link,finalLink,timestamp,est_time,est_date
0,2020-09-30,MLT.AX,AUD,2020-09-30,2020-09-30,Q3,31309500.0,0.0,0.0,0.0,0.0,1132000.0,0.0,165250.0,0.0,0.0,0.0,0.0,0.0,0.0,0.0,0.0,0.0,30564750.0,0.976213289896038,1325500.0,29239250.0,0.9338778964850923,0.04394763141667095,0.04394763141667095,665320270,665320270,,,1620595131,17:18:51,20210509
1,2020-06-30,MLT.AX,AUD,2020-06-30,2020-06-30,Q2,31309500.0,0.0,0.0,0.0,0.0,1132000.0,0.0,165250.0,0.0,0.0,0.0,0.0,0.0,0.0,0.0,0.0,0.0,30564750.0,0.976213289896038,1325500.0,29239250.0,0.9338778964850923,0.04394763141667095,0.04394763141667095,665320270,665320270,,,1620595131,17:18:51,20210509
2,2020-03-31,MLT.AX,AUD,2020-03-31,2020-03-31,Q1,31309500.0,0.0,0.0,0.0,0.0,1132000.0,0.0,165250.0,0.0,0.0,0.0,0.0,0.0,0.0,0.0,0.0,0.0,30564750.0,0.976213289896038,1325500.0,29239250.0,0.9338778964850923,0.04394763141667095,0.04394763141667095,665320270,665320270,,,1620595131,17:18:51,20210509
3,2020-01-31,MLT.AX,AUD,2020-01-31,2020-01-31,Q1,31309500.0,0.0,0.0,0.0,0.0,1132000.0,0.0,165250.0,0.0,0.0,0.0,0.0,0.0,0.0,0.0,0.0,0.0,30564750.0,0.976213289896038,1325500.0,29239250.0,0.9338778964850923,0.04394763141667095,0.04394763141667095,665320270,665320270,,,1620595131,17:18:51,20210509
4,2019-06-30,MLT.AX,AUD,2019-06-30,2019-06-30,Q2,38745750.0,0.0,0.0,0.0,0.0,1055000.0,0.0,106750.0,0.0,0.0,0.0,0.0,0.0,0.0,0.0,0.0,0.0,38173500.0,0.9852306381990282,1260500.0,36913000.0,0.9526980378493125,0.055475,0.055475,665320270,665320270,,,1620595131,17:18:51,20210509
5,2019-03-31,MLT.AX,AUD,2019-03-31,2019-03-31,Q1,38745750.0,0.0,0.0,0.0,0.0,1055000.0,0.0,106750.0,0.0,0.0,0.0,0.0,0.0,0.0,0.0,0.0,0.0,38173500.0,0.9852306381990282,1260500.0,36913000.0,0.9526980378493125,0.055475,0.055475,665320270,665320270,,,1620595131,17:18:51,20210509
6,2019-01-31,MLT.AX,AUD,2019-01-31,2019-01-31,Q1,38745750.0,0.0,0.0,0.0,0.0,1055000.0,0.0,106750.0,0.0,0.0,0.0,0.0,0.0,0.0,0.0,0.0,0.0,38173500.0,0.9852306381990282,1260500.0,36913000.0,0.9526980378493125,0.055475,0.055475,665320270,665320270,,,1620595131,17:18:51,20210509
7,2018-06-30,MLT.AX,AUD,2018-06-30,2018-06-30,Q2,34324750.0,0.0,0.0,0.0,0.0,1029000.0,0.0,189250.0,0.0,0.0,0.0,0.0,0.0,0.0,0.0,0.0,0.0,33582000.0,0.978361095128151,1080250.0,32501750.0,0.9468896350301168,0.0495,0.0495,656714660,656714660,,,1620595131,17:18:51,20210509
8,2018-03-31,MLT.AX,AUD,2018-03-31,2018-03-31,Q1,34324750.0,0.0,0.0,0.0,0.0,1029000.0,0.0,189250.0,0.0,0.0,0.0,0.0,0.0,0.0,0.0,0.0,0.0,33582000.0,0.978361095128151,1080250.0,32501750.0,0.9468896350301168,0.0495,0.0495,656714660,656714660,,,1620595131,17:18:51,20210509
9,2018-01-31,MLT.AX,AUD,2018-01-31,2018-01-31,Q1,34324750.0,0.0,0.0,0.0,0.0,1029000.0,0.0,189250.0,0.0,0.0,0.0,0.0,0.0,0.0,0.0,0.0,0.0,33582000.0,0.978361095128151,1080250.0,32501750.0,0.9468896350301168,0.0495,0.0495,656714660,656714660,,,1620595131,17:18:51,20210509
10,2017-06-30,MLT.AX,AUD,2017-06-30,2017-06-30,Q2,32116000.0,0.0,0.0,0.0,0.0,895250.0,0.0,144250.0,0.0,0.0,0.0,0.0,0.0,0.0,0.0,0.0,0.0,31666000.0,0.9859882924399054,1071750.0,30594250.0,0.9526170756009466,0.046975,0.046975,651132774,651132774,,,1620595131,17:18:51,20210509
11,2017-03-31,MLT.AX,AUD,2017-03-31,2017-03-31,Q1,32116000.0,0.0,0.0,0.0,0.0,895250.0,0.0,144250.0,0.0,0.0,0.0,0.0,0.0,0.0,0.0,0.0,0.0,31666000.0,0.9859882924399054,1071750.0,30594250.0,0.9526170756009466,0.046975,0.046975,651132774,651132774,,,1620595131,17:18:51,20210509
12,2017-01-31,MLT.AX,AUD,2017-01-31,2017-01-31,Q1,32116000.0,0.0,0.0,0.0,0.0,895250.0,0.0,144250.0,0.0,0.0,0.0,0.0,0.0,0.0,0.0,0.0,0.0,31666000.0,0.9859882924399054,1071750.0,30594250.0,0.9526170756009466,0.046975,0.046975,651132774,651132774,,,1620595131,17:18:51,20210509
13,2016-06-30,MLT.AX,AUD,2016-06-30,2016-06-30,Q2,33428250.0,0.0,0.0,0.0,0.0,884250.0,0.0,130000.0,0.0,0.0,0.0,0.0,0.0,0.0,0.0,0.0,0.0,33121250.0,0.990816151009999,1145000.0,31976250.0,0.9565636849072267,0.0494,0.0494,647134007,647134007,,,1620595131,17:18:51,20210509
14,2016-03-31,MLT.AX,AUD,2016-03-31,2016-03-31,Q1,33428250.0,0.0,0.0,0.0,0.0,884250.0,0.0,130000.0,0.0,0.0,0.0,0.0,0.0,0.0,0.0,0.0,0.0,33121250.0,0.990816151009999,1145000.0,31976250.0,0.9565636849072267,0.0494,0.0494,647134007,647134007,,,1620595131,17:18:51,20210509
15,2016-01-31,MLT.AX,AUD,2016-01-31,2016-01-31,Q1,33428250.0,0.0,0.0,0.0,0.0,884250.0,0.0,130000.0,0.0,0.0,0.0,0.0,0.0,0.0,0.0,0.0,0.0,33121250.0,0.990816151009999,1145000.0,31976250.0,0.9565636849072267,0.0494,0.0494,647134007,647134007,,,1620595131,17:18:51,20210509
16,2015-09-30,MLT.AX,AUD,2015-09-30,2015-09-30,Q3,32723750.0,0.0,0.0,0.0,0.0,844000.0,0.0,91500.0,0.0,0.0,0.0,0.0,0.0,0.0,0.0,0.0,0.0,33548750.0,1.0252110470224225,1546500.0,32002250.0,0.9779517934222086,0.0502,0.0502,637607867,637607867,,,1620595131,17:18:51,20210509
17,2015-06-30,MLT.AX,AUD,2015-06-30,2015-06-30,Q2,32723750.0,0.0,0.0,0.0,0.0,844000.0,0.0,91500.0,0.0,0.0,0.0,0.0,0.0,0.0,0.0,0.0,0.0,33548750.0,1.0252110470224225,1546500.0,32002250.0,0.9779517934222086,0.0502,0.0502,637607867,637607867,,,1620595131,17:18:51,20210509
18,2015-03-31,MLT.AX,AUD,2015-03-31,2015-03-31,Q1,32723750.0,0.0,0.0,0.0,0.0,844000.0,0.0,91500.0,0.0,0.0,0.0,0.0,0.0,0.0,0.0,0.0,0.0,33548750.0,1.0252110470224225,1546500.0,32002250.0,0.9779517934222086,0.0502,0.0502,637607867,637607867,,,1620595131,17:18:51,20210509
19,2015-01-31,MLT.AX,AUD,2015-01-31,2015-01-31,Q1,32723750.0,0.0,0.0,0.0,0.0,844000.0,0.0,91500.0,0.0,0.0,0.0,0.0,0.0,0.0,0.0,0.0,0.0,33548750.0,1.0252110470224225,1546500.0,32002250.0,0.9779517934222086,0.0502,0.0502,637607867,637607867,,,1620595131,17:18:51,20210509
20,2014-09-30,MLT.AX,AUD,2014-09-30,2014-09-30,Q3,30785750.0,0.0,0.0,0.0,0.0,836750.0,0.0,0.0,0.0,0.0,0.0,0.0,0.0,0.0,0.0,0.0,0.0,31537500.0,1.0244187651754464,1464000.0,30073500.0,0.9768642959810951,0.048175,0.048175,624416028,624416028,,,1620595131,17:18:51,20210509
21,2014-06-30,MLT.AX,AUD,2014-06-30,2014-06-30,Q2,30785750.0,0.0,0.0,0.0,0.0,836750.0,0.0,0.0,0.0,0.0,0.0,0.0,0.0,0.0,0.0,0.0,0.0,31537500.0,1.0244187651754464,1464000.0,30073500.0,0.9768642959810951,0.048175,0.048175,624416028,624416028,,,1620595131,17:18:51,20210509
22,2014-03-31,MLT.AX,AUD,2014-03-31,2014-03-31,Q1,30785750.0,0.0,0.0,0.0,0.0,836750.0,0.0,0.0,0.0,0.0,0.0,0.0,0.0,0.0,0.0,0.0,0.0,31537500.0,1.0244187651754464,1464000.0,30073500.0,0.9768642959810951,0.048175,0.048175,624416028,624416028,,,1620595131,17:18:51,20210509
23,2014-01-31,MLT.AX,AUD,2014-01-31,2014-01-31,Q1,30785750.0,0.0,0.0,0.0,0.0,836750.0,0.0,0.0,0.0,0.0,0.0,0.0,0.0,0.0,0.0,0.0,0.0,31537500.0,1.0244187651754464,1464000.0,30073500.0,0.9768642959810951,0.048175,0.048175,624416028,624416028,,,1620595131,17:18:51,20210509
24,2013-09-30,MLT.AX,AUD,2013-09-30,2013-09-30,Q3,28731250.0,0.0,0.0,0.0,0.0,803500.0,0.0,0.0,0.0,0.0,0.0,0.0,0.0,0.0,0.0,0.0,0.0,29169500.0,1.0152534261474875,1365250.0,27804250.0,0.9677354796606482,0.04565,0.04565,609021195,609021195,,,1620595131,17:18:51,20210509
25,2013-06-30,MLT.AX,AUD,2013-06-30,2013-06-30,Q2,28731250.0,0.0,0.0,0.0,0.0,803500.0,0.0,0.0,0.0,0.0,0.0,0.0,0.0,0.0,0.0,0.0,0.0,29169500.0,1.0152534261474875,1365250.0,27804250.0,0.9677354796606482,0.04565,0.04565,609021195,609021195,,,1620595131,17:18:51,20210509
26,2013-03-31,MLT.AX,AUD,2013-03-31,2013-03-31,Q1,28731250.0,0.0,0.0,0.0,0.0,803500.0,0.0,0.0,0.0,0.0,0.0,0.0,0.0,0.0,0.0,0.0,0.0,29169500.0,1.0152534261474875,1365250.0,27804250.0,0.9677354796606482,0.04565,0.04565,609021195,609021195,,,1620595131,17:18:51,20210509
27,2013-01-31,MLT.AX,AUD,2013-01-31,2013-01-31,Q1,28731250.0,0.0,0.0,0.0,0.0,803500.0,0.0,0.0,0.0,0.0,0.0,0.0,0.0,0.0,0.0,0.0,0.0,29169500.0,1.0152534261474875,1365250.0,27804250.0,0.9677354796606482,0.04565,0.04565,609021195,609021195,,,1620595131,17:18:51,20210509
28,2012-09-30,MLT.AX,AUD,2012-09-30,2012-09-30,Q3,27343250.0,0.0,0.0,0.0,0.0,810250.0,0.0,0.0,0.0,0.0,0.0,0.0,0.0,0.0,0.0,0.0,0.0,27457000.0,1.0041600760699625,1602750.0,25854250.0,0.9455441470929754,0.0425,0.0425,608128275,608128275,,,1620595131,17:18:51,20210509
29,2012-06-30,MLT.AX,AUD,2012-06-30,2012-06-30,Q2,27343250.0,0.0,0.0,0.0,0.0,810250.0,0.0,0.0,0.0,0.0,0.0,0.0,0.0,0.0,0.0,0.0,0.0,27457000.0,1.0041600760699625,1602750.0,25854250.0,0.9455441470929754,0.0425,0.0425,608128275,608128275,,,1620595131,17:18:51,20210509
30,2012-03-31,MLT.AX,AUD,2012-03-31,2012-03-31,Q1,27343250.0,0.0,0.0,0.0,0.0,810250.0,0.0,0.0,0.0,0.0,0.0,0.0,0.0,0.0,0.0,0.0,0.0,27457000.0,1.0041600760699625,1602750.0,25854250.0,0.9455441470929754,0.0425,0.0425,608128275,608128275,,,1620595131,17:18:51,20210509
31,2012-01-31,MLT.AX,AUD,2012-01-31,2012-01-31,Q1,27343250.0,0.0,0.0,0.0,0.0,810250.0,0.0,0.0,0.0,0.0,0.0,0.0,0.0,0.0,0.0,0.0,0.0,27457000.0,1.0041600760699625,1602750.0,25854250.0,0.9455441470929754,0.0425,0.0425,608128275,608128275,,,1620595131,17:18:51,20210509
32,2011-09-30,MLT.AX,AUD,2011-09-30,2011-09-30,Q3,24950000.0,0.0,0.0,0.0,0.0,738250.0,0.0,-71000.0,0.0,0.0,0.0,8000.0,0.0,0.0,0.0,0.0,0.0,24617250.0,0.9866633266533066,1146250.0,23471000.0,0.9407214428857715,0.04195,0.04195,559822530,559822530,,,1620595131,17:18:51,20210509
33,2011-06-30,MLT.AX,AUD,2011-06-30,2011-06-30,Q2,24950000.0,0.0,0.0,0.0,0.0,738250.0,0.0,-71000.0,0.0,0.0,0.0,8000.0,0.0,0.0,0.0,0.0,0.0,24617250.0,0.9866633266533066,1146250.0,23471000.0,0.9407214428857715,0.04195,0.04195,559822530,559822530,,,1620595131,17:18:51,20210509
34,2011-03-31,MLT.AX,AUD,2011-03-31,2011-03-31,Q1,24950000.0,0.0,0.0,0.0,0.0,738250.0,0.0,-71000.0,0.0,0.0,0.0,8000.0,0.0,0.0,0.0,0.0,0.0,24617250.0,0.9866633266533066,1146250.0,23471000.0,0.9407214428857715,0.04195,0.04195,559822530,559822530,,,1620595131,17:18:51,20210509
35,2011-01-31,MLT.AX,AUD,2011-01-31,2011-01-31,Q1,24950000.0,0.0,0.0,0.0,0.0,738250.0,0.0,-71000.0,0.0,0.0,0.0,8000.0,0.0,0.0,0.0,0.0,0.0,24617250.0,0.9866633266533066,1146250.0,23471000.0,0.9407214428857715,0.04195,0.04195,559822530,559822530,,,1620595131,17:18:51,20210509
36,2010-09-30,MLT.AX,AUD,2010-09-30,2010-09-30,Q3,19458500.0,0.0,0.0,0.0,0.0,665250.0,0.0,-143250.0,0.0,0.0,0.0,5750.0,0.0,0.0,0.0,0.0,0.0,19530750.0,1.0037130302952437,1256000.0,18274750.0,0.9391654032941902,0.0391,0.0391,467291080,467291080,,,1620595131,17:18:51,20210509
37,2010-06-30,MLT.AX,AUD,2010-06-30,2010-06-30,Q2,19458500.0,0.0,0.0,0.0,0.0,665250.0,0.0,-143250.0,0.0,0.0,0.0,5750.0,0.0,0.0,0.0,0.0,0.0,19530750.0,1.0037130302952437,1256000.0,18274750.0,0.9391654032941902,0.0391,0.0391,467291080,467291080,,,1620595131,17:18:51,20210509
38,2010-03-31,MLT.AX,AUD,2010-03-31,2010-03-31,Q1,19458500.0,0.0,0.0,0.0,0.0,665250.0,0.0,-143250.0,0.0,0.0,0.0,5750.0,0.0,0.0,0.0,0.0,0.0,19530750.0,1.0037130302952437,1256000.0,18274750.0,0.9391654032941902,0.0391,0.0391,467291080,467291080,,,1620595131,17:18:51,20210509
39,2010-01-31,MLT.AX,AUD,2010-01-31,2010-01-31,Q1,19458500.0,0.0,0.0,0.0,0.0,665250.0,0.0,-143250.0,0.0,0.0,0.0,5750.0,0.0,0.0,0.0,0.0,0.0,19530750.0,1.0037130302952437,1256000.0,18274750.0,0.9391654032941902,0.0391,0.0391,467291080,467291080,,,1620595131,17:18:51,20210509
40,2009-09-30,MLT.AX,AUD,2009-09-30,2009-09-30,Q3,19281000.0,0.0,0.0,0.0,0.0,717250.0,0.0,0.0,0.0,0.0,55250.0,8750.0,0.0,0.0,0.0,0.0,0.0,11189750.0,0.5803511228670712,-1311000.0,12500750.0,0.6483455214978476,0.02885,0.02885,433301560,433301560,,,1620595131,17:18:51,20210509
41,2009-06-30,MLT.AX,AUD,2009-06-30,2009-06-30,Q2,19281000.0,0.0,0.0,0.0,0.0,717250.0,0.0,0.0,0.0,0.0,55250.0,8750.0,0.0,0.0,0.0,0.0,0.0,11189750.0,0.5803511228670712,-1311000.0,12500750.0,0.6483455214978476,0.02885,0.02885,433301560,433301560,,,1620595131,17:18:51,20210509
42,2009-03-31,MLT.AX,AUD,2009-03-31,2009-03-31,Q1,19281000.0,0.0,0.0,0.0,0.0,717250.0,0.0,0.0,0.0,0.0,55250.0,8750.0,0.0,0.0,0.0,0.0,0.0,11189750.0,0.5803511228670712,-1311000.0,12500750.0,0.6483455214978476,0.02885,0.02885,433301560,433301560,,,1620595131,17:18:51,20210509
43,2009-01-31,MLT.AX,AUD,2009-01-31,2009-01-31,Q1,19281000.0,0.0,0.0,0.0,0.0,717250.0,0.0,0.0,0.0,0.0,55250.0,8750.0,0.0,0.0,0.0,0.0,0.0,11189750.0,0.5803511228670712,-1311000.0,12500750.0,0.6483455214978476,0.02885,0.02885,433301560,433301560,,,1620595131,17:18:51,20210509
44,2008-09-30,MLT.AX,AUD,2008-09-30,2008-09-30,Q3,34839750.0,0.0,0.0,0.0,0.0,751750.0,0.0,0.0,0.0,0.0,1085250.0,12500.0,0.0,0.0,0.0,0.0,0.0,35451750.0,1.017566142122145,4946750.0,30505000.0,0.875580335679791,0.0726,0.0726,420179060,420179060,,,1620595131,17:18:51,20210509
45,2008-06-30,MLT.AX,AUD,2008-06-30,2008-06-30,Q2,34839750.0,0.0,0.0,0.0,0.0,751750.0,0.0,0.0,0.0,0.0,1085250.0,12500.0,0.0,0.0,0.0,0.0,0.0,35451750.0,1.017566142122145,4946750.0,30505000.0,0.875580335679791,0.0726,0.0726,420179060,420179060,,,1620595131,17:18:51,20210509
46,2008-03-31,MLT.AX,AUD,2008-03-31,2008-03-31,Q1,34839750.0,0.0,0.0,0.0,0.0,751750.0,0.0,0.0,0.0,0.0,1085250.0,12500.0,0.0,0.0,0.0,0.0,0.0,35451750.0,1.017566142122145,4946750.0,30505000.0,0.875580335679791,0.0726,0.0726,420179060,420179060,,,1620595131,17:18:51,20210509
47,2008-01-31,MLT.AX,AUD,2008-01-31,2008-01-31,Q1,34839750.0,0.0,0.0,0.0,0.0,751750.0,0.0,0.0,0.0,0.0,1085250.0,12500.0,0.0,0.0,0.0,0.0,0.0,35451750.0,1.017566142122145,4946750.0,30505000.0,0.875580335679791,0.0726,0.0726,420179060,420179060,,,1620595131,17:18:51,20210509
48,2007-09-30,MLT.AX,AUD,2007-09-30,2007-09-30,Q3,22210000.0,0.0,0.0,0.0,0.0,645000.0,0.0,0.0,0.0,0.0,265750.0,9250.0,0.0,0.0,0.0,0.0,0.0,23245500.0,1.0466231427285007,1812750.0,21432750.0,0.965004502476362,0.0553,0.0553,387572335,387572335,,,1620595131,17:18:51,20210509
49,2007-06-30,MLT.AX,AUD,2007-06-30,2007-06-30,Q2,22210000.0,0.0,0.0,0.0,0.0,645000.0,0.0,0.0,0.0,0.0,265750.0,9250.0,0.0,0.0,0.0,0.0,0.0,23245500.0,1.0466231427285007,1812750.0,21432750.0,0.965004502476362,0.0553,0.0553,387572335,387572335,,,1620595131,17:18:51,20210509
50,2007-03-31,MLT.AX,AUD,2007-03-31,2007-03-31,Q1,22210000.0,0.0,0.0,0.0,0.0,645000.0,0.0,0.0,0.0,0.0,265750.0,9250.0,0.0,0.0,0.0,0.0,0.0,23245500.0,1.0466231427285007,1812750.0,21432750.0,0.965004502476362,0.0553,0.0553,387572335,387572335,,,1620595131,17:18:51,20210509
51,2007-01-31,MLT.AX,AUD,2007-01-31,2007-01-31,Q1,22210000.0,0.0,0.0,0.0,0.0,645000.0,0.0,0.0,0.0,0.0,265750.0,9250.0,0.0,0.0,0.0,0.0,0.0,23245500.0,1.0466231427285007,1812750.0,21432750.0,0.965004502476362,0.0553,0.0553,387572335,387572335,,,1620595131,17:18:51,20210509
52,2006-09-30,MLT.AX,AUD,2006-09-30,2006-09-30,Q3,16552750.0,0.0,0.0,0.0,0.0,616000.0,0.0,0.0,0.0,0.0,245750.0,12000.0,0.0,0.0,0.0,0.0,0.0,16712000.0,1.0096207578801106,945750.0,15766250.0,0.952485236592107,0.0442,0.0442,356702490,356702490,,,1620595131,17:18:51,20210509
53,2006-06-30,MLT.AX,AUD,2006-06-30,2006-06-30,Q2,16552750.0,0.0,0.0,0.0,0.0,616000.0,0.0,0.0,0.0,0.0,245750.0,12000.0,0.0,0.0,0.0,0.0,0.0,16712000.0,1.0096207578801106,945750.0,15766250.0,0.952485236592107,0.0442,0.0442,356702490,356702490,,,1620595131,17:18:51,20210509
54,2006-03-31,MLT.AX,AUD,2006-03-31,2006-03-31,Q1,16552750.0,0.0,0.0,0.0,0.0,616000.0,0.0,0.0,0.0,0.0,245750.0,12000.0,0.0,0.0,0.0,0.0,0.0,16712000.0,1.0096207578801106,945750.0,15766250.0,0.952485236592107,0.0442,0.0442,356702490,356702490,,,1620595131,17:18:51,20210509
55,2006-01-31,MLT.AX,AUD,2006-01-31,2006-01-31,Q1,16552750.0,0.0,0.0,0.0,0.0,616000.0,0.0,0.0,0.0,0.0,245750.0,12000.0,0.0,0.0,0.0,0.0,0.0,16712000.0,1.0096207578801106,945750.0,15766250.0,0.952485236592107,0.0442,0.0442,356702490,356702490,,,1620595131,17:18:51,20210509
56,2005-09-30,MLT.AX,AUD,2005-09-30,2005-09-30,Q3,13935500.0,0.0,0.0,0.0,0.0,577500.0,0.0,14500.0,0.0,0.0,213000.0,13250.0,0.0,0.0,0.0,0.0,0.0,13661000.0,0.9803021061318216,13661000.0,0.0,0.0,0.0375,0.0375,350213335,350213335,,,1620595131,17:18:51,20210509
57,2005-06-30,MLT.AX,AUD,2005-06-30,2005-06-30,Q2,13935500.0,0.0,0.0,0.0,0.0,577500.0,0.0,14500.0,0.0,0.0,213000.0,13250.0,0.0,0.0,0.0,0.0,0.0,13661000.0,0.9803021061318216,13661000.0,0.0,0.0,0.0375,0.0375,350213335,350213335,,,1620595131,17:18:51,20210509
58,2005-03-31,MLT.AX,AUD,2005-03-31,2005-03-31,Q1,13935500.0,0.0,0.0,0.0,0.0,577500.0,0.0,14500.0,0.0,0.0,213000.0,13250.0,0.0,0.0,0.0,0.0,0.0,13661000.0,0.9803021061318216,13661000.0,0.0,0.0,0.0375,0.0375,350213335,350213335,,,1620595131,17:18:51,20210509
59,2005-01-31,MLT.AX,AUD,2005-01-31,2005-01-31,Q1,13935500.0,0.0,0.0,0.0,0.0,577500.0,0.0,14500.0,0.0,0.0,213000.0,13250.0,0.0,0.0,0.0,0.0,0.0,13661000.0,0.9803021061318216,13661000.0,0.0,0.0,0.0375,0.0375,350213335,350213335,,,1620595131,17:18:51,20210509
60,2004-09-30,MLT.AX,AUD,2004-09-30,2004-09-30,Q3,11619750.0,0.0,0.0,0.0,0.0,610750.0,0.0,228250.0,0.0,0.0,270000.0,11750.0,0.0,0.0,0.0,0.0,0.0,11176000.0,0.9618107102132145,11176000.0,-9500.0,-0.0008175735278297726,0.0319,0.0319,332617550,332617550,,,1620595131,17:18:51,20210509
61,2004-06-30,MLT.AX,AUD,2004-06-30,2004-06-30,Q2,11619750.0,0.0,0.0,0.0,0.0,610750.0,0.0,228250.0,0.0,0.0,270000.0,11750.0,0.0,0.0,0.0,0.0,0.0,11176000.0,0.9618107102132145,11176000.0,-9500.0,-0.0008175735278297726,0.0319,0.0319,332617550,332617550,,,1620595131,17:18:51,20210509
62,2004-03-31,MLT.AX,AUD,2004-03-31,2004-03-31,Q1,11619750.0,0.0,0.0,0.0,0.0,610750.0,0.0,228250.0,0.0,0.0,270000.0,11750.0,0.0,0.0,0.0,0.0,0.0,11176000.0,0.9618107102132145,11176000.0,-9500.0,-0.0008175735278297726,0.0319,0.0319,332617550,332617550,,,1620595131,17:18:51,20210509
63,2004-01-31,MLT.AX,AUD,2004-01-31,2004-01-31,Q1,11619750.0,0.0,0.0,0.0,0.0,610750.0,0.0,228250.0,0.0,0.0,270000.0,11750.0,0.0,0.0,0.0,0.0,0.0,11176000.0,0.9618107102132145,11176000.0,-9500.0,-0.0008175735278297726,0.0319,0.0319,332617550,332617550,,,1620595131,17:18:51,20210509
64,2003-09-30,MLT.AX,AUD,2003-09-30,2003-09-30,Q3,9977000.0,0.0,0.0,0.0,0.0,568000.0,0.0,141750.0,0.0,0.0,402250.0,15000.0,0.0,0.0,0.0,0.0,0.0,9497000.0,0.9518893454946377,9497000.0,-63000.0,-0.006314523403828806,0.0285,0.0285,318673160,318673160,,,1620595131,17:18:51,20210509
65,2003-06-30,MLT.AX,AUD,2003-06-30,2003-06-30,Q2,9977000.0,0.0,0.0,0.0,0.0,568000.0,0.0,141750.0,0.0,0.0,402250.0,15000.0,0.0,0.0,0.0,0.0,0.0,9497000.0,0.9518893454946377,9497000.0,-63000.0,-0.006314523403828806,0.0285,0.0285,318673160,318673160,,,1620595131,17:18:51,20210509
66,2003-03-31,MLT.AX,AUD,2003-03-31,2003-03-31,Q1,9977000.0,0.0,0.0,0.0,0.0,568000.0,0.0,141750.0,0.0,0.0,402250.0,15000.0,0.0,0.0,0.0,0.0,0.0,9497000.0,0.9518893454946377,9497000.0,-63000.0,-0.006314523403828806,0.0285,0.0285,318673160,318673160,,,1620595131,17:18:51,20210509
67,2003-01-31,MLT.AX,AUD,2003-01-31,2003-01-31,Q1,9977000.0,0.0,0.0,0.0,0.0,568000.0,0.0,141750.0,0.0,0.0,402250.0,15000.0,0.0,0.0,0.0,0.0,0.0,9497000.0,0.9518893454946377,9497000.0,-63000.0,-0.006314523403828806,0.0285,0.0285,318673160,318673160,,,1620595131,17:18:51,20210509
68,2002-09-30,MLT.AX,AUD,2002-09-30,2002-09-30,Q3,7736000.0,0.0,0.0,0.0,0.0,458750.0,0.0,82250.0,0.0,0.0,530250.0,34000.0,0.0,0.0,0.0,0.0,0.0,6998250.0,0.9046341778697001,6998250.0,24500.0,0.003167011375387797,0.02455,0.02455,279530180,279530180,,,1620595131,17:18:51,20210509
69,2002-06-30,MLT.AX,AUD,2002-06-30,2002-06-30,Q2,7736000.0,0.0,0.0,0.0,0.0,458750.0,0.0,82250.0,0.0,0.0,530250.0,34000.0,0.0,0.0,0.0,0.0,0.0,6998250.0,0.9046341778697001,6998250.0,24500.0,0.003167011375387797,0.02455,0.02455,279530180,279530180,,,1620595131,17:18:51,20210509
70,2002-03-31,MLT.AX,AUD,2002-03-31,2002-03-31,Q1,7736000.0,0.0,0.0,0.0,0.0,458750.0,0.0,82250.0,0.0,0.0,530250.0,34000.0,0.0,0.0,0.0,0.0,0.0,6998250.0,0.9046341778697001,6998250.0,24500.0,0.003167011375387797,0.02455,0.02455,279530180,279530180,,,1620595131,17:18:51,20210509
71,2002-01-31,MLT.AX,AUD,2002-01-31,2002-01-31,Q1,7736000.0,0.0,0.0,0.0,0.0,458750.0,0.0,82250.0,0.0,0.0,530250.0,34000.0,0.0,0.0,0.0,0.0,0.0,6998250.0,0.9046341778697001,6998250.0,24500.0,0.003167011375387797,0.02455,0.02455,279530180,279530180,,,1620595131,17:18:51,20210509
72,2001-09-30,MLT.AX,AUD,2001-09-30,2001-09-30,Q3,-839500.0,0.0,0.0,0.0,0.0,0.0,0.0,0.0,0.0,0.0,839500.0,0.0,0.0,0.0,0.0,0.0,0.0,7617250.0,-9.07355568790947,7617250.0,22750.0,-0.027099463966646812,0.02835,0.02835,256018310,256018310,,,1620595131,17:18:51,20210509
73,2001-06-30,MLT.AX,AUD,2001-06-30,2001-06-30,Q2,-839500.0,0.0,0.0,0.0,0.0,0.0,0.0,0.0,0.0,0.0,839500.0,0.0,0.0,0.0,0.0,0.0,0.0,7617250.0,-9.07355568790947,7617250.0,22750.0,-0.027099463966646812,0.02835,0.02835,256018310,256018310,,,1620595131,17:18:51,20210509
74,2001-03-31,MLT.AX,AUD,2001-03-31,2001-03-31,Q1,-839500.0,0.0,0.0,0.0,0.0,0.0,0.0,0.0,0.0,0.0,839500.0,0.0,0.0,0.0,0.0,0.0,0.0,7617250.0,-9.07355568790947,7617250.0,22750.0,-0.027099463966646812,0.02835,0.02835,256018310,256018310,,,1620595131,17:18:51,20210509
75,2001-01-31,MLT.AX,AUD,2001-01-31,2001-01-31,Q1,-839500.0,0.0,0.0,0.0,0.0,0.0,0.0,0.0,0.0,0.0,839500.0,0.0,0.0,0.0,0.0,0.0,0.0,7617250.0,-9.07355568790947,7617250.0,22750.0,-0.027099463966646812,0.02835,0.02835,256018310,256018310,,,1620595131,17:18:51,20210509
76,2000-09-30,MLT.AX,AUD,2000-09-30,2000-09-30,Q3,-741250.0,0.0,0.0,0.0,0.0,0.0,0.0,0.0,0.0,0.0,741250.0,0.0,0.0,0.0,0.0,0.0,0.0,6702500.0,-9.042158516020237,6702500.0,-62250.0,0.08397976391231028,0.02475,0.02475,252892665,252892665,,,1620595131,17:18:51,20210509
77,2000-06-30,MLT.AX,AUD,2000-06-30,2000-06-30,Q2,-741250.0,0.0,0.0,0.0,0.0,0.0,0.0,0.0,0.0,0.0,741250.0,0.0,0.0,0.0,0.0,0.0,0.0,6702500.0,-9.042158516020237,6702500.0,-62250.0,0.08397976391231028,0.02475,0.02475,252892665,252892665,,,1620595131,17:18:51,20210509
78,2000-03-31,MLT.AX,AUD,2000-03-31,2000-03-31,Q1,-741250.0,0.0,0.0,0.0,0.0,0.0,0.0,0.0,0.0,0.0,741250.0,0.0,0.0,0.0,0.0,0.0,0.0,6702500.0,-9.042158516020237,6702500.0,-62250.0,0.08397976391231028,0.02475,0.02475,252892665,252892665,,,1620595131,17:18:51,20210509
79,2000-01-31,MLT.AX,AUD,2000-01-31,2000-01-31,Q1,-741250.0,0.0,0.0,0.0,0.0,0.0,0.0,0.0,0.0,0.0,741250.0,0.0,0.0,0.0,0.0,0.0,0.0,6702500.0,-9.042158516020237,6702500.0,-62250.0,0.08397976391231028,0.02475,0.02475,252892665,252892665,,,1620595131,17:18:51,20210509
80,1999-09-30,MLT.AX,AUD,1999-09-30,1999-09-30,Q3,-779500.0,0.0,0.0,0.0,0.0,0.0,0.0,0.0,0.0,0.0,779500.0,0.0,0.0,0.0,0.0,0.0,0.0,6354500.0,-8.152020525978191,6354500.0,-42000.0,0.05388069275176395,0.02705,0.02705,227364635,227364635,,,1620595131,17:18:51,20210509
81,1999-06-30,MLT.AX,AUD,1999-06-30,1999-06-30,Q2,-779500.0,0.0,0.0,0.0,0.0,0.0,0.0,0.0,0.0,0.0,779500.0,0.0,0.0,0.0,0.0,0.0,0.0,6354500.0,-8.152020525978191,6354500.0,-42000.0,0.05388069275176395,0.02705,0.02705,227364635,227364635,,,1620595131,17:18:51,20210509
82,1999-03-31,MLT.AX,AUD,1999-03-31,1999-03-31,Q1,-779500.0,0.0,0.0,0.0,0.0,0.0,0.0,0.0,0.0,0.0,779500.0,0.0,0.0,0.0,0.0,0.0,0.0,6354500.0,-8.152020525978191,6354500.0,-42000.0,0.05388069275176395,0.02705,0.02705,227364635,227364635,,,1620595131,17:18:51,20210509
83,1999-01-31,MLT.AX,AUD,1999-01-31,1999-01-31,Q1,-779500.0,0.0,0.0,0.0,0.0,0.0,0.0,0.0,0.0,0.0,779500.0,0.0,0.0,0.0,0.0,0.0,0.0,6354500.0,-8.152020525978191,6354500.0,-42000.0,0.05388069275176395,0.02705,0.02705,227364635,227364635,,,1620595131,17:18:51,20210509
84,1998-09-30,MLT.AX,AUD,1998-09-30,1998-09-30,Q3,-751000.0,0.0,0.0,0.0,0.0,0.0,0.0,0.0,0.0,0.0,751000.0,0.0,0.0,0.0,0.0,0.0,0.0,7852000.0,-10.455392809587217,7852000.0,-3392500.0,4.517310252996006,-0.02482225,-0.02482225,136671826,136671826,,,1620595131,17:18:51,20210509
85,1998-06-30,MLT.AX,AUD,1998-06-30,1998-06-30,Q2,-751000.0,0.0,0.0,0.0,0.0,0.0,0.0,0.0,0.0,0.0,751000.0,0.0,0.0,0.0,0.0,0.0,0.0,7852000.0,-10.455392809587217,7852000.0,-3392500.0,4.517310252996006,-0.02482225,-0.02482225,136671826,136671826,,,1620595131,17:18:51,20210509
86,1998-03-31,MLT.AX,AUD,1998-03-31,1998-03-31,Q1,-751000.0,0.0,0.0,0.0,0.0,0.0,0.0,0.0,0.0,0.0,751000.0,0.0,0.0,0.0,0.0,0.0,0.0,7852000.0,-10.455392809587217,7852000.0,-3392500.0,4.517310252996006,-0.02482225,-0.02482225,136671826,136671826,,,1620595131,17:18:51,20210509
87,1998-01-31,MLT.AX,AUD,1998-01-31,1998-01-31,Q1,-751000.0,0.0,0.0,0.0,0.0,0.0,0.0,0.0,0.0,0.0,751000.0,0.0,0.0,0.0,0.0,0.0,0.0,7852000.0,-10.455392809587217,7852000.0,-3392500.0,4.517310252996006,-0.02482225,-0.02482225,136671826,136671826,,,1620595131,17:18:51,20210509
88,1997-09-30,MLT.AX,AUD,1997-09-30,1997-09-30,Q3,-670250.0,0.0,0.0,0.0,0.0,0.0,0.0,0.0,0.0,0.0,670250.0,0.0,0.0,0.0,0.0,0.0,0.0,5257000.0,-7.8433420365535245,5257000.0,-2291500.0,3.4188735546437896,0.0242575,0.0242575,136671836,136671836,,,1620595131,17:18:51,20210509
89,1997-06-30,MLT.AX,AUD,1997-06-30,1997-06-30,Q2,-670250.0,0.0,0.0,0.0,0.0,0.0,0.0,0.0,0.0,0.0,670250.0,0.0,0.0,0.0,0.0,0.0,0.0,5257000.0,-7.8433420365535245,5257000.0,-2291500.0,3.4188735546437896,0.0242575,0.0242575,136671836,136671836,,,1620595131,17:18:51,20210509
90,1997-03-31,MLT.AX,AUD,1997-03-31,1997-03-31,Q1,-670250.0,0.0,0.0,0.0,0.0,0.0,0.0,0.0,0.0,0.0,670250.0,0.0,0.0,0.0,0.0,0.0,0.0,5257000.0,-7.8433420365535245,5257000.0,-2291500.0,3.4188735546437896,0.0242575,0.0242575,136671836,136671836,,,1620595131,17:18:51,20210509
91,1997-01-31,MLT.AX,AUD,1997-01-31,1997-01-31,Q1,-670250.0,0.0,0.0,0.0,0.0,0.0,0.0,0.0,0.0,0.0,670250.0,0.0,0.0,0.0,0.0,0.0,0.0,5257000.0,-7.8433420365535245,5257000.0,-2291500.0,3.4188735546437896,0.0242575,0.0242575,136671836,136671836,,,1620595131,17:18:51,20210509
92,1996-09-30,MLT.AX,AUD,1996-09-30,1996-09-30,Q3,-715000.0,0.0,0.0,0.0,0.0,0.0,0.0,0.0,0.0,0.0,715000.0,0.0,0.0,0.0,0.0,0.0,0.0,5447000.0,-7.618181818181818,5447000.0,-2415500.0,3.3783216783216785,0.02453475,0.02453475,111913135,111913135,,,1620595131,17:18:51,20210509
93,1996-06-30,MLT.AX,AUD,1996-06-30,1996-06-30,Q2,-715000.0,0.0,0.0,0.0,0.0,0.0,0.0,0.0,0.0,0.0,715000.0,0.0,0.0,0.0,0.0,0.0,0.0,5447000.0,-7.618181818181818,5447000.0,-2415500.0,3.3783216783216785,0.02453475,0.02453475,111913135,111913135,,,1620595131,17:18:51,20210509
94,1996-03-31,MLT.AX,AUD,1996-03-31,1996-03-31,Q1,-715000.0,0.0,0.0,0.0,0.0,0.0,0.0,0.0,0.0,0.0,715000.0,0.0,0.0,0.0,0.0,0.0,0.0,5447000.0,-7.618181818181818,5447000.0,-2415500.0,3.3783216783216785,0.02453475,0.02453475,111913135,111913135,,,1620595131,17:18:51,20210509
95,1996-01-31,MLT.AX,AUD,1996-01-31,1996-01-31,Q1,-715000.0,0.0,0.0,0.0,0.0,0.0,0.0,0.0,0.0,0.0,715000.0,0.0,0.0,0.0,0.0,0.0,0.0,5447000.0,-7.618181818181818,5447000.0,-2415500.0,3.3783216783216785,0.02453475,0.02453475,111913135,111913135,,,1620595131,17:18:51,20210509
96,1995-09-30,MLT.AX,AUD,1995-09-30,1995-09-30,Q3,-546750.0,0.0,0.0,0.0,0.0,0.0,0.0,0.0,0.0,0.0,546750.0,0.0,0.0,0.0,0.0,0.0,0.0,4960000.0,-9.071787837219937,4960000.0,-2587500.0,4.732510288065844,0.019037,0.019037,112229385,112229385,,,1620595131,17:18:51,20210509
97,1995-06-30,MLT.AX,AUD,1995-06-30,1995-06-30,Q2,-546750.0,0.0,0.0,0.0,0.0,0.0,0.0,0.0,0.0,0.0,546750.0,0.0,0.0,0.0,0.0,0.0,0.0,4960000.0,-9.071787837219937,4960000.0,-2587500.0,4.732510288065844,0.019037,0.019037,112229385,112229385,,,1620595131,17:18:51,20210509
98,1995-03-31,MLT.AX,AUD,1995-03-31,1995-03-31,Q1,-546750.0,0.0,0.0,0.0,0.0,0.0,0.0,0.0,0.0,0.0,546750.0,0.0,0.0,0.0,0.0,0.0,0.0,4960000.0,-9.071787837219937,4960000.0,-2587500.0,4.732510288065844,0.019037,0.019037,112229385,112229385,,,1620595131,17:18:51,20210509
99,1995-01-31,MLT.AX,AUD,1995-01-31,1995-01-31,Q1,-546750.0,0.0,0.0,0.0,0.0,0.0,0.0,0.0,0.0,0.0,546750.0,0.0,0.0,0.0,0.0,0.0,0.0,4960000.0,-9.071787837219937,4960000.0,-2587500.0,4.732510288065844,0.019037,0.019037,112229385,112229385,,,1620595131,17:18:51,20210509
100,1994-09-30,MLT.AX,AUD,1994-09-30,1994-09-30,Q3,-462000.0,0.0,0.0,0.0,0.0,0.0,0.0,0.0,0.0,0.0,462000.0,0.0,0.0,0.0,0.0,0.0,0.0,4182250.0,-9.052489177489177,4182250.0,-1848500.0,4.001082251082251,0.01952225,0.01952225,101704356,101704356,,,1620595131,17:18:51,20210509
101,1994-06-30,MLT.AX,AUD,1994-06-30,1994-06-30,Q2,-462000.0,0.0,0.0,0.0,0.0,0.0,0.0,0.0,0.0,0.0,462000.0,0.0,0.0,0.0,0.0,0.0,0.0,4182250.0,-9.052489177489177,4182250.0,-1848500.0,4.001082251082251,0.01952225,0.01952225,101704356,101704356,,,1620595131,17:18:51,20210509
102,1994-03-31,MLT.AX,AUD,1994-03-31,1994-03-31,Q1,-462000.0,0.0,0.0,0.0,0.0,0.0,0.0,0.0,0.0,0.0,462000.0,0.0,0.0,0.0,0.0,0.0,0.0,4182250.0,-9.052489177489177,4182250.0,-1848500.0,4.001082251082251,0.01952225,0.01952225,101704356,101704356,,,1620595131,17:18:51,20210509
103,1994-01-31,MLT.AX,AUD,1994-01-31,1994-01-31,Q1,-462000.0,0.0,0.0,0.0,0.0,0.0,0.0,0.0,0.0,0.0,462000.0,0.0,0.0,0.0,0.0,0.0,0.0,4182250.0,-9.052489177489177,4182250.0,-1848500.0,4.001082251082251,0.01952225,0.01952225,101704356,101704356,,,1620595131,17:18:51,20210509
104,1993-09-30,MLT.AX,AUD,1993-09-30,1993-09-30,Q3,-482250.0,0.0,0.0,0.0,0.0,0.0,0.0,0.0,0.0,0.0,482250.0,0.0,0.0,0.0,0.0,0.0,0.0,3499000.0,-7.255572835666149,3499000.0,-1468250.0,3.044582685329186,0.0197995,0.0197995,127557435,127557435,,,1620595131,17:18:51,20210509
105,1993-06-30,MLT.AX,AUD,1993-06-30,1993-06-30,Q2,-482250.0,0.0,0.0,0.0,0.0,0.0,0.0,0.0,0.0,0.0,482250.0,0.0,0.0,0.0,0.0,0.0,0.0,3499000.0,-7.255572835666149,3499000.0,-1468250.0,3.044582685329186,0.0197995,0.0197995,127557435,127557435,,,1620595131,17:18:51,20210509
106,1993-03-31,MLT.AX,AUD,1993-03-31,1993-03-31,Q1,-482250.0,0.0,0.0,0.0,0.0,0.0,0.0,0.0,0.0,0.0,482250.0,0.0,0.0,0.0,0.0,0.0,0.0,3499000.0,-7.255572835666149,3499000.0,-1468250.0,3.044582685329186,0.0197995,0.0197995,127557435,127557435,,,1620595131,17:18:51,20210509
107,1993-01-31,MLT.AX,AUD,1993-01-31,1993-01-31,Q1,-482250.0,0.0,0.0,0.0,0.0,0.0,0.0,0.0,0.0,0.0,482250.0,0.0,0.0,0.0,0.0,0.0,0.0,3499000.0,-7.255572835666149,3499000.0,-1468250.0,3.044582685329186,0.0197995,0.0197995,127557435,127557435,,,1620595131,17:18:51,20210509
108,1992-09-30,MLT.AX,AUD,1992-09-30,1992-09-30,Q3,-644000.0,0.0,0.0,0.0,0.0,0.0,0.0,0.0,0.0,0.0,644000.0,0.0,0.0,0.0,0.0,0.0,0.0,4068500.0,-6.317546583850931,4068500.0,-1282750.0,1.9918478260869565,-0.010056254266950414,-0.010056254266950414,127557435,127557435,,,1620595131,17:18:51,20210509
109,1992-06-30,MLT.AX,AUD,1992-06-30,1992-06-30,Q2,-644000.0,0.0,0.0,0.0,0.0,0.0,0.0,0.0,0.0,0.0,644000.0,0.0,0.0,0.0,0.0,0.0,0.0,4068500.0,-6.317546583850931,4068500.0,-1282750.0,1.9918478260869565,-0.010056254266950414,-0.010056254266950414,127557435,127557435,,,1620595131,17:18:51,20210509
110,1992-03-31,MLT.AX,AUD,1992-03-31,1992-03-31,Q1,-644000.0,0.0,0.0,0.0,0.0,0.0,0.0,0.0,0.0,0.0,644000.0,0.0,0.0,0.0,0.0,0.0,0.0,4068500.0,-6.317546583850931,4068500.0,-1282750.0,1.9918478260869565,-0.010056254266950414,-0.010056254266950414,127557435,127557435,,,1620595131,17:18:51,20210509
111,1992-01-31,MLT.AX,AUD,1992-01-31,1992-01-31,Q1,-644000.0,0.0,0.0,0.0,0.0,0.0,0.0,0.0,0.0,0.0,644000.0,0.0,0.0,0.0,0.0,0.0,0.0,4068500.0,-6.317546583850931,4068500.0,-1282750.0,1.9918478260869565,-0.010056254266950414,-0.010056254266950414,127557435,127557435,,,1620595131,17:18:51,20210509
112,1991-09-30,MLT.AX,AUD,1991-09-30,1991-09-30,Q3,-1102500.0,0.0,0.0,0.0,0.0,0.0,0.0,0.0,0.0,0.0,1102500.0,0.0,0.0,0.0,0.0,0.0,0.0,1635750.0,-1.4836734693877551,1635750.0,277000.0,-0.25124716553287985,0.0024273137395544233,0.0024273137395544233,114117922,114117922,,,1620595131,17:18:51,20210509
113,1991-06-30,MLT.AX,AUD,1991-06-30,1991-06-30,Q2,-1102500.0,0.0,0.0,0.0,0.0,0.0,0.0,0.0,0.0,0.0,1102500.0,0.0,0.0,0.0,0.0,0.0,0.0,1635750.0,-1.4836734693877551,1635750.0,277000.0,-0.25124716553287985,0.0024273137395544233,0.0024273137395544233,114117922,114117922,,,1620595131,17:18:51,20210509
114,1991-03-31,MLT.AX,AUD,1991-03-31,1991-03-31,Q1,-1102500.0,0.0,0.0,0.0,0.0,0.0,0.0,0.0,0.0,0.0,1102500.0,0.0,0.0,0.0,0.0,0.0,0.0,1635750.0,-1.4836734693877551,1635750.0,277000.0,-0.25124716553287985,0.0024273137395544233,0.0024273137395544233,114117922,114117922,,,1620595131,17:18:51,20210509
115,1991-01-31,MLT.AX,AUD,1991-01-31,1991-01-31,Q1,-1102500.0,0.0,0.0,0.0,0.0,0.0,0.0,0.0,0.0,0.0,1102500.0,0.0,0.0,0.0,0.0,0.0,0.0,1635750.0,-1.4836734693877551,1635750.0,277000.0,-0.25124716553287985,0.0024273137395544233,0.0024273137395544233,114117922,114117922,,,1620595131,17:18:51,20210509
116,1990-09-30,MLT.AX,AUD,1990-09-30,1990-09-30,Q3,-1470500.0,0.0,0.0,0.0,0.0,0.0,0.0,0.0,0.0,0.0,1470500.0,0.0,0.0,0.0,0.0,0.0,0.0,1585500.0,-1.078204692281537,1585500.0,90500.0,-0.061543692621557296,0.0008188612056496175,0.0008188612056496175,110519340,110519340,,,1620595131,17:18:51,20210509
117,1990-06-30,MLT.AX,AUD,1990-06-30,1990-06-30,Q2,-1470500.0,0.0,0.0,0.0,0.0,0.0,0.0,0.0,0.0,0.0,1470500.0,0.0,0.0,0.0,0.0,0.0,0.0,1585500.0,-1.078204692281537,1585500.0,90500.0,-0.061543692621557296,0.0008188612056496175,0.0008188612056496175,110519340,110519340,,,1620595131,17:18:51,20210509
118,1990-03-31,MLT.AX,AUD,1990-03-31,1990-03-31,Q1,-1470500.0,0.0,0.0,0.0,0.0,0.0,0.0,0.0,0.0,0.0,1470500.0,0.0,0.0,0.0,0.0,0.0,0.0,1585500.0,-1.078204692281537,1585500.0,90500.0,-0.061543692621557296,0.0008188612056496175,0.0008188612056496175,110519340,110519340,,,1620595131,17:18:51,20210509
119,1990-01-31,MLT.AX,AUD,1990-01-31,1990-01-31,Q1,-1470500.0,0.0,0.0,0.0,0.0,0.0,0.0,0.0,0.0,0.0,1470500.0,0.0,0.0,0.0,0.0,0.0,0.0,1585500.0,-1.078204692281537,1585500.0,90500.0,-0.061543692621557296,0.0008188612056496175,0.0008188612056496175,110519340,110519340,,,1620595131,17:18:51,20210509
120,1989-09-30,MLT.AX,AUD,1989-09-30,1989-09-30,Q3,-1211750.0,0.0,0.0,0.0,0.0,0.0,0.0,0.0,0.0,0.0,1211750.0,0.0,0.0,0.0,0.0,0.0,0.0,1418250.0,-1.170414689498659,1418250.0,1305750.0,-1.07757375696307,0.01218923336009317,0.01218923336009317,107123226,107123226,,,1620595131,17:18:51,20210509
121,1989-06-30,MLT.AX,AUD,1989-06-30,1989-06-30,Q2,-1211750.0,0.0,0.0,0.0,0.0,0.0,0.0,0.0,0.0,0.0,1211750.0,0.0,0.0,0.0,0.0,0.0,0.0,1418250.0,-1.170414689498659,1418250.0,1305750.0,-1.07757375696307,0.01218923336009317,0.01218923336009317,107123226,107123226,,,1620595131,17:18:51,20210509
122,1989-03-31,MLT.AX,AUD,1989-03-31,1989-03-31,Q1,-1211750.0,0.0,0.0,0.0,0.0,0.0,0.0,0.0,0.0,0.0,1211750.0,0.0,0.0,0.0,0.0,0.0,0.0,1418250.0,-1.170414689498659,1418250.0,1305750.0,-1.07757375696307,0.01218923336009317,0.01218923336009317,107123226,107123226,,,1620595131,17:18:51,20210509
123,1989-01-31,MLT.AX,AUD,1989-01-31,1989-01-31,Q1,-1211750.0,0.0,0.0,0.0,0.0,0.0,0.0,0.0,0.0,0.0,1211750.0,0.0,0.0,0.0,0.0,0.0,0.0,1418250.0,-1.170414689498659,1418250.0,1305750.0,-1.07757375696307,0.01218923336009317,0.01218923336009317,107123226,107123226,,,1620595131,17:18:51,20210509
