,date,symbol,reportedCurrency,fillingDate,acceptedDate,period,revenue,costOfRevenue,grossProfit,grossProfitRatio,researchAndDevelopmentExpenses,generalAndAdministrativeExpenses,sellingAndMarketingExpenses,otherExpenses,operatingExpenses,costAndExpenses,interestExpense,depreciationAndAmortization,ebitda,ebitdaratio,operatingIncome,operatingIncomeRatio,totalOtherIncomeExpensesNet,incomeBeforeTax,incomeBeforeTaxRatio,incomeTaxExpense,netIncome,netIncomeRatio,eps,epsdiluted,weightedAverageShsOut,weightedAverageShsOutDil,link,finalLink,timestamp,est_time,est_date
0,2020-09-30,RBL.AX,AUD,2020-09-30,2020-09-30,Q3,104064250.0,53630250.0,50434000.0,0.48464290090016504,0.0,20323250.0,10825000.0,-636250.0,17551750.0,0.0,0.0,3431750.0,1734000.0,0.016662782848096247,-1697750.0,-0.01631444035775975,-636250.0,-2248500.0,-0.021606843848872213,-55750.0,-2192750.0,-0.0210711171223547,-0.009215779081474699,-0.009215779081474699,237934306,237934306,,,1620597089,17:51:29,20210509
1,2020-06-30,RBL.AX,AUD,2020-06-30,2020-06-30,Q2,104064250.0,53630250.0,50434000.0,0.48464290090016504,0.0,20323250.0,10825000.0,-636250.0,17551750.0,0.0,0.0,3431750.0,1734000.0,0.016662782848096247,-1697750.0,-0.01631444035775975,-636250.0,-2248500.0,-0.021606843848872213,-55750.0,-2192750.0,-0.0210711171223547,-0.009215779081474699,-0.009215779081474699,237934306,237934306,,,1620597089,17:51:29,20210509
2,2020-03-31,RBL.AX,AUD,2020-03-31,2020-03-31,Q1,104064250.0,53630250.0,50434000.0,0.48464290090016504,0.0,20323250.0,10825000.0,-636250.0,17551750.0,0.0,0.0,3431750.0,1734000.0,0.016662782848096247,-1697750.0,-0.01631444035775975,-636250.0,-2248500.0,-0.021606843848872213,-55750.0,-2192750.0,-0.0210711171223547,-0.009215779081474699,-0.009215779081474699,237934306,237934306,,,1620597089,17:51:29,20210509
3,2020-01-31,RBL.AX,AUD,2020-01-31,2020-01-31,Q1,104064250.0,53630250.0,50434000.0,0.48464290090016504,0.0,20323250.0,10825000.0,-636250.0,17551750.0,0.0,0.0,3431750.0,1734000.0,0.016662782848096247,-1697750.0,-0.01631444035775975,-636250.0,-2248500.0,-0.021606843848872213,-55750.0,-2192750.0,-0.0210711171223547,-0.009215779081474699,-0.009215779081474699,237934306,237934306,,,1620597089,17:51:29,20210509
4,2019-06-30,RBL.AX,AUD,2019-06-30,2019-06-30,Q2,76738500.0,40588500.0,36150000.0,0.47108035731738307,0.0,17176500.0,7144250.0,-45500.0,12887750.0,0.0,0.0,2021500.0,-1058500.0,-0.013793597737771784,-3080000.0,-0.04013630706881161,-45500.0,-3125500.0,-0.04072922978687361,3790500.0,-6916000.0,-0.09012425314542244,-0.03,-0.03,237934306,237934306,,,1620597089,17:51:29,20210509
5,2019-03-31,RBL.AX,AUD,2019-03-31,2019-03-31,Q1,76738500.0,40588500.0,36150000.0,0.47108035731738307,0.0,17176500.0,7144250.0,-45500.0,12887750.0,0.0,0.0,2021500.0,-1058500.0,-0.013793597737771784,-3080000.0,-0.04013630706881161,-45500.0,-3125500.0,-0.04072922978687361,3790500.0,-6916000.0,-0.09012425314542244,-0.03,-0.03,237934306,237934306,,,1620597089,17:51:29,20210509
6,2019-01-31,RBL.AX,AUD,2019-01-31,2019-01-31,Q1,76738500.0,40588500.0,36150000.0,0.47108035731738307,0.0,17176500.0,7144250.0,-45500.0,12887750.0,0.0,0.0,2021500.0,-1058500.0,-0.013793597737771784,-3080000.0,-0.04013630706881161,-45500.0,-3125500.0,-0.04072922978687361,3790500.0,-6916000.0,-0.09012425314542244,-0.03,-0.03,237934306,237934306,,,1620597089,17:51:29,20210509
7,2018-06-30,RBL.AX,AUD,2018-06-30,2018-06-30,Q2,45692250.0,29719750.0,15972500.0,0.3495669396888969,0.0,13165000.0,4583500.0,47000.0,192250.0,0.0,0.0,1949250.0,-1776000.0,-0.03886873594537367,-3725250.0,-0.08152914334487796,47000.0,-3678250.0,-0.08050052251749476,-1163500.0,-2514750.0,-0.05503668565238087,-0.01240675,-0.01240675,210520777,210520777,,,1620597089,17:51:29,20210509
8,2018-03-31,RBL.AX,AUD,2018-03-31,2018-03-31,Q1,45692250.0,29719750.0,15972500.0,0.3495669396888969,0.0,13165000.0,4583500.0,47000.0,192250.0,0.0,0.0,1949250.0,-1776000.0,-0.03886873594537367,-3725250.0,-0.08152914334487796,47000.0,-3678250.0,-0.08050052251749476,-1163500.0,-2514750.0,-0.05503668565238087,-0.01240675,-0.01240675,210520777,210520777,,,1620597089,17:51:29,20210509
9,2018-01-31,RBL.AX,AUD,2018-01-31,2018-01-31,Q1,45692250.0,29719750.0,15972500.0,0.3495669396888969,0.0,13165000.0,4583500.0,47000.0,192250.0,0.0,0.0,1949250.0,-1776000.0,-0.03886873594537367,-3725250.0,-0.08152914334487796,47000.0,-3678250.0,-0.08050052251749476,-1163500.0,-2514750.0,-0.05503668565238087,-0.01240675,-0.01240675,210520777,210520777,,,1620597089,17:51:29,20210509
10,2017-06-30,RBL.AX,AUD,2017-06-30,2017-06-30,Q2,35240250.0,22711000.0,12529250.0,0.35553805662559146,0.0,10917750.0,3496000.0,-43750.0,167250.0,0.0,0.0,1629250.0,-1884500.0,-0.053475784082122,-3513750.0,-0.09970842999127419,-43750.0,-3557500.0,-0.10094990813061769,-1668250.0,-1889250.0,-0.053610573137250726,-0.00920575,-0.00920575,205244286,205244286,,,1620597089,17:51:29,20210509
11,2017-03-31,RBL.AX,AUD,2017-03-31,2017-03-31,Q1,35240250.0,22711000.0,12529250.0,0.35553805662559146,0.0,10917750.0,3496000.0,-43750.0,167250.0,0.0,0.0,1629250.0,-1884500.0,-0.053475784082122,-3513750.0,-0.09970842999127419,-43750.0,-3557500.0,-0.10094990813061769,-1668250.0,-1889250.0,-0.053610573137250726,-0.00920575,-0.00920575,205244286,205244286,,,1620597089,17:51:29,20210509
12,2017-01-31,RBL.AX,AUD,2017-01-31,2017-01-31,Q1,35240250.0,22711000.0,12529250.0,0.35553805662559146,0.0,10917750.0,3496000.0,-43750.0,167250.0,0.0,0.0,1629250.0,-1884500.0,-0.053475784082122,-3513750.0,-0.09970842999127419,-43750.0,-3557500.0,-0.10094990813061769,-1668250.0,-1889250.0,-0.053610573137250726,-0.00920575,-0.00920575,205244286,205244286,,,1620597089,17:51:29,20210509
13,2016-06-30,RBL.AX,AUD,2016-06-30,2016-06-30,Q2,28644500.0,18893750.0,9750750.0,0.34040566251810994,0.0,9494250.0,2816500.0,-119500.0,2000.0,0.0,457250.0,1002250.0,-2562000.0,-0.08944125399291313,-3564250.0,-0.12443051894779103,-119500.0,-4096000.0,-0.14299429209795947,858250.0,-4954250.0,-0.17295641397126849,-0.0322575,-0.0322575,151544322,151544322,,,1620597089,17:51:29,20210509
14,2016-03-31,RBL.AX,AUD,2016-03-31,2016-03-31,Q1,28644500.0,18893750.0,9750750.0,0.34040566251810994,0.0,9494250.0,2816500.0,-119500.0,2000.0,0.0,457250.0,1002250.0,-2562000.0,-0.08944125399291313,-3564250.0,-0.12443051894779103,-119500.0,-4096000.0,-0.14299429209795947,858250.0,-4954250.0,-0.17295641397126849,-0.0322575,-0.0322575,151544322,151544322,,,1620597089,17:51:29,20210509
15,2016-01-31,RBL.AX,AUD,2016-01-31,2016-01-31,Q1,28644500.0,18893750.0,9750750.0,0.34040566251810994,0.0,9494250.0,2816500.0,-119500.0,2000.0,0.0,457250.0,1002250.0,-2562000.0,-0.08944125399291313,-3564250.0,-0.12443051894779103,-119500.0,-4096000.0,-0.14299429209795947,858250.0,-4954250.0,-0.17295641397126849,-0.0322575,-0.0322575,151544322,151544322,,,1620597089,17:51:29,20210509
16,2015-09-30,RBL.AX,AUD,2015-09-30,2015-09-30,Q3,0.0,0.0,0.0,0.0,0.0,0.0,0.0,0.0,0.0,0.0,0.0,0.0,0.0,0.0,0.0,0.0,0.0,0.0,0.0,0.0,0.0,0.0,0.0,0.0,199843047,199843047,,,1620597089,17:51:29,20210509
17,2015-06-30,RBL.AX,AUD,2015-06-30,2015-06-30,Q2,0.0,0.0,0.0,0.0,0.0,0.0,0.0,0.0,0.0,0.0,0.0,0.0,0.0,0.0,0.0,0.0,0.0,0.0,0.0,0.0,0.0,0.0,0.0,0.0,199843047,199843047,,,1620597089,17:51:29,20210509
18,2015-03-31,RBL.AX,AUD,2015-03-31,2015-03-31,Q1,0.0,0.0,0.0,0.0,0.0,0.0,0.0,0.0,0.0,0.0,0.0,0.0,0.0,0.0,0.0,0.0,0.0,0.0,0.0,0.0,0.0,0.0,0.0,0.0,199843047,199843047,,,1620597089,17:51:29,20210509
19,2015-01-31,RBL.AX,AUD,2015-01-31,2015-01-31,Q1,0.0,0.0,0.0,0.0,0.0,0.0,0.0,0.0,0.0,0.0,0.0,0.0,0.0,0.0,0.0,0.0,0.0,0.0,0.0,0.0,0.0,0.0,0.0,0.0,199843047,199843047,,,1620597089,17:51:29,20210509
