,date,symbol,reportedCurrency,fillingDate,acceptedDate,period,revenue,costOfRevenue,grossProfit,grossProfitRatio,researchAndDevelopmentExpenses,generalAndAdministrativeExpenses,sellingAndMarketingExpenses,otherExpenses,operatingExpenses,costAndExpenses,interestExpense,depreciationAndAmortization,ebitda,ebitdaratio,operatingIncome,operatingIncomeRatio,totalOtherIncomeExpensesNet,incomeBeforeTax,incomeBeforeTaxRatio,incomeTaxExpense,netIncome,netIncomeRatio,eps,epsdiluted,weightedAverageShsOut,weightedAverageShsOutDil,link,finalLink,timestamp,est_time,est_date
0,2020-12-31,OBEROIRLTY.NS,INR,2020-12-31,2020-12-31,Q4,8284100000.0,3736400000.0,4547700000.0,0.5489672988013182,0.0,0.0,0.0,91600000,826300000,4562700000,201600000.0,103400000,3824800000,0.46170374572977146,3721400000,0.44922200359725256,0.0,3609900000,0.4357624847599619,743400000.0,2866500000,0.3460243116331285,7.88,7.88,363769036,363769036,,,1620596008,17:33:28,20210509
1,2020-09-30,OBEROIRLTY.NS,INR,2020-09-30,2020-09-30,Q3,3160600000.0,1075400000.0,2085200000.0,0.6597481490856166,0.0,0.0,0.0,92200000,323100000,1398500000,182200000.0,102800000,1864900000,0.5900461937606784,1762100000,0.5575207239131811,0.0,1688100000,0.5341074479529203,310700000.0,1377400000,0.4358033284819338,3.79,3.79,363430079,363430079,https://www.nseindia.com/companies-listing/corporate-filings-annual-reports,https://www.nseindia.com/companies-listing/corporate-filings-annual-reports,1620596008,17:33:28,20210509
2,2020-06-30,OBEROIRLTY.NS,INR,2020-06-30,2020-06-30,Q2,1180200000.0,402700000.0,777500000.0,0.6587866463311303,0.0,0.0,0.0,88400000,303700000,706400000,179200000.0,105600000,579400000,0.4909337400440603,473800000,0.40145738010506693,0.0,397800000,0.33706151499745807,117100000.0,280700000,0.23784104389086597,0.77,0.77,364545455,364545455,https://www.nseindia.com/companies-listing/corporate-filings-annual-reports,https://www.nseindia.com/companies-listing/corporate-filings-annual-reports,1620596008,17:33:28,20210509
3,2020-03-31,OBEROIRLTY.NS,INR,2020-03-31,2020-03-31,Q1,6155029000.0,2109889000.0,4045140000.0,0.6572089262292672,0.0,0.0,0.0,-362478000,452983000,2562872000,201225000.0,101688000,3693845000,0.6001344591552696,3592157000,0.5836133347218998,0.0,3508023000,0.5699441871029365,998421000.0,2509602000,0.40773195382182603,6.905322770490882,6.905322770490882,363430079,363430079,https://www.nseindia.com/companies-listing/corporate-filings-annual-reports,https://www.nseindia.com/companies-listing/corporate-filings-annual-reports,1620596008,17:33:28,20210509
4,2019-12-31,OBEROIRLTY.NS,INR,2019-12-31,2019-12-31,Q4,5274300000.0,2615100000.0,2659200000.0,0.5041806495648712,0.0,0.0,0.0,91000000,472700000,3087800000,199100000.0,112800000,2299300000,0.43594410632690594,2186500000,0.4145573820222589,0.0,2097000000,0.39758830555713554,614600000.0,1482400000,0.28106099387596456,4.08,4.08,363333333,363333333,https://www.nseindia.com/companies-listing/corporate-filings-annual-reports,https://www.nseindia.com/companies-listing/corporate-filings-annual-reports,1620596008,17:33:28,20210509
5,2019-09-30,OBEROIRLTY.NS,INR,2019-09-30,2019-09-30,Q3,4914500000.0,2424900000.0,2489600000.0,0.506582561806898,0.0,0.0,0.0,136400000,474200000,2899100000,245500000.0,113100000,2128500000,0.4331061145589582,2015400000,0.4100925831722454,0.0,1920800000,0.39084342252518056,540100000.0,1380700000,0.2809441448774036,3.8,3.8,363342105,363342105,https://www.nseindia.com/companies-listing/corporate-filings-annual-reports,https://www.nseindia.com/companies-listing/corporate-filings-annual-reports,1620596008,17:33:28,20210509
6,2019-06-30,OBEROIRLTY.NS,INR,2019-06-30,2019-06-30,Q2,6032500000.0,3206800000.0,2825700000.0,0.46841276419394945,0.0,0.0,0.0,148500000,584500000,3791300000,238900000.0,110900000,2352100000,0.38990468296726066,2241200000,0.3715209283050145,0.0,2163200000,0.3585909656029838,642500000.0,1520700000,0.25208454206382097,4.18,4.18,363803828,363803828,https://www.nseindia.com/companies-listing/corporate-filings-annual-reports,https://www.nseindia.com/companies-listing/corporate-filings-annual-reports,1620596008,17:33:28,20210509
7,2019-03-31,OBEROIRLTY.NS,INR,2019-03-31,2019-03-31,Q1,5735093000.0,3167974000.0,2567119000.0,0.4476159322961284,0.0,0.0,0.0,-548291000,575223000,3743197000,37619000.0,98640000,2090536000,0.36451649519894447,1991896000,0.34731712284351796,0.0,2201243000,0.38381993108045503,643608000.0,1557635000,0.2715971650328948,4.2859275827854635,4.2859275827854635,363430079,363430079,https://www.nseindia.com/companies-listing/corporate-filings-annual-reports,https://www.nseindia.com/companies-listing/corporate-filings-annual-reports,1620596008,17:33:28,20210509
8,2018-12-31,OBEROIRLTY.NS,INR,2018-12-31,2018-12-31,Q4,5286200000.0,2975000000.0,2311200000.0,0.437213877643676,0.0,0.0,0.0,201700000,544400000,3519400000,48500000.0,114100000,1880900000,0.35581324959328064,1766800000,0.33422874654761453,0.0,1952400000,0.3693390337104158,573100000.0,1379300000,0.26092467178691686,3.79,3.79,363931398,363931398,https://www.nseindia.com/companies-listing/corporate-filings-annual-reports,https://www.nseindia.com/companies-listing/corporate-filings-annual-reports,1620596008,17:33:28,20210509
9,2018-09-30,OBEROIRLTY.NS,INR,2018-09-30,2018-09-30,Q3,5921100000.0,2574200000.0,3346900000.0,0.5652497002246204,0.0,0.0,0.0,276700000,498300000,3072500000,58300000.0,109800000,2958400000,0.49963689179375453,2848600000,0.4810930401445677,0.0,3078700000,0.5199540625897215,940400000.0,2138300000,0.3611322220533347,5.88,5.88,363656463,363656463,https://www.nseindia.com/companies-listing/corporate-filings-annual-reports,https://www.nseindia.com/companies-listing/corporate-filings-annual-reports,1620596008,17:33:28,20210509
10,2018-06-30,OBEROIRLTY.NS,INR,2018-06-30,2018-06-30,Q2,8882600000.0,3754600000.0,5128000000.0,0.5773084457253507,0.0,0.0,0.0,71200000,617000000,4371600000,49200000.0,106100000,4617100000,0.5197915024880103,4511000000,0.5078468016121406,0.0,4543900000,0.5115506721005111,1449700000.0,3094200000,0.348343953346993,9.04,9.04,342278761,342278761,https://www.nseindia.com/companies-listing/corporate-filings-annual-reports,https://www.nseindia.com/companies-listing/corporate-filings-annual-reports,1620596008,17:33:28,20210509
11,2018-03-31,OBEROIRLTY.NS,INR,2018-03-31,2018-03-31,Q1,3449700000.0,1319500000.0,2130200000.0,0.6175029712728644,0.0,0.0,0.0,78700000,414200000,1733700000,18800000.0,117500000,1833500000,0.5314954923616546,1716000000,0.4974345595269154,0.0,1786600000,0.5179001072557033,357400000.0,1429200000,0.41429689538220715,4.21,4.21,339477435,339477435,https://www.nseindia.com/companies-listing/corporate-filings-annual-reports,https://www.nseindia.com/companies-listing/corporate-filings-annual-reports,1620596008,17:33:28,20210509
12,2017-12-31,OBEROIRLTY.NS,INR,2017-12-31,2017-12-31,Q4,3562000000.0,1371100000.0,2190900000.0,0.6150758001122965,0.0,0.0,0.0,41600000,386700000,1757800000,18000000.0,122000000,1926200000,0.5407636159460977,1804200000,0.5065131948343627,0.0,1837300000,0.5158057271195957,635400000.0,1201900000,0.3374227961819203,3.54,3.54,339519774,339519774,https://www.nseindia.com/companies-listing/corporate-filings-annual-reports,https://www.nseindia.com/companies-listing/corporate-filings-annual-reports,1620596008,17:33:28,20210509
13,2017-09-30,OBEROIRLTY.NS,INR,2017-09-30,2017-09-30,Q3,3035200000.0,1106900000.0,1928300000.0,0.6353123352662098,0.0,0.0,0.0,49700000,418200000,1525100000,16200000.0,127500000,1637600000,0.5395361096468108,1510100000,0.4975289931470743,0.0,1552300000,0.5114325250395361,509100000.0,1043200000,0.3437005798629415,3.07,3.07,339804560,339804560,https://www.nseindia.com/companies-listing/corporate-filings-annual-reports,https://www.nseindia.com/companies-listing/corporate-filings-annual-reports,1620596008,17:33:28,20210509
14,2017-06-30,OBEROIRLTY.NS,INR,2017-06-30,2017-06-30,Q2,2607100000.0,977400000.0,1629700000.0,0.6251006865866289,0.0,0.0,0.0,95800000,398100000,1375500000,15600000.0,123700000,1355300000,0.5198496413639676,1231600000,0.4724022860649764,0.0,1311800000,0.503164435579763,405400000.0,913700000,0.3504660350581105,2.69,2.69,339665428,339665428,https://www.nseindia.com/companies-listing/corporate-filings-annual-reports,https://www.nseindia.com/companies-listing/corporate-filings-annual-reports,1620596008,17:33:28,20210509
15,2017-03-31,OBEROIRLTY.NS,INR,2017-03-31,2017-03-31,Q1,2895300000.0,1098300000.0,1797000000.0,0.6206610713915657,0.0,0.0,0.0,124700000,404900000,1503200000,14400000.0,122600000,1514700000,0.5231582219459123,1392100000,0.48081373260111215,0.0,1502400000,0.5189099575173557,492400000.0,1018200000,0.35167340172002903,3.0,3.0,339400000,339400000,https://www.nseindia.com/companies-listing/corporate-filings-annual-reports,https://www.nseindia.com/companies-listing/corporate-filings-annual-reports,1620596008,17:33:28,20210509
16,2016-12-31,OBEROIRLTY.NS,INR,2016-12-31,2016-12-31,Q4,2499200000.0,996900000.0,1502300000.0,0.6011123559539052,0.0,0.0,0.0,126800000,365000000,1361900000,14900000.0,124800000,1262100000,0.5050016005121639,1137300000,0.4550656209987196,0.0,1249200000,0.49983994878361077,407100000.0,849200000,0.3397887323943662,2.5,2.5,339680000,339680000,https://www.nseindia.com/companies-listing/corporate-filings-annual-reports,https://www.nseindia.com/companies-listing/corporate-filings-annual-reports,1620596008,17:33:28,20210509
17,2016-09-30,OBEROIRLTY.NS,INR,2016-09-30,2016-09-30,Q3,2508500000.0,1034000000.0,1474500000.0,0.5878014749850509,0.0,0.0,0.0,126500000,340800000,1374800000,12600000.0,124400000,1258100000,0.5015347817420769,1133700000,0.4519433924656169,0.0,1247600000,0.49734901335459436,416500000.0,837200000,0.33374526609527605,2.467405,2.467405,339417110,339417110,https://www.nseindia.com/companies-listing/corporate-filings-annual-reports,https://www.nseindia.com/companies-listing/corporate-filings-annual-reports,1620596008,17:33:28,20210509
18,2016-06-30,OBEROIRLTY.NS,INR,2016-06-30,2016-06-30,Q2,3168400000.0,1241600000.0,1926800000.0,0.6081302865799773,0.0,0.0,0.0,102500000,384200000,1625800000,13800000.0,123200000,1665800000,0.5257543239489963,1542600000,0.48687034465345286,0.0,1631300000,0.5148655472793839,552500000.0,1088800000,0.34364347935866685,3.18,3.18,342389937,342389937,https://www.nseindia.com/companies-listing/corporate-filings-annual-reports,https://www.nseindia.com/companies-listing/corporate-filings-annual-reports,1620596008,17:33:28,20210509
19,2016-03-31,OBEROIRLTY.NS,INR,2016-03-31,2016-03-31,Q1,2300800000.0,959300000.0,1341500000.0,0.5830580667593881,0.0,0.0,0.0,120400000,395500000,1354800000,18100000.0,122100000,1068100000,0.4642298331015299,946000000,0.41116133518776077,0.0,1048300000,0.4556241307371349,375600000.0,677500000,0.29446279554937416,2.0,2.0,338750000,338750000,https://www.nseindia.com/companies-listing/corporate-filings-annual-reports,https://www.nseindia.com/companies-listing/corporate-filings-annual-reports,1620596008,17:33:28,20210509
20,2015-12-31,OBEROIRLTY.NS,INR,2015-12-31,2015-12-31,Q4,7788800000.0,4160000000.0,3628800000.0,0.4658997534921939,0.0,0.0,0.0,84200000,474200000,4634200000,200000.0,123500000,3278100000,0.42087356203779785,3154600000,0.4050174609695974,0.0,3238600000,0.4158021774856204,1145100000.0,2093500000,0.26878338126540674,6.17,6.17,339303079,339303079,https://www.nseindia.com/companies-listing/corporate-filings-annual-reports,https://www.nseindia.com/companies-listing/corporate-filings-annual-reports,1620596008,17:33:28,20210509
21,2015-09-30,OBEROIRLTY.NS,INR,2015-09-30,2015-09-30,Q3,1876100000.0,579400000.0,1296700000.0,0.6911678481957252,0.0,0.0,0.0,116300000,328700000,908100000,500000.0,122400000,1090400000,0.581205692660306,968000000,0.5159639678055541,0.0,1083800000,0.5776877565161772,359400000.0,724400000,0.3861201428495283,2.135136,2.135136,339275803,339275803,https://www.nseindia.com/companies-listing/corporate-filings-annual-reports,https://www.nseindia.com/companies-listing/corporate-filings-annual-reports,1620596008,17:33:28,20210509
22,2015-06-30,OBEROIRLTY.NS,INR,2015-06-30,2015-06-30,Q2,2083300000.0,597700000.0,1485600000.0,0.7130994095905534,0.0,0.0,0.0,55300000,333600000,931300000,200000.0,122000000,1274000000,0.6115297844765516,1152000000,0.5529688475015601,0.0,1207100000,0.5794172706763309,411400000.0,795700000,0.3819421110737772,2.42,2.42,328801653,328801653,https://www.nseindia.com/companies-listing/corporate-filings-annual-reports,https://www.nseindia.com/companies-listing/corporate-filings-annual-reports,1620596008,17:33:28,20210509
23,2015-03-31,OBEROIRLTY.NS,INR,2015-03-31,2015-03-31,Q1,3503275000.0,1389598000.0,2113677000.0,0.6033431574740779,0.0,0.0,0.0,-128231000,434493000,1824091000,-22737000.0,97322000,1776506000,0.5070986434122357,1679184000,0.47931835211337964,0.0,1725034000,0.49240610571536636,694836000.0,1030198000,0.2940671229064233,2.8346525494935713,2.8346525494935713,363430079,363430079,https://www.nseindia.com/companies-listing/corporate-filings-annual-reports,https://www.nseindia.com/companies-listing/corporate-filings-annual-reports,1620596008,17:33:28,20210509
24,2014-12-31,OBEROIRLTY.NS,INR,2014-12-31,2014-12-31,Q4,2157300000.0,639700000.0,1517600000.0,0.7034719325082279,0.0,0.0,0.0,25400000,350600000,990300000,500000.0,98500000,1265500000,0.5866128957493163,1167000000,0.5409539702405785,0.0,1191900000,0.5524961757752747,399600000.0,792300000,0.3672646363509943,2.41,2.41,328755187,328755187,https://www.nseindia.com/companies-listing/corporate-filings-annual-reports,https://www.nseindia.com/companies-listing/corporate-filings-annual-reports,1620596008,17:33:28,20210509
25,2014-09-30,OBEROIRLTY.NS,INR,2014-09-30,2014-09-30,Q3,1838600000.0,513100000.0,1325500000.0,0.7209289676928098,0.0,0.0,0.0,38500000,306300000,819400000,16400000.0,98800000,1118000000,0.6080713586424453,1019200000,0.5543348199717176,0.0,1041300000,0.5663548352006962,335900000.0,705400000,0.3836614815620581,2.15,2.15,328093023,328093023,https://www.nseindia.com/companies-listing/corporate-filings-annual-reports,https://www.nseindia.com/companies-listing/corporate-filings-annual-reports,1620596008,17:33:28,20210509
26,2014-06-30,OBEROIRLTY.NS,INR,2014-06-30,2014-06-30,Q2,1727500000.0,605700000.0,1121800000.0,0.6493777134587554,0.0,0.0,0.0,64700000,252200000,857900000,300000.0,99500000,969100000,0.5609840810419682,869600000,0.5033863965267728,0.0,934000000,0.5406657018813315,290700000.0,643300000,0.3723878437047757,1.96,1.96,328214286,328214286,https://www.nseindia.com/companies-listing/corporate-filings-annual-reports,https://www.nseindia.com/companies-listing/corporate-filings-annual-reports,1620596008,17:33:28,20210509
27,2014-03-31,OBEROIRLTY.NS,INR,2014-03-31,2014-03-31,Q1,2336245000.0,757478000.0,1578767000.0,0.6757711626991176,0.0,0.0,0.0,-491273000,390416000,1147894000,-2198000.0,57684000,1246035000,0.5333494560716021,1188351000,0.5086585525062653,0.0,1265871000,0.5418400039379432,495548000.0,770323000,0.3297269764087243,2.1195906572169,2.1195906572169,363430079,363430079,https://www.nseindia.com/companies-listing/corporate-filings-annual-reports,https://www.nseindia.com/companies-listing/corporate-filings-annual-reports,1620596008,17:33:28,20210509
28,2013-12-31,OBEROIRLTY.NS,INR,2013-12-31,2013-12-31,Q4,1690000000.0,605500000.0,1084500000.0,0.6417159763313609,0.0,0.0,0.0,154200000,254400000,859900000,1100000.0,67800000,897900000,0.531301775147929,830100000,0.49118343195266273,0.0,983200000,0.5817751479289941,302600000.0,680600000,0.40272189349112425,2.07,2.07,328792271,328792271,https://www.nseindia.com/companies-listing/corporate-filings-annual-reports,https://www.nseindia.com/companies-listing/corporate-filings-annual-reports,1620596008,17:33:28,20210509
29,2013-09-30,OBEROIRLTY.NS,INR,2013-09-30,2013-09-30,Q3,1855000000.0,844600000.0,1010400000.0,0.5446900269541779,0.0,0.0,0.0,127100000,217600000,1062200000,900000.0,67800000,860600000,0.46393530997304583,792800000,0.4273854447439353,0.0,919000000,0.4954177897574124,277600000.0,641400000,0.34576819407008086,1.95,1.95,328923077,328923077,https://www.nseindia.com/companies-listing/corporate-filings-annual-reports,https://www.nseindia.com/companies-listing/corporate-filings-annual-reports,1620596008,17:33:28,20210509
30,2013-06-30,OBEROIRLTY.NS,INR,2013-06-30,2013-06-30,Q2,2103300000.0,688900000.0,1414400000.0,0.6724670755479485,0.0,0.0,0.0,210100000,148300000,837200000,600000.0,68800000,1334900000,0.6346693291494319,1266100000,0.6019588266058099,0.0,1475600000,0.7015642086245424,457400000.0,1018200000,0.48409641991156754,3.1,3.1,328451613,328451613,https://www.nseindia.com/companies-listing/corporate-filings-annual-reports,https://www.nseindia.com/companies-listing/corporate-filings-annual-reports,1620596008,17:33:28,20210509
31,2013-03-31,OBEROIRLTY.NS,INR,2013-03-31,2013-03-31,Q1,3085865000.0,1121784000.0,1964081000.0,0.6364766443120486,0.0,0.0,0.0,-768751000,247971000,1369755000,-2763000.0,53526000,1769636000,0.5734651386240163,1716110000,0.5561195969363534,0.0,1927018000,0.6244660735320566,475358000.0,1451660000,0.47042239372104744,3.994330915025886,3.994330915025886,363430079,363430079,https://www.nseindia.com/companies-listing/corporate-filings-annual-reports,https://www.nseindia.com/companies-listing/corporate-filings-annual-reports,1620596008,17:33:28,20210509
32,2012-12-31,OBEROIRLTY.NS,INR,2012-12-31,2012-12-31,Q4,2847900000.0,986900000.0,1861000000.0,0.6534639558973279,0.0,0.0,0.0,219100000,225600000,1212500000,600000.0,71400000,1706800000,0.5993187963060501,1635400000,0.5742476912812949,0.0,1853900000,0.650970890831841,509300000.0,1344600000,0.4721373643737491,4.1,4.1,327951220,327951220,https://www.nseindia.com/companies-listing/corporate-filings-annual-reports,https://www.nseindia.com/companies-listing/corporate-filings-annual-reports,1620596008,17:33:28,20210509
33,2012-09-30,OBEROIRLTY.NS,INR,2012-09-30,2012-09-30,Q3,0.0,-909900000.0,0.0,0.0,0.0,0.0,0.0,250400000,-169300000,-1079200000,0.0,-71400000,1007800000,0.0,1079200000,0.0,0.0,1329600000,0.0,0.0,1329600000,0.0,4.050778,4.050778,328233262,328233262,https://www.nseindia.com/companies-listing/corporate-filings-annual-reports,https://www.nseindia.com/companies-listing/corporate-filings-annual-reports,1620596008,17:33:28,20210509
34,2012-06-30,OBEROIRLTY.NS,INR,2012-06-30,2012-06-30,Q2,0.0,-696900000.0,0.0,0.0,0.0,0.0,0.0,309000000,-166300000,-863200000,0.0,-70400000,792800000,0.0,863200000,0.0,0.0,1172200000,0.0,0.0,1172200000,0.0,3.571241,3.571241,328233262,328233262,https://www.nseindia.com/companies-listing/corporate-filings-annual-reports,https://www.nseindia.com/companies-listing/corporate-filings-annual-reports,1620596008,17:33:28,20210509
35,2012-03-31,OBEROIRLTY.NS,INR,2012-03-31,2012-03-31,Q1,2592967000.0,0.0,0.0,0.0,0.0,0.0,0.0,-1195120000,1679688000,-480412000,1153000.0,70404000,3143783000,1.2124269225177182,3073379000,1.1852750150696094,0.0,1879453000,0.7248271960267909,443527000.0,1435926000,0.5537771980900644,3.9510378556200902,3.9510378556200902,363430079,363430079,https://www.nseindia.com/companies-listing/corporate-filings-annual-reports,https://www.nseindia.com/companies-listing/corporate-filings-annual-reports,1620596008,17:33:28,20210509
36,2011-12-31,OBEROIRLTY.NS,INR,2011-12-31,2011-12-31,Q4,1857200000.0,602000000.0,1255200000.0,0.6758561275037691,0.0,0.0,0.0,300700000,180400000,782400000,700000.0,67700000,1142500000,0.6151733792806375,1074800000,0.5787206547490846,0.0,1374800000,0.7402541460262761,354100000.0,1020700000,0.5495907818220978,3.11,3.11,328199357,328199357,https://www.nseindia.com/companies-listing/corporate-filings-annual-reports,https://www.nseindia.com/companies-listing/corporate-filings-annual-reports,1620596008,17:33:28,20210509
37,2011-09-30,OBEROIRLTY.NS,INR,2011-09-30,2011-09-30,Q3,0.0,-960700000.0,0.0,0.0,0.0,0.0,0.0,348400000,-150800000,-1111500000,0.0,-66100000,1045400000,0.0,1111500000,0.0,0.0,1459900000,0.0,0.0,1459900000,0.0,4.447752,4.447752,327764706,327764706,https://www.nseindia.com/companies-listing/corporate-filings-annual-reports,https://www.nseindia.com/companies-listing/corporate-filings-annual-reports,1620596008,17:33:28,20210509
38,2011-06-30,OBEROIRLTY.NS,INR,2011-06-30,2011-06-30,Q2,0.0,-597300000.0,0.0,0.0,0.0,0.0,0.0,544800000,-149000000,-746300000,0.0,-65200000,681100000,0.0,746300000,0.0,0.0,1291100000,0.0,0.0,1291100000,0.0,3.933483,3.933483,328233262,328233262,https://www.nseindia.com/companies-listing/corporate-filings-annual-reports,https://www.nseindia.com/companies-listing/corporate-filings-annual-reports,1620596008,17:33:28,20210509
