,date,symbol,reportedCurrency,fillingDate,acceptedDate,period,revenue,costOfRevenue,grossProfit,grossProfitRatio,researchAndDevelopmentExpenses,generalAndAdministrativeExpenses,sellingAndMarketingExpenses,otherExpenses,operatingExpenses,costAndExpenses,interestExpense,depreciationAndAmortization,ebitda,ebitdaratio,operatingIncome,operatingIncomeRatio,totalOtherIncomeExpensesNet,incomeBeforeTax,incomeBeforeTaxRatio,incomeTaxExpense,netIncome,netIncomeRatio,eps,epsdiluted,weightedAverageShsOut,weightedAverageShsOutDil,link,finalLink,timestamp,est_time,est_date
0,2021-03-31,AXJ.DE,USD,2021-03-31,2021-03-31,Q1,1153000000,0.0,0.0,0.0,0.0,580000000,0.0,0.0,0.0,2961000000,74000000,0.0,0.0,0.0,0.0,-1.5680832610581092,167000000,-1808000000,-1.5680832610581092,-408000000,-1488000000,-1.290546400693842,-3.46,-3.46,434200000,434200000,https://www.bundesanzeiger.de/pub/de/suche;wwwsid=627BFD7A56A5CB624C47FDDEAB2FC509.web07-pub?0,https://www.bundesanzeiger.de/pub/de/suche;wwwsid=627BFD7A56A5CB624C47FDDEAB2FC509.web07-pub?0,1620589026,15:37:06,20210509
1,2020-12-31,AXJ.DE,USD,2020-12-31,2020-12-31,Q4,516000000,0.0,0.0,0.0,0.0,598000000,0.0,0.0,0.0,2537000000,48000000,89000000.0,0.0,0.0,0.0,-3.9166666666666665,142000000,-2021000000,-3.9166666666666665,-885000000,-1238000000,-2.39922480620155,-2.84,-2.84,442800000,442800000,https://www.bundesanzeiger.de/pub/de/suche;wwwsid=627BFD7A56A5CB624C47FDDEAB2FC509.web07-pub?0,https://www.bundesanzeiger.de/pub/de/suche;wwwsid=627BFD7A56A5CB624C47FDDEAB2FC509.web07-pub?0,1620589026,15:37:06,20210509
2,2020-09-30,AXJ.DE,USD,2020-09-30,2020-09-30,Q3,1840000000,0.0,0.0,0.0,0.0,503000000,0.0,0.0,436000000.0,2763000000,52000000,162000000.0,0.0,0.0,0.0,-0.5016304347826087,155000000,-923000000,-0.5016304347826087,-218000000,-779000000,-0.42336956521739133,-1.77,-1.77,447500000,447500000,https://www.bundesanzeiger.de/pub/de/suche;wwwsid=627BFD7A56A5CB624C47FDDEAB2FC509.web07-pub?0,https://www.bundesanzeiger.de/pub/de/suche;wwwsid=627BFD7A56A5CB624C47FDDEAB2FC509.web07-pub?0,1620589026,15:37:06,20210509
3,2020-06-30,AXJ.DE,USD,2020-06-30,2020-06-30,Q2,-2530000000,0.0,0.0,0.0,0.0,469000000,0.0,0.0,434000000.0,2489000000,48000000,231000000.0,0.0,0.0,0.0,1.9837944664031621,124000000,-5019000000,1.9837944664031621,-1077000000,-4028000000,1.592094861660079,-8.96,-8.96,450400000,450400000,https://www.bundesanzeiger.de/pub/de/suche;wwwsid=627BFD7A56A5CB624C47FDDEAB2FC509.web07-pub?0,https://www.bundesanzeiger.de/pub/de/suche;wwwsid=627BFD7A56A5CB624C47FDDEAB2FC509.web07-pub?0,1620589026,15:37:06,20210509
4,2020-03-31,AXJ.DE,USD,2020-03-31,2020-03-31,Q1,12593000000,0.0,0.0,0.0,0.0,526000000,0.0,0.0,437000000.0,5706000000,52000000,1275000000.0,0.0,0.0,0.0,0.5468911299928532,156000000,6887000000,0.5468911299928532,1440000000,5410000000,0.4296037481140316,11.71,11.65,461000000,463500000,https://www.bundesanzeiger.de/pub/de/suche;wwwsid=627BFD7A56A5CB624C47FDDEAB2FC509.web07-pub?0,https://www.bundesanzeiger.de/pub/de/suche;wwwsid=627BFD7A56A5CB624C47FDDEAB2FC509.web07-pub?0,1620589026,15:37:06,20210509
5,2019-12-31,AXJ.DE,USD,2019-12-31,2019-12-31,Q4,1689000000,0.0,0.0,0.0,0.0,558000000,0.0,0.0,577000000.0,2801000000,54000000,122000000.0,0.0,0.0,0.0,-0.6583777383066903,146000000,-1112000000,-0.6583777383066903,-271000000,-937000000,-0.5547661338069864,-1.97,-1.97,474900000,474900000,https://www.bundesanzeiger.de/pub/de/suche;wwwsid=627BFD7A56A5CB624C47FDDEAB2FC509.web07-pub?0,https://www.bundesanzeiger.de/pub/de/suche;wwwsid=627BFD7A56A5CB624C47FDDEAB2FC509.web07-pub?0,1620589026,15:37:06,20210509
6,2019-09-30,AXJ.DE,USD,2019-09-30,2019-09-30,Q3,3028000000,0.0,0.0,0.0,0.0,502000000,0.0,0.0,449000000.0,3468000000,54000000,102000000.0,0.0,0.0,0.0,-0.1453104359313078,142000000,-440000000,-0.1453104359313078,-124000000,-384000000,-0.12681638044914134,-0.78,-0.78,490400000,490400000,https://www.bundesanzeiger.de/pub/de/suche;wwwsid=627BFD7A56A5CB624C47FDDEAB2FC509.web07-pub?0,https://www.bundesanzeiger.de/pub/de/suche;wwwsid=627BFD7A56A5CB624C47FDDEAB2FC509.web07-pub?0,1620589026,15:37:06,20210509
7,2019-06-30,AXJ.DE,USD,2019-06-30,2019-06-30,Q2,3160000000,0.0,0.0,0.0,0.0,512000000,0.0,0.0,456000000.0,2719000000,57000000,194000000.0,0.0,0.0,0.0,0.13955696202531645,139000000,441000000,0.13955696202531645,11000000,363000000,0.11487341772151899,0.739156994502138,0.7379548688757878,491100000,491900000,https://www.bundesanzeiger.de/pub/de/suche;wwwsid=627BFD7A56A5CB624C47FDDEAB2FC509.web07-pub?0,https://www.bundesanzeiger.de/pub/de/suche;wwwsid=627BFD7A56A5CB624C47FDDEAB2FC509.web07-pub?0,1620589026,15:37:06,20210509
8,2019-03-31,AXJ.DE,USD,2019-03-31,2019-03-31,Q1,1714000000,0.0,0.0,0.0,0.0,509000000,0.0,0.0,410000000.0,2638000000,56000000,239000000.0,0.0,0.0,0.0,-0.5390898483080513,127000000,-924000000,-0.5390898483080513,-215000000,-775000000,-0.45215869311551926,-1.5,-1.5,518000000,518000000,https://www.bundesanzeiger.de/pub/de/suche;wwwsid=627BFD7A56A5CB624C47FDDEAB2FC509.web07-pub?0,https://www.bundesanzeiger.de/pub/de/suche;wwwsid=627BFD7A56A5CB624C47FDDEAB2FC509.web07-pub?0,1620589026,15:37:06,20210509
9,2018-12-31,AXJ.DE,USD,2018-12-31,2018-12-31,Q4,5155000000,0.0,0.0,0.0,0.0,353000000,0.0,0.0,460000000.0,2826000000,60000000,314000000.0,0.0,0.0,0.0,0.45179437439379244,140000000,2329000000,0.45179437439379244,330000000,1938000000,0.37594568380213383,3.5670900055218113,3.564465697995218,543300000,543700000,https://www.bundesanzeiger.de/pub/de/suche;wwwsid=627BFD7A56A5CB624C47FDDEAB2FC509.web07-pub?0,https://www.bundesanzeiger.de/pub/de/suche;wwwsid=627BFD7A56A5CB624C47FDDEAB2FC509.web07-pub?0,1620589026,15:37:06,20210509
10,2018-09-30,AXJ.DE,USD,2018-09-30,2018-09-30,Q3,1083000000,0.0,0.0,0.0,0.0,548000000,0.0,0.0,430000000.0,1701000000,65000000,-25000000.0,0.0,0.0,0.0,-0.5706371191135734,135000000,-618000000,-0.5706371191135734,-175000000,-496000000,-0.4579870729455217,-0.89,-0.89,560300000,560300000,https://www.bundesanzeiger.de/pub/de/suche;wwwsid=627BFD7A56A5CB624C47FDDEAB2FC509.web07-pub?0,https://www.bundesanzeiger.de/pub/de/suche;wwwsid=627BFD7A56A5CB624C47FDDEAB2FC509.web07-pub?0,1620589026,15:37:06,20210509
11,2018-06-30,AXJ.DE,USD,2018-06-30,2018-06-30,Q2,2962000000,0.0,0.0,0.0,0.0,558000000,0.0,0.0,425000000.0,2648000000,60000000,-12000000.0,0.0,0.0,0.0,0.10600945307224847,124000000,314000000,0.10600945307224847,59000000,158000000,0.053342336259284265,0.2816399286987522,0.28158973445018715,561000000,561100000,https://www.bundesanzeiger.de/pub/de/suche;wwwsid=627BFD7A56A5CB624C47FDDEAB2FC509.web07-pub?0,https://www.bundesanzeiger.de/pub/de/suche;wwwsid=627BFD7A56A5CB624C47FDDEAB2FC509.web07-pub?0,1620589026,15:37:06,20210509
12,2018-03-31,AXJ.DE,USD,2018-03-31,2018-03-31,Q1,2835000000,0.0,0.0,0.0,0.0,620000000,0.0,0.0,494000000.0,2465000000,46000000,-20000000.0,0.0,0.0,0.0,0.13051146384479717,117000000,370000000,0.13051146384479717,79000000,168000000,0.05925925925925926,0.299465,0.299465,561000000,561000000,https://www.bundesanzeiger.de/pub/de/suche;wwwsid=627BFD7A56A5CB624C47FDDEAB2FC509.web07-pub?0,https://www.bundesanzeiger.de/pub/de/suche;wwwsid=627BFD7A56A5CB624C47FDDEAB2FC509.web07-pub?0,1620589026,15:37:06,20210509
13,2017-12-31,AXJ.DE,USD,2017-12-31,2017-12-31,Q4,3019000000,0.0,0.0,0.0,0.0,528000000,0.0,0.0,468000000.0,2013000000,45000000,-46000000.0,0.0,0.0,0.0,0.3332229214971845,89000000,1006000000,0.3332229214971845,204000000,658000000,0.21795296455780058,1.470391061452514,1.470391061452514,447500000,447500000,https://www.bundesanzeiger.de/pub/de/suche;wwwsid=627BFD7A56A5CB624C47FDDEAB2FC509.web07-pub?0,https://www.bundesanzeiger.de/pub/de/suche;wwwsid=627BFD7A56A5CB624C47FDDEAB2FC509.web07-pub?0,1620589026,15:37:06,20210509
14,2017-09-30,AXJ.DE,USD,2017-09-30,2017-09-30,Q3,2806000000,0.0,0.0,0.0,0.0,136000000,388000000.0,0.0,450000000.0,2759000000,42000000,-22000000.0,0.0,0.0,0.0,0.01674982181040627,102000000,47000000,0.01674982181040627,-59000000,10000000,0.003563791874554526,0.017825,0.017825,561000000,561000000,https://www.bundesanzeiger.de/pub/de/suche;wwwsid=627BFD7A56A5CB624C47FDDEAB2FC509.web07-pub?0,https://www.bundesanzeiger.de/pub/de/suche;wwwsid=627BFD7A56A5CB624C47FDDEAB2FC509.web07-pub?0,1620589026,15:37:06,20210509
15,2017-06-30,AXJ.DE,USD,2017-06-30,2017-06-30,Q2,3882000000,0.0,0.0,0.0,0.0,546000000,0.0,0.0,414000000.0,3268000000,38000000,6000000.0,0.0,0.0,0.0,0.15816589386913962,136000000,614000000,0.15816589386913962,-84000000,608000000,0.1566202988150438,1.083779,1.083779,561000000,561000000,https://www.bundesanzeiger.de/pub/de/suche;wwwsid=627BFD7A56A5CB624C47FDDEAB2FC509.web07-pub?0,https://www.bundesanzeiger.de/pub/de/suche;wwwsid=627BFD7A56A5CB624C47FDDEAB2FC509.web07-pub?0,1620589026,15:37:06,20210509
16,2017-03-31,AXJ.DE,USD,2017-03-31,2017-03-31,Q1,2830000000,0.0,0.0,0.0,0.0,539000000,0.0,0.0,744000000.0,2997000000,35000000,-42000000.0,0.0,0.0,0.0,-0.05901060070671378,118000000,-167000000,-0.05901060070671378,30000000,-290000000,-0.10247349823321555,-0.516934,-0.518717,561000000,561000000,https://www.bundesanzeiger.de/pub/de/suche;wwwsid=627BFD7A56A5CB624C47FDDEAB2FC509.web07-pub?0,https://www.bundesanzeiger.de/pub/de/suche;wwwsid=627BFD7A56A5CB624C47FDDEAB2FC509.web07-pub?0,1620589026,15:37:06,20210509
17,2016-12-31,AXJ.DE,USD,2016-12-31,2016-12-31,Q4,1498000000,0.0,0.0,0.0,0.0,550000000,0.0,0.0,399000000.0,2100000000,35000000,125000000.0,0.0,0.0,0.0,-0.40186915887850466,105000000,-602000000,-0.40186915887850466,-286000000,-441000000,-0.29439252336448596,-0.9854748603351955,-0.9854748603351955,447500000,447500000,https://www.bundesanzeiger.de/pub/de/suche;wwwsid=627BFD7A56A5CB624C47FDDEAB2FC509.web07-pub?0,https://www.bundesanzeiger.de/pub/de/suche;wwwsid=627BFD7A56A5CB624C47FDDEAB2FC509.web07-pub?0,1620589026,15:37:06,20210509
18,2016-09-30,AXJ.DE,USD,2016-09-30,2016-09-30,Q3,2155000000,0.0,0.0,0.0,0.0,528000000,0.0,0.0,319000000.0,2196000000,31000000,-9000000.0,0.0,0.0,0.0,-0.019025522041763342,100000000,-41000000,-0.019025522041763342,-95000000,-23000000,-0.010672853828306265,-0.05139664804469274,-0.05139664804469274,447500000,447500000,https://www.bundesanzeiger.de/pub/de/suche;wwwsid=627BFD7A56A5CB624C47FDDEAB2FC509.web07-pub?0,https://www.bundesanzeiger.de/pub/de/suche;wwwsid=627BFD7A56A5CB624C47FDDEAB2FC509.web07-pub?0,1620589026,15:37:06,20210509
