,date,symbol,reportedCurrency,fillingDate,acceptedDate,period,revenue,costOfRevenue,grossProfit,grossProfitRatio,researchAndDevelopmentExpenses,generalAndAdministrativeExpenses,sellingAndMarketingExpenses,otherExpenses,operatingExpenses,costAndExpenses,interestExpense,depreciationAndAmortization,ebitda,ebitdaratio,operatingIncome,operatingIncomeRatio,totalOtherIncomeExpensesNet,incomeBeforeTax,incomeBeforeTaxRatio,incomeTaxExpense,netIncome,netIncomeRatio,eps,epsdiluted,weightedAverageShsOut,weightedAverageShsOutDil,link,finalLink,timestamp,est_time,est_date
0,2020-12-31,NUVR,USD,2021-03-16,2021-03-16 08:30:49,Q4,16259477.0,7026004.0,9233473.0,0.5678825339831042,0.0,0.0,0.0,0.0,5340773.0,12366777.0,597090.0,3048320.0,6941020.0,0.4268907296341697,3892700.0,0.23941114465120863,156355.0,3584304.0,0.22044399091065475,1173731.0,2410573.0,0.14825649066080046,0.46365188904774113,0.46365188904774113,5199101.0,5199101.0,https://www.sec.gov/Archives/edgar/data/71557/000151316221000039/0001513162-21-000039-index.htm,https://www.sec.gov/Archives/edgar/data/71557/000151316221000039/nuvr-20201231.htm,1620595904,17:31:44,20210509
1,2020-09-30,NUVR,USD,2020-11-09,2020-11-09 08:42:39,Q3,16340573.0,7050930.0,9289643.0,0.5685016675975806,0.0,0.0,0.0,10070.053,5327785.0,12378715.0,613541.0,3043762.0,7005620.0,0.4287254798225252,3961858.0,0.24245526763351566,36956.0,3417155.0,0.20912087966560292,956801.0,2460354.0,0.1505671802329086,0.4732268136356651,0.4726283808237304,5199101.0,5205684.0,https://www.sec.gov/Archives/edgar/data/71557/000151316220000223/0001513162-20-000223-index.htm,https://www.sec.gov/Archives/edgar/data/71557/000151316220000223/nuvr-20200930.htm,1620595904,17:31:44,20210509
2,2020-06-30,NUVR,USD,2020-08-10,2020-08-10 08:30:33,Q2,16143963.0,6881940.0,9262023.0,0.5737143351976216,0.0,0.0,0.0,0.0,5606145.0,12488085.0,610694.0,3073063.0,6728941.0,0.4168084998708186,3655878.0,0.22645480542788657,131764.0,3255657.0,0.20166405237673055,911580.0,2344077.0,0.14519836300417685,0.45141871581371423,0.4509931431669568,5192689.0,5197589.0,https://www.sec.gov/Archives/edgar/data/71557/000151316220000154/0001513162-20-000154-index.htm,https://www.sec.gov/Archives/edgar/data/71557/000151316220000154/form10q.htm,1620595904,17:31:44,20210509
3,2020-03-31,NUVR,USD,2020-05-11,2020-05-11 08:31:33,Q1,16167058.0,6936497.0,9230561.0,0.5709487155919154,0.0,0.0,0.0,0.0,5722970.0,12659467.0,683663.0,3076741.0,6584332.0,0.4072684096265381,3507591.0,0.21695913999937402,728700.0,3640009.0,0.22514974585976003,1019201.0,2620808.0,0.16210791103736993,0.51,0.5,5188863.0,5192404.0,https://www.sec.gov/Archives/edgar/data/71557/000151316220000099/0001513162-20-000099-index.htm,https://www.sec.gov/Archives/edgar/data/71557/000151316220000052/form10k.htm,1620595904,17:31:44,20210509
4,2019-12-31,NUVR,USD,2020-03-16,2020-03-16 08:31:32,Q4,16349578.0,7310616.0,9038962.0,0.5528559819709108,0.0,0.0,0.0,0.0,6150310.0,13460926.0,745202.0,3059931.0,5948583.0,0.36383709720214186,2888652.0,0.17668052349730373,63115.0,2295765.0,0.14041738569643816,693241.0,1602524.0,0.09801623014367711,0.3088391426021462,0.3088391426021462,5188863.0,5188863.0,https://www.sec.gov/Archives/edgar/data/71557/000151316220000052/0001513162-20-000052-index.htm,https://www.sec.gov/Archives/edgar/data/71557/000151316220000052/form10k.htm,1620595904,17:31:44,20210509
5,2019-09-30,NUVR,USD,2019-11-12,2019-11-12 08:31:22,Q3,16150974.0,7133681.0,9017293.0,0.5583126441786112,0.0,0.0,0.0,0.0,5726008.0,12859689.0,827380.0,3059249.0,6350534.0,0.39319820587910054,3291285.0,0.20378244680475618,71718.0,2607270.0,0.1614311310265251,730035.0,1877235.0,0.11623045148856039,0.36,0.36,5187152.0,5187152.0,https://www.sec.gov/Archives/edgar/data/71557/000151316219000240/0001513162-19-000240-index.htm,https://www.sec.gov/Archives/edgar/data/71557/000151316219000240/form10q.htm,1620595904,17:31:44,20210509
6,2019-06-30,NUVR,USD,2019-08-09,2019-08-09 08:31:22,Q2,16468371.0,6826754.0,9641617.0,0.585462703020232,0.0,0.0,0.0,0.0,5413454.0,12240208.0,894568.0,3038852.0,7267015.0,0.44127102796020323,4228163.0,0.2567444588174507,89405.0,3552662.0,0.21572637633679737,994742.0,2557920.0,0.15532319498995983,0.49,0.49,5187623.0,5187623.0,https://www.sec.gov/Archives/edgar/data/71557/000151316219000173/0001513162-19-000173-index.htm,https://www.sec.gov/Archives/edgar/data/71557/000151316219000173/form10q.htm,1620595904,17:31:44,20210509
7,2019-03-31,NUVR,USD,2019-05-10,2019-05-10 08:31:22,Q1,15972418.0,6550524.0,9421894.0,0.5898852634585446,0.0,2719731.0,0.0,0.0,5756056.0,12306580.0,937821.0,3061386.0,6727224.0,0.4211775574618696,3665838.0,0.22951052245189177,398254.0,3183749.0,0.19932792893349022,891449.0,2292300.0,0.14351615390982128,0.44,0.44,5177255.0,5177255.0,https://www.sec.gov/Archives/edgar/data/71557/000151316219000121/0001513162-19-000121-index.htm,https://www.sec.gov/Archives/edgar/data/71557/000151316219000076/form10k.htm,1620595904,17:31:44,20210509
8,2018-12-31,NUVR,USD,2019-03-14,2019-03-14 08:43:27,Q4,16147253.0,7250431.0,8896822.0,0.5509805290101046,0.0,0.0,0.0,0.0,5683121.0,12933552.0,963823.0,3079091.0,6292792.0,0.3897128508483765,3213701.0,0.19902462666560064,213795.0,2514482.0,0.15572196707390415,1005856.0,1508626.0,0.09342926626590912,0.29139495736640364,0.29139495736640364,5177255.0,5177255.0,https://www.sec.gov/Archives/edgar/data/71557/000151316219000076/0001513162-19-000076-index.htm,https://www.sec.gov/Archives/edgar/data/71557/000151316219000076/form10k.htm,1620595904,17:31:44,20210509
9,2018-09-30,NUVR,USD,2018-11-14,2018-11-14 08:31:17,Q3,17213747.0,6114477.0,11099270.0,0.644791049851029,0.0,3066792.0,0.0,0.0,5819605.0,11934082.0,744177.0,2774171.0,8053836.0,0.4678723348263455,5279665.0,0.3067121295555233,145680.0,4757297.0,0.27636615084443844,1332034.0,3425263.0,0.19898416074083114,0.66,0.66,5175258.0,5175258.0,https://www.sec.gov/Archives/edgar/data/71557/000151316218000293/0001513162-18-000293-index.htm,https://www.sec.gov/Archives/edgar/data/71557/000151316218000293/form10q.htm,1620595904,17:31:44,20210509
10,2018-06-30,NUVR,USD,2018-08-14,2018-08-14 08:34:55,Q2,11708441.0,5521667.0,6186774.0,0.5284028847222273,0.0,2196830.0,0.0,0.0,4477184.0,9998851.0,286004.0,2295148.0,4004738.0,0.3420385344214486,1709590.0,0.1460134615701612,90680.0,1638835.0,0.13997038546805676,458878.0,1179957.0,0.10077831882143831,0.23,0.23,5171597.0,5171597.0,https://www.sec.gov/Archives/edgar/data/71557/000151316218000205/0001513162-18-000205-index.htm,https://www.sec.gov/Archives/edgar/data/71557/000151316218000205/form10q.htm,1620595904,17:31:44,20210509
11,2018-03-31,NUVR,USD,2018-05-15,2018-05-15 09:01:07,Q1,11613186.0,5244764.0,6368422.0,0.5483785414269607,0.0,0.0,0.0,0.0,4220864.0,9465628.0,286935.0,2270643.0,4418201.0,0.3804469333393954,2147558.0,0.18492410265365594,345436.0,2291765.0,0.19734162528697982,641692.0,1650073.0,0.14208615964645704,0.32,0.32,5161468.0,5161468.0,https://www.sec.gov/Archives/edgar/data/71557/000151316218000127/0001513162-18-000127-index.htm,https://www.sec.gov/Archives/edgar/data/71557/000151316218000066/form10k.htm,1620595904,17:31:44,20210509
12,2017-12-31,NUVR,USD,2018-03-15,2018-03-15 08:39:22,Q4,11694027.0,5169121.0,6524906.0,0.5579691238954725,0.0,0.0,0.0,0.0,4209539.0,9378660.0,282217.0,2385801.0,4701168.0,0.4020144643072912,2315367.0,0.19799569472517894,115499.0,2179647.0,0.18638976975168606,-3731252.0,5910899.0,0.5054630881218249,1.145197257834399,1.145197257834399,5161468.0,5161468.0,https://www.sec.gov/Archives/edgar/data/71557/000151316218000066/0001513162-18-000066-index.htm,https://www.sec.gov/Archives/edgar/data/71557/000151316218000066/form10k.htm,1620595904,17:31:44,20210509
13,2017-09-30,NUVR,USD,2017-11-14,2017-11-14 09:31:13,Q3,11850033.0,5177737.0,6672296.0,0.5630613855674494,0.0,0.0,0.0,0.0,4075436.0,9253173.0,288258.0,2429240.0,5026100.0,0.4241422787598988,2596860.0,0.21914369352389146,93626.0,2441391.0,0.2060239832243505,1025382.0,1416009.0,0.11949409761137374,0.27,0.27,5158830.0,5158830.0,https://www.sec.gov/Archives/edgar/data/71557/000151316217000304/0001513162-17-000304-index.htm,https://www.sec.gov/Archives/edgar/data/71557/000151316217000304/form10q.htm,1620595904,17:31:44,20210509
14,2017-06-30,NUVR,USD,2017-08-14,2017-08-14 08:01:32,Q2,11715992.0,5097704.0,6618288.0,0.5648935233141162,0.0,0.0,0.0,0.0,4214730.0,9312434.0,313530.0,2448335.0,4851893.0,0.4141256668662799,2403558.0,0.2051518983625117,148793.0,2286564.0,0.19516606020215788,960359.0,1326205.0,0.11319613396799862,0.26,0.26,5153373.0,5153373.0,https://www.sec.gov/Archives/edgar/data/71557/000151316217000233/0001513162-17-000233-index.htm,https://www.sec.gov/Archives/edgar/data/71557/000151316217000233/form10Q.htm,1620595904,17:31:44,20210509
15,2017-03-31,NUVR,USD,2017-05-15,2017-05-15 08:01:18,Q1,11629129.0,5146442.0,6482687.0,0.5574524970872711,0.0,0.0,0.0,0.0,4338389.0,9484831.0,308236.0,2448556.0,4592854.0,0.39494393776180486,2144298.0,0.18439024969109896,350460.0,2243319.0,0.19290516082502826,942196.0,1301123.0,0.1118848195767714,0.25,0.25,5142049.0,5142049.0,https://www.sec.gov/Archives/edgar/data/71557/000151316217000152/0001513162-17-000152-index.htm,https://www.sec.gov/Archives/edgar/data/71557/000151316217000073/form10k.htm,1620595904,17:31:44,20210509
16,2016-12-31,NUVR,USD,2017-03-15,2017-03-15 09:01:34,Q4,10687443.0,5051080.0,5636363.0,0.5273818068550167,0.0,0.0,0.0,0.0,4235477.0,9286557.0,346694.0,2452223.0,3853109.0,0.3605267415227384,1400886.0,0.1310777517129214,-6570.0,1058801.0,0.09906962778655287,425032.0,633769.0,0.05930033966029105,0.12325222882940244,0.12325222882940244,5142049.0,5142049.0,https://www.sec.gov/Archives/edgar/data/71557/000151316217000073/0001513162-17-000073-index.htm,https://www.sec.gov/Archives/edgar/data/71557/000151316217000073/form10k.htm,1620595904,17:31:44,20210509
17,2016-09-30,NUVR,USD,2016-11-14,2016-11-14 08:38:01,Q3,10772771.0,4994356.0,5778415.0,0.5363907763378615,0.0,0.0,0.0,0.0,4222628.0,9216984.0,350545.0,2458859.0,4014646.0,0.3726660485032124,1555787.0,0.144418460208613,74456.0,1299673.0,0.12064426135114169,545862.0,753811.0,0.06997373284923629,0.15,0.15,5139375.0,5139375.0,https://www.sec.gov/Archives/edgar/data/71557/000151316216001080/0001513162-16-001080-index.htm,https://www.sec.gov/Archives/edgar/data/71557/000151316216001080/form10q.htm,1620595904,17:31:44,20210509
18,2016-06-30,NUVR,USD,2016-08-15,2016-08-15 09:02:26,Q2,10416691.0,5084438.0,5332253.0,0.5118950922130646,0.0,0.0,0.0,0.0,4120269.0,9204707.0,352932.0,2461615.0,3673599.0,0.3526646801753071,1211984.0,0.11635019220595101,321734.0,1223922.0,0.11749623752878913,514048.0,709874.0,0.06814774480686814,0.14,0.14,5135238.0,5135238.0,https://www.sec.gov/Archives/edgar/data/71557/000151316216000956/0001513162-16-000956-index.htm,https://www.sec.gov/Archives/edgar/data/71557/000151316216000956/form10q.htm,1620595904,17:31:44,20210509
19,2016-03-31,NUVR,USD,2016-05-16,2016-05-16 09:01:05,Q1,10442241.0,4962650.0,5479591.0,0.5247523974978168,0.0,0.0,0.0,0.0,4239355.0,9202005.0,375356.0,2450415.0,3690651.0,0.35343476558336473,1240236.0,0.11877105690244077,396470.0,1305231.0,0.1249952955500644,548198.0,757033.0,0.07249717756945084,0.15,0.15,5120205.0,5120205.0,https://www.sec.gov/Archives/edgar/data/71557/000151316216000851/0001513162-16-000851-index.htm,https://www.sec.gov/Archives/edgar/data/71557/000151316216000749/form_10k.htm,1620595904,17:31:44,20210509
20,2015-12-31,NUVR,USD,2016-03-15,2016-03-15 08:02:06,Q4,10581428.0,4949286.0,5632142.0,0.5322667224121357,0.0,0.0,0.0,0.0,4116947.0,9066233.0,386689.0,2425132.0,3940327.0,0.37238140258573793,1515195.0,0.14319381089206484,-28893.0,1119291.0,0.10577882304732404,486736.0,632555.0,0.05977973861372964,0.12354095197360263,0.12354095197360263,5120205.0,5120205.0,https://www.sec.gov/Archives/edgar/data/71557/000151316216000749/0001513162-16-000749-index.htm,https://www.sec.gov/Archives/edgar/data/71557/000151316216000749/form_10k.htm,1620595904,17:31:44,20210509
21,2015-09-30,NUVR,USD,2015-11-16,2015-11-16 08:30:35,Q3,10368838.0,4917522.0,5451316.0,0.525740299925604,0.0,0.0,0.0,0.0,4138777.0,9056299.0,384830.0,2451164.0,3763703.0,0.36298213936797935,1312539.0,0.12658496545128778,98163.0,1149321.0,0.11084376089201124,482715.0,666606.0,0.06428936395765851,0.13,0.13,5116826.0,5116826.0,https://www.sec.gov/Archives/edgar/data/71557/000151316215000607/0001513162-15-000607-index.htm,https://www.sec.gov/Archives/edgar/data/71557/000151316215000607/form_10q.htm,1620595904,17:31:44,20210509
22,2015-06-30,NUVR,USD,2015-08-14,2015-08-14 09:01:42,Q2,10246185.0,4897934.0,5348251.0,0.5219748618632203,0.0,0.0,0.0,0.0,4278673.0,9176607.0,370778.0,2485466.0,3555044.0,0.346962698799602,1069578.0,0.10438792584752277,86619.0,824553.0,0.08047414720698484,290779.0,533774.0,0.0520949016633996,0.1,0.1,5106498.0,5106498.0,https://www.sec.gov/Archives/edgar/data/71557/000151316215000502/0001513162-15-000502-index.htm,https://www.sec.gov/Archives/edgar/data/71557/000151316215000502/form10q.htm,1620595904,17:31:44,20210509
23,2015-03-31,NUVR,USD,2015-05-15,2015-05-15 08:01:25,Q1,10487617.0,4972650.0,5514967.0,0.5258551108416717,0.0,0.0,0.0,0.0,4370646.0,9343296.0,359341.0,2444271.0,3588592.0,0.342174204111382,1144321.0,0.10911163136487535,457665.0,1302279.0,0.12417301280166887,469059.0,833220.0,0.07944798136697784,0.16,0.16,5101334.0,5101334.0,https://www.sec.gov/Archives/edgar/data/71557/000151316215000250/0001513162-15-000250-index.htm,https://www.sec.gov/Archives/edgar/data/71557/000151316215000133/form10k.htm,1620595904,17:31:44,20210509
24,2014-12-31,NUVR,USD,2015-03-16,2015-03-16 08:58:52,Q4,10058746.0,4671806.0,5386940.0,0.5355478704800777,0.0,0.0,0.0,0.0,4138687.0,8810493.0,233783.0,2415859.0,3664112.0,0.36427125210239925,1248253.0,0.12409628397018872,55508.0,1073893.0,0.10676211527759027,411536.0,662357.0,0.06584886426200642,0.12983995950863048,0.12983995950863048,5101334.0,5101334.0,https://www.sec.gov/Archives/edgar/data/71557/000151316215000133/0001513162-15-000133-index.htm,https://www.sec.gov/Archives/edgar/data/71557/000151316215000133/form10k.htm,1620595904,17:31:44,20210509
25,2014-09-30,NUVR,USD,2014-11-14,2014-11-14 06:04:42,Q3,10072475.0,4729697.0,5342778.0,0.530433483329569,0.0,0.0,0.0,0.0,4200727.0,8930424.0,234302.0,2448305.0,3590356.0,0.35645221258925935,1142051.0,0.11338335414086409,51333.0,983205.0,0.09761304942429741,412944.0,570261.0,0.05661577715506864,0.11,0.11,5101334.0,5101334.0,https://www.sec.gov/Archives/edgar/data/71557/000151316214000623/0001513162-14-000623-index.htm,https://www.sec.gov/Archives/edgar/data/71557/000151316214000623/form10q.htm,1620595904,17:31:44,20210509
26,2014-06-30,NUVR,USD,2014-08-14,2014-08-14 09:00:34,Q2,9876987.0,4604068.0,5272919.0,0.5338590604604421,0.0,0.0,0.0,0.0,4143588.0,8747656.0,234797.0,2384432.0,3513763.0,0.35575251845527384,1129331.0,0.11433962604182835,73681.0,990110.0,0.10024413315518184,415844.0,574266.0,0.05814181996999692,0.11,0.11,5097401.0,5097401.0,https://www.sec.gov/Archives/edgar/data/71557/000151316214000470/0001513162-14-000470-index.htm,https://www.sec.gov/Archives/edgar/data/71557/000151316214000470/form10q.htm,1620595904,17:31:44,20210509
27,2014-03-31,NUVR,USD,2014-05-15,2014-05-15 09:01:35,Q1,9979201.0,4536032.0,5443169.0,0.5454513843342769,0.0,0.0,0.0,0.0,4165289.0,8701321.0,235107.0,2341465.0,3619345.0,0.3626888565527441,1277880.0,0.12805434022222822,484941.0,1617001.0,0.1620371210079845,679141.0,937860.0,0.09398147206374538,0.18,0.18,5089534.0,5089534.0,https://www.sec.gov/Archives/edgar/data/71557/000151316214000323/0001513162-14-000323-index.htm,https://www.sec.gov/Archives/edgar/data/71557/000151316214000151/nulm10k_2013.htm,1620595904,17:31:44,20210509
28,2013-12-31,NUVR,USD,2014-03-14,2014-03-14 09:00:56,Q4,9777276.0,4434687.0,5342589.0,0.5464291894797693,0.0,0.0,0.0,0.0,4280462.0,8715149.0,243782.0,2509263.0,3571390.0,0.3652745406798376,1062127.0,0.10863219980698101,61936.0,915356.0,0.09362075899258648,334374.0,580982.0,0.05942166304807188,0.1141522976366795,0.1141522976366795,5089534.0,5089534.0,https://www.sec.gov/Archives/edgar/data/71557/000151316214000151/0001513162-14-000151-index.htm,https://www.sec.gov/Archives/edgar/data/71557/000151316214000151/nulm10k_2013.htm,1620595904,17:31:44,20210509
29,2013-09-30,NUVR,USD,2013-11-12,2013-11-12 09:39:59,Q3,9928891.0,4396208.0,5532683.0,0.5572307118690295,0.0,0.0,0.0,0.0,3804630.0,8200838.0,256114.0,2231142.0,3959195.0,0.39875500697912786,1728053.0,0.17404290166948153,52437.0,1554229.0,0.15653601192721323,652778.0,901451.0,0.09079070361433114,0.18,0.18,5118134.0,5118134.0,https://www.sec.gov/Archives/edgar/data/71557/000151316213000823/0001513162-13-000823-index.htm,https://www.sec.gov/Archives/edgar/data/71557/000151316213000823/nulm_2013q3.htm,1620595904,17:31:44,20210509
30,2013-06-30,NUVR,USD,2013-08-14,2013-08-14 10:20:27,Q2,9596973.0,4330054.0,5266919.0,0.5488104426260239,0.0,0.0,0.0,0.0,3897754.0,8227808.0,310746.0,2233841.0,3603006.0,0.3754315032458672,1369165.0,0.14266633864657116,26609.0,1112976.0,0.11597156728480949,468483.0,644493.0,0.06715586258292068,0.13,0.13,5113395.0,5113395.0,https://www.sec.gov/Archives/edgar/data/71557/000151316213000592/0001513162-13-000592-index.htm,https://www.sec.gov/Archives/edgar/data/71557/000151316213000592/nulm10qq22013.htm,1620595904,17:31:44,20210509
31,2013-03-31,NUVR,USD,2013-05-15,2013-05-15 09:24:39,Q1,9412445.0,4215512.0,5196933.0,0.5521342222982445,0.0,0.0,0.0,0.0,4009826.0,8225338.0,571150.0,2220184.0,3407291.0,0.36199850304570175,1187107.0,0.12612100256628325,562421.0,1251993.0,0.13301464178542344,524804.0,727189.0,0.07725824692733928,0.14,0.14,5103918.0,5103918.0,https://www.sec.gov/Archives/edgar/data/71557/000089710113000745/0000897101-13-000745-index.htm,https://www.sec.gov/Archives/edgar/data/71557/000089710113000406/newulm125214_10k.htm,1620595904,17:31:44,20210509
32,2012-12-31,NUVR,USD,2013-03-22,2013-03-22 10:05:50,Q4,8124606.0,3735928.0,4388678.0,0.5401711787623916,0.0,0.0,0.0,0.0,3823457.0,7559385.0,561362.0,2136636.0,2701857.0,0.3325523723858117,565221.0,0.06956903510151753,-41001.0,-34465.0,-0.004242051860730231,-1559293.0,1524828.0,0.18768023950946053,0.29875636716734083,0.29875636716734083,5103918.0,5103918.0,https://www.sec.gov/Archives/edgar/data/71557/000089710113000406/0000897101-13-000406-index.htm,https://www.sec.gov/Archives/edgar/data/71557/000089710113000406/newulm125214_10k.htm,1620595904,17:31:44,20210509
33,2012-09-30,NUVR,USD,2012-11-09,2012-11-09 13:49:43,Q3,8027347.0,3408379.0,4618968.0,0.5754040531697459,0.0,0.0,0.0,0.0,3395190.0,6803569.0,556562.0,2065392.0,3289170.0,0.40974558593268734,1223778.0,0.1524511149200352,261794.0,936035.0,0.11660577274160441,392910.0,543125.0,0.06765934000361515,0.11,0.11,5132518.0,5132518.0,https://www.sec.gov/Archives/edgar/data/71557/000089710112001924/0000897101-12-001924-index.htm,https://www.sec.gov/Archives/edgar/data/71557/000089710112001924/newulm123974_10q.htm,1620595904,17:31:44,20210509
34,2012-06-30,NUVR,USD,2012-08-14,2012-08-14 14:06:13,Q2,8165507.0,3544697.0,4620810.0,0.5658938263110913,0.0,0.0,0.0,0.0,3620329.0,7165026.0,553137.0,2029355.0,3029836.0,0.3710530160588926,1000481.0,0.12252527614023231,295625.0,760763.0,0.09316788290059637,319120.0,441643.0,0.05408641496480255,0.09,0.09,5121129.0,5121129.0,https://www.sec.gov/Archives/edgar/data/71557/000089710112001380/0000897101-12-001380-index.htm,https://www.sec.gov/Archives/edgar/data/71557/000089710112001380/newulm122728_10q.htm,1620595904,17:31:44,20210509
35,2012-03-31,NUVR,USD,2012-05-14,2012-05-14 09:03:19,Q1,8165528.0,3621026.0,4544502.0,0.5565472312384453,0.0,0.0,0.0,0.0,3650391.0,7271417.0,556282.0,2027103.0,2921214.0,0.3577495539786282,894111.0,0.10949824677595864,735896.0,1147104.0,0.14048130139287993,481786.0,665318.0,0.08147887068662309,0.13,0.13,5115435.0,5115435.0,https://www.sec.gov/Archives/edgar/data/71557/000089710112000771/0000897101-12-000771-index.htm,https://www.sec.gov/Archives/edgar/data/71557/000089710112000496/newulm120709_10k.htm,1620595904,17:31:44,20210509
36,2011-12-31,NUVR,USD,2012-03-26,2012-03-26 15:14:42,Q4,8193133.0,3583101.0,4610032.0,0.5626702263956902,0.0,0.0,0.0,0.0,3648924.0,7232025.0,567019.0,2178576.0,3139684.0,0.3832092070273972,961108.0,0.11730652974875423,440688.0,675311.0,0.08242402509516202,333301.0,342010.0,0.0417434942164371,0.0668584392138694,0.0668584392138694,5115435.0,5115435.0,https://www.sec.gov/Archives/edgar/data/71557/000089710112000496/0000897101-12-000496-index.htm,https://www.sec.gov/Archives/edgar/data/71557/000089710112000496/newulm120709_10k.htm,1620595904,17:31:44,20210509
37,2011-09-30,NUVR,USD,2011-11-14,2011-11-14 09:54:13,Q3,8430729.0,3223754.0,5206975.0,0.6176185950230402,0.0,0.0,0.0,0.0,3725200.0,6948954.0,568555.0,2023554.0,3505329.0,0.4157800588774707,1481775.0,0.1757588222797815,217754.0,1217807.0,0.14444859987789904,511479.0,706328.0,0.08378018081235916,0.14,0.14,5115435.0,5115435.0,https://www.sec.gov/Archives/edgar/data/71557/000089710111001938/0000897101-11-001938-index.htm,https://www.sec.gov/Archives/edgar/data/71557/000089710111001938/newulm114700_10q.htm,1620595904,17:31:44,20210509
38,2011-06-30,NUVR,USD,2011-08-15,2011-08-15 08:04:23,Q2,8227857.0,3319380.0,4908477.0,0.5965680978655803,0.0,0.0,0.0,0.0,4015399.0,7334779.0,611399.0,2443600.0,3336678.0,0.40553427216831794,893078.0,0.10854320876019113,148491.0,501494.0,0.06095074331019608,198478.0,303016.0,0.03682805863057659,0.06,0.06,5115435.0,5115435.0,https://www.sec.gov/Archives/edgar/data/71557/000089710111001424/0000897101-11-001424-index.htm,https://www.sec.gov/Archives/edgar/data/71557/000089710111001424/newulm113749_10q.htm,1620595904,17:31:44,20210509
39,2011-03-31,NUVR,USD,2011-05-13,2011-05-13 12:36:41,Q1,8419732.0,3330521.0,5089211.0,0.6044385973330267,0.0,0.0,0.0,0.0,4021770.0,7352291.0,669365.0,2403684.0,3471125.0,0.4122607465415764,1067441.0,0.12677850078838615,661695.0,1136828.0,0.13501949943299857,460659.0,676169.0,0.08030766299924985,0.13,0.13,5115435.0,5115435.0,https://www.sec.gov/Archives/edgar/data/71557/000089710111000853/0000897101-11-000853-index.htm,https://www.sec.gov/Archives/edgar/data/71557/000089710111000528/nutele111583_10k.htm,1620595904,17:31:44,20210509
40,2010-12-31,NUVR,USD,2011-03-28,2011-03-28 15:57:21,Q4,8314836.0,3065944.0,5248892.0,0.6312682535169666,0.0,0.0,0.0,0.0,3589982.0,6655926.0,704013.0,2122459.0,3781369.0,0.45477373215779604,1658910.0,0.1995120529136113,294769.0,1253616.0,0.15076857799720886,348620.0,904996.0,0.10884111244046184,0.17691476873423276,0.17691476873423276,5115435.0,5115435.0,https://www.sec.gov/Archives/edgar/data/71557/000089710111000528/0000897101-11-000528-index.htm,https://www.sec.gov/Archives/edgar/data/71557/000089710111000528/nutele111583_10k.htm,1620595904,17:31:44,20210509
41,2010-09-30,NUVR,USD,2010-11-12,2010-11-12 14:56:54,Q3,8145821.0,3113583.0,5032238.0,0.617769283169861,0.0,0.0,0.0,0.0,4008704.0,7122287.0,696411.0,2457868.0,3481402.0,0.42738503583616677,1023534.0,0.12565142298118262,270960.0,601327.0,0.0738203061422538,270547.0,330780.0,0.04060732490930012,0.06,0.06,5115435.0,5115435.0,https://www.sec.gov/Archives/edgar/data/71557/000089710110002250/0000897101-10-002250-index.htm,https://www.sec.gov/Archives/edgar/data/71557/000089710110002250/newulm105703_10q.htm,1620595904,17:31:44,20210509
42,2010-06-30,NUVR,USD,2010-08-12,2010-08-12 14:21:07,Q2,7576633.0,2929659.0,4646974.0,0.6133296940738716,0.0,0.0,0.0,0.0,4060802.0,6990461.0,696133.0,2487153.0,3073325.0,0.4056320267855128,586172.0,0.07736576392178425,174612.0,77450.0,0.01022221876128882,-65684.0,143134.0,0.01889150497325131,0.03,0.03,5115435.0,5115435.0,https://www.sec.gov/Archives/edgar/data/71557/000089710110001634/0000897101-10-001634-index.htm,https://www.sec.gov/Archives/edgar/data/71557/000089710110001634/newulm103965_10q.htm,1620595904,17:31:44,20210509
43,2010-03-31,NUVR,USD,2010-05-12,2010-05-12 12:33:03,Q1,7881873.0,2727160.0,5154713.0,0.653995947409962,0.0,0.0,0.0,0.0,4029376.0,6756536.0,691607.0,2471384.0,3596721.0,0.4563282103124473,1125337.0,0.1427753276410315,714762.0,1220101.0,0.15479835820749713,548406.0,671695.0,0.08522022620765395,0.13,0.13,5115435.0,5115435.0,https://www.sec.gov/Archives/edgar/data/71557/000089710110001003/0000897101-10-001003-index.htm,https://www.sec.gov/Archives/edgar/data/71557/000089710110000644/newulm101519_10k.htm,1620595904,17:31:44,20210509
44,2009-12-31,NUVR,USD,2010-03-29,2010-03-29 16:10:54,Q4,7862093.0,2446813.0,5415280.0,0.6887835084118186,0.0,0.0,0.0,0.0,4272265.0,6719078.0,723444.0,2321088.0,3464103.0,0.44060824515812774,1143015.0,0.14538304240359406,316303.0,751002.0,0.09552189219842604,649916.0,101086.0,0.012857390519293018,0.019760978294123568,0.019760978294123568,5115435.0,5115435.0,https://www.sec.gov/Archives/edgar/data/71557/000089710110000644/0000897101-10-000644-index.htm,https://www.sec.gov/Archives/edgar/data/71557/000089710110000644/newulm101519_10k.htm,1620595904,17:31:44,20210509
45,2009-09-30,NUVR,USD,2009-11-09,2009-11-09 09:33:34,Q3,8030522.0,2910838.0,5119684.0,0.6375281706469392,0.0,0.0,0.0,0.0,3987565.0,6898403.0,752723.0,2392379.0,3524498.0,0.4388877833844425,1132119.0,0.1409770124532378,607197.0,992374.0,0.12357527941521111,478015.0,514359.0,0.06405050630581673,0.1,0.1,5115435.0,5115435.0,https://www.sec.gov/Archives/edgar/data/71557/000089710109002230/0000897101-09-002230-index.htm,https://www.sec.gov/Archives/edgar/data/71557/000089710109002230/newulm095119_10q.htm,1620595904,17:31:44,20210509
46,2009-06-30,NUVR,USD,2009-08-07,2009-08-07 14:24:35,Q2,8275242.0,3141402.0,5133840.0,0.6203854823822675,0.0,0.0,0.0,0.0,4171494.0,7312896.0,713398.0,2384147.0,3346493.0,0.404398203702079,962346.0,0.1162921881922003,263981.0,531351.0,0.06420972341352676,217495.0,313856.0,0.03792710835526018,0.06,0.06,5115435.0,5115435.0,https://www.sec.gov/Archives/edgar/data/71557/000089710109001616/0000897101-09-001616-index.htm,https://www.sec.gov/Archives/edgar/data/71557/000089710109001616/newulm093530_10q.htm,1620595904,17:31:44,20210509
47,2009-03-31,NUVR,USD,2009-05-08,2009-05-08 14:18:19,Q1,8445816.0,3218464.0,5227352.0,0.6189279993786272,0.0,0.0,0.0,0.0,4041046.0,7259510.0,758439.0,2357802.0,3544108.0,0.41962884344153367,1186306.0,0.1404607914735533,775060.0,1283656.0,0.15198720881439992,570129.0,713527.0,0.08448289662005423,0.14,0.14,5115435.0,5115435.0,https://www.sec.gov/Archives/edgar/data/71557/000089710109000979/0000897101-09-000979-index.htm,https://www.sec.gov/Archives/edgar/data/71557/000089710109000657/newulm091465_10k.htm,1620595904,17:31:44,20210509
48,2008-12-31,NUVR,USD,2009-03-30,2009-03-30 17:26:11,Q4,8123154.0,2700112.0,5423042.0,0.6676030024790863,0.0,0.0,0.0,0.0,4509352.0,7209464.0,760178.0,2380726.0,3294416.0,0.40555872755828587,913690.0,0.11247970923609228,-2160813.0,-1981609.0,-0.24394576293887818,612562.0,-2594171.0,-0.31935514210367055,-0.5071261779301272,-0.5071261779301272,5115435.0,5115435.0,https://www.sec.gov/Archives/edgar/data/71557/000089710109000657/0000897101-09-000657-index.htm,https://www.sec.gov/Archives/edgar/data/71557/000089710109000657/newulm091465_10k.htm,1620595904,17:31:44,20210509
49,2008-09-30,NUVR,USD,2008-11-07,2008-11-07 15:51:20,Q3,9211834.0,3563053.0,5648781.0,0.6132091611724657,0.0,0.0,0.0,0.0,3739789.0,7302842.0,864225.0,2204028.0,4113020.0,0.4464930653331356,1908992.0,0.20723256628376066,225543.0,1317172.0,0.14298694483639196,393835.0,923337.0,0.10023378623626956,0.18,0.18,5115435.0,5115435.0,https://www.sec.gov/Archives/edgar/data/71557/000089710108002245/0000897101-08-002245-index.htm,https://www.sec.gov/Archives/edgar/data/71557/000089710108002245/newulm084588_10q.htm,1620595904,17:31:44,20210509
50,2008-06-30,NUVR,USD,2008-08-08,2008-08-08 16:48:22,Q2,8992383.0,3600444.0,5391939.0,0.5996118047907879,0.0,0.0,0.0,0.0,3972329.0,7572773.0,807161.0,2237616.0,3657226.0,0.4067026504542789,1419610.0,0.15786805344033944,228868.0,898907.0,0.09996315770802912,552799.0,346108.0,0.03848901898417805,0.07,0.07,5115435.0,5115435.0,https://www.sec.gov/Archives/edgar/data/71557/000089710108001676/0000897101-08-001676-index.htm,https://www.sec.gov/Archives/edgar/data/71557/000089710108001676/newulm083297_10q.htm,1620595904,17:31:44,20210509
51,2008-03-31,NUVR,USD,2008-05-12,2008-05-12 12:03:42,Q1,8966960.0,3358325.0,5608635.0,0.6254778654081204,0.0,0.0,0.0,0.0,3850599.0,7208924.0,886414.0,2198758.0,3956794.0,0.44126370587133207,1758036.0,0.19605708066055832,5210078.0,6450283.0,0.7193388840811156,2433031.0,4017252.0,0.4480060131861857,0.79,0.79,5115435.0,5115435.0,https://www.sec.gov/Archives/edgar/data/71557/000089710108001057/0000897101-08-001057-index.htm,https://www.sec.gov/Archives/edgar/data/71557/000089710108000654/newulm081256_10-k.htm,1620595904,17:31:44,20210509
52,2007-12-31,NUVR,USD,2008-03-17,2008-03-17 15:33:17,Q4,4635170.0,1682015.0,2953155.0,0.6371190269181065,0.0,0.0,0.0,0.0,1934192.0,3616207.0,27060.0,858310.0,1877273.0,0.4050062888739787,1018963.0,0.219832929536565,-226861.0,863792.0,0.1863560559806868,982850.0,-119058.0,-0.02568578930222624,-0.0232742669978213,-0.0232742669978213,5115435.0,5115435.0,https://www.sec.gov/Archives/edgar/data/71557/000089710108000654/0000897101-08-000654-index.htm,https://www.sec.gov/Archives/edgar/data/71557/000089710108000654/newulm081256_10-k.htm,1620595904,17:31:44,20210509
53,2007-09-30,NUVR,USD,2007-11-08,2007-11-08 16:26:52,Q3,4412028.0,1607980.0,2804048.0,0.6355462839311083,0.0,0.0,0.0,0.0,1872115.0,3480095.0,2061.0,1014454.0,1946387.0,0.44115472521933224,931933.0,0.21122554072639613,323525.0,1377280.0,0.31216483666921424,-109204.0,1486484.0,0.3369162661705683,0.29,0.29,5115435.0,5115435.0,https://www.sec.gov/Archives/edgar/data/71557/000089710107002351/0000897101-07-002351-index.htm,https://www.sec.gov/Archives/edgar/data/71557/000089710107002351/newulm074579_10q.htm,1620595904,17:31:44,20210509
54,2007-06-30,NUVR,USD,2007-08-09,2007-08-09 09:54:46,Q2,4176631.0,1582426.0,2594205.0,0.6211238196527297,0.0,0.0,0.0,0.0,2090217.0,3672643.0,1442.0,1004573.0,1508561.0,0.36119087369700603,503988.0,0.12066854840659852,3317949.0,4164381.0,0.9970670140598966,1686441.0,2477940.0,0.5932867902383524,0.48,0.48,5115435.0,5115435.0,https://www.sec.gov/Archives/edgar/data/71557/000089710107001641/0000897101-07-001641-index.htm,https://www.sec.gov/Archives/edgar/data/71557/000089710107001641/newulm073267_10q.htm,1620595904,17:31:44,20210509
55,2007-03-31,NUVR,USD,2007-05-10,2007-05-10 14:54:37,Q1,4077107.0,1444669.0,2632438.0,0.6456632116841672,0.0,0.0,0.0,0.0,2020167.0,3464836.0,0.0,1016440.0,1628711.0,0.39947712924875406,612271.0,0.150172904463876,305948.0,1239372.0,0.3039831920035457,501766.0,737606.0,0.18091406480134076,0.14,0.1,5115435.0,5115435.0,https://www.sec.gov/Archives/edgar/data/71557/000089710107001055/0000897101-07-001055-index.htm,https://www.sec.gov/Archives/edgar/data/71557/000089710107000662/newulm071315_10k.htm,1620595904,17:31:44,20210509
56,2006-12-31,NUVR,USD,2007-03-28,2007-03-28 11:47:38,Q4,4548336.0,1515116.0,3033220.0,0.6668856478501148,0.0,0.0,0.0,0.0,1837100.0,3352216.0,146312.0,910769.0,2106889.0,0.463221934351376,1196120.0,0.2629796919137021,50208664.0,51853046.0,11.400443151077669,21251871.0,30601175.0,6.727993490366587,5.9821256647772865,5.9821256647772865,5115435.0,5115435.0,https://www.sec.gov/Archives/edgar/data/71557/000089710107000662/0000897101-07-000662-index.htm,https://www.sec.gov/Archives/edgar/data/71557/000089710107000662/newulm071315_10k.htm,1620595904,17:31:44,20210509
57,2006-09-30,NUVR,USD,2006-11-13,2006-11-13 14:21:52,Q3,4309989.0,1423533.0,2886456.0,0.6697130781540278,0.0,0.0,0.0,0.0,1836839.0,3260372.0,223083.0,1070298.0,2119915.0,0.4918608840997042,1049617.0,0.2435312479915842,2142244.0,2952715.0,0.6850864352554032,1186226.0,1766489.0,0.40985928270350575,0.35,0.35,5115435.0,5115435.0,https://www.sec.gov/Archives/edgar/data/71557/000089710106002348/0000897101-06-002348-index.htm,https://www.sec.gov/Archives/edgar/data/71557/000089710106002348/newulm064364_10q.htm,1620595904,17:31:44,20210509
58,2006-06-30,NUVR,USD,2006-08-09,2006-08-09 17:09:18,Q1,3979613.0,1459553.0,2520060.0,0.6332424786028189,0.0,0.0,0.0,0.0,2045398.0,3504951.0,223523.0,1136214.0,1610876.0,0.40478207303071934,474662.0,0.11927340673578059,1808625.0,2075558.0,0.5215476982309586,840576.0,1234982.0,0.31032715995248783,0.24,0.24,5115435.0,5115435.0,https://www.sec.gov/Archives/edgar/data/71557/000089710106001636/0000897101-06-001636-index.htm,https://www.sec.gov/Archives/edgar/data/71557/000089710106001636/newulm063155_10q.htm,1620595904,17:31:44,20210509
59,2006-03-31,NUVR,USD,2006-05-15,2006-05-15 13:19:16,Q1,4044296.0,1392930.0,2651366.0,0.6555815894781193,0.0,0.0,0.0,0.0,2585225.0,3978155.0,214737.0,1003392.0,1069533.0,0.26445467888601626,66141.0,0.016354144207051117,2064197.0,2535169.0,0.6268505074801647,1026610.0,1508559.0,0.37300904780461175,0.29,0.29,5115435.0,5115435.0,https://www.sec.gov/Archives/edgar/data/71557/000089710106001076/0000897101-06-001076-index.htm,https://www.sec.gov/Archives/edgar/data/71557/000089710106000675/newulm061370_10-k.htm,1620595904,17:31:44,20210509
60,2005-12-31,NUVR,USD,2006-03-30,2006-03-30 14:10:23,Q4,4646204.0,1486460.0,3159744.0,0.6800700098402911,0.0,0.0,0.0,0.0,1641143.0,3127603.0,205220.0,928881.0,2447482.0,0.5267702408245527,1518601.0,0.3268476803859667,1249022.0,2583235.0,0.5559882863516109,1210919.0,1372316.0,0.2953628381362506,0.2682696583965977,0.2682696583965977,5115435.0,5115435.0,https://www.sec.gov/Archives/edgar/data/71557/000089710106000675/0000897101-06-000675-index.htm,https://www.sec.gov/Archives/edgar/data/71557/000089710106000675/newulm061370_10-k.htm,1620595904,17:31:44,20210509
61,2005-09-30,NUVR,USD,2005-11-14,2005-11-14 09:21:23,Q1,4443309.0,1405595.0,3037714.0,0.6836603081172162,0.0,0.0,0.0,0.0,1943051.0,3348646.0,0.0,1060064.0,2154727.0,0.48493746439871727,1094663.0,0.24636211436116642,1486934.0,2378067.0,0.5352018056813065,923071.0,1454996.0,0.3274577572705387,0.28,0.28,5115435.0,5115435.0,https://www.sec.gov/Archives/edgar/data/71557/000089710105002392/0000897101-05-002392-index.htm,https://www.sec.gov/Archives/edgar/data/71557/000089710105002392/nutele054674_10q.htm,1620595904,17:31:44,20210509
62,2005-03-31,NUVR,USD,2005-05-16,2005-05-16 13:40:33,Q1,3913530.0,1362503.0,2551027.0,0.6518480757781339,0.0,0.0,0.0,0.0,1965446.0,3327949.0,182831.0,1074977.0,1660558.0,0.4243120660886719,585581.0,0.14962987379680237,1539689.0,1938240.0,0.49526642187488024,802690.0,1180550.0,0.3016586048912363,0.23,0.23,5115435.0,5115435.0,https://www.sec.gov/Archives/edgar/data/71557/000089710105001209/0000897101-05-001209-index.htm,https://www.sec.gov/Archives/edgar/data/71557/000089710105000801/nutele051484_10k.htm,1620595904,17:31:44,20210509
63,2004-12-31,NUVR,USD,2005-03-30,2005-03-30 10:00:39,Q4,3563025.0,2243875.0,1319150.0,0.3702331586222381,0.0,0.0,0.0,0.0,773432.0,3017307.0,163106.0,1073085.0,1618803.0,0.4543338876376113,545718.0,0.15316142884206538,740105.0,1131658.0,0.3176115800478526,498744.0,632914.0,0.1776338925491682,0.1237263302143415,0.1237263302143415,5115435.0,5115435.0,https://www.sec.gov/Archives/edgar/data/71557/000089710105000801/0000897101-05-000801-index.htm,https://www.sec.gov/Archives/edgar/data/71557/000089710105000801/nutele051484_10k.htm,1620595904,17:31:44,20210509
