,date,symbol,reportedCurrency,fillingDate,acceptedDate,period,revenue,costOfRevenue,grossProfit,grossProfitRatio,researchAndDevelopmentExpenses,generalAndAdministrativeExpenses,sellingAndMarketingExpenses,otherExpenses,operatingExpenses,costAndExpenses,interestExpense,depreciationAndAmortization,ebitda,ebitdaratio,operatingIncome,operatingIncomeRatio,totalOtherIncomeExpensesNet,incomeBeforeTax,incomeBeforeTaxRatio,incomeTaxExpense,netIncome,netIncomeRatio,eps,epsdiluted,weightedAverageShsOut,weightedAverageShsOutDil,link,finalLink,timestamp,est_time,est_date
0,2021-03-31,AK3.DE,USD,2021-03-31,2021-03-31,Q1,842708000.0,306687000.0,536021000.0,0.6360696706332443,82045000.0,116002000.0,116354000.0,-817000.0,346477000.0,653164000.0,17834000.0,20909000.0,210453000.0,0.2497341902533262,189544000.0,0.19970262534590866,-7997000.0,168291000.0,0.19970262534590866,11898000.0,155695000.0,0.18475557369812556,0.95,0.94,163061000,165688000,https://www.bundesanzeiger.de/pub/de/suche;wwwsid=627BFD7A56A5CB624C47FDDEAB2FC509.web07-pub?0,https://www.bundesanzeiger.de/pub/de/suche;wwwsid=627BFD7A56A5CB624C47FDDEAB2FC509.web07-pub?0,1620586425,14:53:45,20210509
1,2020-12-31,AK3.DE,USD,2020-12-31,2020-12-31,Q4,846287000.0,303847000.0,542440000.0,0.6409645900267876,67228000.0,137458000.0,140401000.0,5415000.0,376586000.0,680433000.0,17342000.0,21189000.0,187043000.0,0.2210160382943375,165854000.0,0.19597843284843086,-25822000.0,128960000.0,0.15238329313814344,4158000.0,113370000.0,0.13396164658088805,0.7,0.68,162798000,165879000,,,1620586425,14:53:45,20210509
2,2020-09-30,AK3.DE,USD,2020-09-30,2020-09-30,Q3,792845000.0,283439000.0,509406000.0,0.6425038942037851,66773000.0,108387000.0,122749000.0,-2158000.0,327176000.0,610615000.0,17324000.0,20554000.0,202784000.0,0.2557675207638315,182230000.0,0.22984315976010444,-3230000.0,167983000.0,0.21187369536290196,8801000.0,158623000.0,0.20006810915122122,0.97,0.95,162756999,166518999,https://www.bundesanzeiger.de/pub/de/suche;wwwsid=627BFD7A56A5CB624C47FDDEAB2FC509.web07-pub?0,https://www.bundesanzeiger.de/pub/de/suche;wwwsid=627BFD7A56A5CB624C47FDDEAB2FC509.web07-pub?0,1620586425,14:53:45,20210509
3,2020-06-30,AK3.DE,USD,2020-06-30,2020-06-30,Q2,794715000.0,276804000.0,517911000.0,0.6516940035106925,64090000.0,105825000.0,123469000.0,-1603000.0,327312000.0,604116000.0,17249000.0,20654000.0,211253000.0,0.2658223388258684,190599000.0,0.23983314773220588,-1773000.0,181079000.0,0.2278540105572438,18671000.0,161915000.0,0.20373970542899025,1.0,0.98,162412999,164767999,https://www.bundesanzeiger.de/pub/de/suche;wwwsid=627BFD7A56A5CB624C47FDDEAB2FC509.web07-pub?0,https://www.bundesanzeiger.de/pub/de/suche;wwwsid=627BFD7A56A5CB624C47FDDEAB2FC509.web07-pub?0,1620586425,14:53:45,20210509
4,2020-03-31,AK3.DE,USD,2020-03-31,2020-03-31,Q1,764302000.0,268582000.0,495720000.0,0.6485917870161272,71224000.0,104621000.0,123786000.0,-4108000.0,332729000.0,601311000.0,17205000.0,20465000.0,183456000.0,0.2400307731760482,162991000.0,0.21325470821743236,-14769000.0,138060000.0,0.18063540328299546,14292000.0,123146000.0,0.16112217421909142,0.76,0.75,161991999,163683999,https://www.bundesanzeiger.de/pub/de/suche;wwwsid=627BFD7A56A5CB624C47FDDEAB2FC509.web07-pub?0,https://www.bundesanzeiger.de/pub/de/suche;wwwsid=627BFD7A56A5CB624C47FDDEAB2FC509.web07-pub?0,1620586425,14:53:45,20210509
5,2019-12-31,AK3.DE,USD,2019-12-31,2019-12-31,Q4,772123000.0,257750000.0,514373000.0,0.6661801293317257,68898000.0,117447000.0,140243000.0,-609000.0,358051000.0,615801000.0,16675000.0,22167000.0,178489000.0,0.23116653693776767,156322000.0,0.20245738049507656,-21609000.0,129440000.0,0.1676416840322073,10632000.0,119100000.0,0.15425003529230447,0.74,0.73,161736999,163929999,https://www.bundesanzeiger.de/pub/de/suche;wwwsid=627BFD7A56A5CB624C47FDDEAB2FC509.web07-pub?0,https://www.bundesanzeiger.de/pub/de/suche;wwwsid=627BFD7A56A5CB624C47FDDEAB2FC509.web07-pub?0,1620586425,14:53:45,20210509
6,2019-09-30,AK3.DE,USD,2019-09-30,2019-09-30,Q3,709912000.0,246938000.0,462974000.0,0.6521568870507894,64887000.0,103105000.0,122258000.0,-752000.0,319766000.0,566704000.0,12127000.0,19269000.0,162477000.0,0.2288692119586653,143208000.0,0.20172641116081994,-671000.0,138318000.0,0.1948382334711908,-960000.0,137890000.0,0.19423534184518645,0.85,0.84,162444999,164557999,https://www.bundesanzeiger.de/pub/de/suche;wwwsid=627BFD7A56A5CB624C47FDDEAB2FC509.web07-pub?0,https://www.bundesanzeiger.de/pub/de/suche;wwwsid=627BFD7A56A5CB624C47FDDEAB2FC509.web07-pub?0,1620586425,14:53:45,20210509
7,2019-06-30,AK3.DE,USD,2019-06-30,2019-06-30,Q2,705074000.0,242193000.0,462881000.0,0.6564998851184415,61439000.0,99899000.0,135106000.0,-578000.0,325785000.0,567978000.0,8446000.0,18778000.0,155874000.0,0.22107466733988204,137096000.0,0.19444200183243177,-1892000.0,133168000.0,0.18887095538907972,19253000.0,113915000.0,0.16156460172974751,0.7,0.69,163406999,165018999,https://www.bundesanzeiger.de/pub/de/suche;wwwsid=627BFD7A56A5CB624C47FDDEAB2FC509.web07-pub?0,https://www.bundesanzeiger.de/pub/de/suche;wwwsid=627BFD7A56A5CB624C47FDDEAB2FC509.web07-pub?0,1620586425,14:53:45,20210509
8,2019-03-31,AK3.DE,USD,2019-03-31,2019-03-31,Q1,706508000.0,240743000.0,465765000.0,0.6592494352505562,66141000.0,103211000.0,126276000.0,511000.0,324400000.0,565143000.0,12116000.0,18373000.0,159738000.0,0.2260951043724912,141365000.0,0.2000897371296574,-6329000.0,131555000.0,0.1862045440391333,24425000.0,107130000.0,0.15163310252679374,0.66,0.65,163235999,164786999,https://www.bundesanzeiger.de/pub/de/suche;wwwsid=627BFD7A56A5CB624C47FDDEAB2FC509.web07-pub?0,https://www.bundesanzeiger.de/pub/de/suche;wwwsid=627BFD7A56A5CB624C47FDDEAB2FC509.web07-pub?0,1620586425,14:53:45,20210509
9,2018-12-31,AK3.DE,USD,2018-12-31,2018-12-31,Q4,713363000.0,243927000.0,469436000.0,0.658060482531334,60342000.0,107317000.0,137797000.0,59000.0,335100000.0,579027000.0,14582000.0,20273000.0,154609000.0,0.2167325751405666,134336000.0,0.18831366359062637,-13989000.0,113073000.0,0.15850695929001082,19058000.0,94015000.0,0.13179124793408126,0.58,0.57,162957999,164539999,https://www.bundesanzeiger.de/pub/de/suche;wwwsid=627BFD7A56A5CB624C47FDDEAB2FC509.web07-pub?0,https://www.bundesanzeiger.de/pub/de/suche;wwwsid=627BFD7A56A5CB624C47FDDEAB2FC509.web07-pub?0,1620586425,14:53:45,20210509
10,2018-09-30,AK3.DE,USD,2018-09-30,2018-09-30,Q3,669628000.0,239246000.0,430382000.0,0.6427180464377237,61049000.0,100284000.0,125323000.0,-459000.0,314248000.0,553494000.0,14566000.0,18646000.0,134780000.0,0.20127593230868482,116134000.0,0.17343062118071526,-56000.0,110770000.0,0.16542020345624736,3187000.0,107583000.0,0.16066084452860394,0.65,0.64,165923999,167899999,https://www.bundesanzeiger.de/pub/de/suche;wwwsid=627BFD7A56A5CB624C47FDDEAB2FC509.web07-pub?0,https://www.bundesanzeiger.de/pub/de/suche;wwwsid=627BFD7A56A5CB624C47FDDEAB2FC509.web07-pub?0,1620586425,14:53:45,20210509
11,2018-06-30,AK3.DE,USD,2018-06-30,2018-06-30,Q2,662759000.0,235487000.0,427272000.0,0.6446868318649766,59709000.0,148079000.0,131680000.0,-2769000.0,369389000.0,604876000.0,9204000.0,21207000.0,79090000.0,0.1193344790489454,57883000.0,0.08733642244013284,-3535000.0,51553000.0,0.07778543935276624,8492000.0,43061000.0,0.06497233534361661,0.2529280484753483,0.24990859483310948,170249999,172306999,https://www.bundesanzeiger.de/pub/de/suche;wwwsid=627BFD7A56A5CB624C47FDDEAB2FC509.web07-pub?0,https://www.bundesanzeiger.de/pub/de/suche;wwwsid=627BFD7A56A5CB624C47FDDEAB2FC509.web07-pub?0,1620586425,14:53:45,20210509
12,2018-03-31,AK3.DE,USD,2018-03-31,2018-03-31,Q1,668724000.0,234825000.0,433899000.0,0.6488461607479319,65065000.0,109742000.0,122553000.0,21000.0,326200000.0,561025000.0,4850000.0,19888000.0,127587000.0,0.19079171676207224,107699000.0,0.1610514950861641,-39121000.0,67693000.0,0.10122711312888426,13979000.0,53714000.0,0.08032312284290678,0.32,0.31,170115999,172003999,https://www.bundesanzeiger.de/pub/de/suche;wwwsid=627BFD7A56A5CB624C47FDDEAB2FC509.web07-pub?0,https://www.bundesanzeiger.de/pub/de/suche;wwwsid=627BFD7A56A5CB624C47FDDEAB2FC509.web07-pub?0,1620586425,14:53:45,20210509
13,2017-12-31,AK3.DE,USD,2017-12-31,2017-12-31,Q4,663452000.0,229937000.0,433515000.0,0.6534233071872569,59673000.0,106895000.0,140414000.0,473000.0,335461000.0,565398000.0,4850000.0,19845000.0,117899000.0,0.17770539541669933,98054000.0,0.14779366103350355,-69678000.0,28013000.0,0.04222309978717375,8906000.0,19107000.0,0.02879937056486377,0.11277290258912526,0.11191551489755876,169428999,170726999,https://www.bundesanzeiger.de/pub/de/suche;wwwsid=627BFD7A56A5CB624C47FDDEAB2FC509.web07-pub?0,https://www.bundesanzeiger.de/pub/de/suche;wwwsid=627BFD7A56A5CB624C47FDDEAB2FC509.web07-pub?0,1620586425,14:53:45,20210509
14,2017-09-30,AK3.DE,USD,2017-09-30,2017-09-30,Q3,621399000.0,225468000.0,395931000.0,0.6371606648868119,57226000.0,102565000.0,120220000.0,535000.0,308949000.0,534417000.0,4746000.0,19686000.0,106668000.0,0.17165782371712862,86982000.0,0.13997769549033712,-570000.0,86129000.0,0.1386049864901617,25617000.0,60512000.0,0.09738026614140029,0.35392102022459887,0.3528293656326601,170975999,171504999,https://www.bundesanzeiger.de/pub/de/suche;wwwsid=627BFD7A56A5CB624C47FDDEAB2FC509.web07-pub?0,https://www.bundesanzeiger.de/pub/de/suche;wwwsid=627BFD7A56A5CB624C47FDDEAB2FC509.web07-pub?0,1620586425,14:53:45,20210509
15,2017-06-30,AK3.DE,USD,2017-06-30,2017-06-30,Q2,608908000.0,214650000.0,394258000.0,0.6474836921176926,53373000.0,101640000.0,119432000.0,563000.0,301019000.0,515669000.0,4646000.0,18069000.0,111308000.0,0.18279937199051416,93239000.0,0.15312493841434174,-5465000.0,87409000.0,0.1435504214101309,29637000.0,57772000.0,0.09487804397380228,0.33457266487469256,0.33309694090197095,172673999,173438999,https://www.bundesanzeiger.de/pub/de/suche;wwwsid=627BFD7A56A5CB624C47FDDEAB2FC509.web07-pub?0,https://www.bundesanzeiger.de/pub/de/suche;wwwsid=627BFD7A56A5CB624C47FDDEAB2FC509.web07-pub?0,1620586425,14:53:45,20210509
16,2017-03-31,AK3.DE,USD,2017-03-31,2017-03-31,Q1,609237000.0,205703000.0,403534000.0,0.6623596400087323,52162000.0,96537000.0,113566000.0,-684000.0,288515000.0,494218000.0,4597000.0,18528000.0,133547000.0,0.21920369248748844,115019000.0,0.1887918823052441,-475000.0,114571000.0,0.1880565362904748,33641000.0,80930000.0,0.13283828789124758,0.47,0.46,173157999,175170999,https://www.bundesanzeiger.de/pub/de/suche;wwwsid=627BFD7A56A5CB624C47FDDEAB2FC509.web07-pub?0,https://www.bundesanzeiger.de/pub/de/suche;wwwsid=627BFD7A56A5CB624C47FDDEAB2FC509.web07-pub?0,1620586425,14:53:45,20210509
17,2016-12-31,AK3.DE,USD,2016-12-31,2016-12-31,Q4,616124000.0,203475000.0,412649000.0,0.6697499204705546,46755000.0,98409000.0,118907000.0,2784000.0,288516000.0,491991000.0,4680000.0,17699000.0,141832000.0,0.2302004142023359,124133000.0,0.20147405392421006,2181000.0,125814000.0,0.20420240081542027,34175000.0,91639000.0,0.14873467029364218,0.53,0.52,173336999,175283999,https://www.bundesanzeiger.de/pub/de/suche;wwwsid=627BFD7A56A5CB624C47FDDEAB2FC509.web07-pub?0,https://www.bundesanzeiger.de/pub/de/suche;wwwsid=627BFD7A56A5CB624C47FDDEAB2FC509.web07-pub?0,1620586425,14:53:45,20210509
18,2016-09-30,AK3.DE,USD,2016-09-30,2016-09-30,Q3,584065000.0,204467000.0,379598000.0,0.6499242378844821,42341000.0,96118000.0,102626000.0,778000.0,264649000.0,469116000.0,4666000.0,16688000.0,131637000.0,0.2253807367330691,114949000.0,0.1968085743881246,-2406000.0,111686000.0,0.19122186742913888,35686000.0,76000000.0,0.1301225034884816,0.44,0.43,174428999,175616999,https://www.bundesanzeiger.de/pub/de/suche;wwwsid=627BFD7A56A5CB624C47FDDEAB2FC509.web07-pub?0,https://www.bundesanzeiger.de/pub/de/suche;wwwsid=627BFD7A56A5CB624C47FDDEAB2FC509.web07-pub?0,1620586425,14:53:45,20210509
19,2016-06-30,AK3.DE,USD,2016-06-30,2016-06-30,Q2,572135000.0,206323000.0,365812000.0,0.63938056577556,37690000.0,90880000.0,103223000.0,415000.0,254810000.0,461133000.0,4639000.0,15964000.0,126966000.0,0.22191615615195714,111002000.0,0.19401365062441556,-407000.0,109349000.0,0.1911244723710313,35714000.0,73635000.0,0.12870214197698096,0.4195750427043746,0.4173846526322676,175498999,176419999,https://www.bundesanzeiger.de/pub/de/suche;wwwsid=627BFD7A56A5CB624C47FDDEAB2FC509.web07-pub?0,https://www.bundesanzeiger.de/pub/de/suche;wwwsid=627BFD7A56A5CB624C47FDDEAB2FC509.web07-pub?0,1620586425,14:53:45,20210509
20,2016-03-31,AK3.DE,USD,2016-03-31,2016-03-31,Q1,567725000.0,194736000.0,372989000.0,0.6569888590426703,40842000.0,86330000.0,102211000.0,-189000.0,252014000.0,446750000.0,4653000.0,15429000.0,136404000.0,0.24026421242679113,120975000.0,0.21308732220705448,-7045000.0,112597000.0,0.19833017746268,37739000.0,74858000.0,0.13185609229820777,0.4243578648002464,0.421642571049981,176402999,177538999,https://www.bundesanzeiger.de/pub/de/suche;wwwsid=627BFD7A56A5CB624C47FDDEAB2FC509.web07-pub?0,https://www.bundesanzeiger.de/pub/de/suche;wwwsid=627BFD7A56A5CB624C47FDDEAB2FC509.web07-pub?0,1620586425,14:53:45,20210509
21,2015-12-31,AK3.DE,USD,2015-12-31,2015-12-31,Q4,579159000.0,193212000.0,385947000.0,0.6663921306584202,37674000.0,83581000.0,118582000.0,-499000.0,262319000.0,455531000.0,17312000.0,15094000.0,138722000.0,0.23952317066643183,123628000.0,0.2134612429401943,-1447000.0,120475000.0,0.20801714209742056,32055000.0,88420000.0,0.15266964685000148,0.5,0.49,177787999,179731999,https://www.bundesanzeiger.de/pub/de/suche;wwwsid=627BFD7A56A5CB624C47FDDEAB2FC509.web07-pub?0,https://www.bundesanzeiger.de/pub/de/suche;wwwsid=627BFD7A56A5CB624C47FDDEAB2FC509.web07-pub?0,1620586425,14:53:45,20210509
22,2015-09-30,AK3.DE,USD,2015-09-30,2015-09-30,Q3,551030000.0,183204000.0,367826000.0,0.6675244542039453,38396000.0,84402000.0,107426000.0,204000.0,251865000.0,435069000.0,-251000.0,14114000.0,130075000.0,0.23605792788051466,115961000.0,0.210444077454948,-68000.0,113986000.0,0.20685988058726384,25946000.0,88040000.0,0.15977351505362686,0.4930914576727218,0.48812401858532756,178546999,180363999,https://www.bundesanzeiger.de/pub/de/suche;wwwsid=627BFD7A56A5CB624C47FDDEAB2FC509.web07-pub?0,https://www.bundesanzeiger.de/pub/de/suche;wwwsid=627BFD7A56A5CB624C47FDDEAB2FC509.web07-pub?0,1620586425,14:53:45,20210509
23,2015-06-30,AK3.DE,USD,2015-06-30,2015-06-30,Q2,540723000.0,179910000.0,360813000.0,0.6672788100376718,36693000.0,85099000.0,111501000.0,-1605000.0,254010000.0,433920000.0,-160000.0,13620000.0,120423000.0,0.22270737512552638,106803000.0,0.1975188775028989,-2148000.0,102518000.0,0.1895943024432103,35318000.0,67200000.0,0.12427804994424133,0.38,0.37,178681999,180737999,https://www.bundesanzeiger.de/pub/de/suche;wwwsid=627BFD7A56A5CB624C47FDDEAB2FC509.web07-pub?0,https://www.bundesanzeiger.de/pub/de/suche;wwwsid=627BFD7A56A5CB624C47FDDEAB2FC509.web07-pub?0,1620586425,14:53:45,20210509
24,2015-03-31,AK3.DE,USD,2015-03-31,2015-03-31,Q1,526536000.0,169294000.0,357242000.0,0.6784759256726985,35828000.0,77150000.0,103479000.0,-301000.0,234961000.0,404255000.0,-220000.0,11733000.0,134014000.0,0.25452010878648373,122281000.0,0.23223673215126792,-1061000.0,119645000.0,0.2272304267894313,41899000.0,77746000.0,0.14765562088822037,0.44,0.43,178544999,180824999,https://www.bundesanzeiger.de/pub/de/suche;wwwsid=627BFD7A56A5CB624C47FDDEAB2FC509.web07-pub?0,https://www.bundesanzeiger.de/pub/de/suche;wwwsid=627BFD7A56A5CB624C47FDDEAB2FC509.web07-pub?0,1620586425,14:53:45,20210509
25,2014-12-31,AK3.DE,USD,2014-12-31,2014-12-31,Q4,536295000.0,163201000.0,373094000.0,0.6956880075331674,32417000.0,74429000.0,110293000.0,8000.0,236937000.0,400138000.0,14366000.0,11121000.0,147278000.0,0.27462124390494036,136157000.0,0.25388452251093147,-67000.0,133857000.0,0.24959583811148714,36750000.0,97107000.0,0.18107011998993092,0.55,0.54,178143999,180909999,https://www.bundesanzeiger.de/pub/de/suche;wwwsid=627BFD7A56A5CB624C47FDDEAB2FC509.web07-pub?0,https://www.bundesanzeiger.de/pub/de/suche;wwwsid=627BFD7A56A5CB624C47FDDEAB2FC509.web07-pub?0,1620586425,14:53:45,20210509
26,2014-09-30,AK3.DE,USD,2014-09-30,2014-09-30,Q3,498042000.0,158812000.0,339230000.0,0.681127294485204,32583000.0,70238000.0,96215000.0,-188000.0,219106000.0,377918000.0,-230000.0,10883000.0,131007000.0,0.2630440806197068,120124000.0,0.24119250986864563,-73000.0,117579000.0,0.2360824990663438,26424000.0,91155000.0,0.18302673268519523,0.51,0.5,178185999,180954999,https://www.bundesanzeiger.de/pub/de/suche;wwwsid=627BFD7A56A5CB624C47FDDEAB2FC509.web07-pub?0,https://www.bundesanzeiger.de/pub/de/suche;wwwsid=627BFD7A56A5CB624C47FDDEAB2FC509.web07-pub?0,1620586425,14:53:45,20210509
27,2014-06-30,AK3.DE,USD,2014-06-30,2014-06-30,Q2,476035000.0,149318000.0,326717000.0,0.6863297866753495,32052000.0,71286000.0,91462000.0,-899000.0,213353000.0,362671000.0,-155000.0,9876000.0,123240000.0,0.2588885271040995,113364000.0,0.23814215341308936,-1912000.0,108676000.0,0.22829413803606877,35790000.0,72886000.0,0.15311059060783347,0.41,0.4,178080999,180840999,https://www.bundesanzeiger.de/pub/de/suche;wwwsid=627BFD7A56A5CB624C47FDDEAB2FC509.web07-pub?0,https://www.bundesanzeiger.de/pub/de/suche;wwwsid=627BFD7A56A5CB624C47FDDEAB2FC509.web07-pub?0,1620586425,14:53:45,20210509
28,2014-03-31,AK3.DE,USD,2014-03-31,2014-03-31,Q1,453502000.0,139612000.0,313890000.0,0.6921468924062076,28234000.0,64699000.0,81065000.0,-881000.0,188916000.0,328528000.0,-49000.0,8173000.0,133147000.0,0.2935973821504646,124974000.0,0.2755754109132926,-5008000.0,119664000.0,0.26386653201088417,46864000.0,72800000.0,0.1605285092458247,0.41,0.4,178704999,182037999,https://www.bundesanzeiger.de/pub/de/suche;wwwsid=627BFD7A56A5CB624C47FDDEAB2FC509.web07-pub?0,https://www.bundesanzeiger.de/pub/de/suche;wwwsid=627BFD7A56A5CB624C47FDDEAB2FC509.web07-pub?0,1620586425,14:53:45,20210509
29,2013-12-31,AK3.DE,USD,2013-12-31,2013-12-31,Q4,435980000.0,133987000.0,301993000.0,0.6926762695536492,26520000.0,62410000.0,82054000.0,-395000.0,184044000.0,318031000.0,0.0,8091000.0,126040000.0,0.2890958300839488,117949000.0,0.2705376393412542,-2589000.0,116895000.0,0.2681200972521675,36546000.0,80349000.0,0.18429515115372264,0.45,0.44,178757999,182257999,https://www.bundesanzeiger.de/pub/de/suche;wwwsid=627BFD7A56A5CB624C47FDDEAB2FC509.web07-pub?0,https://www.bundesanzeiger.de/pub/de/suche;wwwsid=627BFD7A56A5CB624C47FDDEAB2FC509.web07-pub?0,1620586425,14:53:45,20210509
30,2013-09-30,AK3.DE,USD,2013-09-30,2013-09-30,Q3,395790000.0,132000000.0,263790000.0,0.6664898051997271,24857000.0,58300000.0,67811000.0,-305000.0,162827000.0,294827000.0,0.0,7100000.0,108063000.0,0.27303115288410523,100963000.0,0.25509234695166627,-1674000.0,100674000.0,0.25436216175244447,20918000.0,79756000.0,0.20151090224614063,0.45,0.44,178234999,181921999,https://www.bundesanzeiger.de/pub/de/suche;wwwsid=627BFD7A56A5CB624C47FDDEAB2FC509.web07-pub?0,https://www.bundesanzeiger.de/pub/de/suche;wwwsid=627BFD7A56A5CB624C47FDDEAB2FC509.web07-pub?0,1620586425,14:53:45,20210509
31,2013-06-30,AK3.DE,USD,2013-06-30,2013-06-30,Q2,378106000.0,124700000.0,253406000.0,0.6701983041792513,20597000.0,54700000.0,67825000.0,341000.0,156656000.0,281356000.0,0.0,6200000.0,102950000.0,0.27227814422410646,96750000.0,0.25588062606782225,1081000.0,99321000.0,0.2626803065806943,37426000.0,61895000.0,0.16369748165858253,0.35,0.34,177890999,181387999,https://www.bundesanzeiger.de/pub/de/suche;wwwsid=627BFD7A56A5CB624C47FDDEAB2FC509.web07-pub?0,https://www.bundesanzeiger.de/pub/de/suche;wwwsid=627BFD7A56A5CB624C47FDDEAB2FC509.web07-pub?0,1620586425,14:53:45,20210509
32,2013-03-31,AK3.DE,USD,2013-03-31,2013-03-31,Q1,368046000.0,120400000.0,247646000.0,0.6728669785841987,21905000.0,55380000.0,62690000.0,-132000.0,146035000.0,266435000.0,0.0,42375000.0,143986000.0,0.3912174021725545,101611000.0,0.2760823375338952,-511000.0,102664000.0,0.278943392945447,31177000.0,71487000.0,0.19423387293979558,0.4,0.39,177898999,181561999,https://www.bundesanzeiger.de/pub/de/suche;wwwsid=627BFD7A56A5CB624C47FDDEAB2FC509.web07-pub?0,https://www.bundesanzeiger.de/pub/de/suche;wwwsid=627BFD7A56A5CB624C47FDDEAB2FC509.web07-pub?0,1620586425,14:53:45,20210509
33,2012-12-31,AK3.DE,USD,2012-12-31,2012-12-31,Q4,377872000.0,111882000.0,265990000.0,0.7039156116356862,20371000.0,58819000.0,85308000.0,200000.0,169849000.0,281731000.0,0.0,54960000.0,151101000.0,0.3998735021382902,96141000.0,0.2544274251598425,-191000.0,97528000.0,0.2580979802684507,29236000.0,68292000.0,0.18072786552059958,0.3847891884943525,0.3757096979430356,177478999,181767999,https://www.bundesanzeiger.de/pub/de/suche;wwwsid=627BFD7A56A5CB624C47FDDEAB2FC509.web07-pub?0,https://www.bundesanzeiger.de/pub/de/suche;wwwsid=627BFD7A56A5CB624C47FDDEAB2FC509.web07-pub?0,1620586425,14:53:45,20210509
34,2012-09-30,AK3.DE,USD,2012-09-30,2012-09-30,Q3,345321000.0,109995000.0,235326000.0,0.6814702841703806,19351000.0,54511000.0,75924000.0,0.0,155167000.0,265162000.0,0.0,53457000.0,133616000.0,0.3869327379452741,80159000.0,0.23212894669018103,-216000.0,81511000.0,0.23604414443372979,33280000.0,48231000.0,0.13967004613099115,0.2717928504228838,0.266391610558188,177454999,181052999,https://www.bundesanzeiger.de/pub/de/suche;wwwsid=627BFD7A56A5CB624C47FDDEAB2FC509.web07-pub?0,https://www.bundesanzeiger.de/pub/de/suche;wwwsid=627BFD7A56A5CB624C47FDDEAB2FC509.web07-pub?0,1620586425,14:53:45,20210509
35,2012-06-30,AK3.DE,USD,2012-06-30,2012-06-30,Q2,331306000.0,107457000.0,223849000.0,0.675656341871261,17542000.0,57997000.0,75882000.0,0.0,156884000.0,264341000.0,0.0,50112000.0,117077000.0,0.3533802587336179,66965000.0,0.20212432011493905,1181000.0,69768000.0,0.21058477661135022,25529000.0,44239000.0,0.13352912413297677,0.25,0.24,178546999,181816999,https://www.bundesanzeiger.de/pub/de/suche;wwwsid=627BFD7A56A5CB624C47FDDEAB2FC509.web07-pub?0,https://www.bundesanzeiger.de/pub/de/suche;wwwsid=627BFD7A56A5CB624C47FDDEAB2FC509.web07-pub?0,1620586425,14:53:45,20210509
36,2012-03-31,AK3.DE,USD,2012-03-31,2012-03-31,Q1,319448000.0,102566000.0,216882000.0,0.6789273997645939,17480000.0,55706000.0,67290000.0,0.0,145243000.0,247809000.0,0.0,45634000.0,117273000.0,0.36711139215146127,71639000.0,0.22425872129423255,-488000.0,72784000.0,0.22784302922541383,29557000.0,43227000.0,0.13531779820189827,0.24268470830162087,0.23706551555355054,178119999,182341999,https://www.bundesanzeiger.de/pub/de/suche;wwwsid=627BFD7A56A5CB624C47FDDEAB2FC509.web07-pub?0,https://www.bundesanzeiger.de/pub/de/suche;wwwsid=627BFD7A56A5CB624C47FDDEAB2FC509.web07-pub?0,1620586425,14:53:45,20210509
37,2011-12-31,AK3.DE,USD,2011-12-31,2011-12-31,Q4,323740000.0,102544000.0,221196000.0,0.6832519923395317,15191000.0,51016000.0,66609000.0,0.0,137132000.0,239676000.0,0.0,43650000.0,127714000.0,0.39449558287514674,84064000.0,0.2596651634027306,2095000.0,88154000.0,0.2722987582628035,28073000.0,60081000.0,0.18558411070612219,0.34,0.33,178915999,182955999,https://www.bundesanzeiger.de/pub/de/suche;wwwsid=627BFD7A56A5CB624C47FDDEAB2FC509.web07-pub?0,https://www.bundesanzeiger.de/pub/de/suche;wwwsid=627BFD7A56A5CB624C47FDDEAB2FC509.web07-pub?0,1620586425,14:53:45,20210509
38,2011-09-30,AK3.DE,USD,2011-09-30,2011-09-30,Q3,281856000.0,93284000.0,188572000.0,0.6690366712079927,13542000.0,50834000.0,54520000.0,0.0,123081000.0,216365000.0,0.0,41761000.0,107252000.0,0.3805205495004541,65491000.0,0.23235623864668484,-47000.0,68147000.0,0.24177949023614895,25862000.0,42285000.0,0.15002341621253407,0.23095829931976022,0.2277010739009449,183084999,185703999,https://www.bundesanzeiger.de/pub/de/suche;wwwsid=627BFD7A56A5CB624C47FDDEAB2FC509.web07-pub?0,https://www.bundesanzeiger.de/pub/de/suche;wwwsid=627BFD7A56A5CB624C47FDDEAB2FC509.web07-pub?0,1620586425,14:53:45,20210509
39,2011-06-30,AK3.DE,USD,2011-06-30,2011-06-30,Q2,276989000.0,89647000.0,187342000.0,0.6763517684817809,11006000.0,45975000.0,52837000.0,0.0,114110000.0,203757000.0,0.0,41333000.0,114565000.0,0.41360848264732536,73232000.0,0.2643859503445985,-32000.0,76221000.0,0.2751769925881533,28300000.0,47921000.0,0.17300687030892922,0.26,0.25,186611999,190178999,https://www.bundesanzeiger.de/pub/de/suche;wwwsid=627BFD7A56A5CB624C47FDDEAB2FC509.web07-pub?0,https://www.bundesanzeiger.de/pub/de/suche;wwwsid=627BFD7A56A5CB624C47FDDEAB2FC509.web07-pub?0,1620586425,14:53:45,20210509
40,2011-03-31,AK3.DE,USD,2011-03-31,2011-03-31,Q1,275953000.0,89068000.0,186885000.0,0.6772348914489061,12594000.0,43901000.0,53365000.0,0.0,114137000.0,203205000.0,0.0,41134000.0,113882000.0,0.4126862183052911,72748000.0,0.26362460274032173,-1026000.0,74673000.0,0.2706004283338105,24056000.0,50617000.0,0.18342616315097135,0.27,0.26,186848999,191382999,https://www.bundesanzeiger.de/pub/de/suche;wwwsid=627BFD7A56A5CB624C47FDDEAB2FC509.web07-pub?0,https://www.bundesanzeiger.de/pub/de/suche;wwwsid=627BFD7A56A5CB624C47FDDEAB2FC509.web07-pub?0,1620586425,14:53:45,20210509
41,2010-12-31,AK3.DE,USD,2010-12-31,2010-12-31,Q4,284688000.0,86277000.0,198411000.0,0.6969419153599731,13775000.0,41793000.0,66230000.0,0.0,126065000.0,212342000.0,148000.0,39129000.0,111475000.0,0.3915690159051312,72346000.0,0.25412381273534534,-1055000.0,73985000.0,0.25988099252515034,21475000.0,52510000.0,0.18444753554768728,0.3226282145937085,0.3226282145937085,162756999,162756999,https://www.bundesanzeiger.de/pub/de/suche;wwwsid=627BFD7A56A5CB624C47FDDEAB2FC509.web07-pub?0,https://www.bundesanzeiger.de/pub/de/suche;wwwsid=627BFD7A56A5CB624C47FDDEAB2FC509.web07-pub?0,1620586425,14:53:45,20210509
42,2010-09-30,AK3.DE,USD,2010-09-30,2010-09-30,Q3,253551000.0,77812000.0,175739000.0,0.6931110506367555,14235000.0,42729000.0,55603000.0,0.0,116697000.0,194509000.0,222000.0,36479000.0,95521000.0,0.37673288608603395,59042000.0,0.23286045016584433,-1317000.0,60312000.0,0.23786930440029816,20603000.0,39709000.0,0.15661149039049344,0.22,0.21,181456999,191270999,https://www.bundesanzeiger.de/pub/de/suche;wwwsid=627BFD7A56A5CB624C47FDDEAB2FC509.web07-pub?0,https://www.bundesanzeiger.de/pub/de/suche;wwwsid=627BFD7A56A5CB624C47FDDEAB2FC509.web07-pub?0,1620586425,14:53:45,20210509
43,2010-06-30,AK3.DE,USD,2010-06-30,2010-06-30,Q2,245318000.0,71840000.0,173478000.0,0.7071556102691201,13577000.0,43707000.0,55203000.0,0.0,116639000.0,188479000.0,618000.0,34674000.0,91513000.0,0.3730382605434579,56839000.0,0.23169518747095608,-45000.0,59438000.0,0.24228959962171548,21315000.0,38123000.0,0.155402375691959,0.22,0.2,173316999,190478999,https://www.bundesanzeiger.de/pub/de/suche;wwwsid=627BFD7A56A5CB624C47FDDEAB2FC509.web07-pub?0,https://www.bundesanzeiger.de/pub/de/suche;wwwsid=627BFD7A56A5CB624C47FDDEAB2FC509.web07-pub?0,1620586425,14:53:45,20210509
44,2010-03-31,AK3.DE,USD,2010-03-31,2010-03-31,Q1,240029000.0,67474000.0,172555000.0,0.7188923005136879,13179000.0,39550000.0,49668000.0,0.0,106505000.0,173979000.0,709000.0,32960000.0,99010000.0,0.41249182390461153,66050000.0,0.27517508301080285,46000.0,68637000.0,0.28595294735219495,27759000.0,40878000.0,0.17030442154906283,0.24,0.22,171100999,189012999,https://www.bundesanzeiger.de/pub/de/suche;wwwsid=627BFD7A56A5CB624C47FDDEAB2FC509.web07-pub?0,https://www.bundesanzeiger.de/pub/de/suche;wwwsid=627BFD7A56A5CB624C47FDDEAB2FC509.web07-pub?0,1620586425,14:53:45,20210509
45,2009-12-31,AK3.DE,USD,2009-12-31,2009-12-31,Q4,238305000.0,67580000.0,170725000.0,0.716413839407482,12520000.0,40233000.0,51608000.0,0.0,108503000.0,176083000.0,709000.0,32573000.0,94795000.0,0.39778854828895743,62222000.0,0.2611023688130757,-354000.0,64569000.0,0.2709510920878706,24489000.0,40080000.0,0.16818782652483164,0.24625669093345717,0.24625669093345717,162756999,162756999,https://www.bundesanzeiger.de/pub/de/suche;wwwsid=627BFD7A56A5CB624C47FDDEAB2FC509.web07-pub?0,https://www.bundesanzeiger.de/pub/de/suche;wwwsid=627BFD7A56A5CB624C47FDDEAB2FC509.web07-pub?0,1620586425,14:53:45,20210509
46,2009-09-30,AK3.DE,USD,2009-09-30,2009-09-30,Q3,206500000.0,61987000.0,144513000.0,0.6998208232445521,10904000.0,34655000.0,44106000.0,0.0,93768000.0,155755000.0,710000.0,31565000.0,82310000.0,0.3985956416464891,50745000.0,0.24573849878934625,-576000.0,52893000.0,0.25614043583535107,20148000.0,32745000.0,0.15857142857142856,0.19,0.18,171685999,188272999,https://www.bundesanzeiger.de/pub/de/suche;wwwsid=627BFD7A56A5CB624C47FDDEAB2FC509.web07-pub?0,https://www.bundesanzeiger.de/pub/de/suche;wwwsid=627BFD7A56A5CB624C47FDDEAB2FC509.web07-pub?0,1620586425,14:53:45,20210509
47,2009-06-30,AK3.DE,USD,2009-06-30,2009-06-30,Q2,204600000.0,60009000.0,144591000.0,0.7067008797653959,9378000.0,35144000.0,41437000.0,0.0,90197000.0,150206000.0,710000.0,29678000.0,84072000.0,0.4109090909090909,54394000.0,0.2658553274682307,289000.0,58032000.0,0.28363636363636363,22025000.0,36007000.0,0.17598729227761487,0.21,0.19,172560999,189555999,https://www.bundesanzeiger.de/pub/de/suche;wwwsid=627BFD7A56A5CB624C47FDDEAB2FC509.web07-pub?0,https://www.bundesanzeiger.de/pub/de/suche;wwwsid=627BFD7A56A5CB624C47FDDEAB2FC509.web07-pub?0,1620586425,14:53:45,20210509
48,2009-03-31,AK3.DE,USD,2009-03-31,2009-03-31,Q1,210368000.0,60362000.0,150006000.0,0.713064724672954,10856000.0,36068000.0,42270000.0,0.0,93433000.0,153795000.0,710000.0,28678000.0,85251000.0,0.4052469957407971,56573000.0,0.2689239808335869,1135000.0,61738000.0,0.29347619409796166,24657000.0,37081000.0,0.1762673030118649,0.22,0.2,170518999,188182999,https://www.bundesanzeiger.de/pub/de/suche;wwwsid=627BFD7A56A5CB624C47FDDEAB2FC509.web07-pub?0,https://www.bundesanzeiger.de/pub/de/suche;wwwsid=627BFD7A56A5CB624C47FDDEAB2FC509.web07-pub?0,1620586425,14:53:45,20210509
49,2008-12-31,AK3.DE,USD,2008-12-31,2008-12-31,Q4,212554000.0,60688000.0,151866000.0,0.7144819669354611,10477000.0,80389000.0,0.0,0.0,94517000.0,155205000.0,0.0,27452000.0,84801000.0,0.3989621460899348,57349000.0,0.2698090838092908,-2138000.0,60073000.0,0.28262465067700443,19540000.0,40533000.0,0.19069507042916153,0.24903998137739072,0.24903998137739072,162756999,162756999,https://www.bundesanzeiger.de/pub/de/suche;wwwsid=627BFD7A56A5CB624C47FDDEAB2FC509.web07-pub?0,https://www.bundesanzeiger.de/pub/de/suche;wwwsid=627BFD7A56A5CB624C47FDDEAB2FC509.web07-pub?0,1620586425,14:53:45,20210509
50,2008-09-30,AK3.DE,USD,2008-09-30,2008-09-30,Q3,197347000.0,56659000.0,140688000.0,0.7128965730413941,9943000.0,75803000.0,0.0,0.0,88919000.0,145578000.0,0.0,24150000.0,75919000.0,0.3846980192250199,51769000.0,0.26232473764485903,155000.0,56918000.0,0.2884158360654076,23558000.0,33360000.0,0.16904234672936502,0.2,0.18,168473999,187768999,https://www.bundesanzeiger.de/pub/de/suche;wwwsid=627BFD7A56A5CB624C47FDDEAB2FC509.web07-pub?0,https://www.bundesanzeiger.de/pub/de/suche;wwwsid=627BFD7A56A5CB624C47FDDEAB2FC509.web07-pub?0,1620586425,14:53:45,20210509
51,2008-06-30,AK3.DE,USD,2008-06-30,2008-06-30,Q2,194004000.0,53688000.0,140316000.0,0.7232634378672604,9519000.0,74991000.0,0.0,0.0,88001000.0,141689000.0,0.0,23621000.0,75936000.0,0.39141461000804106,52315000.0,0.2696593884662172,-906000.0,56189000.0,0.28962804890620814,21855000.0,34334000.0,0.17697573245912454,0.21,0.19,167416999,187640999,https://www.bundesanzeiger.de/pub/de/suche;wwwsid=627BFD7A56A5CB624C47FDDEAB2FC509.web07-pub?0,https://www.bundesanzeiger.de/pub/de/suche;wwwsid=627BFD7A56A5CB624C47FDDEAB2FC509.web07-pub?0,1620586425,14:53:45,20210509
52,2008-03-31,AK3.DE,USD,2008-03-31,2008-03-31,Q1,187019000.0,51575000.0,135444000.0,0.7242258807928607,9304000.0,69210000.0,0.0,0.0,82104000.0,133679000.0,0.0,22857000.0,76197000.0,0.4074291916864062,53340000.0,0.2852116629861137,684000.0,61355000.0,0.3280682711382266,24444000.0,36911000.0,0.19736497361230676,0.22,0.2,165958999,185743999,https://www.bundesanzeiger.de/pub/de/suche;wwwsid=627BFD7A56A5CB624C47FDDEAB2FC509.web07-pub?0,https://www.bundesanzeiger.de/pub/de/suche;wwwsid=627BFD7A56A5CB624C47FDDEAB2FC509.web07-pub?0,1620586425,14:53:45,20210509
53,2007-12-31,AK3.DE,USD,2007-12-31,2007-12-31,Q4,183238000.0,49394000.0,133844000.0,0.7304380095831651,10466000.0,69497000.0,0.0,0.0,82798000.0,132192000.0,0.0,20436000.0,71482000.0,0.3901046726115762,51046000.0,0.27857758761828877,53000.0,57940000.0,0.31620078804614765,22062000.0,35878000.0,0.19579999781704668,0.22043906081114215,0.22043906081114215,162756999,162756999,https://www.bundesanzeiger.de/pub/de/suche;wwwsid=627BFD7A56A5CB624C47FDDEAB2FC509.web07-pub?0,https://www.bundesanzeiger.de/pub/de/suche;wwwsid=627BFD7A56A5CB624C47FDDEAB2FC509.web07-pub?0,1620586425,14:53:45,20210509
54,2007-09-30,AK3.DE,USD,2007-09-30,2007-09-30,Q3,161240000.0,43811000.0,117429000.0,0.7282870255519722,11408000.0,67415000.0,0.0,0.0,81658000.0,125469000.0,0.0,19452000.0,55223000.0,0.3424894567104937,35771000.0,0.22184941701810965,1272000.0,42956000.0,0.2664103200198462,18692000.0,24264000.0,0.15048375093029026,0.15,0.13,165473999,185105999,https://www.bundesanzeiger.de/pub/de/suche;wwwsid=627BFD7A56A5CB624C47FDDEAB2FC509.web07-pub?0,https://www.bundesanzeiger.de/pub/de/suche;wwwsid=627BFD7A56A5CB624C47FDDEAB2FC509.web07-pub?0,1620586425,14:53:45,20210509
55,2007-06-30,AK3.DE,USD,2007-06-30,2007-06-30,Q2,152654000.0,39759000.0,112895000.0,0.7395482594625755,11663000.0,67518000.0,0.0,0.0,82113000.0,121872000.0,0.0,17788000.0,48570000.0,0.3181705032295256,30782000.0,0.20164555137762522,-394000.0,35631000.0,0.23341019560574894,13985000.0,21646000.0,0.14179779108310298,0.13,0.12,164797999,185600999,https://www.bundesanzeiger.de/pub/de/suche;wwwsid=627BFD7A56A5CB624C47FDDEAB2FC509.web07-pub?0,https://www.bundesanzeiger.de/pub/de/suche;wwwsid=627BFD7A56A5CB624C47FDDEAB2FC509.web07-pub?0,1620586425,14:53:45,20210509
56,2007-03-31,AK3.DE,USD,2007-03-31,2007-03-31,Q1,139274000.0,34480000.0,104794000.0,0.7524304608182432,10604000.0,64227000.0,0.0,0.0,77643000.0,112123000.0,0.0,15059000.0,42210000.0,0.3030716429484326,27151000.0,0.19494665192354638,-205000.0,31678000.0,0.2274509240777173,12499000.0,19179000.0,0.13770696612433045,0.12,0.11,161568999,183156999,https://www.bundesanzeiger.de/pub/de/suche;wwwsid=627BFD7A56A5CB624C47FDDEAB2FC509.web07-pub?0,https://www.bundesanzeiger.de/pub/de/suche;wwwsid=627BFD7A56A5CB624C47FDDEAB2FC509.web07-pub?0,1620586425,14:53:45,20210509
57,2006-12-31,AK3.DE,USD,2006-12-31,2006-12-31,Q4,125703000.0,28605000.0,97098000.0,0.7724397985728264,9141000.0,59507000.0,0.0,0.0,70695000.0,99300000.0,0.0,12013000.0,38416000.0,0.30560925355798985,26403000.0,0.21004271974415886,359000.0,31330000.0,0.2492382838913948,10707000.0,20623000.0,0.16406131914115016,0.1267103726826519,0.1267103726826519,162756999,162756999,https://www.bundesanzeiger.de/pub/de/suche;wwwsid=627BFD7A56A5CB624C47FDDEAB2FC509.web07-pub?0,https://www.bundesanzeiger.de/pub/de/suche;wwwsid=627BFD7A56A5CB624C47FDDEAB2FC509.web07-pub?0,1620586425,14:53:45,20210509
58,2006-09-30,AK3.DE,USD,2006-09-30,2006-09-30,Q3,111495000.0,24984000.0,86511000.0,0.7759182026099826,8862000.0,53945000.0,0.0,0.0,64750000.0,89734000.0,0.0,10732000.0,32493000.0,0.2914301089734966,21761000.0,0.19517467150993317,-448000.0,25283000.0,0.22676353199695054,11264000.0,14019000.0,0.12573658011570027,0.09,0.08,155738999,177062999,https://www.bundesanzeiger.de/pub/de/suche;wwwsid=627BFD7A56A5CB624C47FDDEAB2FC509.web07-pub?0,https://www.bundesanzeiger.de/pub/de/suche;wwwsid=627BFD7A56A5CB624C47FDDEAB2FC509.web07-pub?0,1620586425,14:53:45,20210509
59,2006-06-30,AK3.DE,USD,2006-06-30,2006-06-30,Q2,100649000.0,21195000.0,79454000.0,0.7894166857097438,8373000.0,51590000.0,0.0,0.0,62161000.0,83356000.0,0.0,9778000.0,27071000.0,0.2689644209083051,17293000.0,0.17181492116166083,477000.0,21106000.0,0.20969905314508838,9842000.0,11264000.0,0.11191368021540204,0.0728109531409481,0.06414140300287795,154701999,175611999,https://www.bundesanzeiger.de/pub/de/suche;wwwsid=627BFD7A56A5CB624C47FDDEAB2FC509.web07-pub?0,https://www.bundesanzeiger.de/pub/de/suche;wwwsid=627BFD7A56A5CB624C47FDDEAB2FC509.web07-pub?0,1620586425,14:53:45,20210509
60,2006-03-31,AK3.DE,USD,2006-03-31,2006-03-31,Q1,90825000.0,19316000.0,71509000.0,0.787327277731902,6726000.0,44838000.0,0.0,0.0,53860000.0,73176000.0,0.0,8903000.0,26552000.0,0.29234241673548034,17649000.0,0.19431874483897604,443000.0,20750000.0,0.2284613267272227,9255000.0,11495000.0,0.12656206991467106,0.07473069045261438,0.0661350551238705,153818999,173810999,https://www.bundesanzeiger.de/pub/de/suche;wwwsid=627BFD7A56A5CB624C47FDDEAB2FC509.web07-pub?0,https://www.bundesanzeiger.de/pub/de/suche;wwwsid=627BFD7A56A5CB624C47FDDEAB2FC509.web07-pub?0,1620586425,14:53:45,20210509
61,2005-12-31,AK3.DE,USD,2005-12-31,2005-12-31,Q4,82657000.0,16084000.0,66573000.0,0.8054127297143617,4982000.0,38231000.0,0.0,0.0,45509000.0,61593000.0,0.0,8164000.0,29228000.0,0.3536058652019793,21064000.0,0.2548362510132233,205000.0,22552000.0,0.2728383560980921,-3207000.0,25759000.0,0.3116372479039888,0.15826661930526256,0.15826661930526256,162756999,162756999,https://www.bundesanzeiger.de/pub/de/suche;wwwsid=627BFD7A56A5CB624C47FDDEAB2FC509.web07-pub?0,https://www.bundesanzeiger.de/pub/de/suche;wwwsid=627BFD7A56A5CB624C47FDDEAB2FC509.web07-pub?0,1620586425,14:53:45,20210509
62,2005-09-30,AK3.DE,USD,2005-09-30,2005-09-30,Q3,75713000.0,15295000.0,60418000.0,0.7979871356306051,4953000.0,34371000.0,0.0,0.0,41620000.0,56915000.0,0.0,7792000.0,26590000.0,0.35119464292789876,18798000.0,0.24827968776828285,-1460000.0,16771000.0,0.22150753503361378,-255489000.0,272260000.0,3.5959478557183044,1.96,1.71,139203999,160361999,https://www.bundesanzeiger.de/pub/de/suche;wwwsid=627BFD7A56A5CB624C47FDDEAB2FC509.web07-pub?0,https://www.bundesanzeiger.de/pub/de/suche;wwwsid=627BFD7A56A5CB624C47FDDEAB2FC509.web07-pub?0,1620586425,14:53:45,20210509
63,2005-06-30,AK3.DE,USD,2005-06-30,2005-06-30,Q2,64649000.0,12752000.0,51897000.0,0.8027502358891863,4507000.0,29704000.0,0.0,0.0,34731000.0,47483000.0,0.0,5074000.0,22240000.0,0.3440115082986589,17166000.0,0.26552614889634796,77000.0,16473000.0,0.2548067255487324,573000.0,15900000.0,0.2459434794041671,0.12,0.11,130118999,149985999,https://www.bundesanzeiger.de/pub/de/suche;wwwsid=627BFD7A56A5CB624C47FDDEAB2FC509.web07-pub?0,https://www.bundesanzeiger.de/pub/de/suche;wwwsid=627BFD7A56A5CB624C47FDDEAB2FC509.web07-pub?0,1620586425,14:53:45,20210509
64,2005-03-31,AK3.DE,USD,2005-03-31,2005-03-31,Q1,60096000.0,11524000.0,48572000.0,0.8082401490947817,3629000.0,28584000.0,0.0,0.0,32225000.0,43749000.0,0.0,4140000.0,20487000.0,0.34090455271565495,16347000.0,0.2720147763578275,-726000.0,14608000.0,0.24307774227902024,529000.0,14079000.0,0.23427515974440893,0.11,0.1,127050999,147281999,https://www.bundesanzeiger.de/pub/de/suche;wwwsid=627BFD7A56A5CB624C47FDDEAB2FC509.web07-pub?0,https://www.bundesanzeiger.de/pub/de/suche;wwwsid=627BFD7A56A5CB624C47FDDEAB2FC509.web07-pub?0,1620586425,14:53:45,20210509
65,2004-12-31,AK3.DE,USD,2004-12-31,2004-12-31,Q4,57576000.0,11173000.0,46403000.0,0.8059434486591636,3344000.0,28480000.0,0.0,0.0,37752000.0,48925000.0,0.0,4051000.0,12702000.0,0.22061275531471447,8651000.0,0.15025357787967208,330000.0,13578000.0,0.2358274280950396,187000.0,13391000.0,0.23257954703348618,0.0822760316439602,0.0822760316439602,162756999,162756999,https://www.bundesanzeiger.de/pub/de/suche;wwwsid=627BFD7A56A5CB624C47FDDEAB2FC509.web07-pub?0,https://www.bundesanzeiger.de/pub/de/suche;wwwsid=627BFD7A56A5CB624C47FDDEAB2FC509.web07-pub?0,1620586425,14:53:45,20210509
66,2004-09-30,AK3.DE,USD,2004-09-30,2004-09-30,Q3,53286000.0,11748000.0,41538000.0,0.7795293322824006,3222000.0,24839000.0,0.0,0.0,28073000.0,39821000.0,0.0,4469000.0,17934000.0,0.33656119806328116,13465000.0,0.2526930150508576,-612000.0,11320000.0,0.21243853920354314,71000.0,11249000.0,0.21110610666966934,0.09,0.08,125617999,134348999,https://www.bundesanzeiger.de/pub/de/suche;wwwsid=627BFD7A56A5CB624C47FDDEAB2FC509.web07-pub?0,https://www.bundesanzeiger.de/pub/de/suche;wwwsid=627BFD7A56A5CB624C47FDDEAB2FC509.web07-pub?0,1620586425,14:53:45,20210509
67,2004-06-30,AK3.DE,USD,2004-06-30,2004-06-30,Q2,50786000.0,11151000.0,39635000.0,0.7804316150120112,2872000.0,24124000.0,0.0,0.0,27008000.0,38159000.0,0.0,5189000.0,17816000.0,0.35080534005434566,12627000.0,0.24863151262158864,-3349000.0,7233000.0,0.14242113968416492,430000.0,6803000.0,0.1339542393573032,0.06,0.05,123644999,146407999,https://www.bundesanzeiger.de/pub/de/suche;wwwsid=627BFD7A56A5CB624C47FDDEAB2FC509.web07-pub?0,https://www.bundesanzeiger.de/pub/de/suche;wwwsid=627BFD7A56A5CB624C47FDDEAB2FC509.web07-pub?0,1620586425,14:53:45,20210509
68,2004-03-31,AK3.DE,USD,2004-03-31,2004-03-31,Q1,48367000.0,12215000.0,36152000.0,0.7474517749705377,2694000.0,25276000.0,0.0,0.0,27982000.0,40197000.0,0.0,6497000.0,14667000.0,0.30324394731945337,8170000.0,0.1689168234540079,-2007000.0,3005000.0,0.06212913763516447,84000.0,2921000.0,0.06039241631691029,0.02392223042588474,0.021827013053069406,122103999,133824999,https://www.bundesanzeiger.de/pub/de/suche;wwwsid=627BFD7A56A5CB624C47FDDEAB2FC509.web07-pub?0,https://www.bundesanzeiger.de/pub/de/suche;wwwsid=627BFD7A56A5CB624C47FDDEAB2FC509.web07-pub?0,1620586425,14:53:45,20210509
69,2003-12-31,AK3.DE,USD,2003-12-31,2003-12-31,Q4,45169000.0,13123000.0,32046000.0,0.7094688835263123,2909000.0,24573000.0,0.0,0.0,27494000.0,40617000.0,0.0,8332000.0,12884000.0,0.2852398769067281,4552000.0,0.10077708162677942,-2097000.0,-1728000.0,-0.03825632624144878,351000.0,-2079000.0,-0.046027142509243064,-0.012773644222820795,-0.012773644222820795,162756999,162756999,https://www.bundesanzeiger.de/pub/de/suche;wwwsid=627BFD7A56A5CB624C47FDDEAB2FC509.web07-pub?0,https://www.bundesanzeiger.de/pub/de/suche;wwwsid=627BFD7A56A5CB624C47FDDEAB2FC509.web07-pub?0,1620586425,14:53:45,20210509
70,2003-09-30,AK3.DE,USD,2003-09-30,2003-09-30,Q3,41767000.0,14275000.0,27492000.0,0.6582229990183638,3595000.0,25006000.0,0.0,0.0,28613000.0,42888000.0,0.0,11298000.0,10177000.0,0.24366126367706561,-1121000.0,-0.02683937079512534,1637000.0,-3827000.0,-0.09162736131395599,82000.0,-3909000.0,-0.09359063375392056,-0.03,-0.03,118595999,118595999,https://www.bundesanzeiger.de/pub/de/suche;wwwsid=627BFD7A56A5CB624C47FDDEAB2FC509.web07-pub?0,https://www.bundesanzeiger.de/pub/de/suche;wwwsid=627BFD7A56A5CB624C47FDDEAB2FC509.web07-pub?0,1620586425,14:53:45,20210509
71,2003-06-30,AK3.DE,USD,2003-06-30,2003-06-30,Q2,37759000.0,15832000.0,21927000.0,0.5807092348843984,2816000.0,28055000.0,0.0,0.0,30883000.0,46715000.0,0.0,13744000.0,4788000.0,0.12680420561985223,-8956000.0,-0.23718848486453561,-1299000.0,-14523000.0,-0.38462353346222095,123000.0,-14646000.0,-0.3878810349850367,-0.13,-0.13,117108999,117108999,https://www.bundesanzeiger.de/pub/de/suche;wwwsid=627BFD7A56A5CB624C47FDDEAB2FC509.web07-pub?0,https://www.bundesanzeiger.de/pub/de/suche;wwwsid=627BFD7A56A5CB624C47FDDEAB2FC509.web07-pub?0,1620586425,14:53:45,20210509
72,2003-03-31,AK3.DE,USD,2003-03-31,2003-03-31,Q1,36564000.0,17885000.0,18679000.0,0.5108576742150749,3472000.0,27160000.0,0.0,0.0,32830000.0,50715000.0,0.0,17792000.0,3641000.0,0.09957882069795428,-14151000.0,-0.38702001969149985,9805000.0,-8574000.0,-0.23449294387922548,73000.0,-8647000.0,-0.23648944316814352,-0.07,-0.07,116397999,116397999,https://www.bundesanzeiger.de/pub/de/suche;wwwsid=627BFD7A56A5CB624C47FDDEAB2FC509.web07-pub?0,https://www.bundesanzeiger.de/pub/de/suche;wwwsid=627BFD7A56A5CB624C47FDDEAB2FC509.web07-pub?0,1620586425,14:53:45,20210509
73,2002-12-31,AK3.DE,USD,2002-12-31,2002-12-31,Q4,35352000.0,53536000.0,-18184000.0,-0.5143697669155918,7453000.0,74164000.0,0.0,0.0,6868000.0,60404000.0,0.0,21095000.0,-3957000.0,-0.11193143245078072,-25052000.0,-0.7086444897035529,-10743000.0,-53681000.0,-1.51847137361394,123000.0,-55604000.0,-1.572867164516859,-0.3416381497670647,-0.3416381497670647,162756999,162756999,https://www.bundesanzeiger.de/pub/de/suche;wwwsid=627BFD7A56A5CB624C47FDDEAB2FC509.web07-pub?0,https://www.bundesanzeiger.de/pub/de/suche;wwwsid=627BFD7A56A5CB624C47FDDEAB2FC509.web07-pub?0,1620586425,14:53:45,20210509
74,2002-09-30,AK3.DE,USD,2002-09-30,2002-09-30,Q3,35375000.0,9580000.0,25795000.0,0.7291872791519435,4820000.0,29404000.0,0.0,0.0,61806000.0,71386000.0,0.0,20735000.0,-15276000.0,-0.4318303886925795,-36011000.0,-1.0179787985865725,-12065000.0,-47410000.0,-1.3402120141342757,123000.0,-47533000.0,-1.3436890459363957,-0.42,-0.42,114250999,114250999,https://www.bundesanzeiger.de/pub/de/suche;wwwsid=627BFD7A56A5CB624C47FDDEAB2FC509.web07-pub?0,https://www.bundesanzeiger.de/pub/de/suche;wwwsid=627BFD7A56A5CB624C47FDDEAB2FC509.web07-pub?0,1620586425,14:53:45,20210509
75,2002-06-30,AK3.DE,USD,2002-06-30,2002-06-30,Q2,36322000.0,10946000.0,25376000.0,0.698639942734431,4624000.0,30298000.0,0.0,0.0,62401000.0,73347000.0,0.0,20602000.0,-16423000.0,-0.4521502119927317,-37025000.0,-1.0193546610869446,-6007000.0,-42119000.0,-1.1596002422774077,123000.0,-42242000.0,-1.162986619679533,-0.38,-0.38,112252999,112252999,https://www.bundesanzeiger.de/pub/de/suche;wwwsid=627BFD7A56A5CB624C47FDDEAB2FC509.web07-pub?0,https://www.bundesanzeiger.de/pub/de/suche;wwwsid=627BFD7A56A5CB624C47FDDEAB2FC509.web07-pub?0,1620586425,14:53:45,20210509
76,2002-03-31,AK3.DE,USD,2002-03-31,2002-03-31,Q1,37927000.0,11242000.0,26685000.0,0.7035884725920848,4869000.0,28822000.0,0.0,0.0,65309000.0,76551000.0,0.0,20010000.0,-18614000.0,-0.4907849289424421,-38624000.0,-1.0183774092335276,-23108000.0,-58935000.0,-1.5539061882036544,123000.0,-59058000.0,-1.5571492604213357,-0.54,-0.54,109692999,109692999,https://www.bundesanzeiger.de/pub/de/suche;wwwsid=627BFD7A56A5CB624C47FDDEAB2FC509.web07-pub?0,https://www.bundesanzeiger.de/pub/de/suche;wwwsid=627BFD7A56A5CB624C47FDDEAB2FC509.web07-pub?0,1620586425,14:53:45,20210509
77,2001-12-31,AK3.DE,USD,2001-12-31,2001-12-31,Q4,37110000.0,11948000.0,25162000.0,0.6780382646187012,12254000.0,28632000.0,0.0,0.0,72020000.0,83968000.0,0.0,19912000.0,-26946000.0,-0.726111560226354,-46858000.0,-1.2626785233090811,-21482000.0,-64488000.0,-1.7377526273241715,277000.0,-64765000.0,-1.745216922662355,-0.3979245156762813,-0.3979245156762813,162756999,162756999,https://www.bundesanzeiger.de/pub/de/suche;wwwsid=627BFD7A56A5CB624C47FDDEAB2FC509.web07-pub?0,https://www.bundesanzeiger.de/pub/de/suche;wwwsid=627BFD7A56A5CB624C47FDDEAB2FC509.web07-pub?0,1620586425,14:53:45,20210509
78,2001-09-30,AK3.DE,USD,2001-09-30,2001-09-30,Q3,42754000.0,13402000.0,29352000.0,0.686532254291996,13828000.0,33912000.0,0.0,0.0,83013000.0,96415000.0,0.0,19116000.0,-34545000.0,-0.8079945736071479,-53661000.0,-1.2551106329232353,-7928000.0,-55082000.0,-1.2883472891425363,277000.0,-55359000.0,-1.2948262150909857,-0.53,-0.53,104165999,104165999,https://www.bundesanzeiger.de/pub/de/suche;wwwsid=627BFD7A56A5CB624C47FDDEAB2FC509.web07-pub?0,https://www.bundesanzeiger.de/pub/de/suche;wwwsid=627BFD7A56A5CB624C47FDDEAB2FC509.web07-pub?0,1620586425,14:53:45,20210509
79,2001-06-30,AK3.DE,USD,2001-06-30,2001-06-30,Q2,43141000.0,13622000.0,29519000.0,0.684244686029531,16737000.0,41292000.0,0.0,0.0,92799000.0,106421000.0,0.0,18340000.0,-44940000.0,-1.0417004705500568,-63280000.0,-1.4668181080642544,-38385000.0,-92264000.0,-2.138661598015809,344000.0,-92608000.0,-2.146635451194919,-0.91,-0.91,101628999,101628999,https://www.bundesanzeiger.de/pub/de/suche;wwwsid=627BFD7A56A5CB624C47FDDEAB2FC509.web07-pub?0,https://www.bundesanzeiger.de/pub/de/suche;wwwsid=627BFD7A56A5CB624C47FDDEAB2FC509.web07-pub?0,1620586425,14:53:45,20210509
80,2001-03-31,AK3.DE,USD,2001-03-31,2001-03-31,Q1,40209000.0,16160000.0,24049000.0,0.5980999278768435,18632000.0,42276000.0,0.0,0.0,2233652000.0,2249812000.0,0.0,16452000.0,-2193151000.0,-54.543783730010695,-2209603000.0,-54.95294585789251,-18108000.0,-2222616000.0,-55.27657987017832,164000.0,-2222780000.0,-55.28065855902907,-22.5,-22.5,98779999,98779999,https://www.bundesanzeiger.de/pub/de/suche;wwwsid=627BFD7A56A5CB624C47FDDEAB2FC509.web07-pub?0,https://www.bundesanzeiger.de/pub/de/suche;wwwsid=627BFD7A56A5CB624C47FDDEAB2FC509.web07-pub?0,1620586425,14:53:45,20210509
81,2000-12-31,AK3.DE,USD,2000-12-31,2000-12-31,Q4,37244000.0,24037000.0,13207000.0,0.354607453549565,17408000.0,62424000.0,0.0,0.0,319161000.0,343198000.0,0.0,235440000.0,-70514000.0,-1.8932982493824508,-305954000.0,-8.214853399205241,0.0,-303022000.0,-8.136129309418967,55000.0,-303077000.0,-8.137606057351519,-1.8621441895718414,-1.8621441895718414,162756999,162756999,https://www.bundesanzeiger.de/pub/de/suche;wwwsid=627BFD7A56A5CB624C47FDDEAB2FC509.web07-pub?0,https://www.bundesanzeiger.de/pub/de/suche;wwwsid=627BFD7A56A5CB624C47FDDEAB2FC509.web07-pub?0,1620586425,14:53:45,20210509
82,2000-09-30,AK3.DE,USD,2000-09-30,2000-09-30,Q3,27156000.0,18182000.0,8974000.0,0.33046103991751363,18352000.0,59601000.0,0.0,0.0,316653000.0,334835000.0,0.0,264093000.0,-43586000.0,-1.6050228310502284,-307679000.0,-11.330055972897334,0.0,-304055000.0,-11.196604801885403,20000.0,-304075000.0,-11.197341287376638,-3.27,-3.27,93098999,93098999,https://www.bundesanzeiger.de/pub/de/suche;wwwsid=627BFD7A56A5CB624C47FDDEAB2FC509.web07-pub?0,https://www.bundesanzeiger.de/pub/de/suche;wwwsid=627BFD7A56A5CB624C47FDDEAB2FC509.web07-pub?0,1620586425,14:53:45,20210509
83,2000-06-30,AK3.DE,USD,2000-06-30,2000-06-30,Q2,18144000.0,12647000.0,5497000.0,0.3029651675485009,12931000.0,49083000.0,0.0,0.0,251094000.0,263741000.0,0.0,205806000.0,-39791000.0,-2.1930665784832453,-245597000.0,-13.535989858906525,-1372000.0,-243166000.0,-13.402006172839506,70000.0,-243236000.0,-13.405864197530864,-2.78,-2.78,87373999,87373999,https://www.bundesanzeiger.de/pub/de/suche;wwwsid=627BFD7A56A5CB624C47FDDEAB2FC509.web07-pub?0,https://www.bundesanzeiger.de/pub/de/suche;wwwsid=627BFD7A56A5CB624C47FDDEAB2FC509.web07-pub?0,1620586425,14:53:45,20210509
84,2000-03-31,AK3.DE,USD,2000-03-31,2000-03-31,Q1,7222000.0,6636000.0,586000.0,0.08114095818332871,6915000.0,23693000.0,0.0,0.0,39608000.0,46244000.0,0.0,14252000.0,-24770000.0,-3.4297978399335363,-39022000.0,-5.4032124065355855,0.0,0.0,0.0,0.0,-35397000.0,-4.901273885350318,-0.47,-0.47,75028999,75028999,https://www.bundesanzeiger.de/pub/de/suche;wwwsid=627BFD7A56A5CB624C47FDDEAB2FC509.web07-pub?0,https://www.bundesanzeiger.de/pub/de/suche;wwwsid=627BFD7A56A5CB624C47FDDEAB2FC509.web07-pub?0,1620586425,14:53:45,20210509
85,1999-12-31,AK3.DE,USD,1999-12-31,1999-12-31,Q4,2700000.0,100000.0,2600000.0,0.9629629629629629,6300000.0,10000000.0,0.0,0.0,20700000.0,20800000.0,0.0,4400000.0,-13700000.0,-5.074074074074074,-18100000.0,-6.703703703703703,0.0,0.0,0.0,0.0,-29300000.0,-10.851851851851851,-0.18002298014846047,-0.18002298014846047,162756999,162756999,https://www.bundesanzeiger.de/pub/de/suche;wwwsid=627BFD7A56A5CB624C47FDDEAB2FC509.web07-pub?0,https://www.bundesanzeiger.de/pub/de/suche;wwwsid=627BFD7A56A5CB624C47FDDEAB2FC509.web07-pub?0,1620586425,14:53:45,20210509
86,1999-09-30,AK3.DE,USD,1999-09-30,1999-09-30,Q3,900000.0,-4400000.0,5300000.0,5.888888888888889,3300000.0,13100000.0,0.0,0.0,23900000.0,19500000.0,0.0,0.0,-11100000.0,-12.333333333333334,-18600000.0,-20.666666666666668,0.0,0.0,0.0,0.0,-18500000.0,-20.555555555555557,-0.4,-0.4,19215686,19215686,https://www.bundesanzeiger.de/pub/de/suche;wwwsid=627BFD7A56A5CB624C47FDDEAB2FC509.web07-pub?0,https://www.bundesanzeiger.de/pub/de/suche;wwwsid=627BFD7A56A5CB624C47FDDEAB2FC509.web07-pub?0,1620586425,14:53:45,20210509
87,1999-06-30,AK3.DE,USD,1999-06-30,1999-06-30,Q2,400000.0,0.0,0.0,0.0,0.0,0.0,0.0,0.0,0.0,0.0,0.0,0.0,400000.0,1.0,400000.0,1.0,0.0,0.0,0.0,0.0,-6900000.0,-17.25,-0.34,-0.34,20294118,20294118,https://www.bundesanzeiger.de/pub/de/suche;wwwsid=627BFD7A56A5CB624C47FDDEAB2FC509.web07-pub?0,https://www.bundesanzeiger.de/pub/de/suche;wwwsid=627BFD7A56A5CB624C47FDDEAB2FC509.web07-pub?0,1620586425,14:53:45,20210509
88,1999-03-31,AK3.DE,USD,1999-03-31,1999-03-31,Q1,100000.0,0.0,0.0,0.0,0.0,0.0,0.0,0.0,0.0,0.0,0.0,0.0,100000.0,1.0,100000.0,1.0,0.0,0.0,0.0,0.0,-2900000.0,-29.0,-0.17,-0.17,17058823,17058823,https://www.bundesanzeiger.de/pub/de/suche;wwwsid=627BFD7A56A5CB624C47FDDEAB2FC509.web07-pub?0,https://www.bundesanzeiger.de/pub/de/suche;wwwsid=627BFD7A56A5CB624C47FDDEAB2FC509.web07-pub?0,1620586425,14:53:45,20210509
