,date,symbol,reportedCurrency,fillingDate,acceptedDate,period,revenue,costOfRevenue,grossProfit,grossProfitRatio,researchAndDevelopmentExpenses,generalAndAdministrativeExpenses,sellingAndMarketingExpenses,otherExpenses,operatingExpenses,costAndExpenses,interestExpense,depreciationAndAmortization,ebitda,ebitdaratio,operatingIncome,operatingIncomeRatio,totalOtherIncomeExpensesNet,incomeBeforeTax,incomeBeforeTaxRatio,incomeTaxExpense,netIncome,netIncomeRatio,eps,epsdiluted,weightedAverageShsOut,weightedAverageShsOutDil,link,finalLink,timestamp,est_time,est_date
0,2020-06-30,UNIPLY.NS,INR,2020-06-30,2020-06-30,Q2,0.0,0.0,0.0,0.0,0.0,0.0,0.0,888000.0,17305000,17305000,43464000.0,10658000.0,-6647000.0,0.0,-17305000.0,0.0,0.0,-69708000.0,0.0,0.0,-69708000.0,0.0,-0.42,-0.42,165971429,165971429,https://www.nseindia.com/companies-listing/corporate-filings-annual-reports,https://www.nseindia.com/companies-listing/corporate-filings-annual-reports,1620599296,18:28:16,20210509
1,2019-12-31,UNIPLY.NS,INR,2019-12-31,2019-12-31,Q4,95313000.0,91806000.0,3507000.0,0.03679456107771238,0.0,0.0,0.0,98624000.0,55910000,147716000,63076000.0,14219000.0,-38184000.0,-0.40061691479651257,-52403000.0,-0.5497990830212038,0.0,-20268000.0,-0.21264675332850713,0.0,-20267000.0,-0.21263626158026713,-0.12,-0.12,168891667,168891667,,,1620599296,18:28:16,20210509
2,2019-09-30,UNIPLY.NS,INR,2019-09-30,2019-09-30,Q3,1324635000.0,1252417000.0,72218000.0,0.054519169431579265,0.0,0.0,0.0,127728000.0,141740000,1394157000,84784000.0,14113000.0,-55409000.0,-0.04182963608843191,-69522000.0,-0.05248389178905887,0.0,-40439000.0,-0.030528409712864298,9137000.0,-49576000.0,-0.037426158904150957,-0.29,-0.29,170951724,170951724,https://www.nseindia.com/companies-listing/corporate-filings-annual-reports,https://www.nseindia.com/companies-listing/corporate-filings-annual-reports,1620599296,18:28:16,20210509
3,2019-06-30,UNIPLY.NS,INR,2019-06-30,2019-06-30,Q2,1589549000.0,1267393000.0,322156000.0,0.20267132375283806,0.0,0.0,0.0,93069000.0,119417000,1386810000,94680000.0,14633000.0,217372000.0,0.13675073873155216,202739000.0,0.1275449828850825,0.0,152010000.0,0.09563089907892112,39382000.0,112628000.0,0.07085531808078896,0.68,0.59,165629412,190894915,https://www.nseindia.com/companies-listing/corporate-filings-annual-reports,https://www.nseindia.com/companies-listing/corporate-filings-annual-reports,1620599296,18:28:16,20210509
4,2019-03-31,UNIPLY.NS,INR,2019-03-31,2019-03-31,Q1,978377185.0,674266190.0,304110995.0,0.3108320591102091,0.0,0.0,0.0,-133152750.0,185056798,859322988,58633279.0,11975161.0,131029358.0,0.13392519777533446,119054197.0,0.12168537740380772,0.0,124130269.0,0.12687363411893135,52901714.0,71228555.0,0.07280275551396878,0.41665888669247936,0.41665888669247936,170951724,170951724,https://www.nseindia.com/companies-listing/corporate-filings-annual-reports,https://www.nseindia.com/companies-listing/corporate-filings-annual-reports,1620599296,18:28:16,20210509
5,2018-12-31,UNIPLY.NS,INR,2018-12-31,2018-12-31,Q4,1125675000.0,816555000.0,309120000.0,0.27460856819241786,0.0,0.0,0.0,150023000.0,167387000,983942000,100191000.0,10311000.0,152044000.0,0.13506918071379395,141733000.0,0.12590934328291914,0.0,196860000.0,0.1748817376240922,63698000.0,133162000.0,0.11829524507517712,0.82,0.7,162392683,190231429,https://www.nseindia.com/companies-listing/corporate-filings-annual-reports,https://www.nseindia.com/companies-listing/corporate-filings-annual-reports,1620599296,18:28:16,20210509
6,2018-09-30,UNIPLY.NS,INR,2018-09-30,2018-09-30,Q3,1170131000.0,835865000.0,334266000.0,0.2856654511332492,0.0,0.0,0.0,32386000.0,162924000,998789000,89105000.0,9695000.0,181037000.0,0.15471515582443332,171342000.0,0.14642975871932287,0.0,125034000.0,0.10685470259312846,36589000.0,88445000.0,0.07558555409607984,0.62,0.47,142653226,142653226,https://www.nseindia.com/companies-listing/corporate-filings-annual-reports,https://www.nseindia.com/companies-listing/corporate-filings-annual-reports,1620599296,18:28:16,20210509
7,2018-06-30,UNIPLY.NS,INR,2018-06-30,2018-06-30,Q2,1411571000.0,1075103000.0,336468000.0,0.23836420555537058,0.0,0.0,0.0,31608000.0,134146000,1209249000,99293000.0,9876000.0,212198000.0,0.15032754285827635,202322000.0,0.14333108288566426,0.0,145959000.0,0.10340181259036917,43755000.0,102204000.0,0.07240443449178256,0.75,0.75,136272000,136272000,https://www.nseindia.com/companies-listing/corporate-filings-annual-reports,https://www.nseindia.com/companies-listing/corporate-filings-annual-reports,1620599296,18:28:16,20210509
8,2018-03-31,UNIPLY.NS,INR,2018-03-31,2018-03-31,Q1,1171737000.0,872126000.0,299611000.0,0.2556981643491671,0.0,0.0,0.0,0.0,82235000,954361000,90266000.0,8821000.0,226197000.0,0.19304417288179856,217376000.0,0.18551603303471684,0.0,236479000.0,0.20181917955991832,111407000.0,125072000.0,0.10674067644872527,1.032,1.032,121193798,121193798,https://www.nseindia.com/companies-listing/corporate-filings-annual-reports,https://www.nseindia.com/companies-listing/corporate-filings-annual-reports,1620599296,18:28:16,20210509
9,2017-12-31,UNIPLY.NS,INR,2017-12-31,2017-12-31,Q4,1025030000.0,727836000.0,297194000.0,0.28993687989619815,0.0,0.0,0.0,0.0,106280000,834116000,68145000.0,11575000.0,202489000.0,0.197544462113304,190914000.0,0.1862521096943504,0.0,122769000.0,0.11977112864989317,42514000.0,84878000.0,0.082805381305913,0.71,0.71,119546479,119546479,https://www.nseindia.com/companies-listing/corporate-filings-annual-reports,https://www.nseindia.com/companies-listing/corporate-filings-annual-reports,1620599296,18:28:16,20210509
10,2017-09-30,UNIPLY.NS,INR,2017-09-30,2017-09-30,Q3,912072000.0,613287000.0,298785000.0,0.3275892692682157,0.0,0.0,0.0,0.0,143044000,756331000,77354000.0,10639000.0,166380000.0,0.18241980896245033,155741000.0,0.1707551596803761,0.0,92438000.0,0.10134945486759817,30988000.0,61450000.0,0.067374066959626,0.514,0.514,119552529,119552529,https://www.nseindia.com/companies-listing/corporate-filings-annual-reports,https://www.nseindia.com/companies-listing/corporate-filings-annual-reports,1620599296,18:28:16,20210509
11,2017-06-30,UNIPLY.NS,INR,2017-06-30,2017-06-30,Q2,770480000.0,402821000.0,367659000.0,0.4771817568269131,0.0,0.0,0.0,0.0,198581000,601402000,81284000.0,10709000.0,179787000.0,0.23334414910185858,169078000.0,0.21944502128543245,0.0,87793000.0,0.11394585193645519,30194000.0,57599000.0,0.07475729415429343,0.486,0.486,118516461,118516461,https://www.nseindia.com/companies-listing/corporate-filings-annual-reports,https://www.nseindia.com/companies-listing/corporate-filings-annual-reports,1620599296,18:28:16,20210509
12,2017-03-31,UNIPLY.NS,INR,2017-03-31,2017-03-31,Q1,926767000.0,738471000.0,188296000.0,0.20317512384450462,0.0,0.0,0.0,0.0,72674000,811145000,56006000.0,8309000.0,123931000.0,0.1337240104578605,115622000.0,0.12475843442850253,0.0,57767000.0,0.062331740340344444,20398000.0,37368000.0,0.040320814185226705,0.362,0.362,103226519,103226519,https://www.nseindia.com/companies-listing/corporate-filings-annual-reports,https://www.nseindia.com/companies-listing/corporate-filings-annual-reports,1620599296,18:28:16,20210509
13,2016-12-31,UNIPLY.NS,INR,2016-12-31,2016-12-31,Q4,866614000.0,542952000.0,323662000.0,0.37347884986856894,0.0,0.0,0.0,0.0,208554000,751506000,43949000.0,12411000.0,127519000.0,0.14714624965670992,115108000.0,0.13282499474968093,0.0,71159000.0,0.0821115283159515,19822000.0,51337000.0,0.05923859988414681,0.486,0.486,105631687,105631687,https://www.nseindia.com/companies-listing/corporate-filings-annual-reports,https://www.nseindia.com/companies-listing/corporate-filings-annual-reports,1620599296,18:28:16,20210509
14,2016-09-30,UNIPLY.NS,INR,2016-09-30,2016-09-30,Q3,482675000.0,301257000.0,181418000.0,0.3758595328119335,0.0,0.0,0.0,0.0,116822000,418079000,25538000.0,4828000.0,69424000.0,0.14383177086030974,64596000.0,0.13382918112601647,0.0,39058000.0,0.08091987362096649,12660000.0,26398000.0,0.054691044698813904,0.252,0.252,104753968,104753968,https://www.nseindia.com/companies-listing/corporate-filings-annual-reports,https://www.nseindia.com/companies-listing/corporate-filings-annual-reports,1620599296,18:28:16,20210509
15,2016-06-30,UNIPLY.NS,INR,2016-06-30,2016-06-30,Q2,385257000.0,296733000.0,88524000.0,0.22977908253451593,0.0,0.0,0.0,0.0,47460000,344193000,14425000.0,2796000.0,43860000.0,0.11384608196606422,41064000.0,0.10658858891597038,0.0,26639000.0,0.06914605055845838,9000000.0,17639000.0,0.04578502142725505,0.172,0.172,102552326,102552326,https://www.nseindia.com/companies-listing/corporate-filings-annual-reports,https://www.nseindia.com/companies-listing/corporate-filings-annual-reports,1620599296,18:28:16,20210509
16,2016-03-31,UNIPLY.NS,INR,2016-03-31,2016-03-31,Q1,446873000.0,345205000.0,101668000.0,0.22750982941462117,0.0,0.0,0.0,0.0,61811000,407016000,15036000.0,4443000.0,44300000.0,0.09913331080642598,39857000.0,0.08919088868649482,0.0,14130000.0,0.031619721934419844,5186000.0,8944000.0,0.0200146350305344,0.09,0.09,99377778,99377778,https://www.nseindia.com/companies-listing/corporate-filings-annual-reports,https://www.nseindia.com/companies-listing/corporate-filings-annual-reports,1620599296,18:28:16,20210509
17,2015-12-31,UNIPLY.NS,INR,2015-12-31,2015-12-31,Q4,337033000.0,248967000.0,88066000.0,0.26129785510617654,0.0,0.0,0.0,0.0,54627000,303594000,18707000.0,4012000.0,37451000.0,0.11111968264235253,33439000.0,0.0992158037936938,0.0,14732000.0,0.043710853239890456,5000000.0,9732000.0,0.028875510706666708,0.098,0.098,99306122,99306122,https://www.nseindia.com/companies-listing/corporate-filings-annual-reports,https://www.nseindia.com/companies-listing/corporate-filings-annual-reports,1620599296,18:28:16,20210509
18,2015-09-30,UNIPLY.NS,INR,2015-09-30,2015-09-30,Q3,319378000.0,240775000.0,78603000.0,0.24611275667077884,0.0,0.0,0.0,0.0,43726000,284501000,21466000.0,4092000.0,38969000.0,0.12201529222426091,34877000.0,0.10920288811377114,0.0,13411000.0,0.04199099499652449,4000000.0,9411000.0,0.029466650802497354,0.094,0.094,100117021,100117021,https://www.nseindia.com/companies-listing/corporate-filings-annual-reports,https://www.nseindia.com/companies-listing/corporate-filings-annual-reports,1620599296,18:28:16,20210509
19,2015-06-30,UNIPLY.NS,INR,2015-06-30,2015-06-30,Q2,253588000.0,178530000.0,75058000.0,0.2959840370995473,0.0,0.0,0.0,0.0,35732000,214262000,25192000.0,4048000.0,43374000.0,0.17104121646134676,39326000.0,0.15507831600864394,0.0,14134000.0,0.055736075839550765,4300000.0,9834000.0,0.03877943751281606,0.114,0.114,86263158,86263158,https://www.nseindia.com/companies-listing/corporate-filings-annual-reports,https://www.nseindia.com/companies-listing/corporate-filings-annual-reports,1620599296,18:28:16,20210509
20,2015-03-31,UNIPLY.NS,INR,2015-03-31,2015-03-31,Q1,227414929.0,148570938.0,78843991.0,0.34669663661350925,0.0,0.0,0.0,0.0,17484539,166055477,0.0,5071223.0,66430675.0,0.29211219901926494,61359452.0,0.2698127702953046,0.0,37244177.0,0.1637719087474684,6695000.0,30549177.0,0.134332328727636,0.178700607897935,0.178700607897935,170951724,170951724,https://www.nseindia.com/companies-listing/corporate-filings-annual-reports,https://www.nseindia.com/companies-listing/corporate-filings-annual-reports,1620599296,18:28:16,20210509
21,2014-12-31,UNIPLY.NS,INR,2014-12-31,2014-12-31,Q4,261565000.0,188559000.0,73006000.0,0.27911226654942367,0.0,0.0,0.0,0.0,48009000,236568000,0.0,4222000.0,29219000.0,0.11170837076826028,24997000.0,0.09556706745933133,0.0,873000.0,0.003337602507980808,0.0,873000.0,0.003337602507980808,0.01,0.01,87300000,87300000,https://www.nseindia.com/companies-listing/corporate-filings-annual-reports,https://www.nseindia.com/companies-listing/corporate-filings-annual-reports,1620599296,18:28:16,20210509
22,2014-09-30,UNIPLY.NS,INR,2014-09-30,2014-09-30,Q3,279411000.0,228188000.0,51223000.0,0.1833249227839992,0.0,0.0,0.0,0.0,50640000,278828000,0.0,3836000.0,4419000.0,0.0158154117053373,583000.0,0.002086532026298177,0.0,-20977000.0,-0.0750757844179363,-6000000.0,-14977000.0,-0.053602041437166036,-0.174,-0.174,86074713,86074713,https://www.nseindia.com/companies-listing/corporate-filings-annual-reports,https://www.nseindia.com/companies-listing/corporate-filings-annual-reports,1620599296,18:28:16,20210509
23,2014-06-30,UNIPLY.NS,INR,2014-06-30,2014-06-30,Q2,305262000.0,248018000.0,57244000.0,0.18752415957439839,0.0,0.0,0.0,0.0,48207000,296225000,0.0,5146000.0,14183000.0,0.046461727958278465,9037000.0,0.029604077808570998,0.0,-12559000.0,-0.041141707778891576,0.0,-12559000.0,-0.041141707778891576,-0.146,-0.146,86020548,86020548,https://www.nseindia.com/companies-listing/corporate-filings-annual-reports,https://www.nseindia.com/companies-listing/corporate-filings-annual-reports,1620599296,18:28:16,20210509
24,2014-03-31,UNIPLY.NS,INR,2014-03-31,2014-03-31,Q1,313405239.0,267225252.0,46179987.0,0.1473491226482018,0.0,0.0,0.0,0.0,65268098,332493350,0.0,4132111.0,-14956000.0,-0.04772096359244333,-19088111.0,-0.060905526215533363,0.0,-35947054.0,-0.11469831874763267,-13187000.0,-22760054.0,-0.07262180451297434,-0.1331373177611242,-0.1331373177611242,170951724,170951724,https://www.nseindia.com/companies-listing/corporate-filings-annual-reports,https://www.nseindia.com/companies-listing/corporate-filings-annual-reports,1620599296,18:28:16,20210509
25,2013-12-31,UNIPLY.NS,INR,2013-12-31,2013-12-31,Q4,394019000.0,318117000.0,75902000.0,0.19263538052733498,0.0,0.0,0.0,0.0,46423000,364540000,0.0,3933000.0,33412000.0,0.08479794121603274,29479000.0,0.07481618906702468,0.0,10366000.0,0.02630837599202069,0.0,10366000.0,0.02630837599202069,0.144,0.144,71986111,71986111,https://www.nseindia.com/companies-listing/corporate-filings-annual-reports,https://www.nseindia.com/companies-listing/corporate-filings-annual-reports,1620599296,18:28:16,20210509
26,2013-09-30,UNIPLY.NS,INR,2013-09-30,2013-09-30,Q3,432434000.0,350202000.0,82232000.0,0.19016081066706134,0.0,0.0,0.0,0.0,63288000,413490000,0.0,3975000.0,22919000.0,0.05299999537501677,18944000.0,0.043807841196575666,0.0,1456000.0,0.003366987794669244,0.0,1456000.0,0.003366987794669244,0.02,0.02,72800000,72800000,https://www.nseindia.com/companies-listing/corporate-filings-annual-reports,https://www.nseindia.com/companies-listing/corporate-filings-annual-reports,1620599296,18:28:16,20210509
27,2013-06-30,UNIPLY.NS,INR,2013-06-30,2013-06-30,Q2,320474000.0,261308000.0,59166000.0,0.18462028120845997,0.0,0.0,0.0,0.0,62479000,323787000,0.0,3990000.0,677000.0,0.0021124958654992294,-3313000.0,-0.010337812115803466,0.0,-18550000.0,-0.05788301079026692,0.0,-18550000.0,-0.05788301079026692,-0.258,-0.258,71899225,71899225,https://www.nseindia.com/companies-listing/corporate-filings-annual-reports,https://www.nseindia.com/companies-listing/corporate-filings-annual-reports,1620599296,18:28:16,20210509
