,date,symbol,reportedCurrency,fillingDate,acceptedDate,period,revenue,costOfRevenue,grossProfit,grossProfitRatio,researchAndDevelopmentExpenses,generalAndAdministrativeExpenses,sellingAndMarketingExpenses,otherExpenses,operatingExpenses,costAndExpenses,interestExpense,depreciationAndAmortization,ebitda,ebitdaratio,operatingIncome,operatingIncomeRatio,totalOtherIncomeExpensesNet,incomeBeforeTax,incomeBeforeTaxRatio,incomeTaxExpense,netIncome,netIncomeRatio,eps,epsdiluted,weightedAverageShsOut,weightedAverageShsOutDil,link,finalLink,timestamp,est_time,est_date
0,2021-01-31,SVBL,USD,2021-03-12,2021-03-12 16:31:54,Q1,0.0,10427.0,-10427.0,0.0,0.0,501346.0,0.0,0.0,843965.0,854392.0,0.0,10427.0,-843965.0,0.0,-854392.0,0.0,-2019.0,-856357.0,0.0,2037.0,-858394.0,0.0,-0.03,-0.03,33453738,33453738,https://www.sec.gov/Archives/edgar/data/1031093/000107997321000172/0001079973-21-000172-index.htm,https://www.sec.gov/Archives/edgar/data/1031093/000107997321000172/svbl_10q-013121.htm,1620598465,18:14:25,20210509
1,2020-10-31,SVBL,USD,2021-01-28,2021-01-28,Q4,0.0,0.0,0.0,0.0,645701.0,516524.0,0.0,-14682.0,2168231.0,2168231.0,0.0,16654.0,-2186271.0,0.0,-2202925.0,0.0,-14682.0,-2217607.0,0.0,7942.0,-2225549.0,0.0,-0.009417195687302841,-0.009417195687302841,236328210,236328210,https://www.sec.gov/Archives/edgar/data/1031093/000107997321000025/0001079973-21-000025-index.htm,https://www.sec.gov/Archives/edgar/data/1031093/000107997321000025/svbl_10k-103120.htm,1620598465,18:14:25,20210509
2,2020-04-30,SVBL,USD,2020-06-12 00:00:00,2020-06-12 17:05:46,Q2,0.0,0.0,0.0,0.0,84630.0,350777.0,0.0,5060.0,440473.0,449390.0,-24430.0,8920.0,-440470.0,0.0,-449390.0,0.0,0.0,-473820.0,0.0,4130.0,-477950.0,0.0,-0.00202,-0.00202,236328210,236328210,https://www.sec.gov/Archives/edgar/data/1031093/000107997320000489/0001079973-20-000489-index.html,https://www.sec.gov/Archives/edgar/data/1031093/000107997320000489/svbl_10q-043020.htm,1620598465,18:14:25,20210509
3,2020-01-31,SVBL,USD,2020-03-13 00:00:00,2020-03-13 16:41:37,Q1,0.0,0.0,0.0,1.0,203530.0,345449.0,0.0,10580.0,559557.0,568680.0,1480.0,9120.0,-559560.0,-61.34820743339546,-568680.0,-62.34820743339546,0.0,-567200.0,-62.18616379782919,1240.0,-568440.0,-62.322442714614624,-0.00241,-0.00241,236328210,236328210,https://www.sec.gov/Archives/edgar/data/1031093/000107997320000170/0001079973-20-000170-index.html,https://www.sec.gov/Archives/edgar/data/1031093/000107997320000170/svbl_10q-013120.htm,1620598465,18:14:25,20210509
4,2019-10-31,SVBL,USD,2020-01-13 00:00:00,2020-01-13 16:47:25,Q4,0.0,0.0,0.0,1.0,617000.0,348171.0,0.0,155630.0,1120801.0,1141960.0,24900.0,21159.999999999996,-1120800.0,-52.96791115311909,-1141960.0,-53.96791115311909,0.0,-1117060.0,-52.79097353497164,330.0,-1117380.0,-52.80633270321361,-0.00473,-0.00473,236334710,236334710,https://www.sec.gov/Archives/edgar/data/1031093/000107997320000013/0001079973-20-000013-index.html,https://www.sec.gov/Archives/edgar/data/1031093/000107997320000013/svbl_10k-103119.htm,1620598465,18:14:25,20210509
5,2019-07-31,SVBL,USD,2019-09-13 00:00:00,2019-09-13 16:37:49,Q3,0.0,0.0,0.0,1.0,1077440.0,373648.0,0.0,45540.0,1496635.0,1505000.0,-480.0,8360.000000000002,-1496640.0,-179.00191364669297,-1505000.0,-180.00191364669297,0.0,-1505480.0,-180.05944265040068,0.0,-1505480.0,-180.05944265040068,-0.00637,-0.00637,236328210,236328210,https://www.sec.gov/Archives/edgar/data/1031093/000107997319000494/0001079973-19-000494-index.html,https://www.sec.gov/Archives/edgar/data/1031093/000107997319000494/svbl_10q-073119.htm,1620598465,18:14:25,20210509
6,2019-04-30,SVBL,USD,2019-06-14 00:00:00,2019-06-14 08:29:07,Q2,0.0,0.0,0.0,1.0,356130.0,445853.0,0.0,11640.0,813623.0,821000.0,509960.0,7380.0,-813620.0,-110.23208237366211,-821000.0,-111.23208237366211,0.0,-311050.0,-42.14157973174367,3310.0,-314360.0,-42.59029941742311,-0.00133,-0.00133,236010910,236010910,https://www.sec.gov/Archives/edgar/data/1031093/000107997319000346/0001079973-19-000346-index.html,https://www.sec.gov/Archives/edgar/data/1031093/000107997319000346/svbl_10q-033119.htm,1620598465,18:14:25,20210509
7,2019-01-31,SVBL,USD,2019-03-15 00:00:00,2019-03-15 16:47:44,Q1,0.0,0.0,0.0,1.0,458030.0,418445.0,0.0,9320.0,885790.0,893010.0,-106670.0,7220.0,-885790.0,-122.73659415269502,-893010.0,-123.73659415269502,0.0,-999680.0,-138.51725093529168,1670.0,-1001350.0,-138.7489261465983,-0.00426,-0.00426,234872560,234872560,https://www.sec.gov/Archives/edgar/data/1031093/000107997319000147/0001079973-19-000147-index.html,https://www.sec.gov/Archives/edgar/data/1031093/000107997319000147/svbl_10q-013119.htm,1620598465,18:14:25,20210509
8,2018-10-31,SVBL,USD,2019-01-16 00:00:00,2019-01-16 17:27:58,Q4,0.0,0.0,0.0,1.0,730000.0,632014.0,0.0,10000.0,1372452.0,1380000.0,120000.0,9999.999999999998,-1370000.0,-207.8213204118716,-1380000.0,-208.8213204118716,0.0,-1260000.0,-191.21910963052696,-4770000.0,-1260000.0,-191.39415505754087,-0.0054,-0.0054,233520000,233520000,https://www.sec.gov/Archives/edgar/data/1031093/000107997319000022/0001079973-19-000022-index.html,https://www.sec.gov/Archives/edgar/data/1031093/000107997319000022/svbl_10k-103118.htm,1620598465,18:14:25,20210509
9,2018-07-31,SVBL,USD,2018-09-14 00:00:00,2018-09-14 08:00:45,Q3,0.0,0.0,0.0,1.0,200000.0,387845.0,0.0,0.0,596541.0,600000.0,680000.0,10000.0,-590000.0,-90.09832351608519,-600000.0,-91.09832351608519,0.0,80000.0,11.422141670442532,0.0,70000.0,11.271107083522127,0.00033,0.00033,211710000,211710000,https://www.sec.gov/Archives/edgar/data/1031093/000107997318000511/0001079973-18-000511-index.html,https://www.sec.gov/Archives/edgar/data/1031093/000107997318000511/svbl_10q-073118.htm,1620598465,18:14:25,20210509
10,2018-06-12,SVBL,USD,2018-06-13 00:00:00,2018-06-13 17:23:56,Q2,6763000.0,0.0,6763000.0,1.0,102536000.0,384697000.0,0.0,300485000.0,487233000.0,487233000.0,0.0,6763000.0,-487233000.0,-72.04391542214994,-493996000.0,-73.04391542214994,-1308957000.0,-193511000.0,-28.613189412982404,236000.0,-193747000.0,-28.648085169303563,-0.00083,-0.00083,233032500000,233032500000,https://www.sec.gov/Archives/edgar/data/1031093/000107997318000387/0001079973-18-000387-index.html,https://www.sec.gov/Archives/edgar/data/1031093/000107997318000387/svbl_10q-043018.htm,1620598465,18:14:25,20210509
11,2018-04-30,SVBL,USD,2018-06-13 00:00:00,2018-06-13 17:23:56,Q2,0.0,0.0,0.0,0.0,100000.0,378897.0,0.0,10000.0,487233.0,490000.0,300000.0,0.0,110000.0,0.0,-490000.0,0.0,0.0,-190000.0,0.0,0.0,-190000.0,0.0,-0.00094,-0.00094,202510000,202510000,https://www.sec.gov/Archives/edgar/data/1031093/000107997318000387/0001079973-18-000387-index.html,https://www.sec.gov/Archives/edgar/data/1031093/000107997318000387/svbl_10q-043018.htm,1620598465,18:14:25,20210509
12,2018-01-31,SVBL,USD,2018-03-16 00:00:00,2018-03-16 17:02:50,Q1,0.0,0.0,0.0,1.0,170000.0,325187.0,0.0,20000.0,518693.0,530000.0,-1610000.0,10000.0,-520000.0,-72.88084867219334,-530000.0,-73.88084867219334,0.0,-2140000.0,-300.02135731347477,0.0,-2140000.0,-300.207671771814,-0.01073,-0.01073,199430000,199430000,https://www.sec.gov/Archives/edgar/data/1031093/000107997318000173/0001079973-18-000173-index.html,https://www.sec.gov/Archives/edgar/data/1031093/000107997318000173/svbl_10q-013118.htm,1620598465,18:14:25,20210509
13,2017-10-31,SVBL,USD,2018-01-17 00:00:00,2018-01-17 09:19:03,Q4,0.0,0.0,0.0,1.0,200000.0,284991.0,0.0,10000.0,497882.0,510000.0,-180000.0,10000.000000000002,-500000.0,-46.17714709701354,-510000.0,-47.17714709701354,10000.0,-680000.0,-62.92886291968095,0.0,-680000.0,-62.951029493600444,-0.00341,-0.00341,199320000,199320000,https://www.sec.gov/Archives/edgar/data/1031093/000107997318000029/0001079973-18-000029-index.html,https://www.sec.gov/Archives/edgar/data/1031093/000107997318000029/svbl_10k-103117.htm,1620598465,18:14:25,20210509
14,2017-07-31,SVBL,USD,2017-09-13 00:00:00,2017-09-13 16:32:35,Q3,0.0,0.0,0.0,1.0,120000.0,292517.0,0.0,-30000.0,376891.0,250000.0,90000.0,9999.999999999998,-240000.0,-51.04157638136511,-250000.0,-52.04157638136511,-20000.0,-190000.0,-25.830985915492956,0.0,-190000.0,-26.035346695557962,-0.00104,-0.00104,182060000,182060000,https://www.sec.gov/Archives/edgar/data/1031093/000107997317000548/0001079973-17-000548-index.html,https://www.sec.gov/Archives/edgar/data/1031093/000107997317000548/svbl_10q-073117.htm,1620598465,18:14:25,20210509
15,2017-04-30,SVBL,USD,2017-06-13 00:00:00,2017-06-13 17:16:53,Q2,0.0,0.0,0.0,1.0,200000.0,401429.0,0.0,0.0,599211.0,610000.0,10000.0,10000.0,-600000.0,-46.16061936676682,-610000.0,-47.16061936676682,10000.0,-600000.0,-45.979970726446346,0.0,-600000.0,-46.15229951467529,-0.00337,-0.00337,177890000,177890000,https://www.sec.gov/Archives/edgar/data/1031093/000107997317000342/0001079973-17-000342-index.html,https://www.sec.gov/Archives/edgar/data/1031093/000107997317000342/svbl_10q-043017.htm,1620598465,18:14:25,20210509
16,2017-01-31,SVBL,USD,2017-03-16 00:00:00,2017-03-16 17:21:12,Q1,0.0,0.0,0.0,1.0,360000.0,254664.0,0.0,-50000.0,563691.0,570000.0,-10000.0,10000.0,-560000.0,-73.37815673001822,-570000.0,-74.37815673001822,0.0,-590000.0,-76.22702421244468,0.0,-580000.0,-75.9513147617808,-0.00326,-0.00326,177890000,177890000,https://www.sec.gov/Archives/edgar/data/1031093/000107997317000164/0001079973-17-000164-index.html,https://www.sec.gov/Archives/edgar/data/1031093/000107997317000164/svbl_10q-013117.htm,1620598465,18:14:25,20210509
17,2016-10-31,SVBL,USD,2017-01-19 00:00:00,2017-01-19 09:06:07,Q4,0.0,0.0,0.0,0.0,110000.0,244468.0,0.0,0.0,350023.0,360000.0,-10000.0,20000.00000000002,-340000.0,0.0,-360000.0,0.0,0.0,-370000.0,0.0,10000.0,-380000.0,0.0,-0.00215,-0.00215,176420000,176420000,https://www.sec.gov/Archives/edgar/data/1031093/000107997317000033/0001079973-17-000033-index.html,https://www.sec.gov/Archives/edgar/data/1031093/000107997317000033/svbl_10k-103116.htm,1620598465,18:14:25,20210509
18,2016-07-31,SVBL,USD,2016-09-13,2016-09-13 17:15:29,Q3,0.0,0.0,0.0,1.0,180000.0,311316.0,0.0,0.0,491800.0,1060000.0,-20000.0,560000.0,-500000.0,-0.8681223632416021,-1060000.0,-1.8681223632416022,0.0,-1080000.0,-1.9019381829093926,0.0,-1080000.0,-1.9022453266491324,-0.00648,-0.00648,166760000,166760000,https://www.sec.gov/Archives/edgar/data/1031093/000107997316001175/svbl_10q-073116.htm,https://www.sec.gov/Archives/edgar/data/1031093/000107997316001175/svbl_10q-073116.htm,1620598465,18:14:25,20210509
19,2016-04-30,SVBL,USD,2016-06-14 00:00:00,2016-06-14 09:09:38,Q2,0.0,0.0,0.0,1.0,100000.0,330494.0,0.0,0.0,436111.0,440000.0,0.0,9999.999999999995,-430000.0,-56.17988724269044,-440000.0,-57.17988724269044,0.0,-310000.0,-40.96446833617412,0.0,-310000.0,-41.16323587255802,-0.00195,-0.00195,159070000,159070000,https://www.sec.gov/Archives/edgar/data/1031093/000107997316001019/0001079973-16-001019-index.html,https://www.sec.gov/Archives/edgar/data/1031093/000107997316001019/svbl_10q-043016.htm,1620598465,18:14:25,20210509
20,2016-01-31,SVBL,USD,2016-03-16 00:00:00,2016-03-16 08:26:43,Q1,0.0,0.0,0.0,1.0,110000.0,304800.0,0.0,0.0,461896.0,460000.0,-10000.0,50000.0,-410000.0,-8.151713759578639,-460000.0,-9.151713759578639,0.0,-470000.0,-9.233768290992614,0.0,-470000.0,-9.210007326297447,-0.00295,-0.00295,159070000,159070000,https://www.sec.gov/Archives/edgar/data/1031093/000107997316000849/0001079973-16-000849-index.html,https://www.sec.gov/Archives/edgar/data/1031093/000107997316000849/svbl_10q-013116.htm,1620598465,18:14:25,20210509
21,2015-10-31,SVBL,USD,2016-01-19 00:00:00,2016-01-19 17:00:14,Q4,0.0,0.0,0.0,1.0,150000.0,271256.0,0.0,0.0,376062.0,16870000.0,10000.0,9999.999999999995,-16860000.0,-1.0287226968068945,-16870000.0,-1.0293898336520053,0.0,-16860000.0,-1.028834770916128,-10000.0,-16850000.0,-1.0282936183037703,-0.10593,-0.10593,159070000,159070000,https://www.sec.gov/Archives/edgar/data/1031093/000107997316000755/0001079973-16-000755-index.html,https://www.sec.gov/Archives/edgar/data/1031093/000107997316000755/svbl_10k-103115.htm,1620598465,18:14:25,20210509
22,2015-07-31,SVBL,USD,2015-09-11 00:00:00,2015-09-11 17:16:55,Q3,0.0,0.0,0.0,1.0,240000.0,359108.0,0.0,0.0,613083.0,620000.0,-20000.0,10000.000000000002,-610000.0,-44.722976481934865,-620000.0,-45.722976481934865,0.0,-630000.0,-46.92959418354477,0.0,-640000.0,-47.1292380740411,-0.00402,-0.00402,159070000,159070000,https://www.sec.gov/Archives/edgar/data/1031093/000107997315000578/0001079973-15-000578-index.html,https://www.sec.gov/Archives/edgar/data/1031093/000107997315000578/svbr_10q-073115.htm,1620598465,18:14:25,20210509
23,2015-04-30,SVBL,USD,2015-06-12 00:00:00,2015-06-12 17:18:47,Q2,0.0,0.0,0.0,1.0,140000.0,370898.0,0.0,10000.0,524861.0,530000.0,10000.0,20000.0,-510000.0,-34.514281891765336,-530000.0,-35.54391598100207,0.0,-520000.0,-34.664592949361165,0.0,-530000.0,-35.60331794768881,-0.00333,-0.00333,159070000,159070000,https://www.sec.gov/Archives/edgar/data/1031093/000107997315000422/0001079973-15-000422-index.html,https://www.sec.gov/Archives/edgar/data/1031093/000107997315000422/svbl_10q-043015.htm,1620598465,18:14:25,20210509
24,2015-01-31,SVBL,USD,2015-03-13,2015-03-13 16:43:51,Q1,0.0,0.0,0.0,1.0,270000.0,470734.0,0.0,0.0,760908.0,760000.0,-100000.0,20000.0,-740000.0,-41.92802858439202,-760000.0,-43.140766787658805,0.0,-860000.0,-48.727427404718696,0.0,-720000.0,-41.04134528130672,-0.00453,-0.00453,159070000,159070000,https://www.sec.gov/Archives/edgar/data/1031093/000107997315000053/svbr_10k-123114.htm,https://www.sec.gov/Archives/edgar/data/1031093/000107997315000053/svbr_10k-123114.htm,1620598465,18:14:25,20210509
25,2014-10-31,SVBL,USD,2015-01-26,2015-01-26 16:47:01,Q4,0.0,0.0,0.0,1.0,250000.0,503947.0,0.0,0.0,1984498.0,1990000.0,-60000.0,1240000.0000000002,-749999.9999999998,-0.6070497099926039,-1990000.0,-1.6102514695005645,0.0,-2050000.0,-1.6585698158744988,0.0,-1820000.0,-1.4720040678889796,-0.01144,-0.01144,159070000,159070000,https://www.sec.gov/Archives/edgar/data/1031093/000107997315000053/svbr_10k-123114.htm,https://www.sec.gov/Archives/edgar/data/1031093/000107997315000053/svbr_10k-123114.htm,1620598465,18:14:25,20210509
26,2014-07-31,SVBL,USD,2014-09-08 00:00:00,2014-09-08 17:22:00,Q3,0.0,0.0,0.0,1.0,300000.0,331912.0,0.0,0.0,663038.0,660000.0,-30000.0,30000.000000000025,-630000.0,-21.395474867904078,-660000.0,-22.42304565776995,20000.0,-670000.0,-22.643510364449263,10000.0,-750000.0,-25.4901436119767,-0.00471,-0.00471,159070000,159070000,https://www.sec.gov/Archives/edgar/data/1031093/000107997314000472/0001079973-14-000472-index.html,https://www.sec.gov/Archives/edgar/data/1031093/000107997314000472/svbr_10q-073114.htm,1620598465,18:14:25,20210509
27,2014-04-30,SVBL,USD,2014-06-06 00:00:00,2014-06-06 16:45:00,Q2,0.0,0.0,0.0,1.0,240000.0,415331.0,0.0,10000.0,1004512.0,1020000.0,20000.0,539999.9999999999,-480000.0000000001,-1.3500372856077554,-1020000.0,-2.9122411518384674,0.0,-990000.0,-2.8384414615958242,10000.0,-1270000.0,-3.640234038891757,-0.00798,-0.00798,159070000,159070000,https://www.sec.gov/Archives/edgar/data/1031093/000107997314000347/0001079973-14-000347-index.html,https://www.sec.gov/Archives/edgar/data/1031093/000107997314000347/svbr_10q-043014.htm,1620598465,18:14:25,20210509
28,2014-01-31,SVBL,USD,2014-03-11,2014-03-11 16:55:43,Q1,0.0,0.0,0.0,1.0,480000.0,516367.0,0.0,10000.0,1033904.0,1040000.0,-10000.0,40000.0,-1000000.0,-31.805457189831795,-1040000.0,-32.950739850765146,0.0,-1010000.0,-31.988206652333375,0.0,-1080000.0,-34.064404957632476,-0.00679,-0.00679,159070000,159070000,https://www.sec.gov/Archives/edgar/data/1031093/000107997314000037/svbr_10k-103113.htm,https://www.sec.gov/Archives/edgar/data/1031093/000107997314000037/svbr_10k-103113.htm,1620598465,18:14:25,20210509
29,2013-10-31,SVBL,USD,2014-01-13,2014-01-13 16:35:41,Q4,0.0,0.0,0.0,1.0,700000.0,556846.0,0.0,-30000.0,1896466.0,1260000.0,40000.0,590000.0,-670000.0,-2.1636756753084407,-1260000.0,-3.1652586417740096,130000.0,-1090000.0,-2.8651166503614327,10000.0,-1690000.0,-2.8753430892983314,-0.01062,-0.01062,159150000,159150000,https://www.sec.gov/Archives/edgar/data/1031093/000107997314000037/svbr_10k-103113.htm,https://www.sec.gov/Archives/edgar/data/1031093/000107997314000037/svbr_10k-103113.htm,1620598465,18:14:25,20210509
30,2013-07-31,SVBL,USD,2013-09-05 00:00:00,2013-09-05 16:21:57,Q3,0.0,0.0,0.0,1.0,1080000.0,633314.0,0.0,10000.0,1932369.0,1760000.0,0.0,39999.99999999993,-1720000.0,-48.53586784340349,-1760000.0,-49.56523597596239,20000.0,-1740000.0,-36.208342762314246,20000.0,-1460000.0,-36.676347087073495,-0.00918,-0.00918,159070000,159070000,https://www.sec.gov/Archives/edgar/data/1031093/000107997313000547/0001079973-13-000547-index.html,https://www.sec.gov/Archives/edgar/data/1031093/000107997313000547/svbr_10q-073113.htm,1620598465,18:14:25,20210509
31,2013-04-30,SVBL,USD,2013-06-05 00:00:00,2013-06-05 16:46:36,Q2,0.0,0.0,0.0,1.0,770000.0,689220.0,0.0,-20000.0,2147042.0,2110000.0,-10000.0,670000.0,-1440000.0,-2.2114712881066763,-2110000.0,-3.213220790493722,0.0,-2110000.0,-3.262589981891378,30000.0,-2210000.0,-3.308838803334381,-0.01264,-0.01264,174870000,174870000,https://www.sec.gov/Archives/edgar/data/1031093/000107997313000384/0001079973-13-000384-index.html,https://www.sec.gov/Archives/edgar/data/1031093/000107997313000384/svbr_10q-043013.htm,1620598465,18:14:25,20210509
32,2013-01-31,SVBL,USD,2013-03-11 00:00:00,2013-03-11 17:20:45,Q1,0.0,0.0,0.0,1.0,1220000.0,760327.0,0.0,20000.0,2182408.0,2100000.0,50000.0,110000.0,-1990000.0,-18.340320263871895,-2100000.0,-19.350676526396057,0.0,-2060000.0,-18.57487010338529,10000.0,-2100000.0,-18.656186270858825,-0.01542,-0.01542,136160000,136160000,https://www.sec.gov/Archives/edgar/data/1031093/000107997313000168/0001079973-13-000168-index.html,https://www.sec.gov/Archives/edgar/data/1031093/000107997313000168/svbr_10q-013113.htm,1620598465,18:14:25,20210509
33,2012-10-31,SVBL,USD,2013-01-09 00:00:00,2013-01-09 17:12:42,Q4,0.0,0.0,0.0,1.0,1850000.0,803270.0,0.0,50000.0,3826998.0,3830000.0,180000.0,1120000.0,-2710000.0,-2.4168562275552317,-3830000.0,-3.4178993706310568,0.0,-3650000.0,-3.2582341766895033,10000.0,-3660000.0,-3.2643421009151616,-0.02689,-0.02689,136110000,136110000,https://www.sec.gov/Archives/edgar/data/1031093/000107997313000016/0001079973-13-000016-index.html,https://www.sec.gov/Archives/edgar/data/1031093/000107997313000016/svbr_10k-103112.htm,1620598465,18:14:25,20210509
34,2012-07-31,SVBL,USD,2012-09-05 00:00:00,2012-09-05 16:33:36,Q3,0.0,0.0,0.0,1.0,1440000.0,580742.0,0.0,-120000.0,2505407.0,2510000.0,-200000.0,600000.0000000001,-1910000.0,-9.33286878948659,-2510000.0,-9.332451810118531,10000.0,-2690000.0,-9.38248761487563,20000.0,-2720000.0,-9.4815197629559,-0.01998,-0.01998,136160000,136160000,https://www.sec.gov/Archives/edgar/data/1031093/000107997312000686/0001079973-12-000686-index.html,https://www.sec.gov/Archives/edgar/data/1031093/000107997312000686/svbr_10q-073112.htm,1620598465,18:14:25,20210509
35,2012-04-30,SVBL,USD,2012-06-07,2012-06-07 16:54:40,Q2,0.0,0.0,0.0,1.0,3410000.0,780010.0,0.0,-890000.0,3612507.0,3610000.0,90000.0,320000.0,-3290000.0,-0.628221252189617,-3610000.0,-0.6282769470721394,200000.0,-3320000.0,-0.5781768055731406,70000.0,-3400000.0,-0.5906442308896349,-0.02497,-0.02497,136160000,136160000,https://www.sec.gov/Archives/edgar/data/1031093/000107997312000441/svbr_10q-043012.htm,https://www.sec.gov/Archives/edgar/data/1031093/000107997312000441/svbr_10q-043012.htm,1620598465,18:14:25,20210509
36,2012-01-31,SVBL,USD,2012-03-08 00:00:00,2012-03-08 16:32:52,Q1,0.0,0.0,0.0,1.0,2450000.0,798576.0,0.0,80000.0,3434849.0,3430000.0,-180000.0,110000.0,-3320000.0,-32.922536759067555,-3430000.0,-32.923558392761294,30000.0,-3590000.0,-34.39657618280807,0.0,-3590000.0,-34.44413771950004,-0.02837,-0.02837,126550000,126550000,https://www.sec.gov/Archives/edgar/data/1031093/000107997312000137/0001079973-12-000137-index.html,https://www.sec.gov/Archives/edgar/data/1031093/000107997312000137/svbr_10q-013112.htm,1620598465,18:14:25,20210509
37,2011-10-31,SVBL,USD,2012-01-11 00:00:00,2012-01-11 14:33:36,Q4,0.0,0.0,0.0,1.0,2690000.0,548686.0,0.0,200000.0,3566766.0,3570000.0,-1900000.0,109999.99999999999,-3460000.0,-32.09474540398996,-3570000.0,-32.09572658801933,-200000.0,-5670000.0,-51.0104203223281,0.0,-5670000.0,-50.980221184389315,-0.04921,-0.04921,115230000,115230000,https://www.sec.gov/Archives/edgar/data/1031093/000107997312000010/0001079973-12-000010-index.html,https://www.sec.gov/Archives/edgar/data/1031093/000107997312000010/svbr_10k.htm,1620598465,18:14:25,20210509
38,2011-07-31,SVBL,USD,2011-09-06 00:00:00,2011-09-06 15:56:31,Q3,0.0,0.0,0.0,1.0,2350000.0,572390.0,0.0,0.0,2966607.0,2970000.0,-7042000.0,50000.0,-2920000.0,0.857733661309,-2970000.0,0.763926120701,0.0,-3380000.0,0.694506382798,10000.0,-3380000.0,0.582636201705,-0.0301,-0.0301,112280000,112280000,https://www.sec.gov/Archives/edgar/data/1031093/000107997311000739/0001079973-11-000739-index.html,https://www.sec.gov/Archives/edgar/data/1031093/000107997311000739/sbr_10q.htm,1620598465,18:14:25,20210509
39,2011-04-30,SVBL,USD,2011-06-06 00:00:00,2011-06-06 16:15:09,Q2,0.0,0.0,0.0,1.0,2030000.0,1214606.0,0.0,0.0,3301638.0,3300000.0,1700000.0,9999.999999999995,-3290000.0,-56.65962057756145,-3300000.0,-56.786725374520564,50000.0,-1560000.0,-26.78964930083762,20000.0,-1580000.0,-27.125023649404035,-0.01485,-0.01485,106420000,106420000,https://www.sec.gov/Archives/edgar/data/1031093/000107997311000489/0001079973-11-000489-index.html,https://www.sec.gov/Archives/edgar/data/1031093/000107997311000489/sbr_10q.htm,1620598465,18:14:25,20210509
40,2011-01-31,SVBL,USD,2011-03-10,2011-03-09 20:57:52,Q1,0.0,0.0,0.0,1.0,1040000.0,0.0,0.0,0.0,1910370.0,1910000.0,310000.0,70000.0,-1840000.0,-31.21363682587031,-1910000.0,-32.37805498118708,0.0,-1610000.0,-27.239127487203824,0.0,-1610000.0,-27.30502355852344,-0.01519,-0.01519,105980000,105980000,https://www.sec.gov/Archives/edgar/data/1031093/000107997311000036/mmg_10k.htm,https://www.sec.gov/Archives/edgar/data/1031093/000107997311000036/mmg_10k.htm,1620598465,18:14:25,20210509
41,2010-10-31,SVBL,USD,2011-01-14,2011-01-14 15:49:51,Q4,0.0,0.0,0.0,1.0,1960000.0,2171948.0,0.0,720000.0,4401718.0,4400000.0,810000.0,140000.0,-4260000.0,-35.489341512747735,-4400000.0,-36.638543686896014,0.0,-3600000.0,-29.936406995230524,10000.0,-3600000.0,-29.987331341196448,-0.03383,-0.03383,106430000,106430000,https://www.sec.gov/Archives/edgar/data/1031093/000107997311000036/mmg_10k.htm,https://www.sec.gov/Archives/edgar/data/1031093/000107997311000036/mmg_10k.htm,1620598465,18:14:25,20210509
42,2010-07-31,SVBL,USD,2010-09-14 00:00:00,2010-09-14 14:22:05,Q3,0.0,0.0,0.0,1.0,2340000.0,1543474.0,0.0,60000.0,3727315.0,3730000.0,-730000.0,60000.00000000001,-3670000.0,-64.63204464774553,-3730000.0,-65.82919764751594,0.0,-4460000.0,-78.70567457303827,10000.0,-4460000.0,-78.80683845216438,-0.04279,-0.04279,104220000,104220000,https://www.sec.gov/Archives/edgar/data/1031093/000107997310000999/0001079973-10-000999-index.html,https://www.sec.gov/Archives/edgar/data/1031093/000107997310000999/mmg_10q.htm,1620598465,18:14:25,20210509
43,2010-04-30,SVBL,USD,2010-06-14 00:00:00,2010-06-14 16:18:27,Q2,0.0,0.0,0.0,1.0,680000.0,793386.0,0.0,150000.0,1436800.0,1440000.0,1410000.0,60000.0,-1380000.0,-26.783994251757488,-1440000.0,-27.902279877267254,0.0,-30000.0,-0.5956616304812211,0.0,-30000.0,-0.6082844603254748,-0.00047,-0.00047,63420000,63420000,https://www.sec.gov/Archives/edgar/data/1031093/000107997310000689/0001079973-10-000689-index.html,https://www.sec.gov/Archives/edgar/data/1031093/000107997310000689/mmg_10q.htm,1620598465,18:14:25,20210509
44,2010-01-31,SVBL,USD,2010-03-16 00:00:00,2010-03-16 16:02:06,Q1,0.0,0.0,0.0,1.0,580000.0,0.0,0.0,0.0,822761.0,1270000.0,-50000.0,50000.0,-1220000.0,-28.162571888658846,-1270000.0,-29.264550264550266,0.0,-1320000.0,-30.459926386013343,-10000.0,-1310000.0,-30.121854152288936,-0.02536,-0.02536,51660000,51660000,https://www.sec.gov/Archives/edgar/data/1031093/000107997310000324/0001079973-10-000324-index.html,https://www.sec.gov/Archives/edgar/data/1031093/000107997310000324/mmg_10q.htm,1620598465,18:14:25,20210509
45,2009-10-31,SVBL,USD,2010-01-11 00:00:00,2010-01-08 19:55:42,Q4,0.0,0.0,0.0,1.0,110000.0,837143.0,0.0,60000.0,2146563.0,1050000.0,250000.0,50000.00000000002,-1000000.0,-23.540631233133873,-1050000.0,-24.6476592749032,0.0,-800000.0,-18.74046697172357,10000.0,-800000.0,-18.932160037545465,-0.01754,-0.01754,45610000,45610000,https://www.sec.gov/Archives/edgar/data/1031093/000113717110000013/0001137171-10-000013-index.html,https://www.sec.gov/Archives/edgar/data/1031093/000113717110000013/metalline10k01082010.htm,1620598465,18:14:25,20210509
46,2009-07-31,SVBL,USD,2009-09-14 00:00:00,2009-09-14 14:09:01,Q3,0.0,0.0,0.0,1.0,300000.0,586098.0,0.0,0.0,634123.0,930000.0,760000.0,49999.99999999999,-880000.0,-20.2555858560396,-930000.0,-21.35657813323556,0.0,-170000.0,-3.8544812888145383,10000.0,-180000.0,-4.059903293076976,-0.00441,-0.00441,40860000,40860000,https://www.sec.gov/Archives/edgar/data/1031093/000113717109000730/0001137171-09-000730-index.html,https://www.sec.gov/Archives/edgar/data/1031093/000113717109000730/metalline10q091109.htm,1620598465,18:14:25,20210509
47,2009-04-30,SVBL,USD,2009-06-15 00:00:00,2009-06-15 15:46:05,Q2,0.0,0.0,0.0,1.0,320000.0,755940.0,0.0,0.0,804923.0,1130000.0,730000.0,50000.0,-1080000.0,-24.950020863276,-1130000.0,-26.084009458018453,0.0,-390000.0,-9.081621771987574,-10000.0,-380000.0,-8.780773332096992,-0.00956,-0.00956,39750000,39750000,https://www.sec.gov/Archives/edgar/data/1031093/000113717109000452/0001137171-09-000452-index.html,https://www.sec.gov/Archives/edgar/data/1031093/000113717109000452/metalline10q061209revised.htm,1620598465,18:14:25,20210509
48,2009-01-31,SVBL,USD,2009-02-13 00:00:00,2009-02-13 15:02:44,Q1,0.0,0.0,0.0,1.0,480000.0,816078.0,0.0,0.0,867395.0,1350000.0,-2010000.0,50000.0,-1300000.0,-28.42033950413949,-1350000.0,-29.547269253574015,0.0,-3360000.0,-73.73770779805433,0.0,-3360000.0,-73.81621538529109,-0.08461,-0.08461,39710000,39710000,https://www.sec.gov/Archives/edgar/data/1031093/000136231009001985/0001362310-09-001985-index.html,https://www.sec.gov/Archives/edgar/data/1031093/000136231009001985/c80993e10vk.htm,1620598465,18:14:25,20210509
49,2008-10-31,SVBL,USD,2009-02-13,2009-02-13 15:02:44,Q4,0.0,0.0,0.0,1.0,700000.0,0.0,0.0,220000.0,1378795.0,2140000.0,-4700000.0,60000.0,-2080000.0,-33.814493651285225,-2140000.0,-34.91320434874737,0.0,-6840000.0,-111.48825610014507,-20000.0,-6820000.0,-111.14619158611922,-0.17188,-0.17188,39680000,39680000,https://www.sec.gov/Archives/edgar/data/1031093/000136231009001985/c80993e10vk.htm,https://www.sec.gov/Archives/edgar/data/1031093/000136231009001985/c80993e10vk.htm,1620598465,18:14:25,20210509
50,2008-07-31,SVBL,USD,2008-09-11 00:00:00,2008-09-10 18:24:13,Q3,0.0,0.0,0.0,1.0,930000.0,0.0,0.0,0.0,1523943.0,2500000.0,720000.0,60000.0,-2440000.0,-48.82128882855546,-2500000.0,-49.93619739678991,0.0,-1790000.0,-35.67106523995847,20000.0,-1810000.0,-36.139143975085844,-0.04566,-0.04566,39640000,39640000,https://www.sec.gov/Archives/edgar/data/1031093/000136231008005086/0001362310-08-005086-index.html,https://www.sec.gov/Archives/edgar/data/1031093/000136231008005086/c75108e10vq.htm,1620598465,18:14:25,20210509
51,2008-04-30,SVBL,USD,2008-06-16 00:00:00,2008-06-16 14:26:27,Q2,0.0,0.0,0.0,1.0,750000.0,0.0,0.0,0.0,1388311.0,2190000.0,520000.0,49999.99999999999,-2140000.0,-46.495375106100504,-2190000.0,-47.64019413672275,0.0,-1670000.0,-36.43776525126776,0.0,-1680000.0,-36.53246131412279,-0.04241,-0.04241,39610000,39610000,https://www.sec.gov/Archives/edgar/data/1031093/000136231008003247/0001362310-08-003247-index.html,https://www.sec.gov/Archives/edgar/data/1031093/000136231008003247/c73636e10vq.htm,1620598465,18:14:25,20210509
52,2008-01-31,SVBL,USD,2008-03-17,2008-03-17 17:05:09,Q1,0.0,0.0,0.0,1.0,630000.0,0.0,0.0,0.0,1276583.0,1910000.0,-70000.0,70000.0,-1840000.0,-30.598048327137548,-1910000.0,-31.70369755708975,0.0,-1980000.0,-32.806890600106215,40000.0,-2010000.0,-33.40170273499734,-0.05103,-0.05103,39390000,39390000,https://www.sec.gov/Archives/edgar/data/1031093/000136231008000348/c72158e10ksb.htm,https://www.sec.gov/Archives/edgar/data/1031093/000136231008000348/c72158e10ksb.htm,1620598465,18:14:25,20210509
53,2007-10-31,SVBL,USD,2008-01-29,2008-01-29 17:30:46,Q4,0.0,0.0,0.0,1.0,550000.0,0.0,0.0,0.0,1239318.0,1790000.0,220000.0,30000.0,-1760000.0,-38.15412683237731,-1790000.0,-39.37291799447631,0.0,-1570000.0,-36.52811769704695,50000.0,-1620000.0,-36.81515296367113,-0.05002,-0.05002,32390000,32390000,https://www.sec.gov/Archives/edgar/data/1031093/000136231008000348/c72158e10ksb.htm,https://www.sec.gov/Archives/edgar/data/1031093/000136231008000348/c72158e10ksb.htm,1620598465,18:14:25,20210509
54,2007-07-31,SVBL,USD,2007-09-19,2007-09-19 15:58:38,Q3,0.0,0.0,0.0,1.0,960000.0,0.0,0.0,0.0,933375.0,1940000.0,-2167000.0,160000.0,-1780000.0,-0.8684886519538532,-1940000.0,-0.849105963250944,0.0,-1770000.0,-0.7728136307881689,0.0,-1770000.0,-0.7728136307881689,-0.04692,-0.04692,37720000,37720000,https://www.sec.gov/Archives/edgar/data/1031093/000136231007002258/c71227e10qsb.htm,https://www.sec.gov/Archives/edgar/data/1031093/000136231007002258/c71227e10qsb.htm,1620598465,18:14:25,20210509
55,2007-04-30,SVBL,USD,2007-06-18,2007-06-18 12:26:50,Q2,0.0,0.0,0.0,0.0,550000.0,0.0,0.0,0.0,1379349.0,1380000.0,2167000.0,40000.0,-1340000.0,0.0,-1380000.0,0.0,0.0,-1310000.0,0.0,0.0,-1310000.0,0.0,-0.04292,-0.04292,30520000,30520000,https://www.sec.gov/Archives/edgar/data/1031093/000114420407032265/v078538_10qsb.htm,https://www.sec.gov/Archives/edgar/data/1031093/000114420407032265/v078538_10qsb.htm,1620598465,18:14:25,20210509
56,2007-01-31,SVBL,USD,2007-03-19,2007-03-19 11:49:31,Q1,0.0,0.0,0.0,0.0,590000.0,0.0,0.0,0.0,1946398.0,2300000.0,1337000.0,0.0,-893000.0,0.0,-2300000.0,0.0,0.0,-2230000.0,0.0,0.0,-2230000.0,0.0,-0.06519,-0.06519,34210000,34210000,https://www.sec.gov/Archives/edgar/data/1031093/000114420407004344/v063777_10ksb.htm,https://www.sec.gov/Archives/edgar/data/1031093/000114420407004344/v063777_10ksb.htm,1620598465,18:14:25,20210509
57,2006-10-31,SVBL,USD,2007-01-31,2007-01-31 14:09:55,Q4,0.0,0.0,0.0,0.0,1360000.0,0.0,0.0,0.0,6085388.0,8170000.0,3515000.0,19999.99999999999,-8150000.0,0.0,-8170000.0,0.0,-10000.0,-8100000.0,0.0,0.0,-8100000.0,0.0,-0.3194,-0.3194,25360000,25360000,https://www.sec.gov/Archives/edgar/data/1031093/000114420407004344/v063777_10ksb.htm,https://www.sec.gov/Archives/edgar/data/1031093/000114420407004344/v063777_10ksb.htm,1620598465,18:14:25,20210509
58,2006-07-31,SVBL,USD,2006-09-19,2006-09-19 12:39:31,Q3,0.0,0.0,0.0,0.0,670000.0,0.0,0.0,0.0,1205324.0,1200000.0,2058000.0,30000.000000000007,-1170000.0,0.0,-1200000.0,0.0,30000.0,-1090000.0,0.0,0.0,-1090000.0,0.0,-0.03195,-0.03195,34120000,34120000,https://www.sec.gov/Archives/edgar/data/1031093/000114420406038981/v053014_10qsb.htm,https://www.sec.gov/Archives/edgar/data/1031093/000114420406038981/v053014_10qsb.htm,1620598465,18:14:25,20210509
59,2006-04-30,SVBL,USD,2006-04-30,2006-04-30,Q2,0.0,0.0,0.0,0.0,370000.0,0.0,0.0,0.0,1591747.0,1590000.0,-10000.0,20000.0,-1570000.0,0.0,-1590000.0,0.0,60000.0,-1530000.0,0.0,0.0,-1530000.0,0.0,-0.0347,-0.0347,44090000,44090000,,,1620598465,18:14:25,20210509
60,2006-01-31,SVBL,USD,2006-03-17,2006-03-17 17:02:24,Q1,0.0,0.0,0.0,1.0,20000.0,0.0,0.0,0.0,456149.0,460000.0,335000.0,20000.0,-440000.0,-23.99454605553107,-460000.0,-25.12940722785368,-30000.0,-470000.0,-25.740965182899956,0.0,-470000.0,-25.740965182899956,-0.02155,-0.02155,21810000,21810000,https://www.sec.gov/Archives/edgar/data/1031093/000114420406023059/v044544_10ksba.htm,https://www.sec.gov/Archives/edgar/data/1031093/000114420406023059/v044544_10ksba.htm,1620598465,18:14:25,20210509
61,2005-10-31,SVBL,USD,2006-05-31,2006-05-31 12:29:27,Q4,0.0,0.0,0.0,1.0,850000.0,0.0,0.0,0.0,-122448.0,720000.0,151000.0,20000.000000000004,-700000.0,-0.42246011120149934,-720000.0,-0.43483649732074936,150000.0,-580000.0,-0.3517503317567389,0.0,-580000.0,-0.3517503317567389,-0.02864,-0.02864,20250000,20250000,https://www.sec.gov/Archives/edgar/data/1031093/000114420406023059/v044544_10ksba.htm,https://www.sec.gov/Archives/edgar/data/1031093/000114420406023059/v044544_10ksba.htm,1620598465,18:14:25,20210509
62,2005-07-31,SVBL,USD,2005-09-15,2005-09-15 17:02:21,Q3,0.0,0.0,0.0,0.0,80000.0,0.0,0.0,0.0,388379.0,470000.0,455000.0,19999.999999999996,-450000.0,0.0,-470000.0,0.0,-10000.0,-470000.0,0.0,0.0,-470000.0,0.0,-0.02344,-0.02344,20050000,20050000,https://www.sec.gov/Archives/edgar/data/1031093/000114420405028955/v025772_10qsb.htm,https://www.sec.gov/Archives/edgar/data/1031093/000114420405028955/v025772_10qsb.htm,1620598465,18:14:25,20210509
63,2005-04-30,SVBL,USD,2005-04-30,2005-04-30,Q2,0.0,0.0,0.0,0.0,270000.0,0.0,0.0,0.0,961911.0,960000.0,10000.0,20000.0,-940000.0,0.0,-960000.0,0.0,-30000.0,-980000.0,0.0,0.0,-980000.0,0.0,-0.04917,-0.04917,19930000,19930000,,,1620598465,18:14:25,20210509
64,2005-01-31,SVBL,USD,2005-03-17,2005-03-17 17:11:25,Q1,0.0,0.0,0.0,1.0,470000.0,0.0,0.0,0.0,1309186.0,1310000.0,152000.0,20000.0,-1290000.0,-2.771253375216498,-1310000.0,-2.816756134556838,30000.0,-1260000.0,-2.7139623696978172,0.0,-1260000.0,-2.7139623696978172,-0.06354,-0.06354,19830000,19830000,https://www.sec.gov/Archives/edgar/data/1031093/000110465905011862/a05-5279_110qsb.htm,https://www.sec.gov/Archives/edgar/data/1031093/000110465905011862/a05-5279_110qsb.htm,1620598465,18:14:25,20210509
