,date,symbol,reportedCurrency,fillingDate,acceptedDate,period,revenue,costOfRevenue,grossProfit,grossProfitRatio,researchAndDevelopmentExpenses,generalAndAdministrativeExpenses,sellingAndMarketingExpenses,otherExpenses,operatingExpenses,costAndExpenses,interestExpense,depreciationAndAmortization,ebitda,ebitdaratio,operatingIncome,operatingIncomeRatio,totalOtherIncomeExpensesNet,incomeBeforeTax,incomeBeforeTaxRatio,incomeTaxExpense,netIncome,netIncomeRatio,eps,epsdiluted,weightedAverageShsOut,weightedAverageShsOutDil,link,finalLink,timestamp,est_time,est_date
0,2020-12-31,ENSV,USD,2021-03-23,2021-03-23 15:59:27,Q4,2392000.0,4248000.0,-1856000.0,-0.7759197324414716,0.0,944000.0,0.0,1000.0,944000.0,5192000.0,30000.0,1305000.0,-1495000.0,-0.625,-2800000.0,-1.1705685618729098,-726000.0,-3556000.0,-1.4866220735785953,-3000.0,-3720000.0,-1.5551839464882944,-0.9514183294321772,-0.9514183294321772,3909952.0,3909952.0,https://www.sec.gov/Archives/edgar/data/319458/000143774921006893/0001437749-21-006893-index.htm,https://www.sec.gov/Archives/edgar/data/319458/000143774921006893/ensv20201231b_10k.htm,1620591668,16:21:08,20210509
1,2020-09-30,ENSV,USD,2020-11-12,2020-11-12 16:02:07,Q3,1764000.0,3744000.0,-1980000.0,-1.1224489795918366,0.0,1049000.0,0.0,29000.0,1049000.0,4793000.0,477000.0,1271000.0,-1758000.0,-0.9965986394557823,-3029000.0,-1.7171201814058956,11924000.0,8418000.0,4.772108843537415,6000.0,8405000.0,4.7647392290249435,2.09999,2.09999,3909952.0,3909952.0,https://www.sec.gov/Archives/edgar/data/319458/000143774920023610/0001437749-20-023610-index.htm,https://www.sec.gov/Archives/edgar/data/319458/000143774920023610/ensv20200930_10q.htm,1620591668,16:21:08,20210509
2,2020-06-30,ENSV,USD,2020-08-14,2020-08-14 07:59:32,Q2,2141000.0,4640000.0,-2499000.0,-1.167211583372256,0.0,1247000.0,0.0,76000.0,1247000.0,5887000.0,547000.0,1310000.0,-2436000.0,-1.1377860812704343,-3746000.0,-1.7496496964035497,-86000.0,-4379000.0,-2.0453059318075666,9000.0,-4357000.0,-2.0350303596450257,-1.199994,-1.199994,3690151.0,3690151.0,https://www.sec.gov/Archives/edgar/data/319458/000143774920017896/0001437749-20-017896-index.htm,https://www.sec.gov/Archives/edgar/data/319458/000143774920017896/ensv20200630_10q.htm,1620591668,16:21:08,20210509
3,2020-03-31,ENSV,USD,2020-05-15,2020-05-15 16:20:09,Q1,9386000.0,9861000.0,-475000.0,-0.05060728744939271,0.0,1762000.0,0.0,20000.0,1762000.0,11623000.0,641000.0,1396000.0,-841000.0,-0.08960153419987214,-2237000.0,-0.23833368847219263,5000.0,-2873000.0,-0.3060941828254848,0.0,-2837000.0,-0.30225868314510973,-0.749996,-0.749996,3701218.0,3701218.0,https://www.sec.gov/Archives/edgar/data/319458/000143774920011010/0001437749-20-011010-index.htm,https://www.sec.gov/Archives/edgar/data/319458/000143774920005775/ensv20191231_10k.htm,1620591668,16:21:08,20210509
4,2019-12-31,ENSV,USD,2020-03-20,2020-03-20 16:07:13,Q4,4883000.0,4979000.0,-96000.0,-0.019660045054269916,0.0,1352000.0,0.0,13000.0,430000.0,5409000.0,568000.0,570000.0,44000.0,0.009010853983207045,-526000.0,-0.10772066352652059,84000.0,-1010000.0,-0.20684005734179808,0.0,-3342000.0,-0.6844153184517715,-0.899996,-0.899996,3698618.0,3698618.0,https://www.sec.gov/Archives/edgar/data/319458/000143774920005775/0001437749-20-005775-index.htm,https://www.sec.gov/Archives/edgar/data/319458/000143774920005775/ensv20191231_10k.htm,1620591668,16:21:08,20210509
5,2019-09-30,ENSV,USD,2019-11-13,2019-11-13 17:11:53,Q3,4697000.0,7067000.0,-2370000.0,-0.5045773898232915,0.0,1723000.0,0.0,-67000.0,2203000.0,9270000.0,695000.0,1703000.0,-2870000.0,-0.6110283159463488,-4573000.0,-0.9736001703214818,-136000.0,-5404000.0,-1.150521609538003,0.0,-5404000.0,-1.150521609538003,-1.499993,-1.499993,3697151.0,3697151.0,https://www.sec.gov/Archives/edgar/data/319458/000143774919022703/0001437749-19-022703-index.htm,https://www.sec.gov/Archives/edgar/data/319458/000143774919022703/ensv20190917_10q.htm,1620591668,16:21:08,20210509
6,2019-06-30,ENSV,USD,2019-08-14,2019-08-14 17:08:02,Q2,7206000.0,9173000.0,-1967000.0,-0.2729669719678046,0.0,1460000.0,0.0,1208000.0,1747000.0,10920000.0,658000.0,1736000.0,-1978000.0,-0.27449347765750765,-3714000.0,-0.5154038301415487,1195000.0,-3177000.0,-0.4408825978351374,32000.0,-3209000.0,-0.445323341659728,-0.899996,-0.899996,3665218.0,3665218.0,https://www.sec.gov/Archives/edgar/data/319458/000143774919016853/0001437749-19-016853-index.htm,https://www.sec.gov/Archives/edgar/data/319458/000143774919016853/ensv20190625_10q.htm,1620591668,16:21:08,20210509
7,2019-03-31,ENSV,USD,2019-05-15,2019-05-15 16:03:09,Q1,26240000.0,19080000.0,7160000.0,0.2728658536585366,0.0,1618000.0,0.0,-64000.0,1773000.0,20853000.0,884000.0,1683000.0,7070000.0,0.2694359756097561,5387000.0,0.20529725609756097,-200000.0,4303000.0,0.1639862804878049,0.0,4303000.0,0.1639862804878049,1.1894129806059068,1.1689278706578459,3617751.0,3681151.0,https://www.sec.gov/Archives/edgar/data/319458/000143774919010050/0001437749-19-010050-index.htm,https://www.sec.gov/Archives/edgar/data/319458/000143774919005913/ensv20181231b_10k.htm,1620591668,16:21:08,20210509
8,2018-12-31,ENSV,USD,2019-03-28,2019-03-28 16:05:46,Q4,12534000.0,9987000.0,2547000.0,0.2032072762087123,0.0,1422000.0,0.0,60000.0,1581000.0,11568000.0,746000.0,1320000.0,2286000.0,0.18238391574916227,966000.0,0.07707036859741503,112000.0,332000.0,0.026487952768469762,0.0,-516000.0,-0.0411680229775012,-0.149999,-0.149999,3623151.0,3623151.0,https://www.sec.gov/Archives/edgar/data/319458/000143774919005913/0001437749-19-005913-index.htm,https://www.sec.gov/Archives/edgar/data/319458/000143774919005913/ensv20181231b_10k.htm,1620591668,16:21:08,20210509
9,2018-09-30,ENSV,USD,2018-11-14,2018-11-14 16:02:32,Q3,4472000.0,6812000.0,-2340000.0,-0.5232558139534884,0.0,0.0,1192000.0,38000.0,1333000.0,8145000.0,471000.0,1483000.0,-2190000.0,-0.48971377459749554,-3673000.0,-0.8213327370304114,36000.0,-4108000.0,-0.9186046511627907,0.0,-4108000.0,-0.9186046511627907,-1.199994,-1.199994,3620618.0,3620618.0,https://www.sec.gov/Archives/edgar/data/319458/000143774918020808/0001437749-18-020808-index.htm,https://www.sec.gov/Archives/edgar/data/319458/000143774918020808/ensv20180930b_10q.htm,1620591668,16:21:08,20210509
10,2018-06-30,ENSV,USD,2018-08-14,2018-08-14 16:03:53,Q2,8792000.0,9429000.0,-637000.0,-0.07245222929936306,0.0,0.0,1241000.0,-85000.0,1422000.0,10851000.0,511000.0,1597000.0,-462000.0,-0.052547770700636945,-2059000.0,-0.2341901728844404,-680000.0,-3250000.0,-0.36965423111919926,32000.0,-3282000.0,-0.37329390354868064,-0.899996,-0.899996,3445150.0,3445150.0,https://www.sec.gov/Archives/edgar/data/319458/000143774918015580/0001437749-18-015580-index.htm,https://www.sec.gov/Archives/edgar/data/319458/000143774918015580/ensv20180630_10q.htm,1620591668,16:21:08,20210509
11,2018-03-31,ENSV,USD,2018-05-10,2018-05-10 16:05:32,Q1,21121000.0,16585000.0,4536000.0,0.21476255859097582,0.0,0.0,1370000.0,-420000.0,1515000.0,18100000.0,500000.0,1589000.0,4610000.0,0.21826618057857108,3021000.0,0.14303300033142372,-480000.0,2041000.0,0.096633682117324,0.0,2041000.0,0.096633682117324,0.598472297564766,0.578205969374631,3410350.0,3529884.0,https://www.sec.gov/Archives/edgar/data/319458/000143774918009431/0001437749-18-009431-index.htm,https://www.sec.gov/Archives/edgar/data/319458/000143774918005217/ensv20171231_10k.htm,1620591668,16:21:08,20210509
12,2017-12-31,ENSV,USD,2018-03-22,2018-03-22 09:01:54,Q4,14128833.0,12210333.0,1918500.0,0.13578616153223694,0.0,1035960.0,0.0,-241266.0,1235481.0,13445814.0,451680.0,1618740.0,2301759.0,0.16291218106973165,683019.0,0.048342209154853766,-292168.0,-60829.0,-0.004305309575107866,1846023.0,-1906852.0,-0.1349617480792646,-0.599997,-0.599997,3405150.0,3405150.0,https://www.sec.gov/Archives/edgar/data/319458/000143774918005217/0001437749-18-005217-index.htm,https://www.sec.gov/Archives/edgar/data/319458/000143774918005217/ensv20171231_10k.htm,1620591668,16:21:08,20210509
13,2017-09-30,ENSV,USD,2017-11-14,2017-11-14 07:47:21,Q3,5742126.0,7403499.0,-1661373.0,-0.289330641647362,0.0,1138741.0,0.0,-263713.0,1355411.0,8758910.0,599616.0,1617956.0,-1398828.0,-0.24360802949987514,-3016784.0,-0.5253775343836063,-308826.0,-3925226.0,-0.6835840941142706,-1415494.0,-2509732.0,-0.4370736552977068,-0.749996,-0.749996,3404527.0,3404527.0,https://www.sec.gov/Archives/edgar/data/319458/000143774917019194/0001437749-17-019194-index.htm,https://www.sec.gov/Archives/edgar/data/319458/000143774917019194/ensv20171006_10q.htm,1620591668,16:21:08,20210509
14,2017-06-30,ENSV,USD,2017-08-14,2017-08-14 16:37:13,Q2,7106041.0,7876043.0,-770002.0,-0.10835878937371737,0.0,1289616.0,0.0,36787.0,1521201.0,9397244.0,499288.0,1674875.0,-616328.0,-0.08673296424830648,-2291203.0,-0.3224303096478053,-755510.0,-3546001.0,-0.4990121785112132,-1018644.0,-2527357.0,-0.3556631604011291,-0.749996,-0.749996,3404527.0,3404527.0,https://www.sec.gov/Archives/edgar/data/319458/000143774917014731/0001437749-17-014731-index.htm,https://www.sec.gov/Archives/edgar/data/319458/000143774917014731/ensv20170731_10q.htm,1620591668,16:21:08,20210509
15,2017-03-31,ENSV,USD,2017-05-12,2017-05-11 19:46:33,Q1,13774901.0,11757609.0,2017292.0,0.1464469327220573,0.0,994683.0,0.0,5192.0,1191907.0,12949516.0,710417.0,1576429.0,2401814.0,0.17436161610163295,825385.0,0.05991948689867172,-37496.0,77472.0,0.005624142053725105,27115.0,50357.0,0.003655706854081928,0.014791,0.014791,3404527.0,3404527.0,https://www.sec.gov/Archives/edgar/data/319458/000143774917008806/0001437749-17-008806-index.htm,https://www.sec.gov/Archives/edgar/data/319458/000143774917005773/ensv20161231_10k.htm,1620591668,16:21:08,20210509
16,2016-12-31,ENSV,USD,2017-03-31,2017-03-31 16:13:35,Q4,6659831.0,8298969.0,-1639138.0,-0.24612306228191075,0.0,885025.0,0.0,31983.0,1633973.0,9932942.0,339457.0,1896177.0,-1376934.0,-0.20675209325882293,-3273111.0,-0.49147057935854527,-1996.0,-3614564.0,-0.542741099586461,-877396.0,-2737168.0,-0.41099661537957943,-1.049995,-1.049995,2767024.0,2767024.0,https://www.sec.gov/Archives/edgar/data/319458/000143774917005773/0001437749-17-005773-index.htm,https://www.sec.gov/Archives/edgar/data/319458/000143774917005773/ensv20161231_10k.htm,1620591668,16:21:08,20210509
17,2016-09-30,ENSV,USD,2016-11-14,2016-11-14 13:26:03,Q3,5503211.0,7564441.0,-2061230.0,-0.3745504215629748,0.0,966873.0,0.0,5198.0,966873.0,8531314.0,553049.0,1602901.0,-1425202.0,-0.2589764412085962,-3028103.0,-0.5502429399854013,-27973.0,-3609125.0,-0.6558216648425801,-1251301.0,-2357824.0,-0.42844513866540823,-0.899996,-0.899996,2542023.0,2542023.0,https://www.sec.gov/Archives/edgar/data/319458/000143774916041997/0001437749-16-041997-index.htm,https://www.sec.gov/Archives/edgar/data/319458/000143774916041997/ensv20160831_10q.htm,1620591668,16:21:08,20210509
18,2016-06-30,ENSV,USD,2016-08-12,2016-08-12 15:02:22,Q2,4138352.0,6555801.0,-2417449.0,-0.5841574133858115,0.0,901321.0,0.0,5010.0,901321.0,7457122.0,500783.0,1617620.0,-1701150.0,-0.41106943053660006,-3318770.0,-0.8019544978290876,199037.0,-3620516.0,-0.8748690299906823,-1239865.0,-2380651.0,-0.5752654679930562,-0.899996,-0.899996,2542023.0,2542023.0,https://www.sec.gov/Archives/edgar/data/319458/000143774916037306/0001437749-16-037306-index.htm,https://www.sec.gov/Archives/edgar/data/319458/000143774916037306/ensv20160630_10q.htm,1620591668,16:21:08,20210509
19,2016-03-31,ENSV,USD,2016-05-12,2016-05-12 14:00:26,Q1,8307059.0,8518057.0,-210998.0,-0.02539984367512016,0.0,1026575.0,0.0,1996.0,1026575.0,9544632.0,372668.0,1747972.0,510399.0,0.061441600450893634,-1237573.0,-0.14897847722039773,-34170.0,-1644411.0,-0.1979534513959754,-568842.0,-1075569.0,-0.12947650907499272,-0.449998,-0.449998,2541990.0,2541990.0,https://www.sec.gov/Archives/edgar/data/319458/000143774916031639/0001437749-16-031639-index.htm,https://www.sec.gov/Archives/edgar/data/319458/000143774916028671/ensv20151231_10k.htm,1620591668,16:21:08,20210509
20,2015-12-31,ENSV,USD,2016-03-30,2016-03-30 16:15:16,Q4,8626960.0,8164739.0,462221.0,0.05357866502220945,0.0,1144982.0,0.0,8833.0,1144982.0,9309721.0,252679.0,1540242.0,857481.0,0.09939549968934595,-682761.0,-0.07914271075790313,-42851.0,-978291.0,-0.1133992739041331,-88091.0,-890200.0,-0.1031881450708013,-0.299999,-0.299999,2541141.0,2541141.0,https://www.sec.gov/Archives/edgar/data/319458/000143774916028671/0001437749-16-028671-index.htm,https://www.sec.gov/Archives/edgar/data/319458/000143774916028671/ensv20151231_10k.htm,1620591668,16:21:08,20210509
21,2015-09-30,ENSV,USD,2015-11-12,2015-11-12 14:24:13,Q3,5308854.0,6845294.0,-1536440.0,-0.2894108596695257,0.0,954831.0,0.0,22642.0,954831.0,7800125.0,360434.0,1489352.0,-1001919.0,-0.1887260414394519,-2491271.0,-0.46926719024482494,-31202.0,-2882907.0,-0.5430375369147465,-1234716.0,-1648191.0,-0.3104607887125922,-0.599997,-0.599997,2540122.0,2540122.0,https://www.sec.gov/Archives/edgar/data/319458/000143774915020583/0001437749-15-020583-index.htm,https://www.sec.gov/Archives/edgar/data/319458/000143774915020583/ensv20150930_10q.htm,1620591668,16:21:08,20210509
22,2015-06-30,ENSV,USD,2015-08-14,2015-08-14 16:23:46,Q2,5702549.0,7003713.0,-1301164.0,-0.22817234889169738,0.0,940373.0,0.0,25351.0,940373.0,7944086.0,247220.0,1439838.0,-801699.0,-0.1405860782607918,-2241537.0,-0.39307632428936606,-75917.0,-2564674.0,-0.4497416856917845,-950163.0,-1614511.0,-0.28312093416470424,-0.599997,-0.599997,2517476.0,2517476.0,https://www.sec.gov/Archives/edgar/data/319458/000143774915015919/0001437749-15-015919-index.htm,https://www.sec.gov/Archives/edgar/data/319458/000143774915015919/ensv20150630_10q.htm,1620591668,16:21:08,20210509
23,2015-03-31,ENSV,USD,2015-05-14,2015-05-14 16:46:25,Q1,19139497.0,12587220.0,6552277.0,0.3423432183196873,0.0,1220353.0,0.0,6900.0,1220353.0,13807573.0,253210.0,1322934.0,6654858.0,0.347702868053429,5331924.0,0.27858224278307836,-332117.0,4746597.0,0.24800009112047197,1854717.0,2891880.0,0.15109487987066744,1.199994,1.049995,2490056.0,2614026.0,https://www.sec.gov/Archives/edgar/data/319458/000143774915010184/0001437749-15-010184-index.htm,https://www.sec.gov/Archives/edgar/data/319458/000143774915005476/ensv20141231_10k.htm,1620591668,16:21:08,20210509
24,2014-12-31,ENSV,USD,2015-03-19,2015-03-19 14:17:06,Q4,18278289.0,13162791.0,5115498.0,0.27986744273492997,0.0,823689.0,0.0,5252.0,823689.0,13986480.0,70670.0,1113478.0,5405287.0,0.2957217166223819,4291809.0,0.23480365147963247,-387075.0,3834064.0,0.2097605525331173,1315233.0,2518831.0,0.13780452864050896,1.020141760212936,0.9762123828776594,2469099.0,2580208.0,https://www.sec.gov/Archives/edgar/data/319458/000143774915005476/0001437749-15-005476-index.htm,https://www.sec.gov/Archives/edgar/data/319458/000143774915005476/ensv20141231_10k.htm,1620591668,16:21:08,20210509
25,2014-09-30,ENSV,USD,2014-11-14,2014-11-14 16:14:57,Q3,5748754.0,7155463.0,-1406709.0,-0.2446980684857971,0.0,1332804.0,0.0,21268.0,1332804.0,8488267.0,225062.0,884964.0,-1854549.0,-0.32260016692312804,-2739513.0,-0.4765403076910231,21775.0,-2942800.0,-0.5119022313356947,-1094774.0,-1848026.0,-0.3214654862601531,-0.749996,-0.749996,2454470.0,2454470.0,https://www.sec.gov/Archives/edgar/data/319458/000143774914020859/0001437749-14-020859-index.htm,https://www.sec.gov/Archives/edgar/data/319458/000143774914020859/ensv20140930_10q.htm,1620591668,16:21:08,20210509
26,2014-06-30,ENSV,USD,2014-08-13,2014-08-13 08:31:14,Q2,7294856.0,7176349.0,118507.0,0.01624528297748441,0.0,1272496.0,0.0,7050.0,1272496.0,8448845.0,241903.0,726424.0,-427565.0,-0.05861184922635896,-1153989.0,-0.15819215622625038,1921.0,-1393971.0,-0.19108958422208747,-542952.0,-851019.0,-0.11666015065958807,-0.299999,-0.299999,2434338.0,2434338.0,https://www.sec.gov/Archives/edgar/data/319458/000143774914015195/0001437749-14-015195-index.htm,https://www.sec.gov/Archives/edgar/data/319458/000143774914015195/ensv20140630_10q.htm,1620591668,16:21:08,20210509
27,2014-03-31,ENSV,USD,2014-05-13,2014-05-13 08:31:09,Q1,25242045.0,16969481.0,8272564.0,0.32772954806157745,0.0,1159985.0,0.0,6900.0,1159985.0,18129466.0,253524.0,677463.0,7790042.0,0.30861374345858267,7112579.0,0.2817750701260536,21265.0,6880320.0,0.2725737950312663,2694364.0,4185956.0,0.16583268114766453,1.799991,1.649992,2382284.0,2556490.0,https://www.sec.gov/Archives/edgar/data/319458/000114420414029752/0001144204-14-029752-index.htm,https://www.sec.gov/Archives/edgar/data/319458/000114420414016790/v370645_10k.htm,1620591668,16:21:08,20210509
28,2013-12-31,ENSV,USD,2014-03-20,2014-03-20 08:00:47,Q4,15155598.0,11540101.0,3615497.0,0.23855851811324105,0.0,1205342.0,0.0,7045.0,1205342.0,12745443.0,259860.0,394896.0,2805051.0,0.18508349192159887,2410155.0,0.15902737721071777,-137060.0,2013235.0,0.1328377144867527,916768.0,1095719.0,0.07229797201007838,0.5094346289588363,0.5094346289588363,2150853.0,2150853.0,https://www.sec.gov/Archives/edgar/data/319458/000114420414016790/0001144204-14-016790-index.htm,https://www.sec.gov/Archives/edgar/data/319458/000114420414016790/v370645_10k.htm,1620591668,16:21:08,20210509
29,2013-09-30,ENSV,USD,2013-11-14,2013-11-14 11:17:38,Q3,4803503.0,5200179.0,-396676.0,-0.08258056672390961,0.0,890675.0,0.0,4600.0,890675.0,6090854.0,247346.0,543671.0,-743680.0,-0.15482034673445608,-1287351.0,-0.2680025389804066,11442.0,-1523255.0,-0.3171133649755189,-603835.0,-919420.0,-0.19140614672250647,-0.449998,-0.449998,2150853.0,2150853.0,https://www.sec.gov/Archives/edgar/data/319458/000114420413061465/0001144204-13-061465-index.htm,https://www.sec.gov/Archives/edgar/data/319458/000114420413061465/v358457_10q.htm,1620591668,16:21:08,20210509
30,2013-06-30,ENSV,USD,2013-08-13,2013-08-13 14:25:11,Q2,7947635.0,6226051.0,1721584.0,0.21661588636116277,0.0,1169620.0,0.0,10215.0,1169620.0,7395671.0,251655.0,586365.0,1138329.0,0.14322864600601312,551964.0,0.06945009427332785,10215.0,310524.0,0.0390712457227842,118443.0,190907.0,0.02402060487176374,0.08921029586451373,0.08023837784039327,2139966.0,2379248.0,https://www.sec.gov/Archives/edgar/data/319458/000114420413045080/0001144204-13-045080-index.htm,https://www.sec.gov/Archives/edgar/data/319458/000114420413045080/v351555_10q.htm,1620591668,16:21:08,20210509
31,2013-03-31,ENSV,USD,2013-05-13,2013-05-13 06:27:12,Q1,18567166.0,10964979.0,7602187.0,0.40944250727332326,0.0,907073.0,0.0,14113.0,907073.0,11872052.0,314052.0,563836.0,7258950.0,0.39095627194801835,6695114.0,0.3605889019358151,320570.0,6701632.0,0.36093995174061566,2695061.0,3934031.0,0.21188107005667964,1.799991,1.649992,2121696.0,2333227.0,https://www.sec.gov/Archives/edgar/data/319458/000114420413028060/0001144204-13-028060-index.htm,https://www.sec.gov/Archives/edgar/data/319458/000114420413018070/v337267_10k.htm,1620591668,16:21:08,20210509
32,2012-12-31,ENSV,USD,2013-03-28,2013-03-28 09:01:14,Q4,10838278.0,9725175.0,1113103.0,0.10270109329175724,0.0,975443.0,0.0,0.0,9000000.0,8173517.0,262440.0,561987.0,3226748.0,0.2977177739858675,2664761.0,0.24586571778284336,-288702.0,2113619.0,0.19501428178904434,1078111.0,548950.0,0.05064918984362645,0.3780827050321262,0.3780827050321262,1451931.0,1451931.0,https://www.sec.gov/Archives/edgar/data/319458/000114420413018070/0001144204-13-018070-index.htm,https://www.sec.gov/Archives/edgar/data/319458/000114420413018070/v337267_10k.htm,1620591668,16:21:08,20210509
33,2012-09-30,ENSV,USD,2012-11-13,2012-11-13 11:04:43,Q3,5494134.0,5208900.0,285234.0,0.0519160981512282,0.0,727097.0,0.0,0.0,1271756.0,6480656.0,211708.0,544659.0,-441863.0,-0.08042450366154157,-986522.0,-0.179559144352868,237111.0,-961119.0,-0.17493548573806172,-488915.0,-472204.0,-0.08594693904444267,-0.299999,-0.299999,1451931.0,1451931.0,https://www.sec.gov/Archives/edgar/data/319458/000114420412061286/0001144204-12-061286-index.htm,https://www.sec.gov/Archives/edgar/data/319458/000114420412061286/v326311_10q.htm,1620591668,16:21:08,20210509
34,2012-06-30,ENSV,USD,2012-08-13,2012-08-13 11:05:22,Q2,5627382.0,4635955.0,991427.0,0.17617908291990841,0.0,944538.0,0.0,0.0,1525788.0,6161743.0,218262.0,581250.0,46889.0,0.00833229377355225,-534361.0,-0.09495729985986379,11149.0,-741474.0,-0.13176180326837594,-301773.0,-439701.0,-0.07813597868422652,-0.299999,-0.299999,1451931.0,1451931.0,https://www.sec.gov/Archives/edgar/data/319458/000114420412044678/0001144204-12-044678-index.htm,https://www.sec.gov/Archives/edgar/data/319458/000114420412044678/v318876_10q.htm,1620591668,16:21:08,20210509
35,2012-03-31,ENSV,USD,2012-05-14,2012-05-14 11:02:00,Q1,9537994.0,6676684.0,2861310.0,0.29999075277254317,0.0,903360.0,0.0,0.0,2304552.0,8981236.0,209741.0,1401192.0,1957950.0,0.20527901359552123,556758.0,0.0583726515239997,70226.0,417243.0,0.04374536197024238,139356.0,277887.0,0.02913474258843107,0.19139132644733117,0.1810753997007783,1451931.0,1534648.0,https://www.sec.gov/Archives/edgar/data/319458/000114420412028346/0001144204-12-028346-index.htm,https://www.sec.gov/Archives/edgar/data/319458/000114420412018598/v305491_10k.htm,1620591668,16:21:08,20210509
36,2011-12-31,ENSV,USD,2012-03-30,2012-03-30 14:12:04,Q4,6405057.0,5061758.0,1343299.0,0.20972475342530128,0.0,1065060.0,0.0,0.0,2354637.0,7416395.0,193026.0,1289577.0,278239.0,0.04344051895244648,-1011338.0,-0.15789679935713297,-86066.0,-1290430.0,-0.20147049432971478,-418814.0,-871616.0,-0.13608247358298295,-0.600315028744479,-0.600315028744479,1451931.0,1451931.0,https://www.sec.gov/Archives/edgar/data/319458/000114420412018598/0001144204-12-018598-index.htm,https://www.sec.gov/Archives/edgar/data/319458/000114420412018598/v305491_10k.htm,1620591668,16:21:08,20210509
37,2011-09-30,ENSV,USD,2011-11-14,2011-11-14 06:56:49,Q3,4532274.0,3952923.0,579351.0,0.12782788507490941,0.0,1058602.0,0.0,0.0,2274126.0,6227049.0,161642.0,1215524.0,-479251.0,-0.10574184173331092,-1694775.0,-0.3739348062363396,-726.0,-1857143.0,-0.4097596482472154,-726719.0,-1130424.0,-0.24941651806576567,-0.749996,-0.749996,1451931.0,1451931.0,https://www.sec.gov/Archives/edgar/data/319458/000114420411063374/0001144204-11-063374-index.htm,https://www.sec.gov/Archives/edgar/data/319458/000114420411063374/v239298_10q.htm,1620591668,16:21:08,20210509
38,2011-06-30,ENSV,USD,2011-08-15,2011-08-15 14:47:31,Q2,4470679.0,3788550.0,682129.0,0.15257838909928448,0.0,707377.0,0.0,0.0,1836242.0,5624792.0,171965.0,1113932.0,-40181.0,-0.008987672789748493,-1154113.0,-0.2581516141060452,-42454.0,-1368532.0,-0.3061127851049024,-518229.0,-850303.0,-0.19019549379411943,-0.599997,-0.599997,1451931.0,1451931.0,https://www.sec.gov/Archives/edgar/data/319458/000114420411047000/0001144204-11-047000-index.htm,https://www.sec.gov/Archives/edgar/data/319458/000114420411047000/v228089_10q.htm,1620591668,16:21:08,20210509
39,2011-03-31,ENSV,USD,2011-05-10,2011-05-10 15:52:22,Q1,9261521.0,5797434.0,3464087.0,0.3740300324320379,0.0,748904.0,0.0,0.0,1829511.0,7626945.0,180311.0,1080607.0,2715183.0,0.29316815240174915,1634576.0,0.17649109687274908,-44286.0,1414723.0,0.15275277138603907,529635.0,885088.0,0.09556616024516923,0.6095937065879853,0.5927481626633914,1451931.0,1493194.0,https://www.sec.gov/Archives/edgar/data/319458/000100009611000121/0001000096-11-000121-index.htm,https://www.sec.gov/Archives/edgar/data/319458/000100009611000087/enservco123110.htm,1620591668,16:21:08,20210509
40,2010-12-31,ENSV,USD,2011-03-28,2011-03-28 16:50:22,Q4,6014786.0,4319525.0,1695261.0,0.28184893028613156,0.0,662848.0,0.0,0.0,1736545.0,6056070.0,176447.0,1073697.0,1032413.0,0.17164584076640466,-41284.0,-0.006863752093590695,129258.0,-127276.0,-0.021160520091654134,36186.0,-163462.0,-0.027176694233178037,-0.12479025020345158,-0.12479025020345158,1309894.0,1309894.0,https://www.sec.gov/Archives/edgar/data/319458/000100009611000087/0001000096-11-000087-index.htm,https://www.sec.gov/Archives/edgar/data/319458/000100009611000087/enservco123110.htm,1620591668,16:21:08,20210509
41,2010-09-30,ENSV,USD,2010-11-12,2010-11-12 15:29:07,Q3,3406290.0,2960385.0,445905.0,0.13090635265934492,0.0,1031883.0,0.0,0.0,2025860.0,4986245.0,177553.0,2920000.0,1340045.0,0.3934030866426523,-1579955.0,-0.4638345531355228,-19200.0,-1667712.0,-0.48959777353073286,-661913.0,-1005799.0,-0.29527697289426325,-0.749996,-0.749996,1309894.0,1309894.0,https://www.sec.gov/Archives/edgar/data/319458/000100009610000182/0001000096-10-000182-index.htm,https://www.sec.gov/Archives/edgar/data/319458/000100009610000147/aspen6302010.htm,1620591668,16:21:08,20210509
42,2010-06-30,ENSV,USD,2010-09-29,2010-09-29 14:04:47,Q2,0.0,0.0,0.0,0.0,0.0,129603.0,0.0,0.0,130618.0,130618.0,0.0,1015.0,-129603.0,0.0,-130618.0,0.0,0.0,-127480.0,0.0,-43125.0,-84464.0,0.0,-1.163476555666397e-05,-1.163476555666397e-05,7259622000.0,7259622000.0,https://www.sec.gov/Archives/edgar/data/319458/000100009610000147/0001000096-10-000147-index.htm,https://www.sec.gov/Archives/edgar/data/319458/000100009610000147/aspen6302010.htm,1620591668,16:21:08,20210509
43,2010-03-31,ENSV,USD,2010-05-13 00:00:00,2010-05-12 17:42:06,Q1,0.0,0.0,0.0,0.0,0.0,187737.0,0.0,0.0,187944.0,187944.0,0.0,207.0,-187737.0,0.0,-187944.0,0.0,0.0,-183935.0,0.0,-60362.0,-128643.0,0.0,-0.299999,-0.299999,483977.0,483977.0,https://www.sec.gov/Archives/edgar/data/319458/000100009610000067/0001000096-10-000067-index.html,https://www.sec.gov/Archives/edgar/data/319458/000100009610000067/aspen3312010.htm,1620591668,16:21:08,20210509
44,2010-03-13,ENSV,USD,2010-05-13,2010-05-12 17:42:06,Q3,0.0,0.0,0.0,0.0,0.0,651321000.0,0.0,-6550000.0,651321000.0,651321000.0,6550000.0,207000.0,-420122000.0,0.0,-420329000.0,0.0,29245000.0,-630419000.0,0.0,0.0,-470760000.0,0.0,-0.06485,-0.06485,7259622000.0,7259622000.0,https://www.sec.gov/Archives/edgar/data/319458/000100009610000067/0001000096-10-000067-index.htm,https://www.sec.gov/Archives/edgar/data/319458/000100009610000067/aspen3312010.htm,1620591668,16:21:08,20210509
45,2009-12-31,ENSV,USD,2010-02-16,2010-02-16 15:45:33,Q4,0.0,0.0,0.0,0.0,0.0,194327.0,0.0,0.0,195120.0,195120.0,0.0,793.0,-194327.0,0.0,-195120.0,0.0,0.0,-170199.0,0.0,-54728.0,-162235.0,0.0,-0.299999,-0.299999,483977.0,483977.0,https://www.sec.gov/Archives/edgar/data/319458/000100009610000026/0001000096-10-000026-index.htm,https://www.sec.gov/Archives/edgar/data/319458/000100009610000026/aspen123109.htm,1620591668,16:21:08,20210509
46,2009-09-30,ENSV,USD,2009-11-16,2009-11-16 15:53:12,Q3,0.0,0.0,0.0,0.0,0.0,269257.0,0.0,0.0,270050.0,270050.0,6550.0,793.0,-269257.0,0.0,-270050.0,0.0,-6235.0,-276285.0,0.0,-95000.0,-179882.0,0.0,-0.299999,-0.299999,483977.0,483977.0,https://www.sec.gov/Archives/edgar/data/319458/000100009609000256/0001000096-09-000256-index.htm,https://www.sec.gov/Archives/edgar/data/319458/000100009609000228/aspen93009.htm,1620591668,16:21:08,20210509
47,2009-06-30,ENSV,USD,2009-09-28,2009-09-28 15:13:37,Q2,-2606637.0,-940452.0,-1666185.0,0.6392086815310302,0.0,172094.0,0.0,0.0,-4000000.0,-2108596.0,-77372.0,0.0,-308968.0,0.1185312722868585,-498041.0,0.19106649679261056,5730781.0,5316762.0,-2.0397017306207195,2136537.0,1482970.0,-0.5689207971804283,3.0641332129419374,3.0641332129419374,483977.0,483977.0,https://www.sec.gov/Archives/edgar/data/319458/000100009609000228/0001000096-09-000228-index.htm,https://www.sec.gov/Archives/edgar/data/319458/000100009609000228/aspen93009.htm,1620591668,16:21:08,20210509
48,2009-03-31,ENSV,USD,2009-05-15,2009-05-15 17:09:17,Q1,452757.0,234756.0,218001.0,0.48149669690363706,0.0,149923.0,0.0,0.0,448923.0,683679.0,81943.0,0.0,71862.0,0.15872090326599037,-230922.0,-0.5100351844366846,-3481240.0,-3790321.0,-8.371645275500986,-1453063.0,-2337258.0,-5.16227910336008,-4.799976,-4.799976,483977.0,483977.0,https://www.sec.gov/Archives/edgar/data/319458/000100009609000163/0001000096-09-000163-index.htm,https://www.sec.gov/Archives/edgar/data/319458/000100009609000163/aspen33109.htm,1620591668,16:21:08,20210509
49,2008-12-31,ENSV,USD,2009-02-17,2009-02-17 14:14:43,Q4,860763.0,301004.0,559759.0,0.6503056009610079,0.0,159808.0,0.0,0.0,668727.0,969731.0,8165.0,0.0,2656584.0,3.0863129572251595,-108968.0,-0.12659466078351417,-2250000.0,-2360500.0,-2.7423344172553885,-1006911.0,-1353589.0,-1.5725455206601584,-2.849986,-2.849986,483977.0,483977.0,https://www.sec.gov/Archives/edgar/data/319458/000100009609000063/0001000096-09-000063-index.htm,https://www.sec.gov/Archives/edgar/data/319458/000100009609000063/aspen123108.htm,1620591668,16:21:08,20210509
50,2008-09-30,ENSV,USD,2008-11-14,2008-11-14 15:58:14,Q3,1293117.0,404692.0,888425.0,0.6870414664720981,0.0,206540.0,0.0,0.0,738859.0,1143551.0,17573.0,532319.0,681885.0,0.5273188736982036,149566.0,0.11566316118340413,12050.0,151103.0,0.11685176206020027,36113.0,114990.0,0.08892466806947863,0.299999,0.149999,483977.0,542212.0,https://www.sec.gov/Archives/edgar/data/319458/000100009608000364/0001000096-08-000364-index.htm,https://www.sec.gov/Archives/edgar/data/319458/000100009608000301/aspen63008.htm,1620591668,16:21:08,20210509
51,2008-06-30,ENSV,USD,2008-09-29,2008-09-29 17:00:04,Q2,1479509.0,416113.0,1063396.0,0.7187492607344734,0.0,258130.0,0.0,0.0,799544.0,1215657.0,12838.0,0.0,805266.0,0.5442792169564362,263852.0,0.178337543063273,-541414.0,262476.0,0.1774075047870611,-23660.0,286136.0,0.19339929665855363,0.5912181777233215,0.5912181777233215,483977.0,483977.0,https://www.sec.gov/Archives/edgar/data/319458/000100009608000301/0001000096-08-000301-index.htm,https://www.sec.gov/Archives/edgar/data/319458/000100009608000301/aspen63008.htm,1620591668,16:21:08,20210509
52,2008-03-31,ENSV,USD,2008-05-15,2008-05-15 13:53:45,Q1,1325261.0,371501.0,953760.0,0.7196771051136343,0.0,135322.0,0.0,0.0,682234.0,1053735.0,13981.0,0.0,813604.0,0.6139198240950273,271526.0,0.20488492455448398,-542078.0,271853.0,0.20513166840343147,67014.0,204839.0,0.15456502530444946,0.4232411870812043,0.42092684911576983,483977.0,486638.0,https://www.sec.gov/Archives/edgar/data/319458/000100009608000127/0001000096-08-000127-index.htm,https://www.sec.gov/Archives/edgar/data/319458/000100009608000127/bobbie10q.htm,1620591668,16:21:08,20210509
53,2007-12-31,ENSV,USD,2008-02-14,2008-02-14,Q4,1364775.0,410885.0,953890.0,0.6989357220054587,0.0,63429.0,0.0,0.0,763872.0,1174757.0,18524.0,0.0,890461.0,0.6524599292923742,190018.0,0.13923027605282923,-700443.0,192876.0,0.1413243941309007,30654.0,162222.0,0.1188635489366379,0.335185349717032,0.3328320328929686,483977.0,487399.0,https://www.sec.gov/Archives/edgar/data/319458/000105050208000056/0001050502-08-000056-index.htm,https://www.sec.gov/Archives/edgar/data/319458/000105050208000056/aspen1207.txt,1620591668,16:21:08,20210509
54,2007-09-30,ENSV,USD,2007-11-14,2007-11-14 13:04:37,Q3,1220822.0,264916.0,955906.0,0.783001944591431,0.0,164582.0,0.0,0.0,827230.0,1092146.0,18335.0,662648.0,791324.0,0.6481894985509763,128676.0,0.10540111498645995,0.0,185377.0,0.15184605126709708,35771.0,149606.0,0.12254530144443662,0.309117995276635,0.306158115320389,483977.0,488656.0,https://www.sec.gov/Archives/edgar/data/319458/000100009607000369/0001000096-07-000369-index.htm,https://www.sec.gov/Archives/edgar/data/319458/000100009607000369/aspen9302007.htm,1620591668,16:21:08,20210509
55,2007-06-30,ENSV,USD,2007-06-30,2007-06-30,Q2,669850.0,0.0,1246384.0,1.860691199522281,0.0,640937.0,0.0,0.0,1131157.0,554623.0,20993.0,490220.0,605447.0,0.9038545943121594,115227.0,0.17201910875569157,32782.0,219119.0,0.32711651862357244,328597.0,-109478.0,-0.16343659028140628,-0.22968167485225038,-0.22968167485225038,476651.0,476651.0,,,1620591668,16:21:08,20210509
56,2007-03-31,ENSV,USD,2007-03-31,2007-03-31,Q1,1499667.0,247292.0,1252375.0,0.8351020593238365,0.0,266728.0,0.0,0.0,814904.0,1062196.0,0.0,548176.0,985647.0,0.6572439081476088,437471.0,0.29171209341807214,194400.0,629345.0,0.41965649707568414,212393.0,416952.0,0.27802972259841685,0.8747532261549855,0.8536261792452831,476651.0,488448.0,,,1620591668,16:21:08,20210509
57,2006-12-31,ENSV,USD,2006-12-31,2006-12-31,Q4,1204147.0,138062.0,1066085.0,0.8853445634129388,0.0,286769.0,0.0,0.0,786669.0,924731.0,23.0,505695.0,785111.0,0.6520059427960208,279416.0,0.23204475865488183,228160.0,507576.0,0.4215232857782314,161000.0,346576.0,0.28781867994522264,0.7275994692732739,0.7055743418628371,476328.0,491197.0,,,1620591668,16:21:08,20210509
58,2006-09-30,ENSV,USD,2006-09-30,2006-09-30,Q3,1080451.0,191178.0,889273.0,0.8230572233261851,0.0,493568.0,0.0,0.0,978590.0,1169768.0,4745.0,593692.0,504375.0,0.4668189487538074,-89317.0,-0.08266640504752182,274536.0,185219.0,0.17142748722524206,-86000.0,271219.0,0.2510238779916905,0.5705705516180811,0.5518222898613827,475347.0,491497.0,,,1620591668,16:21:08,20210509
59,2006-06-30,ENSV,USD,2006-06-30,2006-06-30,Q2,1039685.0,180542.0,859143.0,0.8263493269596079,0.0,221601.0,0.0,0.0,558258.0,738800.0,6405.0,441940.0,742825.0,0.714471210029961,300885.0,0.28940015485459536,957392.0,1276037.0,1.2273303933402906,102991.0,1173046.0,1.1282705819551113,2.596866172550895,2.596866172550895,451716.0,451716.0,,,1620591668,16:21:08,20210509
60,2006-03-31,ENSV,USD,2006-03-31,2006-03-31,Q1,1589109.0,164796.0,1424313.0,0.8962966039459849,0.0,205592.0,0.0,0.0,655592.0,820388.0,22.0,606096.0,1374817.0,0.8651495901162224,768721.0,0.4837434058960084,0.0,792311.0,0.49858820257137804,361955.0,430356.0,0.270815910047706,0.9527136519405999,0.8769656819492474,451716.0,490733.0,,,1620591668,16:21:08,20210509
61,2005-12-31,ENSV,USD,2005-12-31,2005-12-31,Q4,2099395.0,121151.0,1978244.0,0.942292422340722,0.0,235946.0,0.0,0.0,490650.0,611801.0,0.0,298608.0,1786202.0,0.8508174974218763,1487594.0,0.7085822344056264,0.0,1496922.0,0.7130254192279204,391659.0,1105263.0,0.526467387032931,2.453822500971305,2.3267617078787928,450425.0,475022.0,,,1620591668,16:21:08,20210509
62,2005-09-30,ENSV,USD,2005-09-30,2005-09-30,Q3,1183467.0,71019.0,1112448.0,0.9399907221747628,0.0,227116.0,0.0,0.0,481452.0,552471.0,0.0,254336.0,885332.0,0.7480833855105381,630996.0,0.5331758299977947,0.0,641697.0,0.5422179072166777,180395.0,461302.0,0.3897886464092366,1.049995,0.899996,449722.0,477551.0,,,1620591668,16:21:08,20210509
63,2005-06-30,ENSV,USD,2005-06-30,2005-06-30,Q2,980926.0,75560.0,905366.0,0.9229707439704932,0.0,194743.0,0.0,0.0,1095152.0,1170712.0,349.0,965094.0,775308.0,0.7903837802239925,-189786.0,-0.19347636824796163,564952.0,382957.0,0.39040355745489463,282058.0,100899.0,0.10286097014453689,0.2362409916132446,0.2362409916132446,427102.0,427102.0,,,1620591668,16:21:08,20210509
64,2005-03-31,ENSV,USD,2005-03-31,2005-03-31,Q1,1163746.0,107035.0,1056711.0,0.9080254626009455,0.0,192025.0,0.0,0.0,351920.0,458955.0,1053.0,159895.0,864686.0,0.7430195248791402,704791.0,0.6056227046107999,0.0,703738.0,0.6047178679883755,1273.0,702465.0,0.6036239866775053,1.6447242110783842,1.5866919044187902,427102.0,442723.0,,,1620591668,16:21:08,20210509
65,2004-12-31,ENSV,USD,2004-12-31,2004-12-31,Q4,1192127.0,99495.0,1092632.0,0.9165399324065305,0.0,205364.0,0.0,0.0,359365.0,458860.0,3518.0,154001.0,887268.0,0.7442730514450222,733267.0,0.6150913451335303,0.0,729749.0,0.6121403172648552,267674.0,462075.0,0.3876055151842044,1.1028385128894214,1.0539046302695232,418987.0,438441.0,,,1620591668,16:21:08,20210509
66,2004-09-30,ENSV,USD,2004-09-30,2004-09-30,Q3,784299.0,64361.0,719938.0,0.91793818428941,0.0,171104.0,0.0,0.0,327104.0,391465.0,0.0,156000.0,548834.0,0.6997764883035679,392834.0,0.5008727538859542,0.0,389781.0,0.49698010580148644,168163.0,221618.0,0.28256825521899176,0.5330905434628346,0.5176442559234622,415723.0,428128.0,,,1620591668,16:21:08,20210509
67,2004-06-30,ENSV,USD,2004-06-30,2004-06-30,Q2,562155.0,54171.0,507984.0,0.9036368972970088,0.0,164239.0,0.0,0.0,366269.0,420440.0,2203.0,199470.0,341185.0,0.6069233574370058,141715.0,0.25209239444637155,7234.0,145664.0,0.25911714740596453,0.0,-19306.0,-0.034342841387161906,-0.04938568464889505,-0.04938568464889505,390923.0,390923.0,,,1620591668,16:21:08,20210509
68,2004-03-31,ENSV,USD,2004-03-31,2004-03-31,Q1,440554.0,85912.0,354642.0,0.8049909886188753,0.0,146800.0,0.0,0.0,274375.0,360287.0,3078.0,127575.0,207842.0,0.47177417524298954,80267.0,0.18219559917739936,-427.0,76762.0,0.17423970727765495,0.0,76762.0,0.17423970727765495,0.19636092018121215,0.1934662728216709,390923.0,396772.0,,,1620591668,16:21:08,20210509
69,2003-12-31,ENSV,USD,2003-12-31,2003-12-31,Q4,433317.0,63287.0,370030.0,0.8539475718700167,0.0,145788.0,0.0,0.0,276137.0,339424.0,871.0,130349.0,224242.0,0.5175010442701302,93893.0,0.2166843211782598,-4269.0,93022.0,0.2146742454138656,0.0,93022.0,0.2146742454138656,0.23795478905052914,0.22706679555151976,390923.0,409668.0,,,1620591668,16:21:08,20210509
70,2003-09-30,ENSV,USD,2003-09-30,2003-09-30,Q3,388337.0,39102.0,349235.0,0.8993091052359162,0.0,171438.0,0.0,0.0,299038.0,338140.0,0.0,127600.0,177797.0,0.4578420289593832,50197.0,0.1292614404499185,-496.0,50197.0,0.1292614404499185,0.0,50197.0,0.1292614404499185,0.12840636135504946,0.12724078843307038,390923.0,394504.0,,,1620591668,16:21:08,20210509
71,2003-06-30,ENSV,USD,2003-06-30,2003-06-30,Q2,442221.0,18723.0,423498.0,0.9576614407728262,0.0,153182.0,0.0,0.0,290101.0,308824.0,0.0,143361.0,276758.0,0.6258364030654356,133397.0,0.30165234125018936,0.0,133876.0,0.3027355100730178,0.0,88927.0,0.20109176181140198,0.22747958037772145,0.22747958037772145,390923.0,390923.0,,,1620591668,16:21:08,20210509
72,2003-03-31,ENSV,USD,2003-03-31,2003-03-31,Q1,337476.0,64700.0,272776.0,0.8082826630634474,0.0,135372.0,0.0,0.0,244028.0,308728.0,0.0,112030.0,140778.0,0.417149663976105,28748.0,0.08518531688179308,0.0,28748.0,0.08518531688179308,0.0,28748.0,0.08518531688179308,0.07353877873647752,0.07353877873647752,390923.0,390923.0,,,1620591668,16:21:08,20210509
73,2002-12-31,ENSV,USD,2002-12-31,2002-12-31,Q4,279080.0,38611.0,240469.0,0.8616489895370503,0.0,157681.0,0.0,0.0,255650.0,294261.0,479.0,97970.0,82789.0,0.2966497061774402,-15181.0,-0.054396588791744305,0.0,0.0,0.0,0.0,-15660.0,-0.05611294252544073,-0.04005903975974808,-0.04005903975974808,390923.0,390923.0,,,1620591668,16:21:08,20210509
74,2002-09-30,ENSV,USD,2002-09-30,2002-09-30,Q3,264896.0,37914.0,226982.0,0.8568721309495048,0.0,185800.0,0.0,0.0,271220.0,309134.0,0.0,85420.0,41182.0,0.15546478618023676,-44238.0,-0.16700138922445035,-3736.0,-44238.0,-0.16700138922445035,0.0,-44238.0,-0.16700138922445035,-0.149999,-0.149999,390923.0,390923.0,,,1620591668,16:21:08,20210509
75,2002-06-30,ENSV,USD,2002-09-26,2002-09-26,Q2,218209.0,39826.0,178383.0,0.8174869047564491,0.0,107381.0,0.0,0.0,118273.0,158099.0,0.0,11526.0,71636.0,0.3282907671085977,60110.0,0.27546984771480554,5228.0,60110.0,0.27546984771480554,-44374.0,104484.0,0.4788253463422682,0.26874286243402573,0.26874286243402573,388788.0,388788.0,https://www.sec.gov/Archives/edgar/data/319458/000100009602000517/0001000096-02-000517-index.htm,https://www.sec.gov/Archives/edgar/data/319458/000100009602000517/aspen10ksb063002.txt,1620591668,16:21:08,20210509
76,2002-03-31,ENSV,USD,2002-03-31,2002-03-31,Q1,158284.0,34415.0,123869.0,0.7825743600111192,0.0,164246.0,0.0,0.0,285987.0,320402.0,479.0,126141.0,-35977.0,-0.2272939779131182,-162118.0,-1.0242222839958555,-10395.0,-162597.0,-1.027248490055849,-70530.0,-92067.0,-0.5816570215561901,-0.23680514830704652,-0.2293098810448921,388788.0,401496.0,,,1620591668,16:21:08,20210509
77,2001-12-31,ENSV,USD,2001-12-31,2001-12-31,Q4,172869.0,42401.0,130468.0,0.754721783547079,0.0,142867.0,0.0,0.0,263880.0,306281.0,0.0,125413.0,-7999.0,-0.046272032579583386,-133412.0,-0.7717520203159618,-14893.0,-133412.0,-0.7717520203159618,0.0,-133412.0,-0.7717520203159618,-0.34407237765123383,-0.34377536532510133,387744.0,388079.0,,,1620591668,16:21:08,20210509
78,2001-09-30,ENSV,USD,2001-09-30,2001-09-30,Q3,320160.0,45872.0,274288.0,0.8567216391804098,0.0,170112.0,0.0,0.0,275378.0,321250.0,0.0,109666.0,108576.0,0.3391304347826087,-1090.0,-0.0034045477261369314,-21312.0,-1090.0,-0.0034045477261369314,0.0,-1090.0,-0.0034045477261369314,-0.0028130338957680617,-0.0027750126657688184,387482.0,392791.0,,,1620591668,16:21:08,20210509
79,2001-06-30,ENSV,USD,2001-06-30,2001-06-30,Q2,1041491.0,-16268.0,1057759.0,1.015619914142321,0.0,110079.0,0.0,0.0,289564.0,273296.0,0.0,199110.0,967305.0,0.9287694276762833,768195.0,0.7375915874453067,-548.0,768195.0,0.7375915874453067,177259.0,590936.0,0.5673942453655384,1.640973805444402,1.640973805444402,360113.0,360113.0,,,1620591668,16:21:08,20210509
80,2001-03-31,ENSV,USD,2001-03-31,2001-03-31,Q1,1179514.0,22655.0,1156859.0,0.9807929367519165,0.0,146322.0,0.0,0.0,227725.0,250380.0,70.0,81403.0,1010537.0,0.8567401489087878,929134.0,0.787726131271015,-43387.0,929064.0,0.7876667847944153,82165.0,846899.0,0.7180067383685145,2.399988,2.249989,360113.0,377447.0,,,1620591668,16:21:08,20210509
81,2000-12-31,ENSV,USD,2001-02-12,2001-02-12,Q4,1072686.0,62585.0,1010101.0,0.9416558060793186,0.0,152188.0,0.0,0.0,235588.0,298173.0,939.0,83400.0,857913.0,0.799780177983119,774513.0,0.7220314239208865,0.0,792599.0,0.7388919031291543,60600.0,731999.0,0.6823982041342946,2.09999,1.94999,356397.0,388762.0,https://www.sec.gov/Archives/edgar/data/319458/000105050201000107/0001050502-01-000107-index.htm,https://www.sec.gov/Archives/edgar/data/319458/000105050201000107/0001050502-01-000107-0001.txt,1620591668,16:21:08,20210509
82,2000-09-30,ENSV,USD,2000-11-13,2000-11-13,Q3,617726.0,53142.0,564584.0,0.9139715666816679,0.0,151295.0,0.0,0.0,219695.0,272837.0,6940.0,68400.0,413289.0,0.6690490605867326,344889.0,0.5583203556269285,0.0,348070.0,0.5634698879438457,19400.0,328670.0,0.5320643780575854,0.9222019265033096,0.8659602048774319,356397.0,379544.0,https://www.sec.gov/Archives/edgar/data/319458/000105050200001255/0001050502-00-001255-index.htm,https://www.sec.gov/Archives/edgar/data/319458/000105050200001255/0001050502-00-001255-0001.txt,1620591668,16:21:08,20210509
83,2000-06-30,ENSV,USD,2000-06-30,2000-06-30,Q2,470154.0,15520.0,454634.0,0.9669895395976638,0.0,180040.0,0.0,0.0,207359.0,222879.0,0.0,27319.0,274594.0,0.5840511832293248,247275.0,0.5259446904631249,61657.0,0.0,0.0,0.0,274878.0,0.5846552406232851,0.794240787774243,0.794240787774243,346089.0,346089.0,,,1620591668,16:21:08,20210509
84,2000-03-31,ENSV,USD,2000-03-31,2000-03-31,Q1,283276.0,33400.0,249876.0,0.8820937883901213,0.0,124296.0,0.0,0.0,211221.0,244621.0,2226.0,90000.0,128655.0,0.4541683728942798,38655.0,0.13645702424490602,-1562.0,0.0,0.0,0.0,35944.0,0.12688685239836767,0.1038576782272768,0.09747657595357226,346089.0,368745.0,,,1620591668,16:21:08,20210509
85,1999-12-31,ENSV,USD,1999-12-31,1999-12-31,Q4,400000.0,0.0,0.0,0.0,0.0,0.0,0.0,0.0,0.0,0.0,0.0,90000.0,490000.0,1.225,400000.0,1.0,0.0,0.0,0.0,0.0,100000.0,0.25,0.28894301754750945,0.2824316233039981,346089.0,354068.0,,,1620591668,16:21:08,20210509
86,1999-09-30,ENSV,USD,1999-09-30,1999-09-30,Q3,300000.0,0.0,300000.0,1.0,0.0,100000.0,0.0,0.0,200000.0,200000.0,0.0,100000.0,200000.0,0.6666666666666666,100000.0,0.3333333333333333,0.0,0.0,0.0,0.0,100000.0,0.3333333333333333,0.149999,0.149999,346068.0,346068.0,,,1620591668,16:21:08,20210509
87,1999-06-30,ENSV,USD,1999-06-30,1999-06-30,Q2,300000.0,20000.0,270000.0,0.9,0.0,140000.0,0.0,0.0,380000.0,400000.0,0.0,209999.99999999997,99999.99999999997,0.33333333333333326,-110000.0,-0.36666666666666664,0.0,-110000.0,-0.36666666666666664,0.0,-110000.0,-0.36666666666666664,-0.01843,-0.01843,5970000.0,5970000.0,,,1620591668,16:21:08,20210509
88,1999-03-31,ENSV,USD,1999-05-14,1999-05-14,Q1,300000.0,30000.0,270000.0,0.9,0.0,170000.0,0.0,0.0,210000.0,240000.0,0.0,20000.000000000004,90000.0,0.3,70000.0,0.23333333333333334,0.0,70000.0,0.23333333333333334,0.0,70000.0,0.23333333333333334,0.01296,0.01296,5400000.0,5400000.0,https://www.sec.gov/Archives/edgar/data/319458/0001000096-99-000257-index.html,https://www.sec.gov/Archives/edgar/data/319458/,1620591668,16:21:08,20210509
89,1998-12-31,ENSV,USD,1998-12-31,1998-12-31,Q4,400000.0,20000.0,370000.0,0.925,0.0,110000.0,0.0,0.0,140000.0,160000.0,0.0,30000.0,270000.0,0.675,240000.0,0.6,0.0,240000.0,0.6,0.0,240000.0,0.6,0.04706,0.04706,5100000.0,5100000.0,,,1620591668,16:21:08,20210509
90,1998-09-30,ENSV,USD,1998-11-12,1998-11-12,Q3,330000.0,10000.0,300000.0,0.9090909090909091,0.0,140000.0,0.0,0.0,180000.0,190000.0,0.0,30000.0,160000.0,0.48484848484848486,130000.0,0.3939393939393939,0.0,130000.0,0.3939393939393939,0.0,130000.0,0.3939393939393939,0.02505,0.02505,5190000.0,5190000.0,https://www.sec.gov/Archives/edgar/data/319458/0001050502-98-000361-index.html,https://www.sec.gov/Archives/edgar/data/319458/,1620591668,16:21:08,20210509
91,1998-06-30,ENSV,USD,1998-06-30,1998-06-30,Q2,310000.0,30000.0,250000.0,0.8064516129032258,0.0,190000.0,0.0,0.0,300000.00000000006,330000.00000000006,0.0,90000.0,70000.0,0.22580645161290322,-20000.0,-0.06451612903225806,0.0,-20000.0,-0.06451612903225806,0.0,-20000.0,-0.06451612903225806,-0.00455,-0.00455,4400000.0,4400000.0,,,1620591668,16:21:08,20210509
92,1998-03-31,ENSV,USD,1998-03-31,1998-03-31,Q1,240000.0,10000.0,230000.0,0.9583333333333334,0.0,80000.0,0.0,0.0,100000.0,110000.0,0.0,9999.999999999998,140000.0,0.5833333333333334,130000.0,0.5416666666666666,0.0,130000.0,0.5416666666666666,0.0,130000.0,0.5416666666666666,0.02544,0.02544,5110000.0,5110000.0,,,1620591668,16:21:08,20210509
93,1997-12-31,ENSV,USD,1997-12-31,1997-12-31,Q4,260000.0,30000.0,220000.0,0.8461538461538461,0.0,190000.0,0.0,0.0,200000.0,230000.0,0.0,10000.0,30000.0,0.11538461538461539,20000.0,0.07692307692307693,0.0,20000.0,0.07692307692307693,0.0,20000.0,0.07692307692307693,0.0041,0.0041,4880000.0,4880000.0,,,1620591668,16:21:08,20210509
94,1997-09-30,ENSV,USD,1997-09-30,1997-09-30,Q3,110000.0,10000.0,100000.0,0.9090909090909091,0.0,120000.0,0.0,0.0,120000.00000000001,130000.00000000001,0.0,10000.0,-20000.0,-0.18181818181818182,-30000.0,-0.2727272727272727,0.0,-30000.0,-0.2727272727272727,0.0,-30000.0,-0.2727272727272727,-0.00673,-0.00673,4460000.0,4460000.0,,,1620591668,16:21:08,20210509
95,1997-06-30,ENSV,USD,1997-06-30,1997-06-30,Q2,90000.0,0.0,80000.0,0.8888888888888888,0.0,140000.0,0.0,0.0,140000.0,140000.0,0.0,-40000.0,-90000.0,-1.0,-50000.0,-0.5555555555555556,0.0,-50000.0,-0.5555555555555556,0.0,-50000.0,-0.5555555555555556,-0.01008,-0.01008,4960000.0,4960000.0,,,1620591668,16:21:08,20210509
96,1997-03-31,ENSV,USD,1997-03-31,1997-03-31,Q1,120000.0,10000.0,110000.0,0.9166666666666666,0.0,110000.0,0.0,0.0,140000.0,150000.0,0.0,30000.0,0.0,0.0,-30000.0,-0.25,0.0,-30000.0,-0.25,0.0,-30000.0,-0.25,-0.00688,-0.00688,4360000.0,4360000.0,,,1620591668,16:21:08,20210509
97,1996-12-31,ENSV,USD,1996-12-31,1996-12-31,Q4,90000.0,20000.0,70000.0,0.7777777777777778,0.0,190000.0,0.0,0.0,210000.00000000003,230000.00000000003,0.0,10000.000000000002,-120000.0,-1.3333333333333333,-130000.0,-1.4444444444444444,0.0,-130000.0,-1.4444444444444444,0.0,-130000.0,-1.4444444444444444,-0.03009,-0.03009,4320000.0,4320000.0,,,1620591668,16:21:08,20210509
98,1996-09-30,ENSV,USD,1996-09-30,1996-09-30,Q3,80000.0,10000.0,70000.0,0.875,0.0,170000.0,0.0,0.0,210000.0,220000.0,0.0,40000.0,-100000.0,-1.25,-140000.0,-1.75,0.0,-140000.0,-1.75,0.0,-140000.0,-1.75,-0.03241,-0.03241,4320000.0,4320000.0,,,1620591668,16:21:08,20210509
99,1996-06-30,ENSV,USD,1996-06-30,1996-06-30,Q2,-90000.0,10000.0,-110000.0,1.2222222222222223,0.0,180000.0,0.0,0.0,199999.99999999997,209999.99999999997,0.0,70000.0,-230000.0,2.5555555555555554,-300000.0,3.3333333333333335,0.0,-300000.0,3.3333333333333335,0.0,-300000.0,3.3333333333333335,-0.06928,-0.06928,4330000.0,4330000.0,,,1620591668,16:21:08,20210509
100,1996-03-31,ENSV,USD,1996-03-31,1996-03-31,Q1,50000.0,20000.0,30000.0,0.6,0.0,140000.0,0.0,0.0,170000.0,190000.0,0.0,30000.0,-110000.0,-2.2,-140000.0,-2.8,0.0,-140000.0,-2.8,0.0,-140000.0,-2.8,-0.03241,-0.03241,4320000.0,4320000.0,,,1620591668,16:21:08,20210509
101,1995-12-31,ENSV,USD,1996-02-12,1996-02-12,Q4,100000.0,10000.0,80000.0,0.8,0.0,120000.0,0.0,0.0,180000.0,190000.0,0.0,19999.999999999996,-80000.0,-0.8,-100000.0,-1.0,0.0,-100000.0,-1.0,0.0,-100000.0,-1.0,-0.02342,-0.02342,4270000.0,4270000.0,https://www.sec.gov/Archives/edgar/data/319458/0001000096-96-000008-index.html,https://www.sec.gov/Archives/edgar/data/319458/,1620591668,16:21:08,20210509
