,date,symbol,reportedCurrency,fillingDate,acceptedDate,period,revenue,costOfRevenue,grossProfit,grossProfitRatio,researchAndDevelopmentExpenses,generalAndAdministrativeExpenses,sellingAndMarketingExpenses,otherExpenses,operatingExpenses,costAndExpenses,interestExpense,depreciationAndAmortization,ebitda,ebitdaratio,operatingIncome,operatingIncomeRatio,totalOtherIncomeExpensesNet,incomeBeforeTax,incomeBeforeTaxRatio,incomeTaxExpense,netIncome,netIncomeRatio,eps,epsdiluted,weightedAverageShsOut,weightedAverageShsOutDil,link,finalLink,timestamp,est_time,est_date
0,2020-12-31,8439.HK,HKD,2020-12-31,2020-12-31,Q4,19223000,0.0,0.0,0.0,0.0,126000.0,0.0,570000.0,19601000,19601000,58000.0,2803000.0,2425000.0,0.1261509649898559,-378000.0,-0.019663944233470322,0.0,-464000.0,-0.024137751651667275,-666000.0,1102000.0,0.05732716017270977,0.0078,0.0075,141282051,146933333,https://www1.hkexnews.hk/search/titlesearch.xhtml,https://www1.hkexnews.hk/search/titlesearch.xhtml,1620585917,14:45:17,20210509
1,2020-09-30,8439.HK,HKD,2020-09-30,2020-09-30,Q3,21700000,0.0,0.0,0.0,0.0,249000.0,0.0,122000.0,17853000,17853000,72000.0,2795000.0,6642000.0,0.30608294930875574,3847000.0,0.17728110599078342,0.0,6748000.0,0.3109677419354839,138000.0,6703000.0,0.3088940092165899,0.0473,0.0458,141712474,146353712,https://www1.hkexnews.hk/search/titlesearch.xhtml,https://www1.hkexnews.hk/search/titlesearch.xhtml,1620585917,14:45:17,20210509
2,2020-06-30,8439.HK,HKD,2020-06-30,2020-06-30,Q2,14396000,0.0,0.0,0.0,0.0,0.0,0.0,344000.0,17678000,17678000,86000.0,2789000.0,-493000.0,-0.03424562378438455,-3282000.0,-0.22797999444290082,0.0,-174000.0,-0.012086690747429841,-34000.0,-32000.0,-0.0022228396776882466,-0.0002,-0.0002,141383000,141383000,https://www1.hkexnews.hk/search/titlesearch.xhtml,https://www1.hkexnews.hk/search/titlesearch.xhtml,1620585917,14:45:17,20210509
3,2020-03-31,8439.HK,HKD,2020-03-31,2020-03-31,Q1,16543000,0.0,0.0,0.0,0.0,0.0,0.0,213000.0,18900000,18900000,102000.0,2794000.0,437000.0,0.026416006770235145,-2357000.0,-0.14247718068065043,0.0,-9232000.0,-0.5580608112192468,-790000.0,-7616000.0,-0.4603759898446473,-0.053742622544293454,-0.053742622544293454,141712474,141712474,https://www1.hkexnews.hk/search/titlesearch.xhtml,https://www1.hkexnews.hk/search/titlesearch.xhtml,1620585917,14:45:17,20210509
4,2019-12-31,8439.HK,HKD,2019-12-31,2019-12-31,Q4,24630000,0.0,0.0,0.0,0.0,122000.0,0.0,435000.0,21624000,21624000,85000.0,2503000.0,5509000.0,0.22367032074705642,3006000.0,0.1220462850182704,0.0,3356000.0,0.1362565976451482,511000.0,3067000.0,0.1245229395046691,0.0218,0.0217,140688073,141336406,https://www1.hkexnews.hk/search/titlesearch.xhtml,https://www1.hkexnews.hk/search/titlesearch.xhtml,1620585917,14:45:17,20210509
5,2019-09-30,8439.HK,HKD,2019-09-30,2019-09-30,Q3,19222000,0.0,0.0,0.0,0.0,134000.0,0.0,491000.0,18610000,18610000,103000.0,2495000.0,3107000.0,0.1616377067942982,612000.0,0.03183851836437415,0.0,1000000.0,0.052023722817604826,-39000.0,1212000.0,0.06305275205493704,0.0086,0.0086,140930233,140930233,https://www1.hkexnews.hk/search/titlesearch.xhtml,https://www1.hkexnews.hk/search/titlesearch.xhtml,1620585917,14:45:17,20210509
6,2019-06-30,8439.HK,HKD,2019-06-30,2019-06-30,Q2,15620000,0.0,0.0,0.0,0.0,320000.0,0.0,0.0,18448000,18448000,111000.0,2518000.0,-310000.0,-0.019846350832266324,-2828000.0,-0.18104993597951344,0.0,-2642000.0,-0.16914212548015364,-11000.0,-2479000.0,-0.1587067861715749,-0.0176,-0.0176,140989000,140989000,https://www1.hkexnews.hk/search/titlesearch.xhtml,https://www1.hkexnews.hk/search/titlesearch.xhtml,1620585917,14:45:17,20210509
7,2019-03-31,8439.HK,HKD,2019-03-31,2019-03-31,Q1,14939000,0.0,0.0,0.0,0.0,851000.0,0.0,0.0,17708000,17708000,0.0,466000.0,-2303000.0,-0.15416025169020683,-2769000.0,-0.18535377200615838,0.0,-1559000.0,-0.10435772140036147,-113000.0,-1353000.0,-0.09056831113193654,-0.009547501090129864,-0.009547501090129864,141712474,141712474,https://www1.hkexnews.hk/search/titlesearch.xhtml,https://www1.hkexnews.hk/search/titlesearch.xhtml,1620585917,14:45:17,20210509
8,2018-12-31,8439.HK,HKD,2018-12-31,2018-12-31,Q4,28031000,0.0,0.0,0.0,0.0,180000.0,0.0,0.0,23881000,23881000,0.0,479000.0,4629000.0,0.1651385965538154,4150000.0,0.14805037280154115,0.0,4149000.0,0.14801469801291428,857000.0,3334000.0,0.11893974528200921,0.0236,0.0235,141271186,141872340,https://www1.hkexnews.hk/search/titlesearch.xhtml,https://www1.hkexnews.hk/search/titlesearch.xhtml,1620585917,14:45:17,20210509
9,2018-09-30,8439.HK,HKD,2018-09-30,2018-09-30,Q3,29233000,0.0,0.0,0.0,0.0,115000.0,0.0,0.0,20627000,20627000,0.0,432000.0,9038000.0,0.3091711422023056,8606000.0,0.29439332261485307,0.0,8578000.0,0.2934355009749256,1231000.0,7347000.0,0.2513255567338282,0.0527,0.0525,139411765,139942857,https://www1.hkexnews.hk/search/titlesearch.xhtml,https://www1.hkexnews.hk/search/titlesearch.xhtml,1620585917,14:45:17,20210509
10,2018-06-30,8439.HK,HKD,2018-06-30,2018-06-30,Q2,16866000,0.0,0.0,0.0,0.0,190000.0,0.0,0.0,15584000,15584000,0.0,215000.0,1497000.0,0.0887584489505514,1282000.0,0.0760109095221155,0.0,520000.0,0.030831258152496144,232000.0,288000.0,0.017075773745997867,0.0020730311602496273,0.0020590106739685286,138927000,139873000,https://www1.hkexnews.hk/search/titlesearch.xhtml,https://www1.hkexnews.hk/search/titlesearch.xhtml,1620585917,14:45:17,20210509
11,2018-03-31,8439.HK,HKD,2018-03-31,2018-03-31,Q1,18379000,0.0,0.0,0.0,0.0,0.0,0.0,0.0,-31772000,17845000,0.0,200000.0,734000.0,0.03993688448773056,534000.0,0.029054899613689535,0.0,1836000.0,0.09989662114369662,232000.0,1604000.0,0.08727351868980902,0.011318693088372729,0.011318693088372729,141712474,141712474,https://www1.hkexnews.hk/search/titlesearch.xhtml,https://www1.hkexnews.hk/search/titlesearch.xhtml,1620585917,14:45:17,20210509
12,2017-12-31,8439.HK,HKD,2017-12-31,2017-12-31,Q4,18946000,0.0,0.0,0.0,0.0,0.0,0.0,-440000.0,16771000,16771000,0.0,200000.0,2375000.0,0.125356275731025,2175000.0,0.11479995777472818,0.0,1735000.0,0.09157605827087512,269000.0,1466000.0,0.07737781061965586,0.0106,0.0105,138301887,139619048,https://www1.hkexnews.hk/search/titlesearch.xhtml,https://www1.hkexnews.hk/search/titlesearch.xhtml,1620585917,14:45:17,20210509
13,2017-09-30,8439.HK,HKD,2017-09-30,2017-09-30,Q3,18732000,0.0,0.0,0.0,0.0,0.0,0.0,-268000.0,16522000,16522000,0.0,195000.0,2405000.0,0.12838992099081786,2210000.0,0.11797992739696776,0.0,2261000.0,0.12070254110612855,185000.0,2076000.0,0.1108263933376041,0.015,0.0147,138400000,141224490,https://www1.hkexnews.hk/search/titlesearch.xhtml,https://www1.hkexnews.hk/search/titlesearch.xhtml,1620585917,14:45:17,20210509
14,2017-06-30,8439.HK,HKD,2017-06-30,2017-06-30,Q2,16055000,0.0,0.0,0.0,0.0,0.0,0.0,-68000.0,14928000,14928000,0.0,126000.0,1253000.0,0.07804422298349424,1127000.0,0.07019620056057303,0.0,1059000.0,0.0659607598878854,317000.0,742000.0,0.04621613204609156,0.0055,0.0054,135926000,137788000,https://www1.hkexnews.hk/search/titlesearch.xhtml,https://www1.hkexnews.hk/search/titlesearch.xhtml,1620585917,14:45:17,20210509
15,2017-03-31,8439.HK,HKD,2017-03-31,2017-03-31,Q1,21735000,0.0,0.0,0.0,0.0,0.0,0.0,0.0,18696000,18696000,0.0,68000.0,3107000.0,0.14294916034046468,3039000.0,0.13982056590752243,0.0,2985000.0,0.137336093857833,1479000.0,1506000.0,0.06928916494133885,0.010627151989457188,0.010627151989457188,141712474,141712474,https://www1.hkexnews.hk/search/titlesearch.xhtml,https://www1.hkexnews.hk/search/titlesearch.xhtml,1620585917,14:45:17,20210509
16,2016-12-31,8439.HK,HKD,2016-12-31,2016-12-31,Q4,16139000,0.0,0.0,0.0,0.0,0.0,0.0,-219000.0,14022000,14022000,0.0,67000.0,2184000.0,0.1353243695396245,2117000.0,0.13117293512609207,0.0,1898000.0,0.11760332114753083,498000.0,1400000.0,0.08674639073052853,0.01037,0.01037,135000000,135000000,https://www1.hkexnews.hk/search/titlesearch.xhtml,https://www1.hkexnews.hk/search/titlesearch.xhtml,1620585917,14:45:17,20210509
17,2016-09-30,8439.HK,HKD,2016-09-30,2016-09-30,Q3,15555000,0.0,0.0,0.0,0.0,0.0,0.0,-584000.0,14277000,14277000,0.0,66000.0,1344000.0,0.08640308582449373,1278000.0,0.08216007714561234,0.0,694000.0,0.04461587913854066,519000.0,175000.0,0.011250401800064288,0.001296,0.001296,135000000,135000000,https://www1.hkexnews.hk/search/titlesearch.xhtml,https://www1.hkexnews.hk/search/titlesearch.xhtml,1620585917,14:45:17,20210509
18,2016-06-30,8439.HK,HKD,2016-06-30,2016-06-30,Q2,14472000,0.0,0.0,0.0,0.0,0.0,0.0,-24000.0,19897000,19897000,0.0,57000.0,-5368000.0,-0.37092316196793806,-5425000.0,-0.37486180210060804,0.0,-5449000.0,-0.37652017689331124,439000.0,-5888000.0,-0.40685461580983967,-0.0589,-0.0589,100000000,100000000,https://www1.hkexnews.hk/search/titlesearch.xhtml,https://www1.hkexnews.hk/search/titlesearch.xhtml,1620585917,14:45:17,20210509
