,date,symbol,reportedCurrency,fillingDate,acceptedDate,period,revenue,costOfRevenue,grossProfit,grossProfitRatio,researchAndDevelopmentExpenses,generalAndAdministrativeExpenses,sellingAndMarketingExpenses,otherExpenses,operatingExpenses,costAndExpenses,interestExpense,depreciationAndAmortization,ebitda,ebitdaratio,operatingIncome,operatingIncomeRatio,totalOtherIncomeExpensesNet,incomeBeforeTax,incomeBeforeTaxRatio,incomeTaxExpense,netIncome,netIncomeRatio,eps,epsdiluted,weightedAverageShsOut,weightedAverageShsOutDil,link,finalLink,timestamp,est_time,est_date
0,2019-06-30,KARN.SW,EUR,2019-06-30,2019-06-30,Q2,117800000.0,74975000.0,42825000.0,0.3635398981324278,2825000.0,9625000.0,14575000.0,0.0,225000.0,102175000.0,700000.0,1675000.0,17300000.0,0.1468590831918506,15625000.0,0.13264006791171476,0.0,15050000.0,0.12775891341256368,3825000.0,11100000.0,0.09422750424448217,1.4375,1.4375,7717392.0,7717392.0,https://www.six-group.com/en/products-services/the-swiss-stock-exchange.html,https://www.six-group.com/en/products-services/the-swiss-stock-exchange.html,1620594047,17:00:47,20210509
1,2019-03-31,KARN.SW,EUR,2019-03-31,2019-03-31,Q1,117800000.0,74975000.0,42825000.0,0.3635398981324278,2825000.0,9625000.0,14575000.0,0.0,225000.0,102175000.0,700000.0,1675000.0,17300000.0,0.1468590831918506,15625000.0,0.13264006791171476,0.0,15050000.0,0.12775891341256368,3825000.0,11100000.0,0.09422750424448217,1.4375,1.4375,7717392.0,7717392.0,https://www.six-group.com/en/products-services/the-swiss-stock-exchange.html,https://www.six-group.com/en/products-services/the-swiss-stock-exchange.html,1620594047,17:00:47,20210509
2,2019-01-31,KARN.SW,EUR,2019-01-31,2019-01-31,Q1,117800000.0,74975000.0,42825000.0,0.3635398981324278,2825000.0,9625000.0,14575000.0,0.0,225000.0,102175000.0,700000.0,1675000.0,17300000.0,0.1468590831918506,15625000.0,0.13264006791171476,0.0,15050000.0,0.12775891341256368,3825000.0,11100000.0,0.09422750424448217,1.4375,1.4375,7717392.0,7717392.0,https://www.six-group.com/en/products-services/the-swiss-stock-exchange.html,https://www.six-group.com/en/products-services/the-swiss-stock-exchange.html,1620594047,17:00:47,20210509
3,2018-06-30,KARN.SW,EUR,2018-06-30,2018-06-30,Q2,105850000.0,67800000.0,38050000.0,0.35947094945677843,2850000.0,8500000.0,13250000.0,0.0,175000.0,92600000.0,375000.0,1450000.0,14700000.0,0.13887576759565423,13250000.0,0.12517713745866793,0.0,12875000.0,0.1216343882853094,3300000.0,9575000.0,0.09045819555975437,1.2425,1.2425,7715905.0,7715905.0,https://www.six-group.com/en/products-services/the-swiss-stock-exchange.html,https://www.six-group.com/en/products-services/the-swiss-stock-exchange.html,1620594047,17:00:47,20210509
4,2018-03-31,KARN.SW,EUR,2018-03-31,2018-03-31,Q1,105850000.0,67800000.0,38050000.0,0.35947094945677843,2850000.0,8500000.0,13250000.0,0.0,175000.0,92600000.0,375000.0,1450000.0,14700000.0,0.13887576759565423,13250000.0,0.12517713745866793,0.0,12875000.0,0.1216343882853094,3300000.0,9575000.0,0.09045819555975437,1.2425,1.2425,7715905.0,7715905.0,https://www.six-group.com/en/products-services/the-swiss-stock-exchange.html,https://www.six-group.com/en/products-services/the-swiss-stock-exchange.html,1620594047,17:00:47,20210509
5,2018-01-31,KARN.SW,EUR,2018-01-31,2018-01-31,Q1,105850000.0,67800000.0,38050000.0,0.35947094945677843,2850000.0,8500000.0,13250000.0,0.0,175000.0,92600000.0,375000.0,1450000.0,14700000.0,0.13887576759565423,13250000.0,0.12517713745866793,0.0,12875000.0,0.1216343882853094,3300000.0,9575000.0,0.09045819555975437,1.2425,1.2425,7715905.0,7715905.0,https://www.six-group.com/en/products-services/the-swiss-stock-exchange.html,https://www.six-group.com/en/products-services/the-swiss-stock-exchange.html,1620594047,17:00:47,20210509
6,2017-06-30,KARN.SW,EUR,2017-06-30,2017-06-30,Q2,94025000.0,60100000.0,33925000.0,0.3608082956660463,2575000.0,7975000.0,12025000.0,0.0,125000.0,82650000.0,200000.0,1350000.0,12725000.0,0.13533634671629885,11375000.0,0.12097846317468758,0.0,11125000.0,0.11831959585216698,3175000.0,7950000.0,0.08455198085615528,1.0325,1.0325,7713743.0,7713743.0,https://www.six-group.com/en/products-services/the-swiss-stock-exchange.html,https://www.six-group.com/en/products-services/the-swiss-stock-exchange.html,1620594047,17:00:47,20210509
7,2017-03-31,KARN.SW,EUR,2017-03-31,2017-03-31,Q1,94025000.0,60100000.0,33925000.0,0.3608082956660463,2575000.0,7975000.0,12025000.0,0.0,125000.0,82650000.0,200000.0,1350000.0,12725000.0,0.13533634671629885,11375000.0,0.12097846317468758,0.0,11125000.0,0.11831959585216698,3175000.0,7950000.0,0.08455198085615528,1.0325,1.0325,7713743.0,7713743.0,https://www.six-group.com/en/products-services/the-swiss-stock-exchange.html,https://www.six-group.com/en/products-services/the-swiss-stock-exchange.html,1620594047,17:00:47,20210509
8,2017-01-31,KARN.SW,EUR,2017-01-31,2017-01-31,Q1,94025000.0,60100000.0,33925000.0,0.3608082956660463,2575000.0,7975000.0,12025000.0,0.0,125000.0,82650000.0,200000.0,1350000.0,12725000.0,0.13533634671629885,11375000.0,0.12097846317468758,0.0,11125000.0,0.11831959585216698,3175000.0,7950000.0,0.08455198085615528,1.0325,1.0325,7713743.0,7713743.0,https://www.six-group.com/en/products-services/the-swiss-stock-exchange.html,https://www.six-group.com/en/products-services/the-swiss-stock-exchange.html,1620594047,17:00:47,20210509
9,2016-06-30,KARN.SW,EUR,2016-06-30,2016-06-30,Q2,89625000.0,57525000.0,32100000.0,0.3581589958158996,2475000.0,7825000.0,11550000.0,0.0,125000.0,79325000.0,225000.0,1250000.0,11550000.0,0.12887029288702928,10300000.0,0.11492329149232915,0.0,9975000.0,0.11129707112970712,2275000.0,7700000.0,0.08591352859135286,0.995,0.995,7727492.0,7727492.0,https://www.six-group.com/en/products-services/the-swiss-stock-exchange.html,https://www.six-group.com/en/products-services/the-swiss-stock-exchange.html,1620594047,17:00:47,20210509
10,2016-03-31,KARN.SW,EUR,2016-03-31,2016-03-31,Q1,89625000.0,57525000.0,32100000.0,0.3581589958158996,2475000.0,7825000.0,11550000.0,0.0,125000.0,79325000.0,225000.0,1250000.0,11550000.0,0.12887029288702928,10300000.0,0.11492329149232915,0.0,9975000.0,0.11129707112970712,2275000.0,7700000.0,0.08591352859135286,0.995,0.995,7727492.0,7727492.0,https://www.six-group.com/en/products-services/the-swiss-stock-exchange.html,https://www.six-group.com/en/products-services/the-swiss-stock-exchange.html,1620594047,17:00:47,20210509
11,2016-01-31,KARN.SW,EUR,2016-01-31,2016-01-31,Q1,89625000.0,57525000.0,32100000.0,0.3581589958158996,2475000.0,7825000.0,11550000.0,0.0,125000.0,79325000.0,225000.0,1250000.0,11550000.0,0.12887029288702928,10300000.0,0.11492329149232915,0.0,9975000.0,0.11129707112970712,2275000.0,7700000.0,0.08591352859135286,0.995,0.995,7727492.0,7727492.0,https://www.six-group.com/en/products-services/the-swiss-stock-exchange.html,https://www.six-group.com/en/products-services/the-swiss-stock-exchange.html,1620594047,17:00:47,20210509
12,2015-09-30,KARN.SW,EUR,2015-09-30,2015-09-30,Q3,84625000.0,54125000.0,30500000.0,0.3604135893648449,2325000.0,7450000.0,11300000.0,0.0,150000.0,75225000.0,400000.0,1325000.0,10725000.0,0.12673559822747416,9400000.0,0.11107828655834565,0.0,9000000.0,0.10635155096011817,1875000.0,7125000.0,0.08419497784342689,0.9225,0.9225,7729974.0,7729974.0,https://www.six-group.com/en/products-services/the-swiss-stock-exchange.html,https://www.six-group.com/en/products-services/the-swiss-stock-exchange.html,1620594047,17:00:47,20210509
13,2015-06-30,KARN.SW,EUR,2015-06-30,2015-06-30,Q2,84625000.0,54125000.0,30500000.0,0.3604135893648449,2325000.0,7450000.0,11300000.0,0.0,150000.0,75225000.0,400000.0,1325000.0,10725000.0,0.12673559822747416,9400000.0,0.11107828655834565,0.0,9000000.0,0.10635155096011817,1875000.0,7125000.0,0.08419497784342689,0.9225,0.9225,7729974.0,7729974.0,https://www.six-group.com/en/products-services/the-swiss-stock-exchange.html,https://www.six-group.com/en/products-services/the-swiss-stock-exchange.html,1620594047,17:00:47,20210509
14,2015-03-31,KARN.SW,EUR,2015-03-31,2015-03-31,Q1,84625000.0,54125000.0,30500000.0,0.3604135893648449,2325000.0,7450000.0,11300000.0,0.0,150000.0,75225000.0,400000.0,1325000.0,10725000.0,0.12673559822747416,9400000.0,0.11107828655834565,0.0,9000000.0,0.10635155096011817,1875000.0,7125000.0,0.08419497784342689,0.9225,0.9225,7729974.0,7729974.0,https://www.six-group.com/en/products-services/the-swiss-stock-exchange.html,https://www.six-group.com/en/products-services/the-swiss-stock-exchange.html,1620594047,17:00:47,20210509
15,2015-01-31,KARN.SW,EUR,2015-01-31,2015-01-31,Q1,84625000.0,54125000.0,30500000.0,0.3604135893648449,2325000.0,7450000.0,11300000.0,0.0,150000.0,75225000.0,400000.0,1325000.0,10725000.0,0.12673559822747416,9400000.0,0.11107828655834565,0.0,9000000.0,0.10635155096011817,1875000.0,7125000.0,0.08419497784342689,0.9225,0.9225,7729974.0,7729974.0,https://www.six-group.com/en/products-services/the-swiss-stock-exchange.html,https://www.six-group.com/en/products-services/the-swiss-stock-exchange.html,1620594047,17:00:47,20210509
16,2014-09-30,KARN.SW,EUR,2014-09-30,2014-09-30,Q3,77000000.0,51300000.0,25700000.0,0.33376623376623377,1750000.0,6700000.0,9975000.0,0.0,50000.0,69725000.0,325000.0,1525000.0,8800000.0,0.11428571428571428,7275000.0,0.09448051948051948,0.0,7150000.0,0.09285714285714286,1200000.0,5950000.0,0.07727272727272727,0.77,0.77,7729870.0,7729870.0,https://www.six-group.com/en/products-services/the-swiss-stock-exchange.html,https://www.six-group.com/en/products-services/the-swiss-stock-exchange.html,1620594047,17:00:47,20210509
17,2014-06-30,KARN.SW,EUR,2014-06-30,2014-06-30,Q2,77000000.0,51300000.0,25700000.0,0.33376623376623377,1750000.0,6700000.0,9975000.0,0.0,50000.0,69725000.0,325000.0,1525000.0,8800000.0,0.11428571428571428,7275000.0,0.09448051948051948,0.0,7150000.0,0.09285714285714286,1200000.0,5950000.0,0.07727272727272727,0.77,0.77,7729870.0,7729870.0,https://www.six-group.com/en/products-services/the-swiss-stock-exchange.html,https://www.six-group.com/en/products-services/the-swiss-stock-exchange.html,1620594047,17:00:47,20210509
18,2014-03-31,KARN.SW,EUR,2014-03-31,2014-03-31,Q1,77000000.0,51300000.0,25700000.0,0.33376623376623377,1750000.0,6700000.0,9975000.0,0.0,50000.0,69725000.0,325000.0,1525000.0,8800000.0,0.11428571428571428,7275000.0,0.09448051948051948,0.0,7150000.0,0.09285714285714286,1200000.0,5950000.0,0.07727272727272727,0.77,0.77,7729870.0,7729870.0,https://www.six-group.com/en/products-services/the-swiss-stock-exchange.html,https://www.six-group.com/en/products-services/the-swiss-stock-exchange.html,1620594047,17:00:47,20210509
19,2014-01-31,KARN.SW,EUR,2014-01-31,2014-01-31,Q1,77000000.0,51300000.0,25700000.0,0.33376623376623377,1750000.0,6700000.0,9975000.0,0.0,50000.0,69725000.0,325000.0,1525000.0,8800000.0,0.11428571428571428,7275000.0,0.09448051948051948,0.0,7150000.0,0.09285714285714286,1200000.0,5950000.0,0.07727272727272727,0.77,0.77,7729870.0,7729870.0,https://www.six-group.com/en/products-services/the-swiss-stock-exchange.html,https://www.six-group.com/en/products-services/the-swiss-stock-exchange.html,1620594047,17:00:47,20210509
20,2013-09-30,KARN.SW,EUR,2013-09-30,2013-09-30,Q3,99825000.0,71400000.0,28425000.0,0.284748309541698,1475000.0,7575000.0,12425000.0,0.0,200000.0,92525000.0,375000.0,2075000.0,9375000.0,0.09391435011269722,7300000.0,0.07312797395442024,0.0,8950000.0,0.08965689957425495,1075000.0,7875000.0,0.07888805409466566,1.02,1.02,7718409.0,7718409.0,https://www.six-group.com/en/products-services/the-swiss-stock-exchange.html,https://www.six-group.com/en/products-services/the-swiss-stock-exchange.html,1620594047,17:00:47,20210509
21,2013-06-30,KARN.SW,EUR,2013-06-30,2013-06-30,Q2,99825000.0,71400000.0,28425000.0,0.284748309541698,1475000.0,7575000.0,12425000.0,0.0,200000.0,92525000.0,375000.0,2075000.0,9375000.0,0.09391435011269722,7300000.0,0.07312797395442024,0.0,8950000.0,0.08965689957425495,1075000.0,7875000.0,0.07888805409466566,1.02,1.02,7718409.0,7718409.0,https://www.six-group.com/en/products-services/the-swiss-stock-exchange.html,https://www.six-group.com/en/products-services/the-swiss-stock-exchange.html,1620594047,17:00:47,20210509
22,2013-03-31,KARN.SW,EUR,2013-03-31,2013-03-31,Q1,99825000.0,71400000.0,28425000.0,0.284748309541698,1475000.0,7575000.0,12425000.0,0.0,200000.0,92525000.0,375000.0,2075000.0,9375000.0,0.09391435011269722,7300000.0,0.07312797395442024,0.0,8950000.0,0.08965689957425495,1075000.0,7875000.0,0.07888805409466566,1.02,1.02,7718409.0,7718409.0,https://www.six-group.com/en/products-services/the-swiss-stock-exchange.html,https://www.six-group.com/en/products-services/the-swiss-stock-exchange.html,1620594047,17:00:47,20210509
23,2013-01-31,KARN.SW,EUR,2013-01-31,2013-01-31,Q1,99825000.0,71400000.0,28425000.0,0.284748309541698,1475000.0,7575000.0,12425000.0,0.0,200000.0,92525000.0,375000.0,2075000.0,9375000.0,0.09391435011269722,7300000.0,0.07312797395442024,0.0,8950000.0,0.08965689957425495,1075000.0,7875000.0,0.07888805409466566,1.02,1.02,7718409.0,7718409.0,https://www.six-group.com/en/products-services/the-swiss-stock-exchange.html,https://www.six-group.com/en/products-services/the-swiss-stock-exchange.html,1620594047,17:00:47,20210509
24,2012-09-30,KARN.SW,EUR,2012-09-30,2012-09-30,Q3,121100000.0,91200000.0,29900000.0,0.24690338563170933,1350000.0,7350000.0,14250000.0,0.0,550000.0,113900000.0,575000.0,2525000.0,9725000.0,0.08030553261767134,7200000.0,0.05945499587118084,0.0,6125000.0,0.05057803468208093,775000.0,5350000.0,0.044178364987613544,0.6925,0.6925,7720905.0,7720905.0,https://www.six-group.com/en/products-services/the-swiss-stock-exchange.html,https://www.six-group.com/en/products-services/the-swiss-stock-exchange.html,1620594047,17:00:47,20210509
25,2012-06-30,KARN.SW,EUR,2012-06-30,2012-06-30,Q2,121100000.0,91200000.0,29900000.0,0.24690338563170933,1350000.0,7350000.0,14250000.0,0.0,550000.0,113900000.0,575000.0,2525000.0,9725000.0,0.08030553261767134,7200000.0,0.05945499587118084,0.0,6125000.0,0.05057803468208093,775000.0,5350000.0,0.044178364987613544,0.6925,0.6925,7720905.0,7720905.0,https://www.six-group.com/en/products-services/the-swiss-stock-exchange.html,https://www.six-group.com/en/products-services/the-swiss-stock-exchange.html,1620594047,17:00:47,20210509
26,2012-03-31,KARN.SW,EUR,2012-03-31,2012-03-31,Q1,121100000.0,91200000.0,29900000.0,0.24690338563170933,1350000.0,7350000.0,14250000.0,0.0,550000.0,113900000.0,575000.0,2525000.0,9725000.0,0.08030553261767134,7200000.0,0.05945499587118084,0.0,6125000.0,0.05057803468208093,775000.0,5350000.0,0.044178364987613544,0.6925,0.6925,7720905.0,7720905.0,https://www.six-group.com/en/products-services/the-swiss-stock-exchange.html,https://www.six-group.com/en/products-services/the-swiss-stock-exchange.html,1620594047,17:00:47,20210509
27,2012-01-31,KARN.SW,EUR,2012-01-31,2012-01-31,Q1,121100000.0,91200000.0,29900000.0,0.24690338563170933,1350000.0,7350000.0,14250000.0,0.0,550000.0,113900000.0,575000.0,2525000.0,9725000.0,0.08030553261767134,7200000.0,0.05945499587118084,0.0,6125000.0,0.05057803468208093,775000.0,5350000.0,0.044178364987613544,0.6925,0.6925,7720905.0,7720905.0,https://www.six-group.com/en/products-services/the-swiss-stock-exchange.html,https://www.six-group.com/en/products-services/the-swiss-stock-exchange.html,1620594047,17:00:47,20210509
28,2011-09-30,KARN.SW,EUR,2011-09-30,2011-09-30,Q3,114800000.0,90325000.0,24475000.0,0.21319686411149827,1300000.0,7275000.0,13800000.0,-150000.0,-500000.0,112200000.0,1650000.0,2575000.0,5175000.0,0.04507839721254355,2600000.0,0.02264808362369338,0.0,1000000.0,0.008710801393728223,250000.0,750000.0,0.006533101045296167,0.12,0.12,6309090.0,6309090.0,https://www.six-group.com/en/products-services/the-swiss-stock-exchange.html,https://www.six-group.com/en/products-services/the-swiss-stock-exchange.html,1620594047,17:00:47,20210509
29,2011-06-30,KARN.SW,EUR,2011-06-30,2011-06-30,Q2,114800000.0,90325000.0,24475000.0,0.21319686411149827,1300000.0,7275000.0,13800000.0,-150000.0,-500000.0,112200000.0,1650000.0,2575000.0,5175000.0,0.04507839721254355,2600000.0,0.02264808362369338,0.0,1000000.0,0.008710801393728223,250000.0,750000.0,0.006533101045296167,0.12,0.12,6309090.0,6309090.0,https://www.six-group.com/en/products-services/the-swiss-stock-exchange.html,https://www.six-group.com/en/products-services/the-swiss-stock-exchange.html,1620594047,17:00:47,20210509
30,2011-03-31,KARN.SW,EUR,2011-03-31,2011-03-31,Q1,114800000.0,90325000.0,24475000.0,0.21319686411149827,1300000.0,7275000.0,13800000.0,-150000.0,-500000.0,112200000.0,1650000.0,2575000.0,5175000.0,0.04507839721254355,2600000.0,0.02264808362369338,0.0,1000000.0,0.008710801393728223,250000.0,750000.0,0.006533101045296167,0.12,0.12,6309090.0,6309090.0,https://www.six-group.com/en/products-services/the-swiss-stock-exchange.html,https://www.six-group.com/en/products-services/the-swiss-stock-exchange.html,1620594047,17:00:47,20210509
31,2011-01-31,KARN.SW,EUR,2011-01-31,2011-01-31,Q1,114800000.0,90325000.0,24475000.0,0.21319686411149827,1300000.0,7275000.0,13800000.0,-150000.0,-500000.0,112200000.0,1650000.0,2575000.0,5175000.0,0.04507839721254355,2600000.0,0.02264808362369338,0.0,1000000.0,0.008710801393728223,250000.0,750000.0,0.006533101045296167,0.12,0.12,6309090.0,6309090.0,https://www.six-group.com/en/products-services/the-swiss-stock-exchange.html,https://www.six-group.com/en/products-services/the-swiss-stock-exchange.html,1620594047,17:00:47,20210509
32,2010-09-30,KARN.SW,EUR,2010-09-30,2010-09-30,Q3,88975000.0,69650000.0,19325000.0,0.21719584152851926,1350000.0,7100000.0,13175000.0,0.0,-700000.0,90575000.0,1725000.0,3375000.0,1775000.0,0.019949423995504357,-1600000.0,-0.01798257937622928,0.0,-3125000.0,-0.03512222534419781,-675000.0,-2450000.0,-0.02753582466985108,-0.4377061126819897,-0.3911005937864811,5597363.0,6264373.0,https://www.six-group.com/en/products-services/the-swiss-stock-exchange.html,https://www.six-group.com/en/products-services/the-swiss-stock-exchange.html,1620594047,17:00:47,20210509
33,2010-06-30,KARN.SW,EUR,2010-06-30,2010-06-30,Q2,88975000.0,69650000.0,19325000.0,0.21719584152851926,1350000.0,7100000.0,13175000.0,0.0,-700000.0,90575000.0,1725000.0,3375000.0,1775000.0,0.019949423995504357,-1600000.0,-0.01798257937622928,0.0,-3125000.0,-0.03512222534419781,-675000.0,-2450000.0,-0.02753582466985108,-0.4377061126819897,-0.3911005937864811,5597363.0,6264373.0,https://www.six-group.com/en/products-services/the-swiss-stock-exchange.html,https://www.six-group.com/en/products-services/the-swiss-stock-exchange.html,1620594047,17:00:47,20210509
34,2010-03-31,KARN.SW,EUR,2010-03-31,2010-03-31,Q1,88975000.0,69650000.0,19325000.0,0.21719584152851926,1350000.0,7100000.0,13175000.0,0.0,-700000.0,90575000.0,1725000.0,3375000.0,1775000.0,0.019949423995504357,-1600000.0,-0.01798257937622928,0.0,-3125000.0,-0.03512222534419781,-675000.0,-2450000.0,-0.02753582466985108,-0.4377061126819897,-0.3911005937864811,5597363.0,6264373.0,https://www.six-group.com/en/products-services/the-swiss-stock-exchange.html,https://www.six-group.com/en/products-services/the-swiss-stock-exchange.html,1620594047,17:00:47,20210509
35,2010-01-31,KARN.SW,EUR,2010-01-31,2010-01-31,Q1,88975000.0,69650000.0,19325000.0,0.21719584152851926,1350000.0,7100000.0,13175000.0,0.0,-700000.0,90575000.0,1725000.0,3375000.0,1775000.0,0.019949423995504357,-1600000.0,-0.01798257937622928,0.0,-3125000.0,-0.03512222534419781,-675000.0,-2450000.0,-0.02753582466985108,-0.4377061126819897,-0.3911005937864811,5597363.0,6264373.0,https://www.six-group.com/en/products-services/the-swiss-stock-exchange.html,https://www.six-group.com/en/products-services/the-swiss-stock-exchange.html,1620594047,17:00:47,20210509
36,2009-09-30,KARN.SW,EUR,2009-09-30,2009-09-30,Q3,85725000.0,64825000.0,20900000.0,0.24380285797608633,975000.0,7250000.0,11225000.0,0.0,-125000.0,84150000.0,1325000.0,2550000.0,4125000.0,0.048118985126859144,1575000.0,0.01837270341207349,0.0,425000.0,0.004957713619130942,225000.0,200000.0,0.0023330417031204435,0.035918192007519834,0.03207585812142284,5568209.0,6235219.0,https://www.six-group.com/en/products-services/the-swiss-stock-exchange.html,https://www.six-group.com/en/products-services/the-swiss-stock-exchange.html,1620594047,17:00:47,20210509
37,2009-06-30,KARN.SW,EUR,2009-06-30,2009-06-30,Q2,85725000.0,64825000.0,20900000.0,0.24380285797608633,975000.0,7250000.0,11225000.0,0.0,-125000.0,84150000.0,1325000.0,2550000.0,4125000.0,0.048118985126859144,1575000.0,0.01837270341207349,0.0,425000.0,0.004957713619130942,225000.0,200000.0,0.0023330417031204435,0.035918192007519834,0.03207585812142284,5568209.0,6235219.0,https://www.six-group.com/en/products-services/the-swiss-stock-exchange.html,https://www.six-group.com/en/products-services/the-swiss-stock-exchange.html,1620594047,17:00:47,20210509
38,2009-03-31,KARN.SW,EUR,2009-03-31,2009-03-31,Q1,85725000.0,64825000.0,20900000.0,0.24380285797608633,975000.0,7250000.0,11225000.0,0.0,-125000.0,84150000.0,1325000.0,2550000.0,4125000.0,0.048118985126859144,1575000.0,0.01837270341207349,0.0,425000.0,0.004957713619130942,225000.0,200000.0,0.0023330417031204435,0.035918192007519834,0.03207585812142284,5568209.0,6235219.0,https://www.six-group.com/en/products-services/the-swiss-stock-exchange.html,https://www.six-group.com/en/products-services/the-swiss-stock-exchange.html,1620594047,17:00:47,20210509
39,2009-01-31,KARN.SW,EUR,2009-01-31,2009-01-31,Q1,85725000.0,64825000.0,20900000.0,0.24380285797608633,975000.0,7250000.0,11225000.0,0.0,-125000.0,84150000.0,1325000.0,2550000.0,4125000.0,0.048118985126859144,1575000.0,0.01837270341207349,0.0,425000.0,0.004957713619130942,225000.0,200000.0,0.0023330417031204435,0.035918192007519834,0.03207585812142284,5568209.0,6235219.0,https://www.six-group.com/en/products-services/the-swiss-stock-exchange.html,https://www.six-group.com/en/products-services/the-swiss-stock-exchange.html,1620594047,17:00:47,20210509
40,2008-09-30,KARN.SW,EUR,2008-09-30,2008-09-30,Q3,115000000.0,84525000.0,30475000.0,0.265,625000.0,6975000.0,12425000.0,0.0,-125000.0,104425000.0,1450000.0,2275000.0,12850000.0,0.1117391304347826,10575000.0,0.09195652173913044,0.0,9825000.0,0.08543478260869565,1575000.0,8250000.0,0.07173913043478261,1.485,1.3125,5564317.0,6239416.0,https://www.six-group.com/en/products-services/the-swiss-stock-exchange.html,https://www.six-group.com/en/products-services/the-swiss-stock-exchange.html,1620594047,17:00:47,20210509
41,2008-06-30,KARN.SW,EUR,2008-06-30,2008-06-30,Q2,115000000.0,84525000.0,30475000.0,0.265,625000.0,6975000.0,12425000.0,0.0,-125000.0,104425000.0,1450000.0,2275000.0,12850000.0,0.1117391304347826,10575000.0,0.09195652173913044,0.0,9825000.0,0.08543478260869565,1575000.0,8250000.0,0.07173913043478261,1.485,1.3125,5564317.0,6239416.0,https://www.six-group.com/en/products-services/the-swiss-stock-exchange.html,https://www.six-group.com/en/products-services/the-swiss-stock-exchange.html,1620594047,17:00:47,20210509
42,2008-03-31,KARN.SW,EUR,2008-03-31,2008-03-31,Q1,115000000.0,84525000.0,30475000.0,0.265,625000.0,6975000.0,12425000.0,0.0,-125000.0,104425000.0,1450000.0,2275000.0,12850000.0,0.1117391304347826,10575000.0,0.09195652173913044,0.0,9825000.0,0.08543478260869565,1575000.0,8250000.0,0.07173913043478261,1.485,1.3125,5564317.0,6239416.0,https://www.six-group.com/en/products-services/the-swiss-stock-exchange.html,https://www.six-group.com/en/products-services/the-swiss-stock-exchange.html,1620594047,17:00:47,20210509
43,2008-01-31,KARN.SW,EUR,2008-01-31,2008-01-31,Q1,115000000.0,84525000.0,30475000.0,0.265,625000.0,6975000.0,12425000.0,0.0,-125000.0,104425000.0,1450000.0,2275000.0,12850000.0,0.1117391304347826,10575000.0,0.09195652173913044,0.0,9825000.0,0.08543478260869565,1575000.0,8250000.0,0.07173913043478261,1.485,1.3125,5564317.0,6239416.0,https://www.six-group.com/en/products-services/the-swiss-stock-exchange.html,https://www.six-group.com/en/products-services/the-swiss-stock-exchange.html,1620594047,17:00:47,20210509
44,2007-09-30,KARN.SW,EUR,2007-09-30,2007-09-30,Q3,105625000.0,78675000.0,26950000.0,0.25514792899408284,0.0,5875000.0,11725000.0,0.0,-3125000.0,93150000.0,0.0,2300000.0,14775000.0,0.13988165680473372,12475000.0,0.11810650887573965,0.0,7450000.0,0.07053254437869823,-1675000.0,5450000.0,0.051597633136094674,1.0275,0.9925,5626249.0,5990193.0,https://www.six-group.com/en/products-services/the-swiss-stock-exchange.html,https://www.six-group.com/en/products-services/the-swiss-stock-exchange.html,1620594047,17:00:47,20210509
45,2007-06-30,KARN.SW,EUR,2007-06-30,2007-06-30,Q2,105625000.0,78675000.0,26950000.0,0.25514792899408284,0.0,5875000.0,11725000.0,0.0,-3125000.0,93150000.0,0.0,2300000.0,14775000.0,0.13988165680473372,12475000.0,0.11810650887573965,0.0,7450000.0,0.07053254437869823,-1675000.0,5450000.0,0.051597633136094674,1.0275,0.9925,5626249.0,5990193.0,https://www.six-group.com/en/products-services/the-swiss-stock-exchange.html,https://www.six-group.com/en/products-services/the-swiss-stock-exchange.html,1620594047,17:00:47,20210509
46,2007-03-31,KARN.SW,EUR,2007-03-31,2007-03-31,Q1,105625000.0,78675000.0,26950000.0,0.25514792899408284,0.0,5875000.0,11725000.0,0.0,-3125000.0,93150000.0,0.0,2300000.0,14775000.0,0.13988165680473372,12475000.0,0.11810650887573965,0.0,7450000.0,0.07053254437869823,-1675000.0,5450000.0,0.051597633136094674,1.0275,0.9925,5626249.0,5990193.0,https://www.six-group.com/en/products-services/the-swiss-stock-exchange.html,https://www.six-group.com/en/products-services/the-swiss-stock-exchange.html,1620594047,17:00:47,20210509
47,2007-01-31,KARN.SW,EUR,2007-01-31,2007-01-31,Q1,105625000.0,78675000.0,26950000.0,0.25514792899408284,0.0,5875000.0,11725000.0,0.0,-3125000.0,93150000.0,0.0,2300000.0,14775000.0,0.13988165680473372,12475000.0,0.11810650887573965,0.0,7450000.0,0.07053254437869823,-1675000.0,5450000.0,0.051597633136094674,1.0275,0.9925,5626249.0,5990193.0,https://www.six-group.com/en/products-services/the-swiss-stock-exchange.html,https://www.six-group.com/en/products-services/the-swiss-stock-exchange.html,1620594047,17:00:47,20210509
48,2006-09-30,KARN.SW,EUR,2006-09-30,2006-09-30,Q3,94775000.0,71250000.0,23525000.0,0.24821946715906093,0.0,6450000.0,11600000.0,0.0,-850000.0,88450000.0,0.0,4275000.0,10600000.0,0.11184384067528357,6325000.0,0.06673700870482722,0.0,4025000.0,0.04246900553943551,-650000.0,8300000.0,0.08757583750989185,1.4775,1.4775,5617597.0,5617597.0,https://www.six-group.com/en/products-services/the-swiss-stock-exchange.html,https://www.six-group.com/en/products-services/the-swiss-stock-exchange.html,1620594047,17:00:47,20210509
49,2006-06-30,KARN.SW,EUR,2006-06-30,2006-06-30,Q2,94775000.0,71250000.0,23525000.0,0.24821946715906093,0.0,6450000.0,11600000.0,0.0,-850000.0,88450000.0,0.0,4275000.0,10600000.0,0.11184384067528357,6325000.0,0.06673700870482722,0.0,4025000.0,0.04246900553943551,-650000.0,8300000.0,0.08757583750989185,1.4775,1.4775,5617597.0,5617597.0,https://www.six-group.com/en/products-services/the-swiss-stock-exchange.html,https://www.six-group.com/en/products-services/the-swiss-stock-exchange.html,1620594047,17:00:47,20210509
50,2006-03-31,KARN.SW,EUR,2006-03-31,2006-03-31,Q1,94775000.0,71250000.0,23525000.0,0.24821946715906093,0.0,6450000.0,11600000.0,0.0,-850000.0,88450000.0,0.0,4275000.0,10600000.0,0.11184384067528357,6325000.0,0.06673700870482722,0.0,4025000.0,0.04246900553943551,-650000.0,8300000.0,0.08757583750989185,1.4775,1.4775,5617597.0,5617597.0,https://www.six-group.com/en/products-services/the-swiss-stock-exchange.html,https://www.six-group.com/en/products-services/the-swiss-stock-exchange.html,1620594047,17:00:47,20210509
51,2006-01-31,KARN.SW,EUR,2006-01-31,2006-01-31,Q1,94775000.0,71250000.0,23525000.0,0.24821946715906093,0.0,6450000.0,11600000.0,0.0,-850000.0,88450000.0,0.0,4275000.0,10600000.0,0.11184384067528357,6325000.0,0.06673700870482722,0.0,4025000.0,0.04246900553943551,-650000.0,8300000.0,0.08757583750989185,1.4775,1.4775,5617597.0,5617597.0,https://www.six-group.com/en/products-services/the-swiss-stock-exchange.html,https://www.six-group.com/en/products-services/the-swiss-stock-exchange.html,1620594047,17:00:47,20210509
52,2005-09-30,KARN.SW,EUR,2005-09-30,2005-09-30,Q3,106325000.0,89225000.0,17100000.0,0.16082765106983307,0.0,7700000.0,11475000.0,0.0,-14750000.0,93650000.0,0.0,0.0,12675000.0,8.388560157790927,12675000.0,0.11920996943334117,0.0,7950000.0,0.07477075005878203,600000.0,-8550000.0,-0.08041382553491654,-1.5175,-1.5175,5627022.0,5627022.0,https://www.six-group.com/en/products-services/the-swiss-stock-exchange.html,https://www.six-group.com/en/products-services/the-swiss-stock-exchange.html,1620594047,17:00:47,20210509
53,2005-06-30,KARN.SW,EUR,2005-06-30,2005-06-30,Q2,106325000.0,89225000.0,17100000.0,0.16082765106983307,0.0,7700000.0,11475000.0,0.0,-14750000.0,93650000.0,0.0,0.0,12675000.0,8.388560157790927,12675000.0,0.11920996943334117,0.0,7950000.0,0.07477075005878203,600000.0,-8550000.0,-0.08041382553491654,-1.5175,-1.5175,5627022.0,5627022.0,https://www.six-group.com/en/products-services/the-swiss-stock-exchange.html,https://www.six-group.com/en/products-services/the-swiss-stock-exchange.html,1620594047,17:00:47,20210509
54,2005-03-31,KARN.SW,EUR,2005-03-31,2005-03-31,Q1,106325000.0,89225000.0,17100000.0,0.16082765106983307,0.0,7700000.0,11475000.0,0.0,-14750000.0,93650000.0,0.0,0.0,12675000.0,8.388560157790927,12675000.0,0.11920996943334117,0.0,7950000.0,0.07477075005878203,600000.0,-8550000.0,-0.08041382553491654,-1.5175,-1.5175,5627022.0,5627022.0,https://www.six-group.com/en/products-services/the-swiss-stock-exchange.html,https://www.six-group.com/en/products-services/the-swiss-stock-exchange.html,1620594047,17:00:47,20210509
55,2005-01-31,KARN.SW,EUR,2005-01-31,2005-01-31,Q1,106325000.0,89225000.0,17100000.0,0.16082765106983307,0.0,7700000.0,11475000.0,0.0,-14750000.0,93650000.0,0.0,0.0,12675000.0,8.388560157790927,12675000.0,0.11920996943334117,0.0,7950000.0,0.07477075005878203,600000.0,-8550000.0,-0.08041382553491654,-1.5175,-1.5175,5627022.0,5627022.0,https://www.six-group.com/en/products-services/the-swiss-stock-exchange.html,https://www.six-group.com/en/products-services/the-swiss-stock-exchange.html,1620594047,17:00:47,20210509
56,2004-09-30,KARN.SW,EUR,2004-09-30,2004-09-30,Q3,99312176.67602675,76323922.67462274,22988254.001404,0.23147467683037098,0.0,6899405.3001052495,9919452.72025275,0.0,-16494715.110565,76648065.5844155,0.0,3066815.917866,25730927.009477,0.2590913609054776,22664111.091611,0.22821079801266664,0.0,2626479.99298,0.026446706545845085,932618.86626875,1693861.12671125,0.017055925903597037,0.338222,0.338222,5627453.0,5627453.0,https://www.six-group.com/en/products-services/the-swiss-stock-exchange.html,https://www.six-group.com/en/products-services/the-swiss-stock-exchange.html,1620594047,17:00:47,20210509
57,2004-06-30,KARN.SW,EUR,2004-06-30,2004-06-30,Q2,99312176.67602675,76323922.67462274,22988254.001404,0.23147467683037098,0.0,6899405.3001052495,9919452.72025275,0.0,-16494715.110565,76648065.5844155,0.0,3066815.917866,25730927.009477,0.2590913609054776,22664111.091611,0.22821079801266664,0.0,2626479.99298,0.026446706545845085,932618.86626875,1693861.12671125,0.017055925903597037,0.338222,0.338222,5627453.0,5627453.0,https://www.six-group.com/en/products-services/the-swiss-stock-exchange.html,https://www.six-group.com/en/products-services/the-swiss-stock-exchange.html,1620594047,17:00:47,20210509
58,2004-03-31,KARN.SW,EUR,2004-03-31,2004-03-31,Q1,99312176.67602675,76323922.67462274,22988254.001404,0.23147467683037098,0.0,6899405.3001052495,9919452.72025275,0.0,-16494715.110565,76648065.5844155,0.0,3066815.917866,25730927.009477,0.2590913609054776,22664111.091611,0.22821079801266664,0.0,2626479.99298,0.026446706545845085,932618.86626875,1693861.12671125,0.017055925903597037,0.338222,0.338222,5627453.0,5627453.0,https://www.six-group.com/en/products-services/the-swiss-stock-exchange.html,https://www.six-group.com/en/products-services/the-swiss-stock-exchange.html,1620594047,17:00:47,20210509
59,2004-01-31,KARN.SW,EUR,2004-01-31,2004-01-31,Q1,99312176.67602675,76323922.67462274,22988254.001404,0.23147467683037098,0.0,6899405.3001052495,9919452.72025275,0.0,-16494715.110565,76648065.5844155,0.0,3066815.917866,25730927.009477,0.2590913609054776,22664111.091611,0.22821079801266664,0.0,2626479.99298,0.026446706545845085,932618.86626875,1693861.12671125,0.017055925903597037,0.338222,0.338222,5627453.0,5627453.0,https://www.six-group.com/en/products-services/the-swiss-stock-exchange.html,https://www.six-group.com/en/products-services/the-swiss-stock-exchange.html,1620594047,17:00:47,20210509
60,2003-09-30,KARN.SW,EUR,2003-09-30,2003-09-30,Q3,98278321.34873626,76880245.787469,21398075.56126725,0.21772935544286648,1365984.58028025,6620067.17252025,9732499.963685,0.0,-405774.4742405,94959717.31858675,0.0,766694.288873,4085298.3190225,0.041568661968960585,3318604.0301495,0.033767406530821595,0.0,2359355.09538725,0.024006872146454184,1042230.05503725,1294377.32012,0.013170527358998731,1.6195735,1.6195735,375000.0,375000.0,https://www.six-group.com/en/products-services/the-swiss-stock-exchange.html,https://www.six-group.com/en/products-services/the-swiss-stock-exchange.html,1620594047,17:00:47,20210509
61,2003-06-30,KARN.SW,EUR,2003-06-30,2003-06-30,Q2,98278321.34873626,76880245.787469,21398075.56126725,0.21772935544286648,1365984.58028025,6620067.17252025,9732499.963685,0.0,-405774.4742405,94959717.31858675,0.0,766694.288873,4085298.3190225,0.041568661968960585,3318604.0301495,0.033767406530821595,0.0,2359355.09538725,0.024006872146454184,1042230.05503725,1294377.32012,0.013170527358998731,1.6195735,1.6195735,375000.0,375000.0,https://www.six-group.com/en/products-services/the-swiss-stock-exchange.html,https://www.six-group.com/en/products-services/the-swiss-stock-exchange.html,1620594047,17:00:47,20210509
62,2003-03-31,KARN.SW,EUR,2003-03-31,2003-03-31,Q1,98278321.34873626,76880245.787469,21398075.56126725,0.21772935544286648,1365984.58028025,6620067.17252025,9732499.963685,0.0,-405774.4742405,94959717.31858675,0.0,766694.288873,4085298.3190225,0.041568661968960585,3318604.0301495,0.033767406530821595,0.0,2359355.09538725,0.024006872146454184,1042230.05503725,1294377.32012,0.013170527358998731,1.6195735,1.6195735,375000.0,375000.0,https://www.six-group.com/en/products-services/the-swiss-stock-exchange.html,https://www.six-group.com/en/products-services/the-swiss-stock-exchange.html,1620594047,17:00:47,20210509
63,2003-01-31,KARN.SW,EUR,2003-01-31,2003-01-31,Q1,98278321.34873626,76880245.787469,21398075.56126725,0.21772935544286648,1365984.58028025,6620067.17252025,9732499.963685,0.0,-405774.4742405,94959717.31858675,0.0,766694.288873,4085298.3190225,0.041568661968960585,3318604.0301495,0.033767406530821595,0.0,2359355.09538725,0.024006872146454184,1042230.05503725,1294377.32012,0.013170527358998731,1.6195735,1.6195735,375000.0,375000.0,https://www.six-group.com/en/products-services/the-swiss-stock-exchange.html,https://www.six-group.com/en/products-services/the-swiss-stock-exchange.html,1620594047,17:00:47,20210509
64,2002-09-30,KARN.SW,EUR,2002-09-30,2002-09-30,Q3,94784585.67248075,71355547.9338335,23429037.73864725,0.24718193968378036,1566543.49909925,7255669.675606249,10902205.13720175,0.0,-319547.9862835,91606513.76359175,0.0,846095.5041345,4024167.4130235,0.04245592660950836,3178071.908889,0.033529417112931524,0.0,1364025.22300275,0.014390791639011974,657710.41836975,518274.4308275,0.005467918935873695,0.6480585,0.6480585,375000.0,375000.0,https://www.six-group.com/en/products-services/the-swiss-stock-exchange.html,https://www.six-group.com/en/products-services/the-swiss-stock-exchange.html,1620594047,17:00:47,20210509
65,2002-06-30,KARN.SW,EUR,2002-06-30,2002-06-30,Q2,94784585.67248075,71355547.9338335,23429037.73864725,0.24718193968378036,1566543.49909925,7255669.675606249,10902205.13720175,0.0,-319547.9862835,91606513.76359175,0.0,846095.5041345,4024167.4130235,0.04245592660950836,3178071.908889,0.033529417112931524,0.0,1364025.22300275,0.014390791639011974,657710.41836975,518274.4308275,0.005467918935873695,0.6480585,0.6480585,375000.0,375000.0,https://www.six-group.com/en/products-services/the-swiss-stock-exchange.html,https://www.six-group.com/en/products-services/the-swiss-stock-exchange.html,1620594047,17:00:47,20210509
66,2002-03-31,KARN.SW,EUR,2002-03-31,2002-03-31,Q1,94784585.67248075,71355547.9338335,23429037.73864725,0.24718193968378036,1566543.49909925,7255669.675606249,10902205.13720175,0.0,-319547.9862835,91606513.76359175,0.0,846095.5041345,4024167.4130235,0.04245592660950836,3178071.908889,0.033529417112931524,0.0,1364025.22300275,0.014390791639011974,657710.41836975,518274.4308275,0.005467918935873695,0.6480585,0.6480585,375000.0,375000.0,https://www.six-group.com/en/products-services/the-swiss-stock-exchange.html,https://www.six-group.com/en/products-services/the-swiss-stock-exchange.html,1620594047,17:00:47,20210509
67,2002-01-31,KARN.SW,EUR,2002-01-31,2002-01-31,Q1,94784585.67248075,71355547.9338335,23429037.73864725,0.24718193968378036,1566543.49909925,7255669.675606249,10902205.13720175,0.0,-319547.9862835,91606513.76359175,0.0,846095.5041345,4024167.4130235,0.04245592660950836,3178071.908889,0.033529417112931524,0.0,1364025.22300275,0.014390791639011974,657710.41836975,518274.4308275,0.005467918935873695,0.6480585,0.6480585,375000.0,375000.0,https://www.six-group.com/en/products-services/the-swiss-stock-exchange.html,https://www.six-group.com/en/products-services/the-swiss-stock-exchange.html,1620594047,17:00:47,20210509
