,date,symbol,reportedCurrency,fillingDate,acceptedDate,period,revenue,costOfRevenue,grossProfit,grossProfitRatio,researchAndDevelopmentExpenses,generalAndAdministrativeExpenses,sellingAndMarketingExpenses,otherExpenses,operatingExpenses,costAndExpenses,interestExpense,depreciationAndAmortization,ebitda,ebitdaratio,operatingIncome,operatingIncomeRatio,totalOtherIncomeExpensesNet,incomeBeforeTax,incomeBeforeTaxRatio,incomeTaxExpense,netIncome,netIncomeRatio,eps,epsdiluted,weightedAverageShsOut,weightedAverageShsOutDil,link,finalLink,timestamp,est_time,est_date
0,2019-09-30,0061.HK,HKD,2019-09-30,2019-09-30,Q3,236064500.0,211027500.0,25037000.0,0.10605999631456657,0.0,147739500.0,1051500.0,0.0,0.0,345062250,103897500.0,124061250.0,15063500.0,0.06381094997341828,-108997750.0,-0.46172868008531565,0.0,-330978250.0,-1.402067019818736,-29763500.0,-173912500.0,-0.7367160246458065,-0.398,-0.398,437077550.0,437077550.0,https://www1.hkexnews.hk/search/titlesearch.xhtml,https://www1.hkexnews.hk/search/titlesearch.xhtml,1620584499,14:21:39,20210509
1,2019-06-30,0061.HK,HKD,2019-06-30,2019-06-30,Q2,236064500.0,211027500.0,25037000.0,0.10605999631456657,0.0,147739500.0,1051500.0,0.0,0.0,345062250,103897500.0,124061250.0,15063500.0,0.06381094997341828,-108997750.0,-0.46172868008531565,0.0,-330978250.0,-1.402067019818736,-29763500.0,-173912500.0,-0.7367160246458065,-0.398,-0.398,437077550.0,437077550.0,https://www1.hkexnews.hk/search/titlesearch.xhtml,https://www1.hkexnews.hk/search/titlesearch.xhtml,1620584499,14:21:39,20210509
2,2019-03-31,0061.HK,HKD,2019-03-31,2019-03-31,Q1,236064500.0,211027500.0,25037000.0,0.10605999631456657,0.0,147739500.0,1051500.0,0.0,0.0,345062250,103897500.0,124061250.0,15063500.0,0.06381094997341828,-108997750.0,-0.46172868008531565,0.0,-330978250.0,-1.402067019818736,-29763500.0,-173912500.0,-0.7367160246458065,-0.398,-0.398,437077550.0,437077550.0,https://www1.hkexnews.hk/search/titlesearch.xhtml,https://www1.hkexnews.hk/search/titlesearch.xhtml,1620584499,14:21:39,20210509
3,2019-01-31,0061.HK,HKD,2019-01-31,2019-01-31,Q1,236064500.0,211027500.0,25037000.0,0.10605999631456657,0.0,147739500.0,1051500.0,0.0,0.0,345062250,103897500.0,124061250.0,15063500.0,0.06381094997341828,-108997750.0,-0.46172868008531565,0.0,-330978250.0,-1.402067019818736,-29763500.0,-173912500.0,-0.7367160246458065,-0.398,-0.398,437077550.0,437077550.0,https://www1.hkexnews.hk/search/titlesearch.xhtml,https://www1.hkexnews.hk/search/titlesearch.xhtml,1620584499,14:21:39,20210509
4,2018-09-30,0061.HK,HKD,2018-09-30,2018-09-30,Q3,251159000.0,216968750.0,34190250.0,0.13612990177536938,0.0,87043500.0,1043250.0,8500.0,0.0,303516750,82789500.0,134460000.0,82102250.0,0.32689352163370616,-52357750.0,-0.20846455830768557,0.0,-788336250.0,-3.1387935530878845,-167560500.0,-295515500.0,-1.1766072487945882,-0.8085,-0.8085,365518267.0,365518267.0,https://www1.hkexnews.hk/search/titlesearch.xhtml,https://www1.hkexnews.hk/search/titlesearch.xhtml,1620584499,14:21:39,20210509
5,2018-06-30,0061.HK,HKD,2018-06-30,2018-06-30,Q2,251159000.0,216968750.0,34190250.0,0.13612990177536938,0.0,87043500.0,1043250.0,8500.0,0.0,303516750,82789500.0,134460000.0,82102250.0,0.32689352163370616,-52357750.0,-0.20846455830768557,0.0,-788336250.0,-3.1387935530878845,-167560500.0,-295515500.0,-1.1766072487945882,-0.8085,-0.8085,365518267.0,365518267.0,https://www1.hkexnews.hk/search/titlesearch.xhtml,https://www1.hkexnews.hk/search/titlesearch.xhtml,1620584499,14:21:39,20210509
6,2018-03-31,0061.HK,HKD,2018-03-31,2018-03-31,Q1,251159000.0,216968750.0,34190250.0,0.13612990177536938,0.0,87043500.0,1043250.0,8500.0,0.0,303516750,82789500.0,134460000.0,82102250.0,0.32689352163370616,-52357750.0,-0.20846455830768557,0.0,-788336250.0,-3.1387935530878845,-167560500.0,-295515500.0,-1.1766072487945882,-0.8085,-0.8085,365518267.0,365518267.0,https://www1.hkexnews.hk/search/titlesearch.xhtml,https://www1.hkexnews.hk/search/titlesearch.xhtml,1620584499,14:21:39,20210509
7,2018-01-31,0061.HK,HKD,2018-01-31,2018-01-31,Q1,251159000.0,216968750.0,34190250.0,0.13612990177536938,0.0,87043500.0,1043250.0,8500.0,0.0,303516750,82789500.0,134460000.0,82102250.0,0.32689352163370616,-52357750.0,-0.20846455830768557,0.0,-788336250.0,-3.1387935530878845,-167560500.0,-295515500.0,-1.1766072487945882,-0.8085,-0.8085,365518267.0,365518267.0,https://www1.hkexnews.hk/search/titlesearch.xhtml,https://www1.hkexnews.hk/search/titlesearch.xhtml,1620584499,14:21:39,20210509
8,2017-09-30,0061.HK,HKD,2017-09-30,2017-09-30,Q3,128727250.0,93503000.0,35224250.0,0.2736347587631989,0.0,87231500.0,1371250.0,0.0,0.0,180078250,80860250.0,57973500.0,6622500.0,0.051445983659248525,-51351000.0,-0.3989132060228118,0.0,188270000.0,1.4625496932467679,60129000.0,23527000.0,0.18276627520591018,0.0645,0.0565,364837315.0,394773101.0,https://www1.hkexnews.hk/search/titlesearch.xhtml,https://www1.hkexnews.hk/search/titlesearch.xhtml,1620584499,14:21:39,20210509
9,2017-06-30,0061.HK,HKD,2017-06-30,2017-06-30,Q2,128727250.0,93503000.0,35224250.0,0.2736347587631989,0.0,87231500.0,1371250.0,0.0,0.0,180078250,80860250.0,57973500.0,6622500.0,0.051445983659248525,-51351000.0,-0.3989132060228118,0.0,188270000.0,1.4625496932467679,60129000.0,23527000.0,0.18276627520591018,0.0645,0.0565,364837315.0,394773101.0,https://www1.hkexnews.hk/search/titlesearch.xhtml,https://www1.hkexnews.hk/search/titlesearch.xhtml,1620584499,14:21:39,20210509
10,2017-03-31,0061.HK,HKD,2017-03-31,2017-03-31,Q1,128727250.0,93503000.0,35224250.0,0.2736347587631989,0.0,87231500.0,1371250.0,0.0,0.0,180078250,80860250.0,57973500.0,6622500.0,0.051445983659248525,-51351000.0,-0.3989132060228118,0.0,188270000.0,1.4625496932467679,60129000.0,23527000.0,0.18276627520591018,0.0645,0.0565,364837315.0,394773101.0,https://www1.hkexnews.hk/search/titlesearch.xhtml,https://www1.hkexnews.hk/search/titlesearch.xhtml,1620584499,14:21:39,20210509
11,2017-01-31,0061.HK,HKD,2017-01-31,2017-01-31,Q1,128727250.0,93503000.0,35224250.0,0.2736347587631989,0.0,87231500.0,1371250.0,0.0,0.0,180078250,80860250.0,57973500.0,6622500.0,0.051445983659248525,-51351000.0,-0.3989132060228118,0.0,188270000.0,1.4625496932467679,60129000.0,23527000.0,0.18276627520591018,0.0645,0.0565,364837315.0,394773101.0,https://www1.hkexnews.hk/search/titlesearch.xhtml,https://www1.hkexnews.hk/search/titlesearch.xhtml,1620584499,14:21:39,20210509
12,2016-09-30,0061.HK,HKD,2016-09-30,2016-09-30,Q3,49441250.0,56428000.0,-6986750.0,-0.14131418602887266,0.0,43516000.0,837250.0,-1045250.0,0.0,100619500,68163000.0,34450500.0,-16727750.0,-0.338335903724117,-51178250.0,-1.0351326068819053,0.0,77517500.0,1.5678709579551489,29718000.0,26901250.0,0.5441053775946199,0.105,0.065,253734961.0,354800423.0,https://www1.hkexnews.hk/search/titlesearch.xhtml,https://www1.hkexnews.hk/search/titlesearch.xhtml,1620584499,14:21:39,20210509
13,2016-06-30,0061.HK,HKD,2016-06-30,2016-06-30,Q2,49441250.0,56428000.0,-6986750.0,-0.14131418602887266,0.0,43516000.0,837250.0,-1045250.0,0.0,100619500,68163000.0,34450500.0,-16727750.0,-0.338335903724117,-51178250.0,-1.0351326068819053,0.0,77517500.0,1.5678709579551489,29718000.0,26901250.0,0.5441053775946199,0.105,0.065,253734961.0,354800423.0,https://www1.hkexnews.hk/search/titlesearch.xhtml,https://www1.hkexnews.hk/search/titlesearch.xhtml,1620584499,14:21:39,20210509
14,2016-03-31,0061.HK,HKD,2016-03-31,2016-03-31,Q1,49441250.0,56428000.0,-6986750.0,-0.14131418602887266,0.0,43516000.0,837250.0,-1045250.0,0.0,100619500,68163000.0,34450500.0,-16727750.0,-0.338335903724117,-51178250.0,-1.0351326068819053,0.0,77517500.0,1.5678709579551489,29718000.0,26901250.0,0.5441053775946199,0.105,0.065,253734961.0,354800423.0,https://www1.hkexnews.hk/search/titlesearch.xhtml,https://www1.hkexnews.hk/search/titlesearch.xhtml,1620584499,14:21:39,20210509
15,2016-01-31,0061.HK,HKD,2016-01-31,2016-01-31,Q1,49441250.0,56428000.0,-6986750.0,-0.14131418602887266,0.0,43516000.0,837250.0,-1045250.0,0.0,100619500,68163000.0,34450500.0,-16727750.0,-0.338335903724117,-51178250.0,-1.0351326068819053,0.0,77517500.0,1.5678709579551489,29718000.0,26901250.0,0.5441053775946199,0.105,0.065,253734961.0,354800423.0,https://www1.hkexnews.hk/search/titlesearch.xhtml,https://www1.hkexnews.hk/search/titlesearch.xhtml,1620584499,14:21:39,20210509
16,2015-09-30,0061.HK,HKD,2015-09-30,2015-09-30,Q3,15980750.0,11688250.0,4292500.0,0.2686044146864196,0.0,55894000.0,1143500.0,0.0,0.0,68487250,92994500.0,11845750.0,-40660750.0,-2.5443580557858674,-52506500.0,-3.285609248627255,0.0,-1112729000.0,-69.62933529402562,-169546000.0,-593320250.0,-37.127184268573124,-7.85,-7.85,75450697.0,75450697.0,https://www1.hkexnews.hk/search/titlesearch.xhtml,https://www1.hkexnews.hk/search/titlesearch.xhtml,1620584499,14:21:39,20210509
17,2015-06-30,0061.HK,HKD,2015-06-30,2015-06-30,Q2,15980750.0,11688250.0,4292500.0,0.2686044146864196,0.0,55894000.0,1143500.0,0.0,0.0,68487250,92994500.0,11845750.0,-40660750.0,-2.5443580557858674,-52506500.0,-3.285609248627255,0.0,-1112729000.0,-69.62933529402562,-169546000.0,-593320250.0,-37.127184268573124,-7.85,-7.85,75450697.0,75450697.0,https://www1.hkexnews.hk/search/titlesearch.xhtml,https://www1.hkexnews.hk/search/titlesearch.xhtml,1620584499,14:21:39,20210509
18,2015-03-31,0061.HK,HKD,2015-03-31,2015-03-31,Q1,15980750.0,11688250.0,4292500.0,0.2686044146864196,0.0,55894000.0,1143500.0,0.0,0.0,68487250,92994500.0,11845750.0,-40660750.0,-2.5443580557858674,-52506500.0,-3.285609248627255,0.0,-1112729000.0,-69.62933529402562,-169546000.0,-593320250.0,-37.127184268573124,-7.85,-7.85,75450697.0,75450697.0,https://www1.hkexnews.hk/search/titlesearch.xhtml,https://www1.hkexnews.hk/search/titlesearch.xhtml,1620584499,14:21:39,20210509
19,2015-01-31,0061.HK,HKD,2015-01-31,2015-01-31,Q1,15980750.0,11688250.0,4292500.0,0.2686044146864196,0.0,55894000.0,1143500.0,0.0,0.0,68487250,92994500.0,11845750.0,-40660750.0,-2.5443580557858674,-52506500.0,-3.285609248627255,0.0,-1112729000.0,-69.62933529402562,-169546000.0,-593320250.0,-37.127184268573124,-7.85,-7.85,75450697.0,75450697.0,https://www1.hkexnews.hk/search/titlesearch.xhtml,https://www1.hkexnews.hk/search/titlesearch.xhtml,1620584499,14:21:39,20210509
20,2014-09-30,0061.HK,HKD,2014-09-30,2014-09-30,Q3,26561500.0,14160500.0,12401000.0,0.466878753082469,0.0,57613000.0,726750.0,0.0,0.0,65780250,119442750.0,14462500.0,-24756250.0,-0.9320350883797979,-39218750.0,-1.4765261751030627,0.0,-275042750.0,-10.354940421286448,-44260000.0,-113127000.0,-4.2590591645803135,-6.1,-6.1,18555092.0,18555092.0,https://www1.hkexnews.hk/search/titlesearch.xhtml,https://www1.hkexnews.hk/search/titlesearch.xhtml,1620584499,14:21:39,20210509
21,2014-06-30,0061.HK,HKD,2014-06-30,2014-06-30,Q2,26561500.0,14160500.0,12401000.0,0.466878753082469,0.0,57613000.0,726750.0,0.0,0.0,65780250,119442750.0,14462500.0,-24756250.0,-0.9320350883797979,-39218750.0,-1.4765261751030627,0.0,-275042750.0,-10.354940421286448,-44260000.0,-113127000.0,-4.2590591645803135,-6.1,-6.1,18555092.0,18555092.0,https://www1.hkexnews.hk/search/titlesearch.xhtml,https://www1.hkexnews.hk/search/titlesearch.xhtml,1620584499,14:21:39,20210509
22,2014-03-31,0061.HK,HKD,2014-03-31,2014-03-31,Q1,26561500.0,14160500.0,12401000.0,0.466878753082469,0.0,57613000.0,726750.0,0.0,0.0,65780250,119442750.0,14462500.0,-24756250.0,-0.9320350883797979,-39218750.0,-1.4765261751030627,0.0,-275042750.0,-10.354940421286448,-44260000.0,-113127000.0,-4.2590591645803135,-6.1,-6.1,18555092.0,18555092.0,https://www1.hkexnews.hk/search/titlesearch.xhtml,https://www1.hkexnews.hk/search/titlesearch.xhtml,1620584499,14:21:39,20210509
23,2014-01-31,0061.HK,HKD,2014-01-31,2014-01-31,Q1,26561500.0,14160500.0,12401000.0,0.466878753082469,0.0,57613000.0,726750.0,0.0,0.0,65780250,119442750.0,14462500.0,-24756250.0,-0.9320350883797979,-39218750.0,-1.4765261751030627,0.0,-275042750.0,-10.354940421286448,-44260000.0,-113127000.0,-4.2590591645803135,-6.1,-6.1,18555092.0,18555092.0,https://www1.hkexnews.hk/search/titlesearch.xhtml,https://www1.hkexnews.hk/search/titlesearch.xhtml,1620584499,14:21:39,20210509
24,2013-09-30,0061.HK,HKD,2013-09-30,2013-09-30,Q3,32434250.0,26808250.0,5626000.0,0.17345861242359542,0.0,50310250.0,838500.0,22979750.0,0.0,77738250,65969250.0,7219000.0,-38085000.0,-1.1742216946591952,-45304000.0,-1.3967950546104813,0.0,-1050794500.0,-32.39768146326799,-14245000.0,-986990000.0,-30.430486291497413,-91.7,-91.7,10764588.0,10764588.0,https://www1.hkexnews.hk/search/titlesearch.xhtml,https://www1.hkexnews.hk/search/titlesearch.xhtml,1620584499,14:21:39,20210509
25,2013-06-30,0061.HK,HKD,2013-06-30,2013-06-30,Q2,32434250.0,26808250.0,5626000.0,0.17345861242359542,0.0,50310250.0,838500.0,22979750.0,0.0,77738250,65969250.0,7219000.0,-38085000.0,-1.1742216946591952,-45304000.0,-1.3967950546104813,0.0,-1050794500.0,-32.39768146326799,-14245000.0,-986990000.0,-30.430486291497413,-91.7,-91.7,10764588.0,10764588.0,https://www1.hkexnews.hk/search/titlesearch.xhtml,https://www1.hkexnews.hk/search/titlesearch.xhtml,1620584499,14:21:39,20210509
26,2013-03-31,0061.HK,HKD,2013-03-31,2013-03-31,Q1,32434250.0,26808250.0,5626000.0,0.17345861242359542,0.0,50310250.0,838500.0,22979750.0,0.0,77738250,65969250.0,7219000.0,-38085000.0,-1.1742216946591952,-45304000.0,-1.3967950546104813,0.0,-1050794500.0,-32.39768146326799,-14245000.0,-986990000.0,-30.430486291497413,-91.7,-91.7,10764588.0,10764588.0,https://www1.hkexnews.hk/search/titlesearch.xhtml,https://www1.hkexnews.hk/search/titlesearch.xhtml,1620584499,14:21:39,20210509
27,2013-01-31,0061.HK,HKD,2013-01-31,2013-01-31,Q1,32434250.0,26808250.0,5626000.0,0.17345861242359542,0.0,50310250.0,838500.0,22979750.0,0.0,77738250,65969250.0,7219000.0,-38085000.0,-1.1742216946591952,-45304000.0,-1.3967950546104813,0.0,-1050794500.0,-32.39768146326799,-14245000.0,-986990000.0,-30.430486291497413,-91.7,-91.7,10764588.0,10764588.0,https://www1.hkexnews.hk/search/titlesearch.xhtml,https://www1.hkexnews.hk/search/titlesearch.xhtml,1620584499,14:21:39,20210509
28,2012-09-30,0061.HK,HKD,2012-09-30,2012-09-30,Q3,21536750.0,16865000.0,4671750.0,0.21691991595760735,0.0,12982250.0,1913000.0,0.0,0.0,31796250,14228750.0,3446000.0,-6813500.0,-0.31636621124357206,-10259500.0,-0.47637178311490824,0.0,-28511000.0,-1.3238301972210291,80000.0,-28433000.0,-1.3202084808524963,-4.94,-4.94,5753686.0,5753686.0,https://www1.hkexnews.hk/search/titlesearch.xhtml,https://www1.hkexnews.hk/search/titlesearch.xhtml,1620584499,14:21:39,20210509
29,2012-06-30,0061.HK,HKD,2012-06-30,2012-06-30,Q2,21536750.0,16865000.0,4671750.0,0.21691991595760735,0.0,12982250.0,1913000.0,0.0,0.0,31796250,14228750.0,3446000.0,-6813500.0,-0.31636621124357206,-10259500.0,-0.47637178311490824,0.0,-28511000.0,-1.3238301972210291,80000.0,-28433000.0,-1.3202084808524963,-4.94,-4.94,5753686.0,5753686.0,https://www1.hkexnews.hk/search/titlesearch.xhtml,https://www1.hkexnews.hk/search/titlesearch.xhtml,1620584499,14:21:39,20210509
30,2012-03-31,0061.HK,HKD,2012-03-31,2012-03-31,Q1,21536750.0,16865000.0,4671750.0,0.21691991595760735,0.0,12982250.0,1913000.0,0.0,0.0,31796250,14228750.0,3446000.0,-6813500.0,-0.31636621124357206,-10259500.0,-0.47637178311490824,0.0,-28511000.0,-1.3238301972210291,80000.0,-28433000.0,-1.3202084808524963,-4.94,-4.94,5753686.0,5753686.0,https://www1.hkexnews.hk/search/titlesearch.xhtml,https://www1.hkexnews.hk/search/titlesearch.xhtml,1620584499,14:21:39,20210509
31,2012-01-31,0061.HK,HKD,2012-01-31,2012-01-31,Q1,21536750.0,16865000.0,4671750.0,0.21691991595760735,0.0,12982250.0,1913000.0,0.0,0.0,31796250,14228750.0,3446000.0,-6813500.0,-0.31636621124357206,-10259500.0,-0.47637178311490824,0.0,-28511000.0,-1.3238301972210291,80000.0,-28433000.0,-1.3202084808524963,-4.94,-4.94,5753686.0,5753686.0,https://www1.hkexnews.hk/search/titlesearch.xhtml,https://www1.hkexnews.hk/search/titlesearch.xhtml,1620584499,14:21:39,20210509
32,2011-09-30,0061.HK,HKD,2011-09-30,2011-09-30,Q3,18374250.0,15506250.0,2868000.0,0.15608800359198335,0.0,15950500.0,907500.0,0.0,0.0,30809000,17589000.0,1591250.0,-10843500.0,-0.5901465365933304,-12434750.0,-0.6767487108317346,0.0,-236685000.0,-12.88134209559574,-20337500.0,-216329000.0,-11.773487353225303,-43.31,-43.31,4995090.0,4995090.0,https://www1.hkexnews.hk/search/titlesearch.xhtml,https://www1.hkexnews.hk/search/titlesearch.xhtml,1620584499,14:21:39,20210509
33,2011-06-30,0061.HK,HKD,2011-06-30,2011-06-30,Q2,18374250.0,15506250.0,2868000.0,0.15608800359198335,0.0,15950500.0,907500.0,0.0,0.0,30809000,17589000.0,1591250.0,-10843500.0,-0.5901465365933304,-12434750.0,-0.6767487108317346,0.0,-236685000.0,-12.88134209559574,-20337500.0,-216329000.0,-11.773487353225303,-43.31,-43.31,4995090.0,4995090.0,https://www1.hkexnews.hk/search/titlesearch.xhtml,https://www1.hkexnews.hk/search/titlesearch.xhtml,1620584499,14:21:39,20210509
34,2011-03-31,0061.HK,HKD,2011-03-31,2011-03-31,Q1,18374250.0,15506250.0,2868000.0,0.15608800359198335,0.0,15950500.0,907500.0,0.0,0.0,30809000,17589000.0,1591250.0,-10843500.0,-0.5901465365933304,-12434750.0,-0.6767487108317346,0.0,-236685000.0,-12.88134209559574,-20337500.0,-216329000.0,-11.773487353225303,-43.31,-43.31,4995090.0,4995090.0,https://www1.hkexnews.hk/search/titlesearch.xhtml,https://www1.hkexnews.hk/search/titlesearch.xhtml,1620584499,14:21:39,20210509
35,2011-01-31,0061.HK,HKD,2011-01-31,2011-01-31,Q1,18374250.0,15506250.0,2868000.0,0.15608800359198335,0.0,15950500.0,907500.0,0.0,0.0,30809000,17589000.0,1591250.0,-10843500.0,-0.5901465365933304,-12434750.0,-0.6767487108317346,0.0,-236685000.0,-12.88134209559574,-20337500.0,-216329000.0,-11.773487353225303,-43.31,-43.31,4995090.0,4995090.0,https://www1.hkexnews.hk/search/titlesearch.xhtml,https://www1.hkexnews.hk/search/titlesearch.xhtml,1620584499,14:21:39,20210509
36,2010-09-30,0061.HK,HKD,2010-09-30,2010-09-30,Q3,7980500.0,5444500.0,2536000.0,0.31777457552784916,0.0,16955000.0,985000.0,-708000.0,0.0,23603500,8097250.0,725750.0,-14897250.0,-1.8667063467201304,-15623000.0,-1.9576467639872188,0.0,-759745000.0,-95.20017542760479,-7115250.0,-752444250.0,-94.28535179500031,-219.05,-219.05,3435056.0,3435056.0,https://www1.hkexnews.hk/search/titlesearch.xhtml,https://www1.hkexnews.hk/search/titlesearch.xhtml,1620584499,14:21:39,20210509
37,2010-06-30,0061.HK,HKD,2010-06-30,2010-06-30,Q2,7980500.0,5444500.0,2536000.0,0.31777457552784916,0.0,16955000.0,985000.0,-708000.0,0.0,23603500,8097250.0,725750.0,-14897250.0,-1.8667063467201304,-15623000.0,-1.9576467639872188,0.0,-759745000.0,-95.20017542760479,-7115250.0,-752444250.0,-94.28535179500031,-219.05,-219.05,3435056.0,3435056.0,https://www1.hkexnews.hk/search/titlesearch.xhtml,https://www1.hkexnews.hk/search/titlesearch.xhtml,1620584499,14:21:39,20210509
38,2010-03-31,0061.HK,HKD,2010-03-31,2010-03-31,Q1,7980500.0,5444500.0,2536000.0,0.31777457552784916,0.0,16955000.0,985000.0,-708000.0,0.0,23603500,8097250.0,725750.0,-14897250.0,-1.8667063467201304,-15623000.0,-1.9576467639872188,0.0,-759745000.0,-95.20017542760479,-7115250.0,-752444250.0,-94.28535179500031,-219.05,-219.05,3435056.0,3435056.0,https://www1.hkexnews.hk/search/titlesearch.xhtml,https://www1.hkexnews.hk/search/titlesearch.xhtml,1620584499,14:21:39,20210509
39,2010-01-31,0061.HK,HKD,2010-01-31,2010-01-31,Q1,7980500.0,5444500.0,2536000.0,0.31777457552784916,0.0,16955000.0,985000.0,-708000.0,0.0,23603500,8097250.0,725750.0,-14897250.0,-1.8667063467201304,-15623000.0,-1.9576467639872188,0.0,-759745000.0,-95.20017542760479,-7115250.0,-752444250.0,-94.28535179500031,-219.05,-219.05,3435056.0,3435056.0,https://www1.hkexnews.hk/search/titlesearch.xhtml,https://www1.hkexnews.hk/search/titlesearch.xhtml,1620584499,14:21:39,20210509
40,2009-09-30,0061.HK,HKD,2009-09-30,2009-09-30,Q3,12926250.0,9921500.0,3004750.0,0.23245334106952906,0.0,7609000.0,885500.0,0.0,0.0,19538500,1257250.0,1538500.0,-5073750.0,-0.39251523063533506,-6612250.0,-0.5115366018760275,0.0,-7869500.0,-0.6087999226380427,127000.0,-46527000.0,-3.5994197853205687,-35.405,-35.405,1314216.0,1314216.0,https://www1.hkexnews.hk/search/titlesearch.xhtml,https://www1.hkexnews.hk/search/titlesearch.xhtml,1620584499,14:21:39,20210509
41,2009-06-30,0061.HK,HKD,2009-06-30,2009-06-30,Q2,12926250.0,9921500.0,3004750.0,0.23245334106952906,0.0,7609000.0,885500.0,0.0,0.0,19538500,1257250.0,1538500.0,-5073750.0,-0.39251523063533506,-6612250.0,-0.5115366018760275,0.0,-7869500.0,-0.6087999226380427,127000.0,-46527000.0,-3.5994197853205687,-35.405,-35.405,1314216.0,1314216.0,https://www1.hkexnews.hk/search/titlesearch.xhtml,https://www1.hkexnews.hk/search/titlesearch.xhtml,1620584499,14:21:39,20210509
42,2009-03-31,0061.HK,HKD,2009-03-31,2009-03-31,Q1,12926250.0,9921500.0,3004750.0,0.23245334106952906,0.0,7609000.0,885500.0,0.0,0.0,19538500,1257250.0,1538500.0,-5073750.0,-0.39251523063533506,-6612250.0,-0.5115366018760275,0.0,-7869500.0,-0.6087999226380427,127000.0,-46527000.0,-3.5994197853205687,-35.405,-35.405,1314216.0,1314216.0,https://www1.hkexnews.hk/search/titlesearch.xhtml,https://www1.hkexnews.hk/search/titlesearch.xhtml,1620584499,14:21:39,20210509
43,2009-01-31,0061.HK,HKD,2009-01-31,2009-01-31,Q1,12926250.0,9921500.0,3004750.0,0.23245334106952906,0.0,7609000.0,885500.0,0.0,0.0,19538500,1257250.0,1538500.0,-5073750.0,-0.39251523063533506,-6612250.0,-0.5115366018760275,0.0,-7869500.0,-0.6087999226380427,127000.0,-46527000.0,-3.5994197853205687,-35.405,-35.405,1314216.0,1314216.0,https://www1.hkexnews.hk/search/titlesearch.xhtml,https://www1.hkexnews.hk/search/titlesearch.xhtml,1620584499,14:21:39,20210509
44,2008-09-30,0061.HK,HKD,2008-09-30,2008-09-30,Q3,27288500.0,24931250.0,2357250.0,0.08638254209648753,0.0,14574750.0,950750.0,0.0,0.0,23646250,2007750.0,2063000.0,5705250.0,0.2090715869322242,3642250.0,0.1334719753742419,0.0,-57026250.0,-2.0897539256463347,-7513250.0,-49476500.0,-1.8130897630870146,-576.75,-576.75,85781.0,85781.0,https://www1.hkexnews.hk/search/titlesearch.xhtml,https://www1.hkexnews.hk/search/titlesearch.xhtml,1620584499,14:21:39,20210509
45,2008-06-30,0061.HK,HKD,2008-06-30,2008-06-30,Q2,27288500.0,24931250.0,2357250.0,0.08638254209648753,0.0,14574750.0,950750.0,0.0,0.0,23646250,2007750.0,2063000.0,5705250.0,0.2090715869322242,3642250.0,0.1334719753742419,0.0,-57026250.0,-2.0897539256463347,-7513250.0,-49476500.0,-1.8130897630870146,-576.75,-576.75,85781.0,85781.0,https://www1.hkexnews.hk/search/titlesearch.xhtml,https://www1.hkexnews.hk/search/titlesearch.xhtml,1620584499,14:21:39,20210509
46,2008-03-31,0061.HK,HKD,2008-03-31,2008-03-31,Q1,27288500.0,24931250.0,2357250.0,0.08638254209648753,0.0,14574750.0,950750.0,0.0,0.0,23646250,2007750.0,2063000.0,5705250.0,0.2090715869322242,3642250.0,0.1334719753742419,0.0,-57026250.0,-2.0897539256463347,-7513250.0,-49476500.0,-1.8130897630870146,-576.75,-576.75,85781.0,85781.0,https://www1.hkexnews.hk/search/titlesearch.xhtml,https://www1.hkexnews.hk/search/titlesearch.xhtml,1620584499,14:21:39,20210509
47,2008-01-31,0061.HK,HKD,2008-01-31,2008-01-31,Q1,27288500.0,24931250.0,2357250.0,0.08638254209648753,0.0,14574750.0,950750.0,0.0,0.0,23646250,2007750.0,2063000.0,5705250.0,0.2090715869322242,3642250.0,0.1334719753742419,0.0,-57026250.0,-2.0897539256463347,-7513250.0,-49476500.0,-1.8130897630870146,-576.75,-576.75,85781.0,85781.0,https://www1.hkexnews.hk/search/titlesearch.xhtml,https://www1.hkexnews.hk/search/titlesearch.xhtml,1620584499,14:21:39,20210509
48,2007-09-30,0061.HK,HKD,2007-09-30,2007-09-30,Q3,18063000.0,14386500.0,3676500.0,0.20353761833582462,0.0,12625000.0,1196500.0,0.0,0.0,16316000,0.0,964000.0,2711000.0,0.1500858107734042,1747000.0,0.09671704589492332,0.0,-9012000.0,-0.4989204451087859,302250.0,-9314250.0,-0.5156535459226043,20.0,20.0,517629.0,517629.0,https://www1.hkexnews.hk/search/titlesearch.xhtml,https://www1.hkexnews.hk/search/titlesearch.xhtml,1620584499,14:21:39,20210509
49,2007-06-30,0061.HK,HKD,2007-06-30,2007-06-30,Q2,18063000.0,14386500.0,3676500.0,0.20353761833582462,0.0,12625000.0,1196500.0,0.0,0.0,16316000,0.0,964000.0,2711000.0,0.1500858107734042,1747000.0,0.09671704589492332,0.0,-9012000.0,-0.4989204451087859,302250.0,-9314250.0,-0.5156535459226043,20.0,20.0,517629.0,517629.0,https://www1.hkexnews.hk/search/titlesearch.xhtml,https://www1.hkexnews.hk/search/titlesearch.xhtml,1620584499,14:21:39,20210509
50,2007-03-31,0061.HK,HKD,2007-03-31,2007-03-31,Q1,18063000.0,14386500.0,3676500.0,0.20353761833582462,0.0,12625000.0,1196500.0,0.0,0.0,16316000,0.0,964000.0,2711000.0,0.1500858107734042,1747000.0,0.09671704589492332,0.0,-9012000.0,-0.4989204451087859,302250.0,-9314250.0,-0.5156535459226043,20.0,20.0,517629.0,517629.0,https://www1.hkexnews.hk/search/titlesearch.xhtml,https://www1.hkexnews.hk/search/titlesearch.xhtml,1620584499,14:21:39,20210509
51,2007-01-31,0061.HK,HKD,2007-01-31,2007-01-31,Q1,18063000.0,14386500.0,3676500.0,0.20353761833582462,0.0,12625000.0,1196500.0,0.0,0.0,16316000,0.0,964000.0,2711000.0,0.1500858107734042,1747000.0,0.09671704589492332,0.0,-9012000.0,-0.4989204451087859,302250.0,-9314250.0,-0.5156535459226043,20.0,20.0,517629.0,517629.0,https://www1.hkexnews.hk/search/titlesearch.xhtml,https://www1.hkexnews.hk/search/titlesearch.xhtml,1620584499,14:21:39,20210509
52,2006-09-30,0061.HK,HKD,2006-09-30,2006-09-30,Q3,14685000.0,11517250.0,3167750.0,0.21571331290432413,0.0,6974250.0,888750.0,0.0,0.0,20315750,0.0,404250.0,-5226500.0,-0.35590738849165815,-5630750.0,-0.3834354783792986,0.0,-2908250.0,-0.19804221995233232,-410500.0,-2497750.0,-0.17008852570650324,-10.0,-10.0,249775.0,249775.0,https://www1.hkexnews.hk/search/titlesearch.xhtml,https://www1.hkexnews.hk/search/titlesearch.xhtml,1620584499,14:21:39,20210509
53,2006-06-30,0061.HK,HKD,2006-06-30,2006-06-30,Q2,14685000.0,11517250.0,3167750.0,0.21571331290432413,0.0,6974250.0,888750.0,0.0,0.0,20315750,0.0,404250.0,-5226500.0,-0.35590738849165815,-5630750.0,-0.3834354783792986,0.0,-2908250.0,-0.19804221995233232,-410500.0,-2497750.0,-0.17008852570650324,-10.0,-10.0,249775.0,249775.0,https://www1.hkexnews.hk/search/titlesearch.xhtml,https://www1.hkexnews.hk/search/titlesearch.xhtml,1620584499,14:21:39,20210509
54,2006-03-31,0061.HK,HKD,2006-03-31,2006-03-31,Q1,14685000.0,11517250.0,3167750.0,0.21571331290432413,0.0,6974250.0,888750.0,0.0,0.0,20315750,0.0,404250.0,-5226500.0,-0.35590738849165815,-5630750.0,-0.3834354783792986,0.0,-2908250.0,-0.19804221995233232,-410500.0,-2497750.0,-0.17008852570650324,-10.0,-10.0,249775.0,249775.0,https://www1.hkexnews.hk/search/titlesearch.xhtml,https://www1.hkexnews.hk/search/titlesearch.xhtml,1620584499,14:21:39,20210509
55,2006-01-31,0061.HK,HKD,2006-01-31,2006-01-31,Q1,14685000.0,11517250.0,3167750.0,0.21571331290432413,0.0,6974250.0,888750.0,0.0,0.0,20315750,0.0,404250.0,-5226500.0,-0.35590738849165815,-5630750.0,-0.3834354783792986,0.0,-2908250.0,-0.19804221995233232,-410500.0,-2497750.0,-0.17008852570650324,-10.0,-10.0,249775.0,249775.0,https://www1.hkexnews.hk/search/titlesearch.xhtml,https://www1.hkexnews.hk/search/titlesearch.xhtml,1620584499,14:21:39,20210509
56,2005-09-30,0061.HK,HKD,2005-09-30,2005-09-30,Q3,32221000.0,29997500.0,2223500.0,0.0690077899506533,0.0,5987000.0,1009750.0,0.0,0.0,37406250,0.0,563750.0,-4621500.0,-0.14343130256664907,-5185250.0,-0.1609276558766022,0.0,-3101500.0,-0.0962570994072189,-603250.0,-8918000.0,-0.27677601564197263,-10.0,-10.0,278675.0,278675.0,https://www1.hkexnews.hk/search/titlesearch.xhtml,https://www1.hkexnews.hk/search/titlesearch.xhtml,1620584499,14:21:39,20210509
57,2005-06-30,0061.HK,HKD,2005-06-30,2005-06-30,Q2,32221000.0,29997500.0,2223500.0,0.0690077899506533,0.0,5987000.0,1009750.0,0.0,0.0,37406250,0.0,563750.0,-4621500.0,-0.14343130256664907,-5185250.0,-0.1609276558766022,0.0,-3101500.0,-0.0962570994072189,-603250.0,-8918000.0,-0.27677601564197263,-10.0,-10.0,278675.0,278675.0,https://www1.hkexnews.hk/search/titlesearch.xhtml,https://www1.hkexnews.hk/search/titlesearch.xhtml,1620584499,14:21:39,20210509
58,2005-03-31,0061.HK,HKD,2005-03-31,2005-03-31,Q1,32221000.0,29997500.0,2223500.0,0.0690077899506533,0.0,5987000.0,1009750.0,0.0,0.0,37406250,0.0,563750.0,-4621500.0,-0.14343130256664907,-5185250.0,-0.1609276558766022,0.0,-3101500.0,-0.0962570994072189,-603250.0,-8918000.0,-0.27677601564197263,-10.0,-10.0,278675.0,278675.0,https://www1.hkexnews.hk/search/titlesearch.xhtml,https://www1.hkexnews.hk/search/titlesearch.xhtml,1620584499,14:21:39,20210509
59,2005-01-31,0061.HK,HKD,2005-01-31,2005-01-31,Q1,32221000.0,29997500.0,2223500.0,0.0690077899506533,0.0,5987000.0,1009750.0,0.0,0.0,37406250,0.0,563750.0,-4621500.0,-0.14343130256664907,-5185250.0,-0.1609276558766022,0.0,-3101500.0,-0.0962570994072189,-603250.0,-8918000.0,-0.27677601564197263,-10.0,-10.0,278675.0,278675.0,https://www1.hkexnews.hk/search/titlesearch.xhtml,https://www1.hkexnews.hk/search/titlesearch.xhtml,1620584499,14:21:39,20210509
60,2004-09-30,0061.HK,HKD,2004-09-30,2004-09-30,Q3,59460250.0,52669000.0,6791250.0,0.11421495873293502,0.0,9279500.0,2906750.0,0.0,0.0,55036000,0.0,675000.0,5099250.0,0.0857589734318305,4424250.0,0.07440685163617711,0.0,-7438750.0,-0.1251045866776544,43750.0,-6713250.0,-0.11290315799210397,-25.0,-25.0,268530.0,268530.0,https://www1.hkexnews.hk/search/titlesearch.xhtml,https://www1.hkexnews.hk/search/titlesearch.xhtml,1620584499,14:21:39,20210509
61,2004-06-30,0061.HK,HKD,2004-06-30,2004-06-30,Q2,59460250.0,52669000.0,6791250.0,0.11421495873293502,0.0,9279500.0,2906750.0,0.0,0.0,55036000,0.0,675000.0,5099250.0,0.0857589734318305,4424250.0,0.07440685163617711,0.0,-7438750.0,-0.1251045866776544,43750.0,-6713250.0,-0.11290315799210397,-25.0,-25.0,268530.0,268530.0,https://www1.hkexnews.hk/search/titlesearch.xhtml,https://www1.hkexnews.hk/search/titlesearch.xhtml,1620584499,14:21:39,20210509
62,2004-03-31,0061.HK,HKD,2004-03-31,2004-03-31,Q1,59460250.0,52669000.0,6791250.0,0.11421495873293502,0.0,9279500.0,2906750.0,0.0,0.0,55036000,0.0,675000.0,5099250.0,0.0857589734318305,4424250.0,0.07440685163617711,0.0,-7438750.0,-0.1251045866776544,43750.0,-6713250.0,-0.11290315799210397,-25.0,-25.0,268530.0,268530.0,https://www1.hkexnews.hk/search/titlesearch.xhtml,https://www1.hkexnews.hk/search/titlesearch.xhtml,1620584499,14:21:39,20210509
63,2004-01-31,0061.HK,HKD,2004-01-31,2004-01-31,Q1,59460250.0,52669000.0,6791250.0,0.11421495873293502,0.0,9279500.0,2906750.0,0.0,0.0,55036000,0.0,675000.0,5099250.0,0.0857589734318305,4424250.0,0.07440685163617711,0.0,-7438750.0,-0.1251045866776544,43750.0,-6713250.0,-0.11290315799210397,-25.0,-25.0,268530.0,268530.0,https://www1.hkexnews.hk/search/titlesearch.xhtml,https://www1.hkexnews.hk/search/titlesearch.xhtml,1620584499,14:21:39,20210509
64,2003-09-30,0061.HK,HKD,2003-09-30,2003-09-30,Q3,65423000.0,56352000.0,9071000.0,0.1386515445638384,0.0,8706750.0,2423250.0,0.0,0.0,69622500,0.0,919500.0,-3280000.0,-0.05013527352765847,-4199500.0,-0.06418996377420785,0.0,-3933500.0,-0.06012411537226969,-493500.0,-3845500.0,-0.0587790226678691,-15.0,-15.0,256367.0,256367.0,https://www1.hkexnews.hk/search/titlesearch.xhtml,https://www1.hkexnews.hk/search/titlesearch.xhtml,1620584499,14:21:39,20210509
65,2003-06-30,0061.HK,HKD,2003-06-30,2003-06-30,Q2,65423000.0,56352000.0,9071000.0,0.1386515445638384,0.0,8706750.0,2423250.0,0.0,0.0,69622500,0.0,919500.0,-3280000.0,-0.05013527352765847,-4199500.0,-0.06418996377420785,0.0,-3933500.0,-0.06012411537226969,-493500.0,-3845500.0,-0.0587790226678691,-15.0,-15.0,256367.0,256367.0,https://www1.hkexnews.hk/search/titlesearch.xhtml,https://www1.hkexnews.hk/search/titlesearch.xhtml,1620584499,14:21:39,20210509
66,2003-03-31,0061.HK,HKD,2003-03-31,2003-03-31,Q1,65423000.0,56352000.0,9071000.0,0.1386515445638384,0.0,8706750.0,2423250.0,0.0,0.0,69622500,0.0,919500.0,-3280000.0,-0.05013527352765847,-4199500.0,-0.06418996377420785,0.0,-3933500.0,-0.06012411537226969,-493500.0,-3845500.0,-0.0587790226678691,-15.0,-15.0,256367.0,256367.0,https://www1.hkexnews.hk/search/titlesearch.xhtml,https://www1.hkexnews.hk/search/titlesearch.xhtml,1620584499,14:21:39,20210509
67,2003-01-31,0061.HK,HKD,2003-01-31,2003-01-31,Q1,65423000.0,56352000.0,9071000.0,0.1386515445638384,0.0,8706750.0,2423250.0,0.0,0.0,69622500,0.0,919500.0,-3280000.0,-0.05013527352765847,-4199500.0,-0.06418996377420785,0.0,-3933500.0,-0.06012411537226969,-493500.0,-3845500.0,-0.0587790226678691,-15.0,-15.0,256367.0,256367.0,https://www1.hkexnews.hk/search/titlesearch.xhtml,https://www1.hkexnews.hk/search/titlesearch.xhtml,1620584499,14:21:39,20210509
68,2002-09-30,0061.HK,HKD,2002-09-30,2002-09-30,Q3,85967000.0,65358250.0,20608750.0,0.2397286167948166,0.0,14146000.0,7907750.0,0.0,0.0,120228250,0.0,3323500.0,-30937750.0,-0.35987937231728456,-34261250.0,-0.39853955587609197,0.0,-33795000.0,-0.3931159631021206,1016250.0,-36967250.0,-0.43001675061360756,-16500.0,-16500.0,250605.0,250605.0,https://www1.hkexnews.hk/search/titlesearch.xhtml,https://www1.hkexnews.hk/search/titlesearch.xhtml,1620584499,14:21:39,20210509
69,2002-06-30,0061.HK,HKD,2002-06-30,2002-06-30,Q2,85967000.0,65358250.0,20608750.0,0.2397286167948166,0.0,14146000.0,7907750.0,0.0,0.0,120228250,0.0,3323500.0,-30937750.0,-0.35987937231728456,-34261250.0,-0.39853955587609197,0.0,-33795000.0,-0.3931159631021206,1016250.0,-36967250.0,-0.43001675061360756,-16500.0,-16500.0,250605.0,250605.0,https://www1.hkexnews.hk/search/titlesearch.xhtml,https://www1.hkexnews.hk/search/titlesearch.xhtml,1620584499,14:21:39,20210509
70,2002-03-31,0061.HK,HKD,2002-03-31,2002-03-31,Q1,85967000.0,65358250.0,20608750.0,0.2397286167948166,0.0,14146000.0,7907750.0,0.0,0.0,120228250,0.0,3323500.0,-30937750.0,-0.35987937231728456,-34261250.0,-0.39853955587609197,0.0,-33795000.0,-0.3931159631021206,1016250.0,-36967250.0,-0.43001675061360756,-16500.0,-16500.0,250605.0,250605.0,https://www1.hkexnews.hk/search/titlesearch.xhtml,https://www1.hkexnews.hk/search/titlesearch.xhtml,1620584499,14:21:39,20210509
71,2002-01-31,0061.HK,HKD,2002-01-31,2002-01-31,Q1,85967000.0,65358250.0,20608750.0,0.2397286167948166,0.0,14146000.0,7907750.0,0.0,0.0,120228250,0.0,3323500.0,-30937750.0,-0.35987937231728456,-34261250.0,-0.39853955587609197,0.0,-33795000.0,-0.3931159631021206,1016250.0,-36967250.0,-0.43001675061360756,-16500.0,-16500.0,250605.0,250605.0,https://www1.hkexnews.hk/search/titlesearch.xhtml,https://www1.hkexnews.hk/search/titlesearch.xhtml,1620584499,14:21:39,20210509
72,2001-09-30,0061.HK,HKD,2001-09-30,2001-09-30,Q3,144096750.0,121413250.0,22683500.0,0.1574185399740105,0.0,22259750.0,11960500.0,0.0,0.0,165987750,0.0,3966000.0,-17925000.0,-0.12439558838072337,-21891000.0,-0.15191876291450016,0.0,-21080750.0,-0.14629580472842033,83250.0,-22202000.0,-0.15407703504763293,-12500.0,-12500.0,1776.0,1776.0,https://www1.hkexnews.hk/search/titlesearch.xhtml,https://www1.hkexnews.hk/search/titlesearch.xhtml,1620584499,14:21:39,20210509
73,2001-06-30,0061.HK,HKD,2001-06-30,2001-06-30,Q2,144096750.0,121413250.0,22683500.0,0.1574185399740105,0.0,22259750.0,11960500.0,0.0,0.0,165987750,0.0,3966000.0,-17925000.0,-0.12439558838072337,-21891000.0,-0.15191876291450016,0.0,-21080750.0,-0.14629580472842033,83250.0,-22202000.0,-0.15407703504763293,-12500.0,-12500.0,1776.0,1776.0,https://www1.hkexnews.hk/search/titlesearch.xhtml,https://www1.hkexnews.hk/search/titlesearch.xhtml,1620584499,14:21:39,20210509
74,2001-03-31,0061.HK,HKD,2001-03-31,2001-03-31,Q1,144096750.0,121413250.0,22683500.0,0.1574185399740105,0.0,22259750.0,11960500.0,0.0,0.0,165987750,0.0,3966000.0,-17925000.0,-0.12439558838072337,-21891000.0,-0.15191876291450016,0.0,-21080750.0,-0.14629580472842033,83250.0,-22202000.0,-0.15407703504763293,-12500.0,-12500.0,1776.0,1776.0,https://www1.hkexnews.hk/search/titlesearch.xhtml,https://www1.hkexnews.hk/search/titlesearch.xhtml,1620584499,14:21:39,20210509
75,2001-01-31,0061.HK,HKD,2001-01-31,2001-01-31,Q1,144096750.0,121413250.0,22683500.0,0.1574185399740105,0.0,22259750.0,11960500.0,0.0,0.0,165987750,0.0,3966000.0,-17925000.0,-0.12439558838072337,-21891000.0,-0.15191876291450016,0.0,-21080750.0,-0.14629580472842033,83250.0,-22202000.0,-0.15407703504763293,-12500.0,-12500.0,1776.0,1776.0,https://www1.hkexnews.hk/search/titlesearch.xhtml,https://www1.hkexnews.hk/search/titlesearch.xhtml,1620584499,14:21:39,20210509
