,date,symbol,reportedCurrency,fillingDate,acceptedDate,period,revenue,costOfRevenue,grossProfit,grossProfitRatio,researchAndDevelopmentExpenses,generalAndAdministrativeExpenses,sellingAndMarketingExpenses,otherExpenses,operatingExpenses,costAndExpenses,interestExpense,depreciationAndAmortization,ebitda,ebitdaratio,operatingIncome,operatingIncomeRatio,totalOtherIncomeExpensesNet,incomeBeforeTax,incomeBeforeTaxRatio,incomeTaxExpense,netIncome,netIncomeRatio,eps,epsdiluted,weightedAverageShsOut,weightedAverageShsOutDil,link,finalLink,timestamp,est_time,est_date
0,2020-09-30,DOW.AX,AUD,2020-09-30,2020-09-30,Q3,3164400000.0,539425000.0,2624975000.0,0.8295332448489445,0.0,1039975000.0,0.0,6925000.0,1424775000.0,0.0,22900000.0,120575000.0,160225000.0,0.05063361142712679,39650000.0,0.012530021489065858,-41225000.0,-38325000.0,-0.012111300720515738,600000.0,-37575000.0,-0.01187428896473265,-0.06240082223807272,-0.06240082223807272,602155527.0,602155527.0,,,1620591230,16:13:50,20210509
1,2020-06-30,DOW.AX,AUD,2020-06-30,2020-06-30,Q2,3164400000.0,539425000.0,2624975000.0,0.8295332448489445,0.0,1039975000.0,0.0,6925000.0,1424775000.0,0.0,22900000.0,120575000.0,160225000.0,0.05063361142712679,39650000.0,0.012530021489065858,-41225000.0,-38325000.0,-0.012111300720515738,600000.0,-37575000.0,-0.01187428896473265,-0.06240082223807272,-0.06240082223807272,602155527.0,602155527.0,,,1620591230,16:13:50,20210509
2,2020-03-31,DOW.AX,AUD,2020-03-31,2020-03-31,Q1,3164400000.0,539425000.0,2624975000.0,0.8295332448489445,0.0,1039975000.0,0.0,6925000.0,1424775000.0,0.0,22900000.0,120575000.0,160225000.0,0.05063361142712679,39650000.0,0.012530021489065858,-41225000.0,-38325000.0,-0.012111300720515738,600000.0,-37575000.0,-0.01187428896473265,-0.06240082223807272,-0.06240082223807272,602155527.0,602155527.0,,,1620591230,16:13:50,20210509
3,2020-01-31,DOW.AX,AUD,2020-01-31,2020-01-31,Q1,3164400000.0,539425000.0,2624975000.0,0.8295332448489445,0.0,1039975000.0,0.0,6925000.0,1424775000.0,0.0,22900000.0,120575000.0,160225000.0,0.05063361142712679,39650000.0,0.012530021489065858,-41225000.0,-38325000.0,-0.012111300720515738,600000.0,-37575000.0,-0.01187428896473265,-0.06240082223807272,-0.06240082223807272,602155527.0,602155527.0,,,1620591230,16:13:50,20210509
4,2019-06-30,DOW.AX,AUD,2019-06-30,2019-06-30,Q2,3193375000.0,528600000.0,2664775000.0,0.8344698007593847,0.0,1085100000.0,0.0,9800000.0,1391525000.0,0.0,22800000.0,90000000.0,188150000.0,0.058918855442909146,98150000.0,0.030735507104552393,17400000.0,94950000.0,0.029733432496966375,25875000.0,65450000.0,0.020495557208282774,0.10529875,0.103826,602155527.0,630381598.0,,,1620591230,16:13:50,20210509
5,2019-03-31,DOW.AX,AUD,2019-03-31,2019-03-31,Q1,3193375000.0,528600000.0,2664775000.0,0.8344698007593847,0.0,1085100000.0,0.0,9800000.0,1391525000.0,0.0,22800000.0,90000000.0,188150000.0,0.058918855442909146,98150000.0,0.030735507104552393,17400000.0,94950000.0,0.029733432496966375,25875000.0,65450000.0,0.020495557208282774,0.10529875,0.103826,602155527.0,630381598.0,,,1620591230,16:13:50,20210509
6,2019-01-31,DOW.AX,AUD,2019-01-31,2019-01-31,Q1,3193375000.0,528600000.0,2664775000.0,0.8344698007593847,0.0,1085100000.0,0.0,9800000.0,1391525000.0,0.0,22800000.0,90000000.0,188150000.0,0.058918855442909146,98150000.0,0.030735507104552393,17400000.0,94950000.0,0.029733432496966375,25875000.0,65450000.0,0.020495557208282774,0.10529875,0.103826,602155527.0,630381598.0,,,1620591230,16:13:50,20210509
7,2018-06-30,DOW.AX,AUD,2018-06-30,2018-06-30,Q2,2994100000.0,549975000.0,2444125000.0,0.816313750375739,0.0,1008550000.0,0.0,13625000.0,1311725000.0,0.0,22050000.0,92550000.0,123850000.0,0.04136468387829398,31300000.0,0.010453892655555927,19900000.0,30925000.0,0.010328646337797669,13150000.0,17850000.0,0.005961724725293076,0.029675,0.02834975,601442555.0,629637345.0,,,1620591230,16:13:50,20210509
8,2018-03-31,DOW.AX,AUD,2018-03-31,2018-03-31,Q1,2994100000.0,549975000.0,2444125000.0,0.816313750375739,0.0,1008550000.0,0.0,13625000.0,1311725000.0,0.0,22050000.0,92550000.0,123850000.0,0.04136468387829398,31300000.0,0.010453892655555927,19900000.0,30925000.0,0.010328646337797669,13150000.0,17850000.0,0.005961724725293076,0.029675,0.02834975,601442555.0,629637345.0,,,1620591230,16:13:50,20210509
9,2018-01-31,DOW.AX,AUD,2018-01-31,2018-01-31,Q1,2994100000.0,549975000.0,2444125000.0,0.816313750375739,0.0,1008550000.0,0.0,13625000.0,1311725000.0,0.0,22050000.0,92550000.0,123850000.0,0.04136468387829398,31300000.0,0.010453892655555927,19900000.0,30925000.0,0.010328646337797669,13150000.0,17850000.0,0.005961724725293076,0.029675,0.02834975,601442555.0,629637345.0,,,1620591230,16:13:50,20210509
10,2017-06-30,DOW.AX,AUD,2017-06-30,2017-06-30,Q2,1811125000.0,339250000.0,1471875000.0,0.812685485540755,0.0,694425000.0,0.0,8325000.0,666900000.0,0.0,10300000.0,55050000.0,110550000.0,0.061039409206984606,55500000.0,0.030643936779625923,13950000.0,62750000.0,0.034646973566153635,17375000.0,45375000.0,0.025053488853613085,0.08787175,0.085908,492561591.0,528181076.0,,,1620591230,16:13:50,20210509
11,2017-03-31,DOW.AX,AUD,2017-03-31,2017-03-31,Q1,1811125000.0,339250000.0,1471875000.0,0.812685485540755,0.0,694425000.0,0.0,8325000.0,666900000.0,0.0,10300000.0,55050000.0,110550000.0,0.061039409206984606,55500000.0,0.030643936779625923,13950000.0,62750000.0,0.034646973566153635,17375000.0,45375000.0,0.025053488853613085,0.08787175,0.085908,492561591.0,528181076.0,,,1620591230,16:13:50,20210509
12,2017-01-31,DOW.AX,AUD,2017-01-31,2017-01-31,Q1,1811125000.0,339250000.0,1471875000.0,0.812685485540755,0.0,694425000.0,0.0,8325000.0,666900000.0,0.0,10300000.0,55050000.0,110550000.0,0.061039409206984606,55500000.0,0.030643936779625923,13950000.0,62750000.0,0.034646973566153635,17375000.0,45375000.0,0.025053488853613085,0.08787175,0.085908,492561591.0,528181076.0,,,1620591230,16:13:50,20210509
13,2016-06-30,DOW.AX,AUD,2016-06-30,2016-06-30,Q2,1703600000.0,293700000.0,1409900000.0,0.8276003756750411,0.0,689650000.0,0.0,8900000.0,599675000.0,0.0,10050000.0,64675000.0,120575000.0,0.07077659074900211,55900000.0,0.03281286687015732,13325000.0,60975000.0,0.035791852547546375,15825000.0,45150000.0,0.02650270016435783,0.093318,0.087529,458524322.0,488409865.0,,,1620591230,16:13:50,20210509
14,2016-03-31,DOW.AX,AUD,2016-03-31,2016-03-31,Q1,1703600000.0,293700000.0,1409900000.0,0.8276003756750411,0.0,689650000.0,0.0,8900000.0,599675000.0,0.0,10050000.0,64675000.0,120575000.0,0.07077659074900211,55900000.0,0.03281286687015732,13325000.0,60975000.0,0.035791852547546375,15825000.0,45150000.0,0.02650270016435783,0.093318,0.087529,458524322.0,488409865.0,,,1620591230,16:13:50,20210509
15,2016-01-31,DOW.AX,AUD,2016-01-31,2016-01-31,Q1,1703600000.0,293700000.0,1409900000.0,0.8276003756750411,0.0,689650000.0,0.0,8900000.0,599675000.0,0.0,10050000.0,64675000.0,120575000.0,0.07077659074900211,55900000.0,0.03281286687015732,13325000.0,60975000.0,0.035791852547546375,15825000.0,45150000.0,0.02650270016435783,0.093318,0.087529,458524322.0,488409865.0,,,1620591230,16:13:50,20210509
16,2015-09-30,DOW.AX,AUD,2015-09-30,2015-09-30,Q3,1753725000.0,320675000.0,1433050000.0,0.817146359891089,0.0,651325000.0,0.0,1250000.0,645950000.0,0.0,9075000.0,63275000.0,135775000.0,0.07742091833098119,72500000.0,0.04134057506165448,4925000.0,69950000.0,0.039886527249141115,17400000.0,52550000.0,0.02996478923434404,0.107906,0.1039695,462195108.0,479707685.0,,,1620591230,16:13:50,20210509
17,2015-06-30,DOW.AX,AUD,2015-06-30,2015-06-30,Q2,1753725000.0,320675000.0,1433050000.0,0.817146359891089,0.0,651325000.0,0.0,1250000.0,645950000.0,0.0,9075000.0,63275000.0,135775000.0,0.07742091833098119,72500000.0,0.04134057506165448,4925000.0,69950000.0,0.039886527249141115,17400000.0,52550000.0,0.02996478923434404,0.107906,0.1039695,462195108.0,479707685.0,,,1620591230,16:13:50,20210509
18,2015-03-31,DOW.AX,AUD,2015-03-31,2015-03-31,Q1,1753725000.0,320675000.0,1433050000.0,0.817146359891089,0.0,651325000.0,0.0,1250000.0,645950000.0,0.0,9075000.0,63275000.0,135775000.0,0.07742091833098119,72500000.0,0.04134057506165448,4925000.0,69950000.0,0.039886527249141115,17400000.0,52550000.0,0.02996478923434404,0.107906,0.1039695,462195108.0,479707685.0,,,1620591230,16:13:50,20210509
19,2015-01-31,DOW.AX,AUD,2015-01-31,2015-01-31,Q1,1753725000.0,320675000.0,1433050000.0,0.817146359891089,0.0,651325000.0,0.0,1250000.0,645950000.0,0.0,9075000.0,63275000.0,135775000.0,0.07742091833098119,72500000.0,0.04134057506165448,4925000.0,69950000.0,0.039886527249141115,17400000.0,52550000.0,0.02996478923434404,0.107906,0.1039695,462195108.0,479707685.0,,,1620591230,16:13:50,20210509
20,2014-09-30,DOW.AX,AUD,2014-09-30,2014-09-30,Q3,1836103000.0,319241500.0,1516861500.0,0.8261309414558987,0.0,688707000.0,0.0,5582000.0,686394500.0,0.0,10199250.0,66605250.0,141760000.0,0.07720699764664618,75154750.0,0.04093166341975368,10124750.0,74515750.0,0.04058364372804794,20517500.0,53988000.0,0.029403579210970192,0.1118425,0.10651675,462701460.0,485665605.0,,,1620591230,16:13:50,20210509
21,2014-06-30,DOW.AX,AUD,2014-06-30,2014-06-30,Q2,1836103000.0,319241500.0,1516861500.0,0.8261309414558987,0.0,688707000.0,0.0,5582000.0,686394500.0,0.0,10199250.0,66605250.0,141760000.0,0.07720699764664618,75154750.0,0.04093166341975368,10124750.0,74515750.0,0.04058364372804794,20517500.0,53988000.0,0.029403579210970192,0.1118425,0.10651675,462701460.0,485665605.0,,,1620591230,16:13:50,20210509
22,2014-03-31,DOW.AX,AUD,2014-03-31,2014-03-31,Q1,1836103000.0,319241500.0,1516861500.0,0.8261309414558987,0.0,688707000.0,0.0,5582000.0,686394500.0,0.0,10199250.0,66605250.0,141760000.0,0.07720699764664618,75154750.0,0.04093166341975368,10124750.0,74515750.0,0.04058364372804794,20517500.0,53988000.0,0.029403579210970192,0.1118425,0.10651675,462701460.0,485665605.0,,,1620591230,16:13:50,20210509
23,2014-01-31,DOW.AX,AUD,2014-01-31,2014-01-31,Q1,1836103000.0,319241500.0,1516861500.0,0.8261309414558987,0.0,688707000.0,0.0,5582000.0,686394500.0,0.0,10199250.0,66605250.0,141760000.0,0.07720699764664618,75154750.0,0.04093166341975368,10124750.0,74515750.0,0.04058364372804794,20517500.0,53988000.0,0.029403579210970192,0.1118425,0.10651675,462701460.0,485665605.0,,,1620591230,16:13:50,20210509
24,2013-09-30,DOW.AX,AUD,2013-09-30,2013-09-30,Q3,2087679750.0,433944250.0,1653735500.0,0.7921404132985436,0.0,759869750.0,0.0,4858000.0,753071250.0,0.0,15143750.0,73700250.0,140794500.0,0.06744065990006369,67094250.0,0.03213819073543248,22625000.0,72922250.0,0.03492980664299685,21925750.0,50994750.0,0.02442651944102059,0.105822,0.0998015,464244270.0,491715951.0,,,1620591230,16:13:50,20210509
25,2013-06-30,DOW.AX,AUD,2013-06-30,2013-06-30,Q2,2087679750.0,433944250.0,1653735500.0,0.7921404132985436,0.0,759869750.0,0.0,4858000.0,753071250.0,0.0,15143750.0,73700250.0,140794500.0,0.06744065990006369,67094250.0,0.03213819073543248,22625000.0,72922250.0,0.03492980664299685,21925750.0,50994750.0,0.02442651944102059,0.105822,0.0998015,464244270.0,491715951.0,,,1620591230,16:13:50,20210509
26,2013-03-31,DOW.AX,AUD,2013-03-31,2013-03-31,Q1,2087679750.0,433944250.0,1653735500.0,0.7921404132985436,0.0,759869750.0,0.0,4858000.0,753071250.0,0.0,15143750.0,73700250.0,140794500.0,0.06744065990006369,67094250.0,0.03213819073543248,22625000.0,72922250.0,0.03492980664299685,21925750.0,50994750.0,0.02442651944102059,0.105822,0.0998015,464244270.0,491715951.0,,,1620591230,16:13:50,20210509
27,2013-01-31,DOW.AX,AUD,2013-01-31,2013-01-31,Q1,2087679750.0,433944250.0,1653735500.0,0.7921404132985436,0.0,759869750.0,0.0,4858000.0,753071250.0,0.0,15143750.0,73700250.0,140794500.0,0.06744065990006369,67094250.0,0.03213819073543248,22625000.0,72922250.0,0.03492980664299685,21925750.0,50994750.0,0.02442651944102059,0.105822,0.0998015,464244270.0,491715951.0,,,1620591230,16:13:50,20210509
28,2012-09-30,DOW.AX,AUD,2012-09-30,2012-09-30,Q3,1976711000.0,409625500.0,1567085500.0,0.7927742092799605,0.0,707561750.0,0.0,-7596500.0,733354500.0,0.0,18718750.0,61498750.0,126169250.0,0.06382786861610018,64670500.0,0.03271621395338013,630000.0,47422750.0,0.023990735115047165,20544000.0,28191500.0,0.014261821783761005,0.0549255,0.05441625,463274751.0,467545083.0,,,1620591230,16:13:50,20210509
29,2012-06-30,DOW.AX,AUD,2012-06-30,2012-06-30,Q2,1976711000.0,409625500.0,1567085500.0,0.7927742092799605,0.0,707561750.0,0.0,-7596500.0,733354500.0,0.0,18718750.0,61498750.0,126169250.0,0.06382786861610018,64670500.0,0.03271621395338013,630000.0,47422750.0,0.023990735115047165,20544000.0,28191500.0,0.014261821783761005,0.0549255,0.05441625,463274751.0,467545083.0,,,1620591230,16:13:50,20210509
30,2012-03-31,DOW.AX,AUD,2012-03-31,2012-03-31,Q1,1976711000.0,409625500.0,1567085500.0,0.7927742092799605,0.0,707561750.0,0.0,-7596500.0,733354500.0,0.0,18718750.0,61498750.0,126169250.0,0.06382786861610018,64670500.0,0.03271621395338013,630000.0,47422750.0,0.023990735115047165,20544000.0,28191500.0,0.014261821783761005,0.0549255,0.05441625,463274751.0,467545083.0,,,1620591230,16:13:50,20210509
31,2012-01-31,DOW.AX,AUD,2012-01-31,2012-01-31,Q1,1976711000.0,409625500.0,1567085500.0,0.7927742092799605,0.0,707561750.0,0.0,-7596500.0,733354500.0,0.0,18718750.0,61498750.0,126169250.0,0.06382786861610018,64670500.0,0.03271621395338013,630000.0,47422750.0,0.023990735115047165,20544000.0,28191500.0,0.014261821783761005,0.0549255,0.05441625,463274751.0,467545083.0,,,1620591230,16:13:50,20210509
32,2011-09-30,DOW.AX,AUD,2011-09-30,2011-09-30,Q3,1657735000.0,357626750.0,1300108250.0,0.7842678413618582,0.0,586816500.0,0.0,604250.0,659434750.0,0.0,18428000.0,52623500.0,53857000.0,0.03248830482556018,1233500.0,0.0007440875652622404,5182250.0,-9661500.0,-0.005828132964557062,-2736500.0,-6960750.0,-0.004198952184758119,-0.01764475,-0.01764475,394553323.0,394553323.0,,,1620591230,16:13:50,20210509
33,2011-06-30,DOW.AX,AUD,2011-06-30,2011-06-30,Q2,1657735000.0,357626750.0,1300108250.0,0.7842678413618582,0.0,586816500.0,0.0,604250.0,659434750.0,0.0,18428000.0,52623500.0,53857000.0,0.03248830482556018,1233500.0,0.0007440875652622404,5182250.0,-9661500.0,-0.005828132964557062,-2736500.0,-6960750.0,-0.004198952184758119,-0.01764475,-0.01764475,394553323.0,394553323.0,,,1620591230,16:13:50,20210509
34,2011-03-31,DOW.AX,AUD,2011-03-31,2011-03-31,Q1,1657735000.0,357626750.0,1300108250.0,0.7842678413618582,0.0,586816500.0,0.0,604250.0,659434750.0,0.0,18428000.0,52623500.0,53857000.0,0.03248830482556018,1233500.0,0.0007440875652622404,5182250.0,-9661500.0,-0.005828132964557062,-2736500.0,-6960750.0,-0.004198952184758119,-0.01764475,-0.01764475,394553323.0,394553323.0,,,1620591230,16:13:50,20210509
35,2011-01-31,DOW.AX,AUD,2011-01-31,2011-01-31,Q1,1657735000.0,357626750.0,1300108250.0,0.7842678413618582,0.0,586816500.0,0.0,604250.0,659434750.0,0.0,18428000.0,52623500.0,53857000.0,0.03248830482556018,1233500.0,0.0007440875652622404,5182250.0,-9661500.0,-0.005828132964557062,-2736500.0,-6960750.0,-0.004198952184758119,-0.01764475,-0.01764475,394553323.0,394553323.0,,,1620591230,16:13:50,20210509
36,2010-09-30,DOW.AX,AUD,2010-09-30,2010-09-30,Q3,1448827750.0,367041750.0,1081786000.0,0.746662948718369,0.0,518693500.0,0.0,913250.0,510838500.0,0.0,17040250.0,40039750.0,52254000.0,0.03606639919755816,12214250.0,0.008430436261315398,1843750.0,516750.0,0.0003566676576977491,-246250.0,739250.0,0.0005102400889270654,0.00201275,0.00201275,372993223.0,372993223.0,,,1620591230,16:13:50,20210509
37,2010-06-30,DOW.AX,AUD,2010-06-30,2010-06-30,Q2,1448827750.0,367041750.0,1081786000.0,0.746662948718369,0.0,518693500.0,0.0,913250.0,510838500.0,0.0,17040250.0,40039750.0,52254000.0,0.03606639919755816,12214250.0,0.008430436261315398,1843750.0,516750.0,0.0003566676576977491,-246250.0,739250.0,0.0005102400889270654,0.00201275,0.00201275,372993223.0,372993223.0,,,1620591230,16:13:50,20210509
38,2010-03-31,DOW.AX,AUD,2010-03-31,2010-03-31,Q1,1448827750.0,367041750.0,1081786000.0,0.746662948718369,0.0,518693500.0,0.0,913250.0,510838500.0,0.0,17040250.0,40039750.0,52254000.0,0.03606639919755816,12214250.0,0.008430436261315398,1843750.0,516750.0,0.0003566676576977491,-246250.0,739250.0,0.0005102400889270654,0.00201275,0.00201275,372993223.0,372993223.0,,,1620591230,16:13:50,20210509
39,2010-01-31,DOW.AX,AUD,2010-01-31,2010-01-31,Q1,1448827750.0,367041750.0,1081786000.0,0.746662948718369,0.0,518693500.0,0.0,913250.0,510838500.0,0.0,17040250.0,40039750.0,52254000.0,0.03606639919755816,12214250.0,0.008430436261315398,1843750.0,516750.0,0.0003566676576977491,-246250.0,739250.0,0.0005102400889270654,0.00201275,0.00201275,372993223.0,372993223.0,,,1620591230,16:13:50,20210509
40,2009-09-30,DOW.AX,AUD,2009-09-30,2009-09-30,Q3,1460120500.0,354264250.0,1105856250.0,0.7573732784383207,0.0,531780500.0,0.0,1923750.0,502436250.0,0.0,15839250.0,0.0,80225500.0,18.20020442378047,71639500.0,0.049064101216303724,4832250.0,64756250.0,0.04434993550189865,17412250.0,47344000.0,0.032424721110346715,0.1216595,0.1118195,365618608.0,398063786.0,,,1620591230,16:13:50,20210509
41,2009-06-30,DOW.AX,AUD,2009-06-30,2009-06-30,Q2,1460120500.0,354264250.0,1105856250.0,0.7573732784383207,0.0,531780500.0,0.0,1923750.0,502436250.0,0.0,15839250.0,0.0,80225500.0,18.20020442378047,71639500.0,0.049064101216303724,4832250.0,64756250.0,0.04434993550189865,17412250.0,47344000.0,0.032424721110346715,0.1216595,0.1118195,365618608.0,398063786.0,,,1620591230,16:13:50,20210509
42,2009-03-31,DOW.AX,AUD,2009-03-31,2009-03-31,Q1,1460120500.0,354264250.0,1105856250.0,0.7573732784383207,0.0,531780500.0,0.0,1923750.0,502436250.0,0.0,15839250.0,0.0,80225500.0,18.20020442378047,71639500.0,0.049064101216303724,4832250.0,64756250.0,0.04434993550189865,17412250.0,47344000.0,0.032424721110346715,0.1216595,0.1118195,365618608.0,398063786.0,,,1620591230,16:13:50,20210509
43,2009-01-31,DOW.AX,AUD,2009-01-31,2009-01-31,Q1,1460120500.0,354264250.0,1105856250.0,0.7573732784383207,0.0,531780500.0,0.0,1923750.0,502436250.0,0.0,15839250.0,0.0,80225500.0,18.20020442378047,71639500.0,0.049064101216303724,4832250.0,64756250.0,0.04434993550189865,17412250.0,47344000.0,0.032424721110346715,0.1216595,0.1118195,365618608.0,398063786.0,,,1620591230,16:13:50,20210509
44,2008-09-30,DOW.AX,AUD,2008-09-30,2008-09-30,Q3,1360913750.0,324176000.0,1036737750.0,0.7617953378750123,0.0,472872500.0,0.0,542750.0,502215000.0,0.0,16537000.0,0.0,72011250.0,18.898626950650073,61650250.0,0.045300629815813086,8956750.0,57986500.0,0.042608504763803,16526000.0,41460500.0,0.030465192963183743,0.107123,0.1062285,361226480.0,364045701.0,,,1620591230,16:13:50,20210509
45,2008-06-30,DOW.AX,AUD,2008-06-30,2008-06-30,Q2,1360913750.0,324176000.0,1036737750.0,0.7617953378750123,0.0,472872500.0,0.0,542750.0,502215000.0,0.0,16537000.0,0.0,72011250.0,18.898626950650073,61650250.0,0.045300629815813086,8956750.0,57986500.0,0.042608504763803,16526000.0,41460500.0,0.030465192963183743,0.107123,0.1062285,361226480.0,364045701.0,,,1620591230,16:13:50,20210509
46,2008-03-31,DOW.AX,AUD,2008-03-31,2008-03-31,Q1,1360913750.0,324176000.0,1036737750.0,0.7617953378750123,0.0,472872500.0,0.0,542750.0,502215000.0,0.0,16537000.0,0.0,72011250.0,18.898626950650073,61650250.0,0.045300629815813086,8956750.0,57986500.0,0.042608504763803,16526000.0,41460500.0,0.030465192963183743,0.107123,0.1062285,361226480.0,364045701.0,,,1620591230,16:13:50,20210509
47,2008-01-31,DOW.AX,AUD,2008-01-31,2008-01-31,Q1,1360913750.0,324176000.0,1036737750.0,0.7617953378750123,0.0,472872500.0,0.0,542750.0,502215000.0,0.0,16537000.0,0.0,72011250.0,18.898626950650073,61650250.0,0.045300629815813086,8956750.0,57986500.0,0.042608504763803,16526000.0,41460500.0,0.030465192963183743,0.107123,0.1062285,361226480.0,364045701.0,,,1620591230,16:13:50,20210509
48,2007-09-30,DOW.AX,AUD,2007-09-30,2007-09-30,Q3,1329408250.0,390828750.0,938579500.0,0.7060129948794887,0.0,431567750.0,0.0,16711250.0,497571250.0,0.0,16824250.0,0.0,29795500.0,44.61775268077394,9440500.0,0.00710127983634824,23060250.0,18160750.0,0.013660777266877951,-7213750.0,25374500.0,0.019087063736816737,0.069999,0.069999,354203995.0,354203995.0,,,1620591230,16:13:50,20210509
49,2007-06-30,DOW.AX,AUD,2007-06-30,2007-06-30,Q2,1329408250.0,390828750.0,938579500.0,0.7060129948794887,0.0,431567750.0,0.0,16711250.0,497571250.0,0.0,16824250.0,0.0,29795500.0,44.61775268077394,9440500.0,0.00710127983634824,23060250.0,18160750.0,0.013660777266877951,-7213750.0,25374500.0,0.019087063736816737,0.069999,0.069999,354203995.0,354203995.0,,,1620591230,16:13:50,20210509
50,2007-03-31,DOW.AX,AUD,2007-03-31,2007-03-31,Q1,1329408250.0,390828750.0,938579500.0,0.7060129948794887,0.0,431567750.0,0.0,16711250.0,497571250.0,0.0,16824250.0,0.0,29795500.0,44.61775268077394,9440500.0,0.00710127983634824,23060250.0,18160750.0,0.013660777266877951,-7213750.0,25374500.0,0.019087063736816737,0.069999,0.069999,354203995.0,354203995.0,,,1620591230,16:13:50,20210509
51,2007-01-31,DOW.AX,AUD,2007-01-31,2007-01-31,Q1,1329408250.0,390828750.0,938579500.0,0.7060129948794887,0.0,431567750.0,0.0,16711250.0,497571250.0,0.0,16824250.0,0.0,29795500.0,44.61775268077394,9440500.0,0.00710127983634824,23060250.0,18160750.0,0.013660777266877951,-7213750.0,25374500.0,0.019087063736816737,0.069999,0.069999,354203995.0,354203995.0,,,1620591230,16:13:50,20210509
52,2006-09-30,DOW.AX,AUD,2006-09-30,2006-09-30,Q3,1156360500.0,306372250.0,849988250.0,0.7350547255808202,0.0,405209750.0,0.0,-11500.0,465280250.0,0.0,14265250.0,0.0,-13461250.0,-85.90290649085337,-20501750.0,-0.017729548873383343,1528250.0,-27726500.0,-0.02397738421538958,-21494250.0,-6232250.0,-0.0053895389889225724,-0.01878575,-0.01878575,331755753.0,331755753.0,,,1620591230,16:13:50,20210509
53,2006-06-30,DOW.AX,AUD,2006-06-30,2006-06-30,Q2,1156360500.0,306372250.0,849988250.0,0.7350547255808202,0.0,405209750.0,0.0,-11500.0,465280250.0,0.0,14265250.0,0.0,-13461250.0,-85.90290649085337,-20501750.0,-0.017729548873383343,1528250.0,-27726500.0,-0.02397738421538958,-21494250.0,-6232250.0,-0.0053895389889225724,-0.01878575,-0.01878575,331755753.0,331755753.0,,,1620591230,16:13:50,20210509
54,2006-03-31,DOW.AX,AUD,2006-03-31,2006-03-31,Q1,1156360500.0,306372250.0,849988250.0,0.7350547255808202,0.0,405209750.0,0.0,-11500.0,465280250.0,0.0,14265250.0,0.0,-13461250.0,-85.90290649085337,-20501750.0,-0.017729548873383343,1528250.0,-27726500.0,-0.02397738421538958,-21494250.0,-6232250.0,-0.0053895389889225724,-0.01878575,-0.01878575,331755753.0,331755753.0,,,1620591230,16:13:50,20210509
55,2006-01-31,DOW.AX,AUD,2006-01-31,2006-01-31,Q1,1156360500.0,306372250.0,849988250.0,0.7350547255808202,0.0,405209750.0,0.0,-11500.0,465280250.0,0.0,14265250.0,0.0,-13461250.0,-85.90290649085337,-20501750.0,-0.017729548873383343,1528250.0,-27726500.0,-0.02397738421538958,-21494250.0,-6232250.0,-0.0053895389889225724,-0.01878575,-0.01878575,331755753.0,331755753.0,,,1620591230,16:13:50,20210509
56,2005-09-30,DOW.AX,AUD,2005-09-30,2005-09-30,Q3,932526500.0,484051500.0,448475000.0,0.4809246707734311,0.0,284278750.0,0.0,9461000.0,141396500.0,0.0,10784750.0,0.0,43692250.0,21.343064273412335,22799750.0,0.02444943923845596,13175500.0,32907500.0,0.03528854139801925,32907500.0,26008750.0,0.02789062830922231,0.081181,0.081181,320380251.0,320380251.0,,,1620591230,16:13:50,20210509
57,2005-06-30,DOW.AX,AUD,2005-06-30,2005-06-30,Q2,932526500.0,484051500.0,448475000.0,0.4809246707734311,0.0,284278750.0,0.0,9461000.0,141396500.0,0.0,10784750.0,0.0,43692250.0,21.343064273412335,22799750.0,0.02444943923845596,13175500.0,32907500.0,0.03528854139801925,32907500.0,26008750.0,0.02789062830922231,0.081181,0.081181,320380251.0,320380251.0,,,1620591230,16:13:50,20210509
58,2005-03-31,DOW.AX,AUD,2005-03-31,2005-03-31,Q1,932526500.0,484051500.0,448475000.0,0.4809246707734311,0.0,284278750.0,0.0,9461000.0,141396500.0,0.0,10784750.0,0.0,43692250.0,21.343064273412335,22799750.0,0.02444943923845596,13175500.0,32907500.0,0.03528854139801925,32907500.0,26008750.0,0.02789062830922231,0.081181,0.081181,320380251.0,320380251.0,,,1620591230,16:13:50,20210509
59,2005-01-31,DOW.AX,AUD,2005-01-31,2005-01-31,Q1,932526500.0,484051500.0,448475000.0,0.4809246707734311,0.0,284278750.0,0.0,9461000.0,141396500.0,0.0,10784750.0,0.0,43692250.0,21.343064273412335,22799750.0,0.02444943923845596,13175500.0,32907500.0,0.03528854139801925,32907500.0,26008750.0,0.02789062830922231,0.081181,0.081181,320380251.0,320380251.0,,,1620591230,16:13:50,20210509
60,2004-09-30,DOW.AX,AUD,2004-09-30,2004-09-30,Q3,780564000.0,411122500.0,369441500.0,0.47330071589261097,0.0,233395750.0,0.0,10935250.0,117451750.0,0.0,9048250.0,0.0,36357000.0,21.46942817064114,18594000.0,0.023821236951742587,16066750.0,27308750.0,0.034985920437017336,27308750.0,0.0,0.0,0.066197,0.066197,307966759.0,307966759.0,,,1620591230,16:13:50,20210509
61,2004-06-30,DOW.AX,AUD,2004-06-30,2004-06-30,Q2,780564000.0,411122500.0,369441500.0,0.47330071589261097,0.0,233395750.0,0.0,10935250.0,117451750.0,0.0,9048250.0,0.0,36357000.0,21.46942817064114,18594000.0,0.023821236951742587,16066750.0,27308750.0,0.034985920437017336,27308750.0,0.0,0.0,0.066197,0.066197,307966759.0,307966759.0,,,1620591230,16:13:50,20210509
62,2004-03-31,DOW.AX,AUD,2004-03-31,2004-03-31,Q1,780564000.0,411122500.0,369441500.0,0.47330071589261097,0.0,233395750.0,0.0,10935250.0,117451750.0,0.0,9048250.0,0.0,36357000.0,21.46942817064114,18594000.0,0.023821236951742587,16066750.0,27308750.0,0.034985920437017336,27308750.0,0.0,0.0,0.066197,0.066197,307966759.0,307966759.0,,,1620591230,16:13:50,20210509
63,2004-01-31,DOW.AX,AUD,2004-01-31,2004-01-31,Q1,780564000.0,411122500.0,369441500.0,0.47330071589261097,0.0,233395750.0,0.0,10935250.0,117451750.0,0.0,9048250.0,0.0,36357000.0,21.46942817064114,18594000.0,0.023821236951742587,16066750.0,27308750.0,0.034985920437017336,27308750.0,0.0,0.0,0.066197,0.066197,307966759.0,307966759.0,,,1620591230,16:13:50,20210509
64,2003-09-30,DOW.AX,AUD,2003-09-30,2003-09-30,Q3,643383500.0,440798500.0,202585000.0,0.31487441005248035,0.0,172467000.0,0.0,24774250.0,28004500.0,0.0,8912750.0,0.0,32598500.0,19.736598309738177,2113500.0,0.0032849770004981477,29047500.0,23685750.0,0.03681435722240312,23685750.0,0.0,0.0,0.056357,0.05456775,270501817.0,270501817.0,,,1620591230,16:13:50,20210509
65,2003-06-30,DOW.AX,AUD,2003-06-30,2003-06-30,Q2,643383500.0,440798500.0,202585000.0,0.31487441005248035,0.0,172467000.0,0.0,24774250.0,28004500.0,0.0,8912750.0,0.0,32598500.0,19.736598309738177,2113500.0,0.0032849770004981477,29047500.0,23685750.0,0.03681435722240312,23685750.0,0.0,0.0,0.056357,0.05456775,270501817.0,270501817.0,,,1620591230,16:13:50,20210509
66,2003-03-31,DOW.AX,AUD,2003-03-31,2003-03-31,Q1,643383500.0,440798500.0,202585000.0,0.31487441005248035,0.0,172467000.0,0.0,24774250.0,28004500.0,0.0,8912750.0,0.0,32598500.0,19.736598309738177,2113500.0,0.0032849770004981477,29047500.0,23685750.0,0.03681435722240312,23685750.0,0.0,0.0,0.056357,0.05456775,270501817.0,270501817.0,,,1620591230,16:13:50,20210509
67,2003-01-31,DOW.AX,AUD,2003-01-31,2003-01-31,Q1,643383500.0,440798500.0,202585000.0,0.31487441005248035,0.0,172467000.0,0.0,24774250.0,28004500.0,0.0,8912750.0,0.0,32598500.0,19.736598309738177,2113500.0,0.0032849770004981477,29047500.0,23685750.0,0.03681435722240312,23685750.0,0.0,0.0,0.056357,0.05456775,270501817.0,270501817.0,,,1620591230,16:13:50,20210509
68,2002-09-30,DOW.AX,AUD,2002-09-30,2002-09-30,Q3,588317750.0,397667500.0,190650250.0,0.3240599998895155,0.0,150502750.0,0.0,-2754000.0,12031500.0,0.0,9349500.0,0.0,29174750.0,20.165305615300902,28116000.0,0.04779050096652702,260750.0,19825250.0,0.03369820135462512,19825250.0,0.0,0.0,0.05188425,0.0492005,245567286.0,245567286.0,,,1620591230,16:13:50,20210509
69,2002-06-30,DOW.AX,AUD,2002-06-30,2002-06-30,Q2,588317750.0,397667500.0,190650250.0,0.3240599998895155,0.0,150502750.0,0.0,-2754000.0,12031500.0,0.0,9349500.0,0.0,29174750.0,20.165305615300902,28116000.0,0.04779050096652702,260750.0,19825250.0,0.03369820135462512,19825250.0,0.0,0.0,0.05188425,0.0492005,245567286.0,245567286.0,,,1620591230,16:13:50,20210509
70,2002-03-31,DOW.AX,AUD,2002-03-31,2002-03-31,Q1,588317750.0,397667500.0,190650250.0,0.3240599998895155,0.0,150502750.0,0.0,-2754000.0,12031500.0,0.0,9349500.0,0.0,29174750.0,20.165305615300902,28116000.0,0.04779050096652702,260750.0,19825250.0,0.03369820135462512,19825250.0,0.0,0.0,0.05188425,0.0492005,245567286.0,245567286.0,,,1620591230,16:13:50,20210509
71,2002-01-31,DOW.AX,AUD,2002-01-31,2002-01-31,Q1,588317750.0,397667500.0,190650250.0,0.3240599998895155,0.0,150502750.0,0.0,-2754000.0,12031500.0,0.0,9349500.0,0.0,29174750.0,20.165305615300902,28116000.0,0.04779050096652702,260750.0,19825250.0,0.03369820135462512,19825250.0,0.0,0.0,0.05188425,0.0492005,245567286.0,245567286.0,,,1620591230,16:13:50,20210509
72,2001-09-30,DOW.AX,AUD,2001-09-30,2001-09-30,Q3,0.0,0.0,0.0,0.0,0.0,0.0,0.0,0.0,0.0,0.0,7624500.0,0.0,23649250.0,0.0,0.0,0.0,2147250.0,16024750.0,0.0,16024750.0,0.0,0.0,0.05456775,0.05098975,184203373.0,184203373.0,,,1620591230,16:13:50,20210509
73,2001-06-30,DOW.AX,AUD,2001-06-30,2001-06-30,Q2,0.0,0.0,0.0,0.0,0.0,0.0,0.0,0.0,0.0,0.0,7624500.0,0.0,23649250.0,0.0,0.0,0.0,2147250.0,16024750.0,0.0,16024750.0,0.0,0.0,0.05456775,0.05098975,184203373.0,184203373.0,,,1620591230,16:13:50,20210509
74,2001-03-31,DOW.AX,AUD,2001-03-31,2001-03-31,Q1,0.0,0.0,0.0,0.0,0.0,0.0,0.0,0.0,0.0,0.0,7624500.0,0.0,23649250.0,0.0,0.0,0.0,2147250.0,16024750.0,0.0,16024750.0,0.0,0.0,0.05456775,0.05098975,184203373.0,184203373.0,,,1620591230,16:13:50,20210509
75,2001-01-31,DOW.AX,AUD,2001-01-31,2001-01-31,Q1,0.0,0.0,0.0,0.0,0.0,0.0,0.0,0.0,0.0,0.0,7624500.0,0.0,23649250.0,0.0,0.0,0.0,2147250.0,16024750.0,0.0,16024750.0,0.0,0.0,0.05456775,0.05098975,184203373.0,184203373.0,,,1620591230,16:13:50,20210509
76,2000-09-30,DOW.AX,AUD,2000-09-30,2000-09-30,Q3,0.0,0.0,0.0,0.0,0.0,0.0,0.0,0.0,0.0,0.0,4905500.0,0.0,17570000.0,0.0,0.0,0.0,2293500.0,12664500.0,0.0,12664500.0,0.0,0.0,0.06172425,0.05456775,145712345.0,145712345.0,,,1620591230,16:13:50,20210509
77,2000-06-30,DOW.AX,AUD,2000-06-30,2000-06-30,Q2,0.0,0.0,0.0,0.0,0.0,0.0,0.0,0.0,0.0,0.0,4905500.0,0.0,17570000.0,0.0,0.0,0.0,2293500.0,12664500.0,0.0,12664500.0,0.0,0.0,0.06172425,0.05456775,145712345.0,145712345.0,,,1620591230,16:13:50,20210509
78,2000-03-31,DOW.AX,AUD,2000-03-31,2000-03-31,Q1,0.0,0.0,0.0,0.0,0.0,0.0,0.0,0.0,0.0,0.0,4905500.0,0.0,17570000.0,0.0,0.0,0.0,2293500.0,12664500.0,0.0,12664500.0,0.0,0.0,0.06172425,0.05456775,145712345.0,145712345.0,,,1620591230,16:13:50,20210509
79,2000-01-31,DOW.AX,AUD,2000-01-31,2000-01-31,Q1,0.0,0.0,0.0,0.0,0.0,0.0,0.0,0.0,0.0,0.0,4905500.0,0.0,17570000.0,0.0,0.0,0.0,2293500.0,12664500.0,0.0,12664500.0,0.0,0.0,0.06172425,0.05456775,145712345.0,145712345.0,,,1620591230,16:13:50,20210509
80,1999-09-30,DOW.AX,AUD,1999-09-30,1999-09-30,Q3,0.0,0.0,0.0,0.0,0.0,0.0,0.0,0.0,0.0,0.0,1350750.0,0.0,13859500.0,0.0,0.0,0.0,4208750.0,12508750.0,0.0,12508750.0,9559000.0,0.0,0.06888075,0.066197,133938084.0,144402141.0,,,1620591230,16:13:50,20210509
81,1999-06-30,DOW.AX,AUD,1999-06-30,1999-06-30,Q2,0.0,0.0,0.0,0.0,0.0,0.0,0.0,0.0,0.0,0.0,1350750.0,0.0,13859500.0,0.0,0.0,0.0,4208750.0,12508750.0,0.0,12508750.0,9559000.0,0.0,0.06888075,0.066197,133938084.0,144402141.0,,,1620591230,16:13:50,20210509
82,1999-03-31,DOW.AX,AUD,1999-03-31,1999-03-31,Q1,0.0,0.0,0.0,0.0,0.0,0.0,0.0,0.0,0.0,0.0,1350750.0,0.0,13859500.0,0.0,0.0,0.0,4208750.0,12508750.0,0.0,12508750.0,9559000.0,0.0,0.06888075,0.066197,133938084.0,144402141.0,,,1620591230,16:13:50,20210509
83,1999-01-31,DOW.AX,AUD,1999-01-31,1999-01-31,Q1,0.0,0.0,0.0,0.0,0.0,0.0,0.0,0.0,0.0,0.0,1350750.0,0.0,13859500.0,0.0,0.0,0.0,4208750.0,12508750.0,0.0,12508750.0,9559000.0,0.0,0.06888075,0.066197,133938084.0,144402141.0,,,1620591230,16:13:50,20210509
84,1998-09-30,DOW.AX,AUD,1998-09-30,1998-09-30,Q3,0.0,0.0,0.0,0.0,0.0,0.0,0.0,0.0,0.0,0.0,945750.0,0.0,3096000.0,0.0,0.0,0.0,173500.0,2150250.0,0.0,2150250.0,0.0,0.0,0.098401,0.0894555,129885925.0,129885925.0,,,1620591230,16:13:50,20210509
85,1998-06-30,DOW.AX,AUD,1998-06-30,1998-06-30,Q2,0.0,0.0,0.0,0.0,0.0,0.0,0.0,0.0,0.0,0.0,945750.0,0.0,3096000.0,0.0,0.0,0.0,173500.0,2150250.0,0.0,2150250.0,0.0,0.0,0.098401,0.0894555,129885925.0,129885925.0,,,1620591230,16:13:50,20210509
86,1998-03-31,DOW.AX,AUD,1998-03-31,1998-03-31,Q1,0.0,0.0,0.0,0.0,0.0,0.0,0.0,0.0,0.0,0.0,945750.0,0.0,3096000.0,0.0,0.0,0.0,173500.0,2150250.0,0.0,2150250.0,0.0,0.0,0.098401,0.0894555,129885925.0,129885925.0,,,1620591230,16:13:50,20210509
87,1998-01-31,DOW.AX,AUD,1998-01-31,1998-01-31,Q1,0.0,0.0,0.0,0.0,0.0,0.0,0.0,0.0,0.0,0.0,945750.0,0.0,3096000.0,0.0,0.0,0.0,173500.0,2150250.0,0.0,2150250.0,0.0,0.0,0.098401,0.0894555,129885925.0,129885925.0,,,1620591230,16:13:50,20210509
88,1997-09-30,DOW.AX,AUD,1997-09-30,1997-09-30,Q3,0.0,0.0,0.0,0.0,0.0,0.0,0.0,0.0,0.0,0.0,94.25,0.0,612441.5,0.0,0.0,0.0,0.0,612347.25,0.0,612347.25,0.0,0.0,0.098401,0.0715645,3983697.0,3983697.0,,,1620591230,16:13:50,20210509
89,1997-06-30,DOW.AX,AUD,1997-06-30,1997-06-30,Q2,0.0,0.0,0.0,0.0,0.0,0.0,0.0,0.0,0.0,0.0,94.25,0.0,612441.5,0.0,0.0,0.0,0.0,612347.25,0.0,612347.25,0.0,0.0,0.098401,0.0715645,3983697.0,3983697.0,,,1620591230,16:13:50,20210509
90,1997-03-31,DOW.AX,AUD,1997-03-31,1997-03-31,Q1,0.0,0.0,0.0,0.0,0.0,0.0,0.0,0.0,0.0,0.0,94.25,0.0,612441.5,0.0,0.0,0.0,0.0,612347.25,0.0,612347.25,0.0,0.0,0.098401,0.0715645,3983697.0,3983697.0,,,1620591230,16:13:50,20210509
91,1997-01-31,DOW.AX,AUD,1997-01-31,1997-01-31,Q1,0.0,0.0,0.0,0.0,0.0,0.0,0.0,0.0,0.0,0.0,94.25,0.0,612441.5,0.0,0.0,0.0,0.0,612347.25,0.0,612347.25,0.0,0.0,0.098401,0.0715645,3983697.0,3983697.0,,,1620591230,16:13:50,20210509
92,1996-09-30,DOW.AX,AUD,1996-09-30,1996-09-30,Q3,0.0,0.0,0.0,0.0,0.0,0.0,0.0,0.0,0.0,0.0,0.0,0.0,353909.0,0.0,0.0,0.0,0.0,353909.0,0.0,353909.0,0.0,0.0,0.07693175,0.07066975,4465567.0,4465567.0,,,1620591230,16:13:50,20210509
93,1996-06-30,DOW.AX,AUD,1996-06-30,1996-06-30,Q2,0.0,0.0,0.0,0.0,0.0,0.0,0.0,0.0,0.0,0.0,0.0,0.0,353909.0,0.0,0.0,0.0,0.0,353909.0,0.0,353909.0,0.0,0.0,0.07693175,0.07066975,4465567.0,4465567.0,,,1620591230,16:13:50,20210509
94,1996-03-31,DOW.AX,AUD,1996-03-31,1996-03-31,Q1,0.0,0.0,0.0,0.0,0.0,0.0,0.0,0.0,0.0,0.0,0.0,0.0,353909.0,0.0,0.0,0.0,0.0,353909.0,0.0,353909.0,0.0,0.0,0.07693175,0.07066975,4465567.0,4465567.0,,,1620591230,16:13:50,20210509
95,1996-01-31,DOW.AX,AUD,1996-01-31,1996-01-31,Q1,0.0,0.0,0.0,0.0,0.0,0.0,0.0,0.0,0.0,0.0,0.0,0.0,353909.0,0.0,0.0,0.0,0.0,353909.0,0.0,353909.0,0.0,0.0,0.07693175,0.07066975,4465567.0,4465567.0,,,1620591230,16:13:50,20210509
96,1995-09-30,DOW.AX,AUD,1995-09-30,1995-09-30,Q3,0.0,0.0,0.0,0.0,0.0,0.0,0.0,0.0,0.0,0.0,0.0,0.0,-563750.0,0.0,0.0,0.0,0.0,-563750.0,0.0,-563750.0,0.0,0.0,-0.106452,-0.106452,4105134.0,4105134.0,,,1620591230,16:13:50,20210509
97,1995-06-30,DOW.AX,AUD,1995-06-30,1995-06-30,Q2,0.0,0.0,0.0,0.0,0.0,0.0,0.0,0.0,0.0,0.0,0.0,0.0,-563750.0,0.0,0.0,0.0,0.0,-563750.0,0.0,-563750.0,0.0,0.0,-0.106452,-0.106452,4105134.0,4105134.0,,,1620591230,16:13:50,20210509
98,1995-03-31,DOW.AX,AUD,1995-03-31,1995-03-31,Q1,0.0,0.0,0.0,0.0,0.0,0.0,0.0,0.0,0.0,0.0,0.0,0.0,-563750.0,0.0,0.0,0.0,0.0,-563750.0,0.0,-563750.0,0.0,0.0,-0.106452,-0.106452,4105134.0,4105134.0,,,1620591230,16:13:50,20210509
99,1995-01-31,DOW.AX,AUD,1995-01-31,1995-01-31,Q1,0.0,0.0,0.0,0.0,0.0,0.0,0.0,0.0,0.0,0.0,0.0,0.0,-563750.0,0.0,0.0,0.0,0.0,-563750.0,0.0,-563750.0,0.0,0.0,-0.106452,-0.106452,4105134.0,4105134.0,,,1620591230,16:13:50,20210509
100,1994-09-30,DOW.AX,AUD,1994-09-30,1994-09-30,Q3,0.0,0.0,0.0,0.0,0.0,0.0,0.0,0.0,0.0,0.0,0.0,0.0,552250.0,0.0,0.0,0.0,0.0,552250.0,0.0,552250.0,-14000.0,0.0,0.106452,0.07872075,4620757.0,4620757.0,,,1620591230,16:13:50,20210509
101,1994-06-30,DOW.AX,AUD,1994-06-30,1994-06-30,Q2,0.0,0.0,0.0,0.0,0.0,0.0,0.0,0.0,0.0,0.0,0.0,0.0,552250.0,0.0,0.0,0.0,0.0,552250.0,0.0,552250.0,-14000.0,0.0,0.106452,0.07872075,4620757.0,4620757.0,,,1620591230,16:13:50,20210509
102,1994-03-31,DOW.AX,AUD,1994-03-31,1994-03-31,Q1,0.0,0.0,0.0,0.0,0.0,0.0,0.0,0.0,0.0,0.0,0.0,0.0,552250.0,0.0,0.0,0.0,0.0,552250.0,0.0,552250.0,-14000.0,0.0,0.106452,0.07872075,4620757.0,4620757.0,,,1620591230,16:13:50,20210509
103,1994-01-31,DOW.AX,AUD,1994-01-31,1994-01-31,Q1,0.0,0.0,0.0,0.0,0.0,0.0,0.0,0.0,0.0,0.0,0.0,0.0,552250.0,0.0,0.0,0.0,0.0,552250.0,0.0,552250.0,-14000.0,0.0,0.106452,0.07872075,4620757.0,4620757.0,,,1620591230,16:13:50,20210509
104,1993-09-30,DOW.AX,AUD,1993-09-30,1993-09-30,Q3,0.0,0.0,0.0,0.0,0.0,0.0,0.0,0.0,0.0,0.0,0.0,0.0,298500.0,0.0,0.0,0.0,0.0,298500.0,0.0,298500.0,-3000.0,0.0,0.05047575,0.037697,3812996.0,3812996.0,,,1620591230,16:13:50,20210509
105,1993-06-30,DOW.AX,AUD,1993-06-30,1993-06-30,Q2,0.0,0.0,0.0,0.0,0.0,0.0,0.0,0.0,0.0,0.0,0.0,0.0,298500.0,0.0,0.0,0.0,0.0,298500.0,0.0,298500.0,-3000.0,0.0,0.05047575,0.037697,3812996.0,3812996.0,,,1620591230,16:13:50,20210509
106,1993-03-31,DOW.AX,AUD,1993-03-31,1993-03-31,Q1,0.0,0.0,0.0,0.0,0.0,0.0,0.0,0.0,0.0,0.0,0.0,0.0,298500.0,0.0,0.0,0.0,0.0,298500.0,0.0,298500.0,-3000.0,0.0,0.05047575,0.037697,3812996.0,3812996.0,,,1620591230,16:13:50,20210509
107,1993-01-31,DOW.AX,AUD,1993-01-31,1993-01-31,Q1,0.0,0.0,0.0,0.0,0.0,0.0,0.0,0.0,0.0,0.0,0.0,0.0,298500.0,0.0,0.0,0.0,0.0,298500.0,0.0,298500.0,-3000.0,0.0,0.05047575,0.037697,3812996.0,3812996.0,,,1620591230,16:13:50,20210509
108,1992-09-30,DOW.AX,AUD,1992-09-30,1992-09-30,Q3,0.0,0.0,0.0,0.0,0.0,0.0,0.0,0.0,0.0,0.0,0.0,0.0,122000.0,0.0,0.0,0.0,0.0,122000.0,0.0,122000.0,-2500.0,0.0,-0.0006556524056149023,-0.0006556524056149023,3812996.0,3812996.0,,,1620591230,16:13:50,20210509
109,1992-06-30,DOW.AX,AUD,1992-06-30,1992-06-30,Q2,0.0,0.0,0.0,0.0,0.0,0.0,0.0,0.0,0.0,0.0,0.0,0.0,122000.0,0.0,0.0,0.0,0.0,122000.0,0.0,122000.0,-2500.0,0.0,-0.0006556524056149023,-0.0006556524056149023,3812996.0,3812996.0,,,1620591230,16:13:50,20210509
110,1992-03-31,DOW.AX,AUD,1992-03-31,1992-03-31,Q1,0.0,0.0,0.0,0.0,0.0,0.0,0.0,0.0,0.0,0.0,0.0,0.0,122000.0,0.0,0.0,0.0,0.0,122000.0,0.0,122000.0,-2500.0,0.0,-0.0006556524056149023,-0.0006556524056149023,3812996.0,3812996.0,,,1620591230,16:13:50,20210509
111,1992-01-31,DOW.AX,AUD,1992-01-31,1992-01-31,Q1,0.0,0.0,0.0,0.0,0.0,0.0,0.0,0.0,0.0,0.0,0.0,0.0,122000.0,0.0,0.0,0.0,0.0,122000.0,0.0,122000.0,-2500.0,0.0,-0.0006556524056149023,-0.0006556524056149023,3812996.0,3812996.0,,,1620591230,16:13:50,20210509
112,1991-09-30,DOW.AX,AUD,1991-09-30,1991-09-30,Q3,0.0,0.0,0.0,0.0,0.0,0.0,0.0,0.0,0.0,0.0,0.0,0.0,-47250.0,0.0,0.0,0.0,0.0,-47250.0,0.0,-47250.0,-5000.0,0.0,-8.30350262649005e-06,-8.30350262649005e-06,602155527.0,602155527.0,,,1620591230,16:13:50,20210509
113,1991-06-30,DOW.AX,AUD,1991-06-30,1991-06-30,Q2,0.0,0.0,0.0,0.0,0.0,0.0,0.0,0.0,0.0,0.0,0.0,0.0,-47250.0,0.0,0.0,0.0,0.0,-47250.0,0.0,-47250.0,-5000.0,0.0,-8.30350262649005e-06,-8.30350262649005e-06,602155527.0,602155527.0,,,1620591230,16:13:50,20210509
114,1991-03-31,DOW.AX,AUD,1991-03-31,1991-03-31,Q1,0.0,0.0,0.0,0.0,0.0,0.0,0.0,0.0,0.0,0.0,0.0,0.0,-47250.0,0.0,0.0,0.0,0.0,-47250.0,0.0,-47250.0,-5000.0,0.0,-8.30350262649005e-06,-8.30350262649005e-06,602155527.0,602155527.0,,,1620591230,16:13:50,20210509
115,1991-01-31,DOW.AX,AUD,1991-01-31,1991-01-31,Q1,0.0,0.0,0.0,0.0,0.0,0.0,0.0,0.0,0.0,0.0,0.0,0.0,-47250.0,0.0,0.0,0.0,0.0,-47250.0,0.0,-47250.0,-5000.0,0.0,-8.30350262649005e-06,-8.30350262649005e-06,602155527.0,602155527.0,,,1620591230,16:13:50,20210509
116,1990-09-30,DOW.AX,AUD,1990-09-30,1990-09-30,Q3,0.0,0.0,0.0,0.0,0.0,0.0,0.0,0.0,0.0,0.0,0.0,0.0,61500.0,0.0,0.0,0.0,0.0,61500.0,0.0,61500.0,-6500.0,0.0,-1.0794553414437064e-05,-1.0794553414437064e-05,602155527.0,602155527.0,,,1620591230,16:13:50,20210509
117,1990-06-30,DOW.AX,AUD,1990-06-30,1990-06-30,Q2,0.0,0.0,0.0,0.0,0.0,0.0,0.0,0.0,0.0,0.0,0.0,0.0,61500.0,0.0,0.0,0.0,0.0,61500.0,0.0,61500.0,-6500.0,0.0,-1.0794553414437064e-05,-1.0794553414437064e-05,602155527.0,602155527.0,,,1620591230,16:13:50,20210509
118,1990-03-31,DOW.AX,AUD,1990-03-31,1990-03-31,Q1,0.0,0.0,0.0,0.0,0.0,0.0,0.0,0.0,0.0,0.0,0.0,0.0,61500.0,0.0,0.0,0.0,0.0,61500.0,0.0,61500.0,-6500.0,0.0,-1.0794553414437064e-05,-1.0794553414437064e-05,602155527.0,602155527.0,,,1620591230,16:13:50,20210509
119,1990-01-31,DOW.AX,AUD,1990-01-31,1990-01-31,Q1,0.0,0.0,0.0,0.0,0.0,0.0,0.0,0.0,0.0,0.0,0.0,0.0,61500.0,0.0,0.0,0.0,0.0,61500.0,0.0,61500.0,-6500.0,0.0,-1.0794553414437064e-05,-1.0794553414437064e-05,602155527.0,602155527.0,,,1620591230,16:13:50,20210509
